None,ticker,dimension,calendardate,datekey,reportperiod,lastupdated,accoci,assets,assetsavg,assetsc,assetsnc,assetturnover,bvps,capex,cashneq,cashnequsd,cor,consolinc,currentratio,de,debt,debtc,debtnc,debtusd,deferredrev,depamor,deposits,divyield,dps,ebit,ebitda,ebitdamargin,ebitdausd,ebitusd,ebt,eps,epsdil,epsusd,equity,equityavg,equityusd,ev,evebit,evebitda,fcf,fcfps,fxusd,gp,grossmargin,intangibles,intexp,invcap,invcapavg,inventory,investments,investmentsc,investmentsnc,liabilities,liabilitiesc,liabilitiesnc,marketcap,ncf,ncfbus,ncfcommon,ncfdebt,ncfdiv,ncff,ncfi,ncfinv,ncfo,ncfx,netinc,netinccmn,netinccmnusd,netincdis,netincnci,netmargin,opex,opinc,payables,payoutratio,pb,pe,pe1,ppnenet,prefdivis,price,ps,ps1,receivables,retearn,revenue,revenueusd,rnd,roa,roe,roic,ros,sbcomp,sgna,sharefactor,sharesbas,shareswa,shareswadil,sps,tangibles,taxassets,taxexp,taxliabilities,tbvps,workingcapital
0,FNMA,MRY,2020-12-31,2020-12-31,2020-12-31,2021-08-03,116000000.0,3985749000000.0,3803096000000.0,,,0.006,4.305,5991000000.0,143823000000.0,143823000000.0,0.0,11805000000.0,,156.795,3646164000000.0,,,3646164000000.0,0.0,0.0,0.0,0.0,0.0,14879000000.0,14879000000.0,0.645,14879000000.0,14879000000.0,14879000000.0,0.0,0.0,0.0,25259000000.0,19093500000.0,25259000000.0,3422160829285.0,230.0,229.999,-66943000000.0,-11.41,1.0,23056000000.0,1.0,0.0,0.0,7488090000000.0,7165905500000.0,0.0,3802580000000.0,,,3960490000000.0,,,2767829285.0,54216000000.0,0.0,0.0,100975000000.0,0.0,100465000000.0,26685000000.0,20407000000.0,-72934000000.0,0.0,11805000000.0,11805000000.0,11805000000.0,0.0,0.0,0.512,8177000000.0,14879000000.0,9719000000.0,,0.11,0.234,,1261000000.0,11790000000.0,2.39,0.12,0.608,0.0,-108110000000.0,23056000000.0,23056000000.0,0.0,0.003,0.618,0.002,0.645,0.0,3068000000.0,1.0,1158087567.0,5867000000,5893000000.0,3.93,3985749000000.0,12947000000.0,3074000000.0,0.0,679.35,
1,FNMA,MRY,2019-12-31,2019-12-31,2019-12-31,2021-08-03,131000000.0,3503319000000.0,3465519000000.0,,,0.007,2.535,7425000000.0,61407000000.0,61407000000.0,0.0,14160000000.0,,238.822,3285139000000.0,,,3285139000000.0,0.0,0.0,0.0,0.0,0.0,17577000000.0,17577000000.0,0.691,17577000000.0,17577000000.0,17577000000.0,0.03,0.03,0.03,14608000000.0,9169000000.0,14608000000.0,3187451233209.0,181.0,181.342,2671000000.0,0.464,1.0,25426000000.0,1.0,0.0,0.0,6727051000000.0,6632493000000.0,0.0,3404720000000.0,,,3488711000000.0,,,3613233209.0,11984000000.0,0.0,0.0,-185193000000.0,0.0,-190314000000.0,207052000000.0,199707000000.0,-4754000000.0,0.0,14160000000.0,14160000000.0,14160000000.0,0.0,0.0,0.557,7849000000.0,17577000000.0,10228000000.0,0.0,0.247,0.255,104.0,2366000000.0,13969000000.0,3.12,0.142,0.707,0.0,-118776000000.0,25426000000.0,25426000000.0,0.0,0.004,1.544,0.003,0.691,0.0,3023000000.0,1.0,1158087567.0,5762000000,5893000000.0,4.413,3503319000000.0,11910000000.0,3417000000.0,0.0,608.004,
2,FNMA,MRY,2018-12-31,2018-12-31,2018-12-31,2021-08-03,322000000.0,3418318000000.0,3386797250000.0,,,0.008,1.083,9321000000.0,49423000000.0,49423000000.0,0.0,15959000000.0,,546.807,3159846000000.0,,,3159846000000.0,0.0,0.0,0.0,0.0,0.0,20099000000.0,20099000000.0,0.739,20099000000.0,20099000000.0,20099000000.0,0.58,0.57,0.58,6240000000.0,6153000000.0,6240000000.0,3077884572821.0,153.0,153.136,11569000000.0,2.008,1.0,27210000000.0,1.0,0.0,0.0,6528741000000.0,6452512500000.0,0.0,3327629000000.0,,,3412078000000.0,,,1227572821.0,-10837000000.0,0.0,0.0,-158316000000.0,0.0,-163938000000.0,150853000000.0,141454000000.0,2248000000.0,0.0,15959000000.0,15959000000.0,15959000000.0,0.0,0.0,0.587,7111000000.0,20099000000.0,10211000000.0,0.0,0.197,0.077,1.828,2584000000.0,12613000000.0,1.06,0.045,0.224,8490000000.0,-127335000000.0,27210000000.0,27210000000.0,0.0,0.005,2.594,0.003,0.739,0.0,3059000000.0,1.0,1158087567.0,5762000000,5893000000.0,4.722,3418318000000.0,13188000000.0,4140000000.0,0.0,593.252,
3,FNMA,MRY,2017-12-31,2017-12-31,2017-12-31,2021-08-03,553000000.0,3345529000000.0,3322318000000.0,,,0.008,-0.64,12221000000.0,60260000000.0,60260000000.0,0.0,2463000000.0,,-908.631,3053302000000.0,,,3053302000000.0,0.0,0.0,0.0,0.0,0.0,18447000000.0,18447000000.0,0.729,18447000000.0,18447000000.0,18447000000.0,-1.12,-1.12,-1.12,-3686000000.0,1764500000.0,-3686000000.0,2968311932053.0,161.0,160.91,16434000000.0,2.852,1.0,25312000000.0,1.0,0.0,0.0,6338571000000.0,6271590750000.0,0.0,3237517000000.0,,,3349215000000.0,,,3068932053.0,-1917000000.0,0.0,0.0,-178529000000.0,0.0,-190538000000.0,184408000000.0,171546000000.0,4213000000.0,0.0,2463000000.0,2463000000.0,2463000000.0,0.0,0.0,0.097,6865000000.0,18447000000.0,9682000000.0,0.0,-0.833,1.246,-2.366,3220000000.0,8944000000.0,2.65,0.121,0.603,8133000000.0,-133805000000.0,25312000000.0,25312000000.0,0.0,0.001,1.396,0.003,0.729,0.0,2737000000.0,1.0,1158087567.0,5762000000,5762000000.0,4.393,3345529000000.0,17350000000.0,15984000000.0,0.0,580.619,
4,FNMA,MRY,2016-12-31,2016-12-31,2016-12-31,2021-08-03,759000000.0,3287968000000.0,3250126000000.0,,,0.008,1.054,16115000000.0,62177000000.0,62177000000.0,0.0,12313000000.0,,540.586,2935219000000.0,,,2935219000000.0,0.0,0.0,0.0,0.0,0.0,18333000000.0,18333000000.0,0.746,18333000000.0,18333000000.0,18333000000.0,0.01,0.01,0.01,6071000000.0,4102750000.0,6071000000.0,2816576522725.0,154.0,153.634,15135000000.0,2.627,1.0,24591000000.0,1.0,0.0,0.0,6161010000000.0,6062484500000.0,0.0,3159093000000.0,,,3281897000000.0,,,4516522725.0,16624000000.0,0.0,0.0,-203839000000.0,0.0,-213449000000.0,231053000000.0,214822000000.0,-980000000.0,0.0,12313000000.0,12313000000.0,12313000000.0,0.0,0.0,0.501,6258000000.0,18333000000.0,9431000000.0,0.0,0.744,0.367,390.0,4489000000.0,12236000000.0,3.9,0.184,0.914,7737000000.0,-124253000000.0,24591000000.0,24591000000.0,0.0,0.004,3.001,0.003,0.746,0.0,2741000000.0,1.0,1158082750.0,5762000000,5893000000.0,4.268,3287968000000.0,33530000000.0,6020000000.0,0.0,570.63,
5,FNMA,MRY,2015-12-31,2015-12-31,2015-12-31,2021-08-03,1407000000.0,3221917000000.0,3229053000000.0,,,0.007,0.699,20757000000.0,45553000000.0,45553000000.0,0.0,10955000000.0,,798.476,2811536000000.0,,,2811536000000.0,0.0,0.0,0.0,0.0,0.0,16208000000.0,16208000000.0,0.701,16208000000.0,16208000000.0,16208000000.0,-0.05,-0.05,-0.05,4030000000.0,4418750000.0,4030000000.0,2740608255710.0,169.0,169.09,14084000000.0,2.444,1.0,23121000000.0,1.0,0.0,0.0,5987900000000.0,5959091500000.0,0.0,3107132000000.0,,,3217858000000.0,,,1899255710.0,-7349000000.0,0.0,0.0,-238748000000.0,0.0,-249000000000.0,248324000000.0,225377000000.0,-6673000000.0,0.0,10955000000.0,10955000000.0,10955000000.0,0.0,0.0,0.474,6913000000.0,16208000000.0,9794000000.0,0.0,0.471,0.173,-32.8,6766000000.0,11216000000.0,1.64,0.082,0.409,7726000000.0,-126942000000.0,23121000000.0,23121000000.0,0.0,0.003,2.479,0.003,0.701,0.0,3050000000.0,1.0,1158082750.0,5762000000,5762000000.0,4.013,3221917000000.0,37187000000.0,5253000000.0,0.0,559.166,
6,FNMA,MRY,2014-12-31,2014-12-31,2014-12-31,2021-08-03,1733000000.0,3248176000000.0,3230953500000.0,,,0.008,0.639,25476000000.0,54565000000.0,54565000000.0,0.0,14209000000.0,,881.646,2761712000000.0,,,2761712000000.0,0.0,0.0,0.0,0.0,0.0,21149000000.0,21149000000.0,0.816,21149000000.0,21149000000.0,21149000000.0,-0.19,-0.19,-0.19,3680000000.0,6033250000.0,3680000000.0,2684066650465.0,127.0,126.912,24138000000.0,4.189,1.0,25922000000.0,1.0,0.0,0.0,5955323000000.0,5912111500000.0,0.0,3112602000000.0,,,3244456000000.0,,,2385650465.0,2795000000.0,0.0,0.0,-200010000000.0,0.0,-220534000000.0,224667000000.0,202541000000.0,-1338000000.0,0.0,14208000000.0,-1115000000.0,-1115000000.0,0.0,1000000.0,-0.043,4772000000.0,21150000000.0,10232000000.0,0.0,0.648,-2.14,-10.842,10618000000.0,15323000000.0,2.06,0.092,0.458,8193000000.0,-127618000000.0,25922000000.0,25922000000.0,0.0,0.0,-0.185,0.004,0.816,0.0,2777000000.0,1.0,1158082750.0,5762000000,5762000000.0,4.499,3248176000000.0,42206000000.0,6941000000.0,0.0,563.724,
7,FNMA,MRY,2013-12-31,2013-12-31,2013-12-31,2021-08-03,1203000000.0,3270108000000.0,3288167500000.0,,,0.012,1.656,38349000000.0,48223000000.0,48223000000.0,0.0,83982000000.0,,341.737,2705089000000.0,,,2705089000000.0,0.0,0.0,0.0,0.0,0.0,38548000000.0,38548000000.0,0.979,38548000000.0,38548000000.0,38548000000.0,-0.25,-0.25,-0.25,9541000000.0,24161000000.0,9541000000.0,2616187822778.0,68.0,67.868,51252000000.0,8.895,1.0,39369000000.0,1.0,0.0,0.0,5926974000000.0,5875685500000.0,0.0,3134154000000.0,,,3260517000000.0,,,3485822778.0,-1889000000.0,0.0,0.0,-384949000000.0,0.0,-467546000000.0,452754000000.0,374108000000.0,12903000000.0,0.0,83963000000.0,-1456000000.0,-1456000000.0,0.0,19000000.0,-0.037,802000000.0,38567000000.0,10553000000.0,0.0,0.365,-2.394,-12.04,11621000000.0,85419000000.0,3.01,0.089,0.441,8319000000.0,-121227000000.0,39369000000.0,39369000000.0,0.0,0.0,-0.06,0.007,0.979,0.0,2545000000.0,1.0,1158080657.0,5762000000,5762000000.0,6.833,3270108000000.0,47560000000.0,-45415000000.0,0.0,567.53,
8,FNMA,MRY,2012-12-31,2012-12-31,2012-12-31,2021-08-03,384000000.0,3222422000000.0,3213558000000.0,,,0.006,1.247,38685000000.0,89036000000.0,89036000000.0,0.0,17220000000.0,,447.612,2573653000000.0,,,2573653000000.0,0.0,0.0,0.0,0.0,0.0,17224000000.0,17224000000.0,0.845,17224000000.0,17224000000.0,17224000000.0,0.24,0.24,0.24,7183000000.0,3118000000.0,7183000000.0,2463422100272.0,143.0,143.023,75686000000.0,13.135,1.0,20393000000.0,1.0,0.0,0.0,5707039000000.0,5661543000000.0,0.0,3085782000000.0,,,3215198000000.0,,,301100272.0,3578000000.0,0.0,0.0,-554070000000.0,0.0,-561116000000.0,527693000000.0,505696000000.0,37001000000.0,0.0,17224000000.0,1397000000.0,1397000000.0,0.0,-4000000.0,0.069,3173000000.0,17220000000.0,11303000000.0,0.0,0.042,0.216,1.083,10489000000.0,15827000000.0,0.26,0.015,0.073,9176000000.0,-122766000000.0,20393000000.0,20393000000.0,0.0,0.0,0.448,0.003,0.845,0.0,2367000000.0,1.0,1158077970.0,5762000000,5893000000.0,3.539,3222422000000.0,0.0,0.0,0.0,559.254,
9,FNMA,MRY,2011-12-31,2011-12-31,2011-12-31,2021-08-03,-1235000000.0,3211484000000.0,3212128750000.0,,,-0.004,-0.806,47248000000.0,68336000000.0,68336000000.0,0.0,-16855000000.0,,-695.514,2457428000000.0,,,2457428000000.0,0.0,0.0,0.0,0.0,0.0,-16945000000.0,-16945000000.0,1.311,-16945000000.0,-16945000000.0,-16945000000.0,-4.61,-4.61,-4.61,-4624000000.0,-6536000000.0,-4624000000.0,2366936645447.0,-140.0,-139.683,32010000000.0,5.58,1.0,-12929000000.0,1.0,0.0,0.0,5600576000000.0,5598389500000.0,0.0,3096401000000.0,,,3216055000000.0,,,231645447.0,242000000.0,0.0,0.0,-463419000000.0,0.0,-448908000000.0,464388000000.0,403791000000.0,-15238000000.0,0.0,-16855000000.0,-26469000000.0,-26469000000.0,0.0,0.0,2.047,4016000000.0,-16945000000.0,12648000000.0,0.0,-0.05,-0.009,-0.043,11373000000.0,9614000000.0,0.2,-0.018,-0.089,10000000000.0,-128381000000.0,-12929000000.0,-12929000000.0,0.0,-0.008,4.05,-0.003,1.311,0.0,2370000000.0,1.0,1158227237.0,5737000000,5737000000.0,-2.254,3211484000000.0,0.0,-90000000.0,0.0,559.785,
10,FNMA,MRY,2010-12-31,2010-12-31,2010-12-31,2021-08-03,-1682000000.0,3221972000000.0,3250404000000.0,,,-0.003,-0.456,39682000000.0,80975000000.0,80975000000.0,0.0,-14018000000.0,,-1240.665,2417008000000.0,,,2417008000000.0,0.0,0.0,0.0,0.0,0.0,-14096000000.0,-14096000000.0,1.591,-14096000000.0,-14096000000.0,-14096000000.0,-3.81,-3.81,-3.81,-2599000000.0,-3764750000.0,-2599000000.0,2314820823919.0,-164.0,-164.218,12287000000.0,2.158,1.0,-8858000000.0,1.0,0.0,0.0,5558005000000.0,5589691750000.0,0.0,3086719000000.0,,,3224489000000.0,,,335823919.0,10485000000.0,0.0,0.0,-522297000000.0,0.0,-502299000000.0,540179000000.0,516275000000.0,-27395000000.0,0.0,-14014000000.0,-21718000000.0,-21718000000.0,0.0,-4000000.0,2.452,5242000000.0,-14100000000.0,13764000000.0,0.0,-0.129,-0.015,-0.079,16173000000.0,7704000000.0,0.3,-0.038,-0.193,11279000000.0,-102986000000.0,-8858000000.0,-8858000000.0,0.0,-0.007,5.769,-0.003,1.591,0.0,2597000000.0,1.0,1119413062.0,5694000000,5694000000.0,-1.556,3221972000000.0,0.0,-82000000.0,0.0,565.854,
11,FNMA,MRY,2009-12-31,2009-12-31,2009-12-31,2021-08-03,-1732000000.0,869141000000.0,897609000000.0,,,0.002,-2.706,22667000000.0,9882000000.0,9882000000.0,0.0,-72022000000.0,,-57.535,6167000000.0,,,6167000000.0,0.0,0.0,0.0,0.0,0.0,-72954000000.0,-72954000000.0,-52.636,-72954000000.0,-72954000000.0,-72954000000.0,-13.11,-13.11,-13.11,-15372000000.0,-15053250000.0,-15372000000.0,753694055858.0,-10.0,-10.331,-63242000000.0,-11.134,1.0,1386000000.0,1.0,0.0,0.0,865426000000.0,1473269000000.0,0.0,816241000000.0,,,884422000000.0,,,1313055858.0,-11121000000.0,0.0,0.0,-100395000000.0,0.0,-42947000000.0,117735000000.0,122571000000.0,-85909000000.0,0.0,-71969000000.0,-74443000000.0,-74443000000.0,0.0,-53000000.0,-53.711,74393000000.0,-73007000000.0,0.0,0.0,-0.085,-0.018,-0.09,9142000000.0,2474000000.0,1.18,0.947,4.836,0.0,-90237000000.0,1386000000.0,1386000000.0,0.0,-0.083,4.945,-0.05,-52.636,0.0,2207000000.0,1.0,1112759202.0,5680000000,5680000000.0,0.244,869141000000.0,0.0,-985000000.0,0.0,153.018,
12,FNMA,MRY,2008-12-31,2008-12-31,2008-12-31,2021-08-03,-7673000000.0,912404000000.0,884541000000.0,,,-0.018,-6.158,10905000000.0,75880000000.0,75880000000.0,0.0,-58728000000.0,,-60.569,870470000000.0,,,870470000000.0,0.0,0.0,0.0,0.987,0.75,-44958000000.0,-44958000000.0,2.862,-44958000000.0,-44958000000.0,-44958000000.0,-24.04,-24.04,-24.04,-15314000000.0,18506000000.0,-15314000000.0,763575917452.0,-17.0,-16.984,26758000000.0,10.759,1.0,-15711000000.0,1.0,0.0,0.0,1706994000000.0,1646086250000.0,0.0,812180000000.0,,,927561000000.0,,,817917452.0,13992000000.0,0.0,7211000000.0,65240000000.0,-1774000000.0,70646000000.0,-72507000000.0,-68130000000.0,15853000000.0,0.0,-58707000000.0,-59776000000.0,-59776000000.0,0.0,-21000000.0,3.805,28859000000.0,-44570000000.0,0.0,-0.031,-0.053,-0.014,-0.032,6918000000.0,1069000000.0,0.76,-0.052,-0.12,0.0,-26790000000.0,-15711000000.0,-15711000000.0,0.0,-0.068,-3.23,-0.027,2.862,0.0,1979000000.0,1.0,1076207174.0,2487000000,2487000000.0,-6.317,912404000000.0,3926000000.0,13749000000.0,0.0,366.869,
13,FNMA,MRY,2007-12-31,2007-12-31,2007-12-31,2021-08-03,-1362000000.0,879389000000.0,854109500000.0,,,0.004,45.232,5714000000.0,53543000000.0,53543000000.0,0.0,-2071000000.0,,18.979,797168000000.0,,,797168000000.0,0.0,0.0,0.0,0.048,1.9,-5141000000.0,-5141000000.0,-1.61,-5141000000.0,-5141000000.0,-5141000000.0,-2.63,-2.63,-2.63,44011000000.0,41258500000.0,44011000000.0,789192155481.0,-154.0,-153.509,48663000000.0,50.013,1.0,3194000000.0,1.0,0.0,0.0,1623014000000.0,1604184750000.0,0.0,794965000000.0,,,835271000000.0,,,39107155481.0,702000000.0,0.0,7741000000.0,18103000000.0,-2483000000.0,23367000000.0,-65614000000.0,-66743000000.0,42949000000.0,0.0,-2050000000.0,-2563000000.0,-2563000000.0,0.0,-21000000.0,-0.802,8341000000.0,-5147000000.0,0.0,-0.722,0.889,-15.258,-15.202,3602000000.0,513000000.0,39.98,12.244,12.179,0.0,33548000000.0,3194000000.0,3194000000.0,0.0,-0.003,-0.062,-0.003,-1.61,0.0,2669000000.0,1.0,978167971.0,973000000,973000000.0,3.283,879389000000.0,12967000000.0,-3091000000.0,0.0,903.791,
14,FNMA,MRY,2006-12-31,2006-12-31,2006-12-31,2021-08-03,-445000000.0,843936000000.0,839052000000.0,,,0.01,42.746,4423000000.0,16653000000.0,16653000000.0,0.0,4059000000.0,,19.33,767746000000.0,,,767746000000.0,0.0,0.0,0.0,0.018,1.04,4225000000.0,4225000000.0,0.498,4225000000.0,4225000000.0,4225000000.0,3.65,3.65,3.65,41506000000.0,40404000000.0,41506000000.0,1005788379081.0,238.0,238.056,36092000000.0,37.17,1.0,8483000000.0,1.0,0.0,0.0,1595029000000.0,1590718500000.0,0.0,803024000000.0,,,802294000000.0,,,57908379081.0,419000000.0,0.0,19000000.0,-15853000000.0,-1650000000.0,-17477000000.0,-13773000000.0,-16415000000.0,31669000000.0,0.0,4059000000.0,3548000000.0,3548000000.0,0.0,0.0,0.418,4260000000.0,4223000000.0,0.0,0.285,1.395,16.321,16.271,2141000000.0,511000000.0,59.39,6.826,6.798,0.0,37955000000.0,8483000000.0,8483000000.0,0.0,0.004,0.088,0.003,0.498,0.0,3076000000.0,1.0,975052687.0,971000000,972000000.0,8.736,843936000000.0,8505000000.0,166000000.0,0.0,869.141,
15,FNMA,MRY,2005-12-31,2005-12-31,2005-12-31,2021-08-03,-131000000.0,834168000000.0,927551000000.0,,,0.011,40.518,3725000000.0,12475000000.0,12475000000.0,0.0,6347000000.0,,20.221,764715000000.0,,,764715000000.0,0.0,0.0,0.0,0.021,1.04,7624000000.0,7624000000.0,0.736,7624000000.0,7624000000.0,7624000000.0,6.04,6.01,6.04,39302000000.0,39102000000.0,39302000000.0,986571380866.0,129.0,129.403,81866000000.0,84.398,1.0,10363000000.0,1.0,0.0,0.0,1586408000000.0,1777611000000.0,0.0,799659000000.0,,,794745000000.0,,,47243380866.0,165000000.0,0.0,29000000.0,-216033000000.0,-1376000000.0,-217380000000.0,139404000000.0,135679000000.0,78141000000.0,0.0,6347000000.0,5861000000.0,5861000000.0,0.0,0.0,0.566,2794000000.0,7569000000.0,0.0,0.172,1.202,8.061,8.081,1771000000.0,486000000.0,48.81,4.559,4.569,0.0,35555000000.0,10363000000.0,10363000000.0,0.0,0.006,0.15,0.004,0.736,0.0,2115000000.0,1.0,967903726.0,970000000,998000000.0,10.684,834168000000.0,7684000000.0,1277000000.0,0.0,859.967,
16,FNMA,MRY,2004-12-31,2004-12-31,2004-12-31,2021-08-03,4387000000.0,1020934000000.0,1021604500000.0,,,0.008,40.105,4284000000.0,7631000000.0,7631000000.0,0.0,4967000000.0,,25.242,955511000000.0,,,955511000000.0,0.0,0.0,0.0,0.029,2.08,5991000000.0,5991000000.0,0.695,5991000000.0,5991000000.0,5991000000.0,4.95,4.94,4.95,38902000000.0,35585000000.0,38902000000.0,1008252424328.0,168.0,168.295,45840000000.0,47.258,1.0,8617000000.0,1.0,0.0,0.0,1968814000000.0,1969276000000.0,0.0,994178000000.0,,,981956000000.0,,,68924424328.0,-740000000.0,0.0,4639000000.0,-27958000000.0,-2185000000.0,-25504000000.0,-16792000000.0,-21076000000.0,41556000000.0,0.0,4967000000.0,4802000000.0,4802000000.0,0.0,0.0,0.557,2626000000.0,5991000000.0,0.0,0.42,1.772,14.353,14.386,1704000000.0,165000000.0,71.21,7.999,8.016,0.0,30705000000.0,8617000000.0,8617000000.0,0.0,0.005,0.135,0.003,0.695,0.0,1656000000.0,1.0,967903726.0,970000000,973000000.0,8.884,1020934000000.0,6074000000.0,1024000000.0,0.0,1052.509,
17,FNMA,MRY,2003-12-31,2003-12-31,2003-12-31,2021-08-03,5315000000.0,1022275000000.0,969626250000.0,,,0.013,33.028,3355000000.0,17490000000.0,17490000000.0,0.0,8081000000.0,,30.681,964953000000.0,,,964953000000.0,0.0,0.0,0.0,0.022,1.68,10515000000.0,10515000000.0,0.858,10515000000.0,10515000000.0,10515000000.0,8.12,8.08,8.12,32268000000.0,21265000000.0,32268000000.0,1047311304303.0,100.0,99.602,61578000000.0,63.028,1.0,12249000000.0,1.0,0.0,0.0,1969738000000.0,1887550000000.0,0.0,988748000000.0,,,990002000000.0,,,72933304303.0,1669000000.0,0.0,98000000.0,97891000000.0,-1796000000.0,96193000000.0,-152747000000.0,-156102000000.0,58223000000.0,0.0,8081000000.0,7931000000.0,7931000000.0,0.0,0.0,0.647,1963000000.0,10286000000.0,0.0,0.207,2.26,9.196,9.244,1320000000.0,150000000.0,75.06,5.954,5.987,0.0,27923000000.0,12249000000.0,12249000000.0,0.0,0.008,0.373,0.006,0.858,0.0,1454000000.0,1.0,971666724.0,977000000,981000000.0,12.537,1022275000000.0,4082000000.0,2434000000.0,0.0,1046.341,
18,FNMA,MRY,2002-12-31,2002-12-31,2002-12-31,2021-08-03,-11792000000.0,887515000000.0,843731500000.0,,,0.007,16.419,2472000000.0,1710000000.0,1710000000.0,0.0,3914000000.0,,53.489,850982000000.0,,,850982000000.0,0.0,0.0,0.0,0.021,1.32,4754000000.0,4754000000.0,0.756,4754000000.0,4754000000.0,4754000000.0,3.83,3.81,3.83,16288000000.0,17203000000.0,16288000000.0,,,,46103000000.0,46.475,1.0,6288000000.0,1.0,0.0,0.0,1736787000000.0,1649342000000.0,0.0,857537000000.0,,,871227000000.0,,,63488917930.0,681000000.0,0.0,-673000000.0,72721000000.0,-1410000000.0,70638000000.0,-113588000000.0,-116060000000.0,43631000000.0,0.0,3914000000.0,3803000000.0,3803000000.0,0.0,0.0,0.605,1534000000.0,4754000000.0,0.0,0.345,3.898,16.694,16.796,0.0,111000000.0,64.33,10.097,10.149,0.0,29385000000.0,6288000000.0,6288000000.0,0.0,0.005,0.221,0.003,0.756,0.0,1156000000.0,1.0,986925508.0,992000000,998000000.0,6.339,887515000000.0,0.0,840000000.0,0.0,894.672,
19,FNMA,MRY,2001-12-31,2001-12-31,2001-12-31,2021-08-03,-7065000000.0,799948000000.0,,,,,18.118,1827000000.0,1518000000.0,1518000000.0,0.0,5894000000.0,,43.152,763467000000.0,,,763467000000.0,0.0,0.0,0.0,0.015,1.2,7935000000.0,7935000000.0,0.816,7935000000.0,7935000000.0,7935000000.0,5.75,5.71,5.75,18118000000.0,,18118000000.0,,,,16683000000.0,16.683,1.0,9723000000.0,1.0,0.0,0.0,1561897000000.0,,0.0,779878000000.0,,,781830000000.0,,,,901000000.0,0.0,-1621000000.0,107895000000.0,0.0,100908000000.0,-114863000000.0,-116690000000.0,14856000000.0,0.0,5894000000.0,5748000000.0,5748000000.0,0.0,0.0,0.591,1432000000.0,8291000000.0,0.0,0.209,,,13.826,0.0,146000000.0,79.5,,8.176,0.0,26175000000.0,9723000000.0,9723000000.0,0.0,,,,0.816,0.0,1017000000.0,1.0,,1000000000,1006000000.0,9.723,799948000000.0,0.0,2041000000.0,0.0,799.948,
20,FNMA,MRY,2000-12-31,2000-12-31,2000-12-31,2021-08-03,,,,,,,,1962000000.0,,,0.0,4448000000.0,,,,,,,,0.0,,0.013,1.12,6031000000.0,6031000000.0,0.864,6031000000.0,6031000000.0,6031000000.0,4.29,4.29,4.29,,,,,,,16263000000.0,16.214,1.0,6981000000.0,1.0,,0.0,,,,,,,,,,,-1482000000.0,0.0,-1560000000.0,86533000000.0,0.0,83728000000.0,-99511000000.0,-101473000000.0,14301000000.0,0.0,4448000000.0,4327000000.0,4327000000.0,0.0,0.0,0.62,905000000.0,6076000000.0,,0.261,,,20.221,,121000000.0,86.75,,12.464,,,6981000000.0,6981000000.0,0.0,,,,0.864,0.0,905000000.0,1.0,,1003000000,1009000000.0,6.96,,,1583000000.0,,,
0,FNMA,MRQ,2021-06-30,2021-06-30,2021-06-30,2021-08-03,57000000.0,4158038000000.0,,,,,6.365,1093000000.0,169187000000.0,169187000000.0,0.0,7152000000.0,,110.341,3844699000000.0,,,3844699000000.0,0.0,0.0,0.0,0.0,0.0,9034000000.0,9034000000.0,0.808,9034000000.0,9034000000.0,9034000000.0,0.01,0.01,0.01,37345000000.0,,37345000000.0,3573066616605.0,135.0,135.159,16249000000.0,2.77,1.0,11177000000.0,1.0,0.0,0.0,7833550000000.0,,0.0,3953620000000.0,,,4120693000000.0,,,1806616605.0,10958000000.0,0.0,0.0,-16263000000.0,0.0,-16262000000.0,12064000000.0,10213000000.0,15156000000.0,0.0,7152000000.0,32000000.0,32000000.0,0.0,0.0,0.003,2143000000.0,9034000000.0,9374000000.0,0.0,0.048,0.152,156.0,1138000000.0,7120000000.0,1.56,0.051,0.26,0.0,-95965000000.0,11177000000.0,11177000000.0,0.0,,,,,0.0,746000000.0,1.0,1158087567.0,5867000000,5893000000.0,1.905,4158038000000.0,12575000000.0,1882000000.0,0.0,708.716,
1,FNMA,MRQ,2021-03-31,2021-03-31,2021-03-31,2021-08-03,89000000.0,4070103000000.0,,,,,5.152,1064000000.0,169278000000.0,169278000000.0,0.0,4993000000.0,,133.66,3740538000000.0,,,3740538000000.0,0.0,0.0,0.0,0.0,0.0,6315000000.0,6315000000.0,0.75,6315000000.0,6315000000.0,6315000000.0,0.0,0.0,0.0,30225000000.0,,30225000000.0,3532938241264.0,171.0,171.369,25947000000.0,4.423,1.0,8423000000.0,1.0,0.0,0.0,7641363000000.0,,0.0,3863210000000.0,,,4039878000000.0,,,2397241264.0,-1282000000.0,0.0,0.0,-11795000000.0,0.0,-11724000000.0,-14441000000.0,-15733000000.0,24883000000.0,0.0,4993000000.0,27000000.0,27000000.0,0.0,0.0,0.003,2108000000.0,6315000000.0,9585000000.0,,0.079,0.202,,1183000000.0,4966000000.0,2.07,0.083,0.418,0.0,-103117000000.0,8423000000.0,8423000000.0,0.0,,,,,0.0,748000000.0,1.0,1158087567.0,5867000000,5893000000.0,1.436,4070103000000.0,12516000000.0,1322000000.0,0.0,693.728,
2,FNMA,MRQ,2020-12-31,2020-12-31,2020-12-31,2021-08-03,116000000.0,3985749000000.0,,,,,4.305,1297000000.0,143823000000.0,143823000000.0,0.0,4570000000.0,,156.795,3646164000000.0,,,3646164000000.0,0.0,0.0,0.0,0.0,0.0,5709000000.0,5709000000.0,0.71,5709000000.0,5709000000.0,5709000000.0,0.0,0.0,0.0,25259000000.0,,25259000000.0,3422160829285.0,230.0,229.999,5357000000.0,0.913,1.0,8044000000.0,1.0,0.0,0.0,7488090000000.0,,0.0,3802580000000.0,,,3960490000000.0,,,2767829285.0,4635000000.0,0.0,0.0,20522000000.0,0.0,20473000000.0,-19898000000.0,-22058000000.0,4060000000.0,0.0,4570000000.0,11794000000.0,11794000000.0,0.0,0.0,1.466,2335000000.0,5709000000.0,9719000000.0,,0.11,0.234,,1261000000.0,4566000000.0,2.39,0.12,0.608,0.0,-108110000000.0,8044000000.0,8044000000.0,0.0,,,,,0.0,803000000.0,1.0,1158087567.0,5867000000,5893000000.0,1.371,3985749000000.0,12947000000.0,1139000000.0,0.0,679.35,
3,FNMA,MRQ,2020-09-30,2020-09-30,2020-09-30,2021-08-03,120000000.0,3864603000000.0,,,,,3.527,1455000000.0,110988000000.0,110988000000.0,0.0,4229000000.0,,185.759,3530381000000.0,,,3530381000000.0,0.0,0.0,0.0,0.0,0.0,5378000000.0,5378000000.0,0.71,5378000000.0,5378000000.0,5378000000.0,0.0,0.0,0.0,20693000000.0,,20693000000.0,3326453336885.0,231.0,231.004,-36217000000.0,-6.173,1.0,7576000000.0,1.0,0.0,0.0,7283996000000.0,,0.0,3714638000000.0,,,3843910000000.0,,,2339336885.0,-9236000000.0,0.0,0.0,8578000000.0,0.0,8581000000.0,19855000000.0,18039000000.0,-37672000000.0,0.0,4229000000.0,13000000.0,13000000.0,0.0,0.0,0.002,2198000000.0,5378000000.0,9982000000.0,,0.113,0.166,202.0,1462000000.0,4216000000.0,2.02,0.104,0.526,0.0,-112680000000.0,7576000000.0,7576000000.0,0.0,,,,,0.0,762000000.0,1.0,1158087567.0,5867000000,5893000000.0,1.291,3864603000000.0,12808000000.0,1149000000.0,0.0,658.702,
4,FNMA,MRQ,2020-06-30,2020-06-30,2020-06-30,2021-08-03,133000000.0,3760676000000.0,,,,,2.808,1407000000.0,120224000000.0,120224000000.0,0.0,2545000000.0,,227.238,3444338000000.0,,,3444338000000.0,0.0,0.0,0.0,0.0,0.0,3214000000.0,3214000000.0,0.645,3214000000.0,3214000000.0,3214000000.0,0.0,0.0,0.0,16477000000.0,,16477000000.0,3207903050020.0,229.0,228.793,-40089000000.0,-6.833,1.0,4986000000.0,1.0,0.0,0.0,7084790000000.0,,0.0,3601632000000.0,,,3744199000000.0,,,2513050020.0,-8484000000.0,0.0,0.0,53942000000.0,0.0,53948000000.0,-20936000000.0,-21945000000.0,-41496000000.0,0.0,2545000000.0,13000000.0,13000000.0,0.0,0.0,0.003,1772000000.0,3214000000.0,10054000000.0,,0.153,0.179,217.0,1844000000.0,2532000000.0,2.17,0.115,0.581,0.0,-116909000000.0,4986000000.0,4986000000.0,0.0,,,,,0.0,754000000.0,1.0,1158087567.0,5867000000,5893000000.0,0.85,3760676000000.0,13119000000.0,669000000.0,0.0,640.988,
5,FNMA,MRQ,2020-03-31,2020-03-31,2020-03-31,2021-08-03,146000000.0,3601356000000.0,,,,,2.377,1832000000.0,128708000000.0,128708000000.0,0.0,461000000.0,,257.254,3334098000000.0,,,3334098000000.0,0.0,0.0,0.0,0.0,0.0,578000000.0,578000000.0,0.219,578000000.0,578000000.0,578000000.0,0.0,0.0,0.0,13945000000.0,,13945000000.0,3225573359232.0,213.0,213.219,4006000000.0,0.683,1.0,2638000000.0,1.0,0.0,0.0,6806746000000.0,,0.0,3434786000000.0,,,3587411000000.0,,,1841359232.0,67301000000.0,0.0,0.0,17933000000.0,0.0,17463000000.0,47664000000.0,46371000000.0,2174000000.0,0.0,461000000.0,-15000000.0,-15000000.0,0.0,0.0,-0.006,2060000000.0,578000000.0,10246000000.0,,0.132,0.131,79.5,2224000000.0,476000000.0,1.59,0.079,0.402,8808000000.0,-119454000000.0,2638000000.0,2638000000.0,0.0,,,,,0.0,749000000.0,1.0,1158087567.0,5867000000,5867000000.0,0.45,3601356000000.0,12831000000.0,117000000.0,0.0,613.833,
6,FNMA,MRQ,2019-12-31,2019-12-31,2019-12-31,2021-08-03,131000000.0,3503319000000.0,,,,,2.535,1781000000.0,61407000000.0,61407000000.0,0.0,4365000000.0,,238.822,3285139000000.0,,,3285139000000.0,0.0,0.0,0.0,0.0,0.0,5230000000.0,5230000000.0,0.713,5230000000.0,5230000000.0,5230000000.0,0.01,0.01,0.01,14608000000.0,,14608000000.0,3187451233209.0,181.0,181.342,-6149000000.0,-1.067,1.0,7339000000.0,1.0,0.0,0.0,6727051000000.0,,0.0,3404720000000.0,,,3488711000000.0,,,3613233209.0,-3091000000.0,0.0,0.0,-66817000000.0,0.0,-67466000000.0,72305000000.0,70530000000.0,-7930000000.0,0.0,4365000000.0,14068000000.0,14068000000.0,0.0,0.0,1.917,2109000000.0,5230000000.0,10228000000.0,0.0,0.247,0.255,104.0,2366000000.0,4266000000.0,3.12,0.142,0.707,0.0,-118776000000.0,7339000000.0,7339000000.0,0.0,,,,,0.0,786000000.0,1.0,1158087567.0,5762000000,5893000000.0,1.274,3503319000000.0,11910000000.0,865000000.0,0.0,608.004,
7,FNMA,MRQ,2019-09-30,2019-09-30,2019-09-30,2021-08-03,230000000.0,3494436000000.0,,,,,1.795,1774000000.0,64498000000.0,64498000000.0,0.0,3963000000.0,,336.888,3248336000000.0,,,3248336000000.0,0.0,0.0,0.0,0.0,0.0,4999000000.0,4999000000.0,0.721,4999000000.0,4999000000.0,4999000000.0,0.0,0.0,0.0,10342000000.0,,10342000000.0,3143195732755.0,192.0,191.6,2770000000.0,0.481,1.0,6933000000.0,1.0,0.0,0.0,6678274000000.0,,0.0,3384208000000.0,,,3484094000000.0,,,4400732755.0,3528000000.0,0.0,0.0,-37706000000.0,0.0,-36709000000.0,39241000000.0,36798000000.0,996000000.0,0.0,3963000000.0,-14000000.0,-14000000.0,0.0,0.0,-0.002,1934000000.0,4999000000.0,10400000000.0,,0.426,0.347,190.0,2452000000.0,3977000000.0,3.8,0.184,0.916,8923000000.0,-123141000000.0,6933000000.0,6933000000.0,0.0,,,,,0.0,749000000.0,1.0,1158087567.0,5762000000,5762000000.0,1.203,3494436000000.0,11994000000.0,1036000000.0,0.0,606.462,
8,FNMA,MRQ,2019-06-30,2019-06-30,2019-06-30,2021-08-03,216000000.0,3443287000000.0,,,,,1.105,1905000000.0,60970000000.0,60970000000.0,0.0,3432000000.0,,539.972,3199765000000.0,,,3199765000000.0,0.0,0.0,0.0,0.0,0.0,4321000000.0,4321000000.0,0.689,4321000000.0,4321000000.0,4321000000.0,0.01,0.01,0.01,6365000000.0,,6365000000.0,3124657836431.0,190.0,189.81,2269000000.0,0.394,1.0,6272000000.0,1.0,0.0,0.0,6582082000000.0,,0.0,3338421000000.0,,,3436922000000.0,,,3126836431.0,8729000000.0,0.0,0.0,-37466000000.0,0.0,-39695000000.0,48060000000.0,46774000000.0,364000000.0,0.0,3432000000.0,67000000.0,67000000.0,0.0,0.0,0.011,1951000000.0,4321000000.0,10342000000.0,0.0,0.491,0.245,90.0,2398000000.0,3365000000.0,2.7,0.131,0.651,9089000000.0,-127104000000.0,6272000000.0,6272000000.0,0.0,,,,,0.0,744000000.0,1.0,1158087567.0,5762000000,5893000000.0,1.089,3443287000000.0,12521000000.0,889000000.0,0.0,597.585,
9,FNMA,MRQ,2019-03-31,2019-03-31,2019-03-31,2021-08-03,283000000.0,3421034000000.0,,,,,0.93,1965000000.0,52241000000.0,52241000000.0,0.0,2400000000.0,,637.134,3173772000000.0,,,3173772000000.0,0.0,0.0,0.0,0.0,0.0,3027000000.0,3027000000.0,0.62,3027000000.0,3027000000.0,3027000000.0,0.01,0.01,0.01,5361000000.0,,5361000000.0,3113665645188.0,176.0,175.576,3781000000.0,0.656,1.0,4882000000.0,1.0,0.0,0.0,6542565000000.0,,0.0,3326128000000.0,,,3415673000000.0,,,3242645188.0,2818000000.0,0.0,0.0,-43204000000.0,0.0,-46444000000.0,47446000000.0,45605000000.0,1816000000.0,0.0,2400000000.0,39000000.0,39000000.0,0.0,0.0,0.008,1855000000.0,3027000000.0,10364000000.0,0.0,0.605,0.256,140.0,2489000000.0,2361000000.0,2.8,0.13,0.645,8926000000.0,-128175000000.0,4882000000.0,4882000000.0,0.0,,,,,0.0,744000000.0,1.0,1158087567.0,5762000000,5893000000.0,0.847,3421034000000.0,13411000000.0,627000000.0,0.0,593.723,
10,FNMA,MRQ,2018-12-31,2018-12-31,2018-12-31,2021-08-03,322000000.0,3418318000000.0,,,,,1.083,2231000000.0,49423000000.0,49423000000.0,0.0,3230000000.0,,546.807,3159846000000.0,,,3159846000000.0,0.0,0.0,0.0,0.0,0.0,4058000000.0,4058000000.0,0.697,4058000000.0,4058000000.0,4058000000.0,0.0,0.0,0.0,6240000000.0,,6240000000.0,3077884572821.0,153.0,153.136,6275000000.0,1.089,1.0,5820000000.0,1.0,0.0,0.0,6528741000000.0,,0.0,3327629000000.0,,,3412078000000.0,,,1227572821.0,-1608000000.0,0.0,0.0,-41309000000.0,0.0,-45941000000.0,40289000000.0,37924000000.0,4044000000.0,0.0,3230000000.0,12602000000.0,12602000000.0,0.0,0.0,2.165,1762000000.0,4058000000.0,10211000000.0,,0.197,0.077,1.828,2584000000.0,3241000000.0,1.06,0.045,0.224,8490000000.0,-127335000000.0,5820000000.0,5820000000.0,0.0,,,,,0.0,814000000.0,1.0,1158087567.0,5762000000,5893000000.0,1.01,3418318000000.0,13188000000.0,828000000.0,0.0,593.252,
11,FNMA,MRQ,2018-09-30,2018-09-30,2018-09-30,2021-08-03,313000000.0,3401105000000.0,,,,,1.211,2242000000.0,51031000000.0,51031000000.0,0.0,4011000000.0,,486.614,3127688000000.0,,,3127688000000.0,0.0,0.0,0.0,0.0,0.0,5056000000.0,5056000000.0,0.732,5056000000.0,5056000000.0,5056000000.0,0.01,0.01,0.01,6975000000.0,,6975000000.0,3039737646096.0,145.0,144.77,2121000000.0,0.368,1.0,6908000000.0,1.0,0.0,0.0,6477762000000.0,,0.0,3307170000000.0,,,3394130000000.0,,,1667646096.0,2302000000.0,0.0,0.0,-23916000000.0,0.0,-27635000000.0,30058000000.0,27377000000.0,-121000000.0,0.0,4011000000.0,36000000.0,36000000.0,0.0,0.0,0.005,1852000000.0,5056000000.0,10105000000.0,0.0,0.239,0.249,-2.667,2722000000.0,3975000000.0,1.44,0.059,0.295,8792000000.0,-126591000000.0,6908000000.0,6908000000.0,0.0,,,,,0.0,740000000.0,1.0,1158087567.0,5762000000,5893000000.0,1.199,3401105000000.0,14368000000.0,1045000000.0,0.0,590.265,
12,FNMA,MRQ,2018-06-30,2018-06-30,2018-06-30,2021-08-03,349000000.0,3363364000000.0,,,,,1.295,2488000000.0,48729000000.0,48729000000.0,0.0,4457000000.0,,449.914,3086799000000.0,,,3086799000000.0,0.0,0.0,0.0,0.0,0.0,5593000000.0,5593000000.0,0.754,5593000000.0,5593000000.0,5593000000.0,0.0,0.0,0.0,7459000000.0,,7459000000.0,3039355484345.0,148.0,148.341,2222000000.0,0.386,1.0,7418000000.0,1.0,0.0,0.0,6401434000000.0,,0.0,3271028000000.0,,,3355905000000.0,,,1644484345.0,11369000000.0,0.0,0.0,-51655000000.0,0.0,-53055000000.0,64690000000.0,62433000000.0,-266000000.0,0.0,4457000000.0,-2000000.0,-2000000.0,0.0,0.0,0.0,1825000000.0,5593000000.0,9825000000.0,,0.22,0.247,-2.582,2816000000.0,4459000000.0,1.42,0.06,0.297,8256000000.0,-126143000000.0,7418000000.0,7418000000.0,0.0,,,,,0.0,755000000.0,1.0,1158087567.0,5762000000,5762000000.0,1.287,3363364000000.0,15375000000.0,1136000000.0,0.0,583.715,
13,FNMA,MRQ,2018-03-31,2018-03-31,2018-03-31,2021-08-03,347000000.0,3364402000000.0,,,,,0.683,2360000000.0,37360000000.0,37360000000.0,0.0,4261000000.0,,853.343,3075071000000.0,,,3075071000000.0,0.0,0.0,0.0,0.0,0.0,5392000000.0,5392000000.0,0.763,5392000000.0,5392000000.0,5392000000.0,0.58,0.56,0.58,3938000000.0,,3938000000.0,2994674903469.0,152.0,152.145,951000000.0,0.165,1.0,7064000000.0,1.0,0.0,0.0,6402113000000.0,,0.0,3281472000000.0,,,3360464000000.0,,,1632903469.0,-22900000000.0,0.0,0.0,-41436000000.0,0.0,-37307000000.0,15816000000.0,13720000000.0,-1409000000.0,0.0,4261000000.0,4261000000.0,4261000000.0,0.0,0.0,0.603,1672000000.0,5392000000.0,9773000000.0,0.0,0.415,0.243,-2.611,3044000000.0,938000000.0,1.41,0.062,0.307,8076000000.0,-129662000000.0,7064000000.0,7064000000.0,0.0,,,,,0.0,750000000.0,1.0,1158087567.0,5762000000,5893000000.0,1.226,3364402000000.0,16517000000.0,1131000000.0,0.0,583.895,
14,FNMA,MRQ,2017-12-31,2017-12-31,2017-12-31,2021-08-03,553000000.0,3345529000000.0,,,,,-0.64,2550000000.0,60260000000.0,60260000000.0,0.0,-6533000000.0,,-908.631,3053302000000.0,,,3053302000000.0,0.0,0.0,0.0,0.0,0.0,4956000000.0,4956000000.0,0.735,4956000000.0,4956000000.0,4956000000.0,-1.13,-1.13,-1.13,-3686000000.0,,-3686000000.0,2968311932053.0,161.0,160.91,6591000000.0,1.144,1.0,6744000000.0,1.0,0.0,0.0,6338571000000.0,,0.0,3237517000000.0,,,3349215000000.0,,,3068932053.0,8209000000.0,0.0,0.0,-44074000000.0,0.0,-44804000000.0,48972000000.0,46125000000.0,4041000000.0,0.0,-6533000000.0,2411000000.0,2411000000.0,0.0,0.0,0.358,1788000000.0,4956000000.0,9682000000.0,0.0,-0.833,1.246,-2.366,3220000000.0,0.0,2.65,0.121,0.603,8133000000.0,-133805000000.0,6744000000.0,6744000000.0,0.0,,,,,0.0,703000000.0,1.0,1158087567.0,5762000000,5369000000.0,1.17,3345529000000.0,17350000000.0,11489000000.0,0.0,580.619,
15,FNMA,MRQ,2017-09-30,2017-09-30,2017-09-30,2021-08-03,707000000.0,3330759000000.0,,,,,0.633,2797000000.0,52051000000.0,52051000000.0,0.0,3023000000.0,,912.037,3017294000000.0,,,3017294000000.0,0.0,0.0,0.0,0.0,0.0,4548000000.0,4548000000.0,0.721,4548000000.0,4548000000.0,4548000000.0,0.0,0.0,0.0,3648000000.0,,3648000000.0,2940106681825.0,140.0,139.533,6595000000.0,1.145,1.0,6310000000.0,1.0,0.0,0.0,6296002000000.0,,0.0,3219348000000.0,,,3327111000000.0,,,3462681825.0,4148000000.0,0.0,0.0,-44929000000.0,0.0,-47969000000.0,48319000000.0,44970000000.0,3798000000.0,0.0,3023000000.0,-25000000.0,-25000000.0,0.0,0.0,-0.004,1762000000.0,4548000000.0,9637000000.0,,0.949,0.292,-42.714,3581000000.0,3048000000.0,2.99,0.125,0.622,8097000000.0,-126625000000.0,6310000000.0,6310000000.0,0.0,,,,,0.0,664000000.0,1.0,1158087567.0,5762000000,5762000000.0,1.095,3330759000000.0,30454000000.0,1525000000.0,0.0,578.056,
16,FNMA,MRQ,2017-06-30,2017-06-30,2017-06-30,2021-08-03,682000000.0,3309230000000.0,,,,,0.645,3420000000.0,47903000000.0,47903000000.0,0.0,3200000000.0,,889.296,2984547000000.0,,,2984547000000.0,0.0,0.0,0.0,0.0,0.0,4787000000.0,4787000000.0,0.758,4787000000.0,4787000000.0,4787000000.0,0.01,0.01,0.01,3717000000.0,,3717000000.0,2904860344031.0,137.0,136.725,-2825000000.0,-0.49,1.0,6316000000.0,1.0,0.0,0.0,6245874000000.0,,0.0,3200317000000.0,,,3305513000000.0,,,2698344031.0,-4406000000.0,0.0,0.0,-48432000000.0,0.0,-51385000000.0,53224000000.0,49682000000.0,-6245000000.0,0.0,3200000000.0,83000000.0,83000000.0,0.0,0.0,0.013,1529000000.0,4787000000.0,9473000000.0,0.0,0.726,0.223,-77.667,3696000000.0,3117000000.0,2.33,0.098,0.486,0.0,-126531000000.0,6316000000.0,6316000000.0,0.0,,,,,0.0,686000000.0,1.0,1158087567.0,5762000000,5893000000.0,1.096,3309230000000.0,31402000000.0,1587000000.0,0.0,574.32,
17,FNMA,MRQ,2017-03-31,2017-03-31,2017-03-31,2021-08-03,765000000.0,3303754000000.0,,,,,0.586,3454000000.0,52309000000.0,52309000000.0,0.0,2773000000.0,,976.731,2954471000000.0,,,2954471000000.0,0.0,0.0,0.0,0.0,0.0,4156000000.0,4156000000.0,0.699,4156000000.0,4156000000.0,4156000000.0,0.0,0.0,0.0,3379000000.0,,3379000000.0,2876053015150.0,138.0,138.252,6073000000.0,1.054,1.0,5942000000.0,1.0,0.0,0.0,6205916000000.0,,0.0,3190167000000.0,,,3300375000000.0,,,3011015150.0,-9868000000.0,0.0,0.0,-41094000000.0,0.0,-46380000000.0,33893000000.0,30769000000.0,2619000000.0,0.0,2773000000.0,-6000000.0,-6000000.0,0.0,0.0,-0.001,1786000000.0,4156000000.0,9588000000.0,,0.891,0.201,-86.667,4103000000.0,2779000000.0,2.6,0.111,0.552,0.0,-126952000000.0,5942000000.0,5942000000.0,0.0,,,,,0.0,684000000.0,1.0,1158082750.0,5762000000,5762000000.0,1.031,3303754000000.0,32647000000.0,1383000000.0,0.0,573.369,
18,FNMA,MRQ,2016-12-31,2016-12-31,2016-12-31,2021-08-03,759000000.0,3287968000000.0,,,,,1.054,3637000000.0,62177000000.0,62177000000.0,0.0,5035000000.0,,540.586,2935219000000.0,,,2935219000000.0,0.0,0.0,0.0,0.0,0.0,7580000000.0,7580000000.0,0.83,7580000000.0,7580000000.0,7580000000.0,-0.08,-0.08,-0.08,6071000000.0,,6071000000.0,2816576522725.0,154.0,153.634,7406000000.0,1.285,1.0,9128000000.0,1.0,0.0,0.0,6161010000000.0,,0.0,3159093000000.0,,,3281897000000.0,,,4516522725.0,4739000000.0,0.0,0.0,-50876000000.0,0.0,-53777000000.0,54747000000.0,38642000000.0,3769000000.0,0.0,5035000000.0,11800000000.0,11800000000.0,0.0,0.0,1.293,1548000000.0,7580000000.0,9431000000.0,0.0,0.744,0.367,390.0,4489000000.0,5471000000.0,3.9,0.184,0.914,7737000000.0,-124253000000.0,9128000000.0,9128000000.0,0.0,,,,,0.0,714000000.0,1.0,1158082750.0,5762000000,5893000000.0,1.584,3287968000000.0,33530000000.0,2545000000.0,0.0,570.63,
19,FNMA,MRQ,2016-09-30,2016-09-30,2016-09-30,2021-08-03,923000000.0,3255942000000.0,,,,,0.725,3921000000.0,69485000000.0,69485000000.0,0.0,3196000000.0,,778.68,2881545000000.0,,,2881545000000.0,0.0,0.0,0.0,0.0,0.0,4723000000.0,4723000000.0,0.755,4723000000.0,4723000000.0,4723000000.0,0.04,0.04,0.04,4176000000.0,,4176000000.0,2790127159848.0,195.0,194.8,3154000000.0,0.547,1.0,6259000000.0,1.0,0.0,0.0,6068002000000.0,,0.0,3117723000000.0,,,3251766000000.0,,,1957159848.0,2940000000.0,0.0,0.0,-54775000000.0,0.0,-57736000000.0,61443000000.0,62395000000.0,-767000000.0,0.0,3196000000.0,219000000.0,219000000.0,0.0,0.0,0.035,1536000000.0,4723000000.0,9512000000.0,0.0,0.469,0.138,84.5,5041000000.0,2977000000.0,1.69,0.094,0.468,0.0,-126312000000.0,6259000000.0,6259000000.0,0.0,,,,,0.0,661000000.0,1.0,1158082750.0,5762000000,5893000000.0,1.086,3255942000000.0,35101000000.0,1527000000.0,0.0,565.072,
20,FNMA,MRQ,2016-06-30,2016-06-30,2016-06-30,2021-08-03,1130000000.0,3234893000000.0,,,,,0.704,4428000000.0,61316000000.0,61316000000.0,0.0,2946000000.0,,796.358,2849486000000.0,,,2849486000000.0,0.0,0.0,0.0,0.0,0.0,4344000000.0,4344000000.0,0.75,4344000000.0,4344000000.0,4344000000.0,0.01,0.01,0.01,4057000000.0,,4057000000.0,2778478165500.0,220.0,219.99,3557000000.0,0.617,1.0,5792000000.0,1.0,0.0,0.0,6023063000000.0,,0.0,3104541000000.0,,,3230824000000.0,,,2316165500.0,4703000000.0,0.0,0.0,-46642000000.0,0.0,-47473000000.0,53047000000.0,52559000000.0,-871000000.0,0.0,2946000000.0,2946000000.0,2946000000.0,0.0,0.0,0.509,1448000000.0,4344000000.0,9548000000.0,0.0,0.571,0.169,-33.333,5500000000.0,2869000000.0,2.0,0.118,0.586,0.0,-126638000000.0,5792000000.0,5792000000.0,0.0,,,,,0.0,678000000.0,1.0,1158082750.0,5762000000,5893000000.0,1.005,3234893000000.0,35953000000.0,1398000000.0,0.0,561.418,
21,FNMA,MRQ,2016-03-31,2016-03-31,2016-03-31,2021-08-03,1207000000.0,3221701000000.0,,,,,0.366,4129000000.0,52789000000.0,52789000000.0,0.0,1136000000.0,,1528.041,2828951000000.0,,,2828951000000.0,0.0,0.0,0.0,0.0,0.0,1686000000.0,1686000000.0,0.494,1686000000.0,1686000000.0,1686000000.0,0.04,0.04,0.04,2107000000.0,,2107000000.0,2767604315850.0,183.0,182.849,1018000000.0,0.177,1.0,3412000000.0,1.0,0.0,0.0,5997863000000.0,,0.0,3099480000000.0,,,3219582000000.0,,,1621315850.0,4242000000.0,0.0,0.0,-51546000000.0,0.0,-54463000000.0,61816000000.0,61226000000.0,-3111000000.0,0.0,1136000000.0,217000000.0,217000000.0,0.0,0.0,0.064,1726000000.0,1686000000.0,9909000000.0,0.0,0.769,0.105,-70.0,6188000000.0,919000000.0,1.4,0.073,0.363,0.0,-128665000000.0,3412000000.0,3412000000.0,0.0,,,,,0.0,688000000.0,1.0,1158082750.0,5762000000,5893000000.0,0.592,3221701000000.0,37048000000.0,550000000.0,0.0,559.129,
22,FNMA,MRQ,2015-12-31,2015-12-31,2015-12-31,2021-08-03,1407000000.0,3221917000000.0,,,,,0.699,4451000000.0,45553000000.0,45553000000.0,0.0,2467000000.0,,798.476,2811536000000.0,,,2811536000000.0,0.0,0.0,0.0,0.0,0.0,3570000000.0,3570000000.0,0.666,3570000000.0,3570000000.0,3570000000.0,-0.07,-0.07,-0.07,4030000000.0,,4030000000.0,2740608255710.0,169.0,169.09,4153000000.0,0.721,1.0,5363000000.0,1.0,0.0,0.0,5987900000000.0,,0.0,3107132000000.0,,,3217858000000.0,,,1899255710.0,-5241000000.0,0.0,0.0,-57238000000.0,0.0,-59483000000.0,54540000000.0,50263000000.0,-298000000.0,0.0,2467000000.0,10824000000.0,10824000000.0,0.0,0.0,2.018,1793000000.0,3570000000.0,9794000000.0,0.0,0.471,0.173,-32.8,6766000000.0,2859000000.0,1.64,0.082,0.409,7726000000.0,-126942000000.0,5363000000.0,5363000000.0,0.0,,,,,0.0,686000000.0,1.0,1158082750.0,5762000000,5369000000.0,0.931,3221917000000.0,37187000000.0,1103000000.0,0.0,559.166,
23,FNMA,MRQ,2015-09-30,2015-09-30,2015-09-30,2021-08-03,1613000000.0,3230782000000.0,,,,,0.689,4922000000.0,50196000000.0,50196000000.0,0.0,1960000000.0,,812.381,2788905000000.0,,,2788905000000.0,0.0,0.0,0.0,0.0,0.0,3030000000.0,3030000000.0,0.593,3030000000.0,3030000000.0,3030000000.0,-0.04,-0.04,-0.04,3972000000.0,,3972000000.0,2719388686188.0,184.0,184.141,53000000.0,0.009,1.0,5107000000.0,1.0,0.0,0.0,5969491000000.0,,0.0,3107072000000.0,,,3226779000000.0,,,2605686188.0,602000000.0,0.0,0.0,-47459000000.0,0.0,-51704000000.0,57175000000.0,44978000000.0,-4869000000.0,0.0,1960000000.0,-242000000.0,-242000000.0,0.0,0.0,-0.047,2077000000.0,3030000000.0,10016000000.0,0.0,0.656,0.459,-32.143,7691000000.0,2202000000.0,2.25,0.122,0.608,8137000000.0,-127206000000.0,5107000000.0,5107000000.0,0.0,,,,,0.0,952000000.0,1.0,1158082750.0,5762000000,5762000000.0,0.886,3230782000000.0,39012000000.0,1070000000.0,0.0,560.705,
24,FNMA,MRQ,2015-06-30,2015-06-30,2015-06-30,2021-08-03,1360000000.0,3225400000000.0,,,,,1.062,5894000000.0,56701000000.0,56701000000.0,0.0,4640000000.0,,526.192,2773484000000.0,,,2773484000000.0,0.0,0.0,0.0,0.0,0.0,6850000000.0,6850000000.0,0.823,6850000000.0,6850000000.0,6850000000.0,0.05,0.05,0.05,6118000000.0,,6118000000.0,2701377332808.0,155.0,154.984,5637000000.0,0.978,1.0,8320000000.0,1.0,0.0,0.0,5942183000000.0,,0.0,3093213000000.0,,,3219241000000.0,,,2698332808.0,-4547000000.0,0.0,0.0,-72444000000.0,0.0,-74317000000.0,70027000000.0,60301000000.0,-257000000.0,0.0,4640000000.0,4640000000.0,4640000000.0,0.0,0.0,0.558,1470000000.0,6850000000.0,10011000000.0,0.0,0.441,0.463,-46.6,8506000000.0,4359000000.0,2.33,0.116,0.576,8039000000.0,-124807000000.0,8320000000.0,8320000000.0,0.0,,,,,0.0,689000000.0,1.0,1158082750.0,5762000000,5893000000.0,1.444,3225400000000.0,39803000000.0,2210000000.0,0.0,559.771,
25,FNMA,MRQ,2015-03-31,2015-03-31,2015-03-31,2021-08-03,1641000000.0,3238113000000.0,,,,,0.617,5490000000.0,65299000000.0,65299000000.0,0.0,1888000000.0,,909.85,2763978000000.0,,,2763978000000.0,0.0,0.0,0.0,0.0,0.0,2758000000.0,2758000000.0,0.637,2758000000.0,2758000000.0,2758000000.0,0.02,0.02,0.02,3555000000.0,,3555000000.0,2709918494462.0,169.0,169.391,4241000000.0,0.736,1.0,4331000000.0,1.0,0.0,0.0,5936792000000.0,,0.0,3092364000000.0,,,3234517000000.0,,,2721494462.0,1837000000.0,0.0,0.0,-61607000000.0,0.0,-63496000000.0,66582000000.0,69835000000.0,-1249000000.0,0.0,1888000000.0,1888000000.0,1888000000.0,0.0,0.0,0.436,1573000000.0,2758000000.0,10324000000.0,0.0,0.766,2.387,-21.364,9518000000.0,1796000000.0,2.35,0.127,0.63,7990000000.0,-127651000000.0,4331000000.0,4331000000.0,0.0,,,,,0.0,723000000.0,1.0,1158082750.0,5762000000,5893000000.0,0.752,3238113000000.0,41983000000.0,870000000.0,0.0,561.977,
26,FNMA,MRQ,2014-12-31,2014-12-31,2014-12-31,2021-08-03,1733000000.0,3248176000000.0,,,,,0.639,5943000000.0,54565000000.0,54565000000.0,0.0,1312000000.0,,881.646,2761712000000.0,,,2761712000000.0,0.0,0.0,0.0,0.0,0.0,2130000000.0,2130000000.0,0.597,2130000000.0,2130000000.0,2130000000.0,-0.1,-0.1,-0.1,3680000000.0,,3680000000.0,2684066650465.0,127.0,126.912,3645000000.0,0.633,1.0,3567000000.0,1.0,0.0,0.0,5955323000000.0,,0.0,3112602000000.0,,,3244456000000.0,,,2385650465.0,5694000000.0,0.0,0.0,-36855000000.0,0.0,-40810000000.0,48802000000.0,46508000000.0,-2298000000.0,0.0,1312000000.0,-608000000.0,-608000000.0,0.0,0.0,-0.17,1437000000.0,2130000000.0,10232000000.0,0.0,0.648,-2.14,-10.842,10618000000.0,1920000000.0,2.06,0.092,0.458,8193000000.0,-127618000000.0,3567000000.0,3567000000.0,0.0,,,,,0.0,702000000.0,1.0,1158082750.0,5762000000,5762000000.0,0.619,3248176000000.0,42206000000.0,818000000.0,0.0,563.724,
27,FNMA,MRQ,2014-09-30,2014-09-30,2014-09-30,2021-08-03,1715000000.0,3230316000000.0,,,,,1.102,6062000000.0,44847000000.0,44847000000.0,0.0,3905000000.0,,507.783,2726528000000.0,,,2726528000000.0,0.0,0.0,0.0,0.0,0.0,5692000000.0,5692000000.0,0.805,5692000000.0,5692000000.0,5692000000.0,-0.02,-0.02,-0.02,6349000000.0,,6349000000.0,2664691236967.0,98.0,97.636,3602000000.0,0.625,1.0,7070000000.0,1.0,0.0,0.0,5911997000000.0,,0.0,3102596000000.0,,,3223917000000.0,,,3115236967.0,-4518000000.0,0.0,0.0,-40828000000.0,0.0,-44508000000.0,42450000000.0,35148000000.0,-2460000000.0,0.0,3905000000.0,-94000000.0,-94000000.0,0.0,0.0,-0.013,1378000000.0,5692000000.0,10492000000.0,0.0,0.491,-2.51,-12.81,11339000000.0,3999000000.0,2.69,0.103,0.511,8566000000.0,-124931000000.0,7070000000.0,7070000000.0,0.0,,,,,0.0,706000000.0,1.0,1158080657.0,5762000000,5762000000.0,1.227,3230316000000.0,42757000000.0,1787000000.0,0.0,560.624,
28,FNMA,MRQ,2014-06-30,2014-06-30,2014-06-30,2021-08-03,1620000000.0,3218817000000.0,,,,,1.052,7142000000.0,50434000000.0,50434000000.0,0.0,3667000000.0,,529.974,2712010000000.0,,,2712010000000.0,0.0,0.0,0.0,0.0,0.0,5418000000.0,5418000000.0,0.832,5418000000.0,5418000000.0,5418000000.0,-0.01,-0.01,-0.01,6062000000.0,,6062000000.0,2678756095369.0,85.0,84.525,11883000000.0,2.062,1.0,6513000000.0,1.0,0.0,0.0,5880393000000.0,,0.0,3082142000000.0,,,3212705000000.0,,,4528095369.0,6791000000.0,0.0,0.0,-44928000000.0,0.0,-50644000000.0,52694000000.0,50520000000.0,4741000000.0,0.0,3666000000.0,-46000000.0,-46000000.0,0.0,1000000.0,-0.007,1094000000.0,5419000000.0,10203000000.0,0.0,0.747,-4.409,-23.0,11560000000.0,3712000000.0,3.91,0.136,0.678,8472000000.0,-125123000000.0,6513000000.0,6513000000.0,0.0,,,,,0.0,697000000.0,1.0,1158080657.0,5762000000,5762000000.0,1.13,3218817000000.0,44809000000.0,1752000000.0,0.0,558.628,
29,FNMA,MRQ,2014-03-31,2014-03-31,2014-03-31,2021-08-03,1575000000.0,3226505000000.0,,,,,1.396,6329000000.0,38639000000.0,38639000000.0,0.0,5325000000.0,,400.201,2712867000000.0,,,2712867000000.0,0.0,0.0,0.0,0.0,0.0,7909000000.0,7909000000.0,0.902,7909000000.0,7909000000.0,7909000000.0,-0.06,-0.06,-0.06,8042000000.0,,8042000000.0,2661382514562.0,69.0,69.41,5008000000.0,0.869,1.0,8772000000.0,1.0,0.0,0.0,5900733000000.0,,0.0,3099689000000.0,,,3218413000000.0,,,4516514562.0,-5172000000.0,0.0,0.0,-77399000000.0,0.0,-84572000000.0,80721000000.0,70365000000.0,-1321000000.0,0.0,5325000000.0,-367000000.0,-367000000.0,0.0,0.0,-0.042,863000000.0,7909000000.0,10681000000.0,0.0,0.562,-3.962,-20.526,11960000000.0,5692000000.0,3.9,0.115,0.57,8459000000.0,-123098000000.0,8772000000.0,8772000000.0,0.0,,,,,0.0,672000000.0,1.0,1158080657.0,5762000000,5762000000.0,1.522,3226505000000.0,45366000000.0,2584000000.0,0.0,559.963,
30,FNMA,MRQ,2013-12-31,2013-12-31,2013-12-31,2021-08-03,1203000000.0,3270108000000.0,,,,,1.656,8661000000.0,48223000000.0,48223000000.0,0.0,6458000000.0,,341.737,2705089000000.0,,,2705089000000.0,0.0,0.0,0.0,0.0,0.0,8273000000.0,8273000000.0,1.039,8273000000.0,8273000000.0,8273000000.0,-0.12,-0.12,-0.12,9541000000.0,,9541000000.0,2616187822778.0,68.0,67.868,10046000000.0,1.743,1.0,7965000000.0,1.0,0.0,0.0,5926974000000.0,,0.0,3134154000000.0,,,3260517000000.0,,,3485822778.0,-11556000000.0,0.0,0.0,-73639000000.0,0.0,-82401000000.0,69460000000.0,57515000000.0,1385000000.0,0.0,6457000000.0,-734000000.0,-734000000.0,0.0,1000000.0,-0.092,-309000000.0,8274000000.0,10553000000.0,0.0,0.365,-2.394,-12.04,11621000000.0,7191000000.0,3.01,0.089,0.441,8319000000.0,-121227000000.0,7965000000.0,7965000000.0,0.0,,,,,0.0,632000000.0,1.0,1158080657.0,5762000000,5762000000.0,1.382,3270108000000.0,47560000000.0,1816000000.0,0.0,567.53,
31,FNMA,MRQ,2013-09-30,2013-09-30,2013-09-30,2021-08-03,1070000000.0,3281222000000.0,,,,,2.008,7222000000.0,62309000000.0,62309000000.0,0.0,8744000000.0,,282.642,2675011000000.0,,,2675011000000.0,0.0,0.0,0.0,0.0,0.0,10092000000.0,10092000000.0,1.011,10092000000.0,10092000000.0,10092000000.0,0.02,0.02,0.02,11568000000.0,,11568000000.0,2560164082141.0,68.0,67.649,13938000000.0,2.419,1.0,9980000000.0,1.0,0.0,0.0,5893924000000.0,,0.0,3127340000000.0,,,3269605000000.0,,,1517082141.0,6066000000.0,0.0,0.0,-104542000000.0,0.0,-114783000000.0,114133000000.0,84057000000.0,6716000000.0,0.0,8737000000.0,120000000.0,120000000.0,0.0,7000000.0,0.012,-119000000.0,10099000000.0,10769000000.0,0.0,0.131,-4.99,-21.833,11380000000.0,8617000000.0,1.31,0.038,0.191,8696000000.0,-119067000000.0,9980000000.0,9980000000.0,0.0,,,,,0.0,646000000.0,1.0,1158077970.0,5762000000,5893000000.0,1.732,3281222000000.0,48256000000.0,1355000000.0,0.0,569.459,
32,FNMA,MRQ,2013-06-30,2013-06-30,2013-06-30,2021-08-03,1204000000.0,3280665000000.0,,,,,2.292,9409000000.0,78648000000.0,78648000000.0,0.0,10095000000.0,,247.382,2637295000000.0,,,2637295000000.0,0.0,0.0,0.0,0.0,0.0,12069000000.0,12069000000.0,0.952,12069000000.0,12069000000.0,12069000000.0,-0.03,-0.03,-0.03,13208000000.0,,13208000000.0,2523489889938.0,85.0,85.328,20631000000.0,3.581,1.0,12675000000.0,1.0,0.0,0.0,5839312000000.0,,0.0,3109579000000.0,,,3267422000000.0,,,1632889938.0,1305000000.0,0.0,0.0,-119372000000.0,0.0,-178958000000.0,169041000000.0,156168000000.0,11222000000.0,0.0,10084000000.0,-159000000.0,-159000000.0,0.0,11000000.0,-0.013,595000000.0,12080000000.0,10613000000.0,0.0,0.124,-1.066,-5.222,10266000000.0,10243000000.0,1.41,0.051,0.253,8997000000.0,-117561000000.0,12675000000.0,12675000000.0,0.0,,,,,0.0,626000000.0,1.0,1158077970.0,5762000000,5762000000.0,2.2,3280665000000.0,48679000000.0,1985000000.0,0.0,569.362,
33,FNMA,MRQ,2013-03-31,2013-03-31,2013-03-31,2021-08-03,1038000000.0,3320675000000.0,,,,,10.817,13057000000.0,80644000000.0,80644000000.0,0.0,58685000000.0,,52.278,2602501000000.0,,,2602501000000.0,0.0,0.0,0.0,0.0,0.0,8114000000.0,8114000000.0,0.927,8114000000.0,8114000000.0,8114000000.0,-0.12,-0.12,-0.12,62327000000.0,,62327000000.0,2463920073799.0,109.0,108.931,6637000000.0,1.152,1.0,8749000000.0,1.0,0.0,0.0,5842532000000.0,,0.0,3150706000000.0,,,3258307000000.0,,,799073799.0,2296000000.0,0.0,0.0,-87396000000.0,0.0,-91404000000.0,100120000000.0,76368000000.0,-6420000000.0,0.0,58685000000.0,-683000000.0,-683000000.0,0.0,0.0,-0.078,635000000.0,8114000000.0,11163000000.0,0.0,0.013,0.984,4.929,10149000000.0,59368000000.0,0.69,0.032,0.157,9160000000.0,-68276000000.0,8749000000.0,8749000000.0,0.0,,,,,0.0,641000000.0,1.0,1158077970.0,5762000000,5762000000.0,1.518,3320675000000.0,49738000000.0,-50571000000.0,0.0,576.306,
34,FNMA,MRQ,2012-12-31,2012-12-31,2012-12-31,2021-08-03,384000000.0,3222422000000.0,,,,,1.247,8863000000.0,89036000000.0,89036000000.0,0.0,7570000000.0,,447.612,2573653000000.0,,,2573653000000.0,0.0,0.0,0.0,0.0,0.0,7570000000.0,7570000000.0,0.943,7570000000.0,7570000000.0,7570000000.0,0.07,0.07,0.07,7183000000.0,,7183000000.0,2463422100272.0,143.0,143.023,13585000000.0,2.358,1.0,8028000000.0,1.0,0.0,0.0,5707039000000.0,,0.0,3085782000000.0,,,3215198000000.0,,,301100272.0,443000000.0,0.0,0.0,-142640000000.0,0.0,-145569000000.0,141290000000.0,140024000000.0,4722000000.0,0.0,7570000000.0,418000000.0,418000000.0,0.0,0.0,0.052,458000000.0,7570000000.0,11303000000.0,0.0,0.042,0.216,1.083,10489000000.0,7152000000.0,0.26,0.015,0.073,9176000000.0,-122766000000.0,8028000000.0,8028000000.0,0.0,,,,,0.0,648000000.0,1.0,1158077970.0,5762000000,5893000000.0,1.393,3222422000000.0,0.0,0.0,0.0,559.254,
35,FNMA,MRQ,2012-09-30,2012-09-30,2012-09-30,2021-08-03,201000000.0,3226250000000.0,,,,,0.409,9252000000.0,80618000000.0,80618000000.0,0.0,1813000000.0,,1366.612,2543739000000.0,,,2543739000000.0,0.0,0.0,0.0,0.0,0.0,1821000000.0,1821000000.0,0.69,1821000000.0,1821000000.0,1821000000.0,-0.19,-0.19,-0.19,2359000000.0,,2359000000.0,2424263259516.0,334.0,334.427,17396000000.0,3.019,1.0,2638000000.0,1.0,0.0,0.0,5689371000000.0,,0.0,3097270000000.0,,,3223838000000.0,,,324259516.0,-4054000000.0,0.0,0.0,-118559000000.0,0.0,-121642000000.0,109444000000.0,104003000000.0,8144000000.0,0.0,1821000000.0,-1108000000.0,-1108000000.0,0.0,-8000000.0,-0.42,825000000.0,1813000000.0,11732000000.0,0.0,0.137,-0.08,-0.4,10278000000.0,2929000000.0,0.28,0.03,0.149,9963000000.0,-127407000000.0,2638000000.0,2638000000.0,0.0,,,,,0.0,588000000.0,1.0,1158069699.0,5762000000,5762000000.0,0.458,3226250000000.0,0.0,0.0,0.0,559.918,
36,FNMA,MRQ,2012-06-30,2012-06-30,2012-06-30,2021-08-03,-545000000.0,3195620000000.0,,,,,0.472,10375000000.0,80713000000.0,80713000000.0,0.0,5119000000.0,,1173.842,2504652000000.0,,,2504652000000.0,0.0,0.0,0.0,0.0,0.0,5114000000.0,5114000000.0,0.874,5114000000.0,5114000000.0,5114000000.0,0.38,0.37,0.38,2720000000.0,,2720000000.0,2420564098122.0,7057.0,7057.038,34624000000.0,6.009,1.0,5854000000.0,1.0,0.0,0.0,5619559000000.0,,0.0,3067871000000.0,,,3192850000000.0,,,301098122.0,2679000000.0,0.0,0.0,-138221000000.0,0.0,-140999000000.0,119429000000.0,109002000000.0,24249000000.0,0.0,5114000000.0,2185000000.0,2185000000.0,0.0,5000000.0,0.373,735000000.0,5119000000.0,11858000000.0,0.0,0.111,-0.029,-0.142,10387000000.0,2929000000.0,0.26,0.064,0.32,9668000000.0,-126300000000.0,5854000000.0,5854000000.0,0.0,,,,,0.0,567000000.0,1.0,1158069699.0,5762000000,5893000000.0,1.016,3195620000000.0,0.0,0.0,0.0,554.603,
37,FNMA,MRQ,2012-03-31,2012-03-31,2012-03-31,2021-08-03,-873000000.0,3209940000000.0,,,,,0.036,10195000000.0,77970000000.0,77970000000.0,0.0,2718000000.0,,15284.152,2498233000000.0,,,2498233000000.0,0.0,0.0,0.0,0.0,0.0,2719000000.0,2719000000.0,0.702,2719000000.0,2719000000.0,2719000000.0,-0.02,-0.02,-0.02,210000000.0,,210000000.0,2389427840897.0,-308.0,-308.035,10081000000.0,1.75,1.0,3873000000.0,1.0,0.0,0.0,5630203000000.0,,0.0,3088310000000.0,,,3209672000000.0,,,335840897.0,4510000000.0,0.0,0.0,-154650000000.0,0.0,-152906000000.0,157530000000.0,152667000000.0,-114000000.0,0.0,2719000000.0,-98000000.0,-98000000.0,0.0,-1000000.0,-0.025,1155000000.0,2718000000.0,12442000000.0,0.0,1.599,-0.019,-0.093,10619000000.0,2817000000.0,0.29,-0.083,-0.414,10018000000.0,-128482000000.0,3873000000.0,3873000000.0,0.0,,,,,0.0,564000000.0,1.0,1158072058.0,5761000000,5761000000.0,0.672,3209940000000.0,0.0,0.0,0.0,557.185,
38,FNMA,MRQ,2011-12-31,2011-12-31,2011-12-31,2021-08-03,-1235000000.0,3211484000000.0,,,,,-0.803,10968000000.0,68336000000.0,68336000000.0,0.0,-2407000000.0,,-695.514,2457428000000.0,,,2457428000000.0,0.0,0.0,0.0,0.0,0.0,-2405000000.0,-2405000000.0,1.566,-2405000000.0,-2405000000.0,-2405000000.0,-0.87,-0.87,-0.87,-4624000000.0,,-4624000000.0,2366936645447.0,-140.0,-139.683,2444000000.0,0.424,1.0,-1536000000.0,1.0,0.0,0.0,5600576000000.0,,0.0,3096401000000.0,,,3216055000000.0,,,231645447.0,-6768000000.0,0.0,0.0,-139968000000.0,0.0,-134802000000.0,136558000000.0,120095000000.0,-8524000000.0,0.0,-2406000000.0,-5028000000.0,-5028000000.0,0.0,-1000000.0,3.273,870000000.0,-2406000000.0,12648000000.0,0.0,-0.05,-0.009,-0.043,11373000000.0,2622000000.0,0.2,-0.018,-0.089,10000000000.0,-128381000000.0,-1536000000.0,-1536000000.0,0.0,,,,,0.0,605000000.0,1.0,1158227237.0,5758000000,5758000000.0,-0.267,3211484000000.0,0.0,1000000.0,0.0,557.743,
39,FNMA,MRQ,2011-09-30,2011-09-30,2011-09-30,2021-08-03,-1696000000.0,3213877000000.0,,,,,-1.363,12138000000.0,80268000000.0,80268000000.0,0.0,-5085000000.0,,-410.247,2446973000000.0,,,2446973000000.0,0.0,0.0,0.0,0.0,0.0,-5085000000.0,-5085000000.0,1.45,-5085000000.0,-5085000000.0,-5085000000.0,-1.32,-1.32,-1.32,-7853000000.0,,-7853000000.0,2398470976972.0,-166.0,-165.617,7519000000.0,1.305,1.0,-3507000000.0,1.0,0.0,0.0,5580582000000.0,,0.0,3084629000000.0,,,3221668000000.0,,,277976972.0,10033000000.0,0.0,0.0,-79649000000.0,0.0,-77016000000.0,91668000000.0,97742000000.0,-4619000000.0,0.0,-5085000000.0,-7579000000.0,-7579000000.0,0.0,0.0,2.161,1578000000.0,-5085000000.0,12928000000.0,0.0,-0.035,-0.012,-0.059,12195000000.0,2494000000.0,0.24,-0.027,-0.137,10862000000.0,-123359000000.0,-3507000000.0,-3507000000.0,0.0,,,,,0.0,591000000.0,1.0,1158237382.0,5760000000,5760000000.0,-0.609,3213877000000.0,0.0,0.0,0.0,557.965,
40,FNMA,MRQ,2011-06-30,2011-06-30,2011-06-30,2021-08-03,-1499000000.0,3196112000000.0,,,,,-0.902,13163000000.0,51853000000.0,51853000000.0,0.0,-2892000000.0,,-619.427,2450046000000.0,,,2450046000000.0,0.0,0.0,0.0,0.0,0.0,-2986000000.0,-2986000000.0,1.043,-2986000000.0,-2986000000.0,-2986000000.0,-0.9,-0.9,-0.9,-5168000000.0,,-5168000000.0,2391422468801.0,-223.0,-222.561,8502000000.0,1.484,1.0,-2862000000.0,1.0,0.0,0.0,5594305000000.0,,0.0,3095852000000.0,,,3201199000000.0,,,369468801.0,-5557000000.0,0.0,0.0,-119547000000.0,0.0,-113219000000.0,112323000000.0,99879000000.0,-4661000000.0,0.0,-2893000000.0,-5175000000.0,-5175000000.0,0.0,1000000.0,1.808,123000000.0,-2985000000.0,13289000000.0,0.0,-0.071,-0.019,-0.097,13592000000.0,2282000000.0,0.33,-0.06,-0.307,10681000000.0,-115784000000.0,-2862000000.0,-2862000000.0,0.0,,,,,0.0,569000000.0,1.0,1119602427.0,5730000000,5730000000.0,-0.499,3196112000000.0,0.0,-93000000.0,0.0,557.786,
41,FNMA,MRQ,2011-03-31,2011-03-31,2011-03-31,2021-08-03,-1501000000.0,3227042000000.0,,,,,-1.492,10979000000.0,56561000000.0,56561000000.0,0.0,-6471000000.0,,-380.687,2447614000000.0,,,2447614000000.0,0.0,0.0,0.0,0.0,0.0,-6469000000.0,-6469000000.0,1.288,-6469000000.0,-6469000000.0,-6469000000.0,-1.52,-1.52,-1.52,-8499000000.0,,-8499000000.0,2331110659502.0,-260.0,-259.937,13545000000.0,2.377,1.0,-5024000000.0,1.0,0.0,0.0,5618095000000.0,,0.0,3122955000000.0,,,3235460000000.0,,,436659502.0,2534000000.0,0.0,0.0,-124255000000.0,0.0,-123871000000.0,123839000000.0,86075000000.0,2566000000.0,0.0,-6471000000.0,-8687000000.0,-8687000000.0,0.0,0.0,1.729,1445000000.0,-6469000000.0,13828000000.0,0.0,-0.051,-0.025,-0.128,15264000000.0,2216000000.0,0.39,-0.142,-0.725,11303000000.0,-111669000000.0,-5024000000.0,-5024000000.0,0.0,,,,,0.0,605000000.0,1.0,1119639748.0,5698000000,5698000000.0,-0.882,3227042000000.0,0.0,2000000.0,0.0,566.346,
42,FNMA,MRQ,2010-12-31,2010-12-31,2010-12-31,2021-08-03,-1682000000.0,3221972000000.0,,,,,-0.456,11603000000.0,80975000000.0,80975000000.0,0.0,65000000.0,,-1240.665,2417008000000.0,,,2417008000000.0,0.0,0.0,0.0,0.0,0.0,58000000.0,58000000.0,0.046,58000000.0,58000000.0,58000000.0,-0.36,-0.36,-0.36,-2599000000.0,,-2599000000.0,2314820823919.0,-164.0,-164.218,26655000000.0,4.681,1.0,1271000000.0,1.0,0.0,0.0,5558005000000.0,,0.0,3086719000000.0,,,3224489000000.0,,,335823919.0,5915000000.0,0.0,0.0,-168316000000.0,0.0,-167931000000.0,158794000000.0,151382000000.0,15052000000.0,0.0,73000000.0,-2081000000.0,-2081000000.0,0.0,-8000000.0,-1.637,1332000000.0,-61000000.0,13764000000.0,0.0,-0.129,-0.015,-0.079,16173000000.0,2154000000.0,0.3,-0.038,-0.193,11279000000.0,-102986000000.0,1271000000.0,1271000000.0,0.0,,,,,0.0,592000000.0,1.0,1119413062.0,5694000000,5694000000.0,0.223,3221972000000.0,0.0,-15000000.0,0.0,565.854,
43,FNMA,MRQ,2010-09-30,2010-09-30,2010-09-30,2021-08-03,-1182000000.0,3229622000000.0,,,,,-0.444,10386000000.0,71146000000.0,71146000000.0,0.0,-1331000000.0,,-1279.014,2385631000000.0,,,2385631000000.0,0.0,0.0,0.0,0.0,0.0,-1348000000.0,-1348000000.0,-2.989,-1348000000.0,-1348000000.0,-1348000000.0,-0.61,-0.61,-0.61,-2527000000.0,,-2527000000.0,2310518756398.0,-78.0,-78.135,15072000000.0,2.647,1.0,451000000.0,1.0,0.0,0.0,5544107000000.0,,0.0,3113867000000.0,,,3232069000000.0,,,301756398.0,-16462000000.0,0.0,0.0,-150961000000.0,0.0,-151575000000.0,130427000000.0,140799000000.0,4686000000.0,0.0,-1339000000.0,-3455000000.0,-3455000000.0,0.0,8000000.0,-7.661,1713000000.0,-1262000000.0,0.0,0.0,-0.119,-0.008,-0.043,17590000000.0,2116000000.0,0.27,-0.04,-0.204,0.0,-100932000000.0,451000000.0,451000000.0,0.0,,,,,0.0,730000000.0,1.0,1117616288.0,5695000000,5695000000.0,0.079,3229622000000.0,528000000.0,-9000000.0,0.0,567.098,
44,FNMA,MRQ,2010-06-30,2010-06-30,2010-06-30,2021-08-03,-2084000000.0,3256267000000.0,,,,,-0.26,10015000000.0,66699000000.0,66699000000.0,0.0,-1223000000.0,,-2198.163,2376916000000.0,,,2376916000000.0,0.0,0.0,0.0,0.0,0.0,-1209000000.0,-1209000000.0,-5.123,-1209000000.0,-1209000000.0,-1209000000.0,-0.55,-0.55,-0.55,-1482000000.0,,-1482000000.0,2396795903497.0,-51.0,-50.739,-6233000000.0,-1.095,1.0,236000000.0,1.0,0.0,0.0,5566484000000.0,,0.0,3150391000000.0,,,3257678000000.0,,,379903497.0,-2633000000.0,0.0,0.0,-135083000000.0,0.0,-128629000000.0,142244000000.0,125850000000.0,-16248000000.0,0.0,-1218000000.0,-3125000000.0,-3125000000.0,0.0,-5000000.0,-13.242,1450000000.0,-1214000000.0,0.0,0.0,-0.256,-0.007,-0.037,14021000000.0,1907000000.0,0.34,-0.056,-0.285,0.0,-97544000000.0,236000000.0,236000000.0,0.0,,,,,0.0,670000000.0,1.0,1117363226.0,5694000000,5694000000.0,0.041,3256267000000.0,1012000000.0,9000000.0,0.0,571.877,
45,FNMA,MRQ,2010-03-31,2010-03-31,2010-03-31,2021-08-03,-3754000000.0,3293755000000.0,,,,,-1.485,7678000000.0,75956000000.0,75956000000.0,0.0,-11529000000.0,,-390.738,2472372000000.0,,,2472372000000.0,0.0,0.0,0.0,0.0,0.0,-11597000000.0,-11597000000.0,1.072,-11597000000.0,-11597000000.0,-11597000000.0,-2.29,-2.29,-2.29,-8451000000.0,,-8451000000.0,712160646052.0,-12.0,-11.721,-23207000000.0,-4.077,1.0,-10816000000.0,1.0,0.0,0.0,5690171000000.0,,0.0,3180971000000.0,,,3302126000000.0,,,1172646052.0,23665000000.0,0.0,0.0,-67937000000.0,0.0,-54164000000.0,108714000000.0,98244000000.0,-30885000000.0,0.0,-11530000000.0,-13057000000.0,-13057000000.0,0.0,1000000.0,1.207,816000000.0,-11632000000.0,0.0,0.0,-0.139,-0.018,-0.093,12369000000.0,1527000000.0,1.05,-0.245,-1.249,0.0,-95061000000.0,-10816000000.0,-10816000000.0,0.0,,,,,0.0,605000000.0,1.0,1116805764.0,5692000000,5692000000.0,-1.9,3293755000000.0,1906000000.0,-67000000.0,0.0,578.664,
46,FNMA,MRQ,2009-12-31,2009-12-31,2009-12-31,2021-08-03,-1732000000.0,869141000000.0,,,,,-2.702,6876000000.0,9882000000.0,9882000000.0,0.0,-15173000000.0,,-57.535,6167000000.0,,,6167000000.0,0.0,0.0,0.0,0.0,0.0,-15417000000.0,-15417000000.0,-5.909,-15417000000.0,-15417000000.0,-15417000000.0,-2.87,-2.87,-2.87,-15372000000.0,,-15372000000.0,753694055858.0,-10.0,-10.331,-510000000.0,-0.09,1.0,2609000000.0,1.0,0.0,0.0,865426000000.0,,0.0,816241000000.0,,,884422000000.0,,,1313055858.0,-8570000000.0,0.0,0.0,-29675000000.0,0.0,-15807000000.0,14623000000.0,15618000000.0,-7386000000.0,0.0,-15175000000.0,-16326000000.0,-16326000000.0,0.0,2000000.0,-6.258,18024000000.0,-15415000000.0,0.0,0.0,-0.085,-0.018,-0.09,9142000000.0,1151000000.0,1.18,0.947,4.836,0.0,-90237000000.0,2609000000.0,2609000000.0,0.0,,,,,0.0,612000000.0,1.0,1112759202.0,5689000000,5689000000.0,0.459,869141000000.0,0.0,-242000000.0,0.0,152.776,
47,FNMA,MRQ,2009-09-30,2009-09-30,2009-09-30,2021-08-03,-2739000000.0,890275000000.0,,,,,-2.65,5918000000.0,50721000000.0,50721000000.0,0.0,-18884000000.0,,-60.089,803102000000.0,,,803102000000.0,0.0,0.0,0.0,0.0,0.0,-19015000000.0,-19015000000.0,-16.114,-19015000000.0,-19015000000.0,-19015000000.0,-3.47,-3.47,-3.47,-15065000000.0,,-15065000000.0,779999271818.0,-9.0,-9.441,-5068000000.0,-0.891,1.0,1180000000.0,1.0,0.0,0.0,1642656000000.0,,0.0,814775000000.0,,,905235000000.0,,,1690271818.0,-12852000000.0,0.0,0.0,-30771000000.0,0.0,-20957000000.0,19091000000.0,23425000000.0,-10986000000.0,0.0,-18872000000.0,-19755000000.0,-19755000000.0,0.0,-12000000.0,-16.742,20207000000.0,-19027000000.0,0.0,0.0,-0.112,-0.02,-0.152,7735000000.0,883000000.0,1.52,-0.098,-0.502,0.0,-75063000000.0,1180000000.0,1180000000.0,0.0,,,,,0.0,562000000.0,1.0,1112020933.0,5685000000,5685000000.0,0.208,890275000000.0,1418000000.0,-143000000.0,0.0,156.601,
48,FNMA,MRQ,2009-06-30,2009-06-30,2009-06-30,2021-08-03,-7429000000.0,911382000000.0,,,,,-1.885,5319000000.0,54801000000.0,54801000000.0,0.0,-14780000000.0,,-86.086,833110000000.0,,,833110000000.0,0.0,0.0,0.0,0.086,0.0,-14731000000.0,-14731000000.0,-6.576,-14731000000.0,-14731000000.0,-14731000000.0,-2.67,-2.67,-2.67,-10710000000.0,,-10710000000.0,776307513524.0,-10.0,-10.27,-31873000000.0,-5.61,1.0,2240000000.0,1.0,0.0,0.0,1689691000000.0,,0.0,831478000000.0,,,921984000000.0,,,642513524.0,4988000000.0,0.0,0.0,-22144000000.0,0.0,-3553000000.0,45733000000.0,45165000000.0,-37192000000.0,0.0,-14754000000.0,-15165000000.0,-15165000000.0,0.0,-26000000.0,-6.77,16997000000.0,-14757000000.0,0.0,0.0,-0.06,-0.007,-0.03,6608000000.0,411000000.0,0.58,-0.031,-0.161,0.0,-56191000000.0,2240000000.0,2240000000.0,0.0,,,,,0.0,510000000.0,1.0,1107781938.0,5681000000,5681000000.0,0.394,911382000000.0,3791000000.0,23000000.0,0.0,160.426,
49,FNMA,MRQ,2009-03-31,2009-03-31,2009-03-31,2021-08-03,-3418000000.0,919638000000.0,,,,,-3.365,4554000000.0,78348000000.0,78348000000.0,0.0,-23185000000.0,,-49.227,854013000000.0,,,854013000000.0,0.0,0.0,0.0,0.571,0.0,-23791000000.0,-23791000000.0,5.124,-23791000000.0,-23791000000.0,-23791000000.0,-4.09,-4.09,-4.09,-19066000000.0,,-19066000000.0,795353861190.0,-12.0,-12.499,-25791000000.0,-4.552,1.0,-4643000000.0,1.0,0.0,0.0,1695303000000.0,,0.0,818859000000.0,,,938567000000.0,,,763861190.0,5313000000.0,0.0,0.0,-17805000000.0,0.0,-2630000000.0,38288000000.0,38363000000.0,-30345000000.0,0.0,-23168000000.0,-23197000000.0,-23197000000.0,0.0,-17000000.0,4.996,1340000000.0,-5983000000.0,0.0,0.0,-0.04,-0.009,-0.036,6630000000.0,29000000.0,0.7,-0.039,-0.205,0.0,-49957000000.0,-4643000000.0,-4643000000.0,0.0,,,,,0.0,523000000.0,1.0,1091230272.0,5666000000,5666000000.0,-0.819,919638000000.0,1658000000.0,-623000000.0,0.0,162.308,
50,FNMA,MRQ,2008-12-31,2008-12-31,2008-12-31,2021-08-03,-7673000000.0,912404000000.0,,,,,-6.158,3892000000.0,75880000000.0,75880000000.0,0.0,-25226000000.0,,-60.569,870470000000.0,,,870470000000.0,0.0,0.0,0.0,0.987,0.0,-25085000000.0,-25085000000.0,1.567,-25085000000.0,-25085000000.0,-25085000000.0,0.2,0.2,0.2,-15314000000.0,,-15314000000.0,763575917452.0,-17.0,-16.984,-20385000000.0,-8.197,1.0,-16005000000.0,1.0,0.0,0.0,1706994000000.0,,0.0,812180000000.0,,,927561000000.0,,,817917452.0,-18368000000.0,0.0,0.0,36452000000.0,-1774000000.0,36421000000.0,-30512000000.0,-29618000000.0,-24277000000.0,0.0,-25227000000.0,-25252000000.0,-25252000000.0,0.0,1000000.0,1.578,8799000000.0,-24804000000.0,0.0,0.0,-0.053,-0.014,-0.032,6918000000.0,25000000.0,0.76,-0.052,-0.12,0.0,-26790000000.0,-16005000000.0,-16005000000.0,0.0,,,,,0.0,554000000.0,1.0,1076207174.0,2487000000,2487000000.0,-6.435,912404000000.0,3926000000.0,142000000.0,0.0,366.869,
51,FNMA,MRQ,2008-09-30,2008-09-30,2008-09-30,2021-08-03,-8369000000.0,896615000000.0,,,,,4.101,2822000000.0,69909000000.0,69909000000.0,0.0,-29019000000.0,,95.643,832667000000.0,,,832667000000.0,0.0,0.0,0.0,0.817,0.05,-11983000000.0,-11983000000.0,5.772,-11983000000.0,-11983000000.0,-11983000000.0,-13.0,-13.0,-13.0,9276000000.0,,9276000000.0,752217190039.0,-29.0,-28.87,13019000000.0,5.756,1.0,-2076000000.0,1.0,0.0,0.0,1659373000000.0,,0.0,797236000000.0,,,887180000000.0,,,1647190039.0,22808000000.0,0.0,0.0,31004000000.0,0.0,30537000000.0,-17926000000.0,-15618000000.0,10197000000.0,0.0,-28994000000.0,-29413000000.0,-29413000000.0,0.0,-25000000.0,14.168,9837000000.0,-11913000000.0,0.0,-0.004,0.178,-0.043,-0.07,7493000000.0,419000000.0,1.53,-0.847,-1.78,0.0,-1563000000.0,-2076000000.0,-2076000000.0,0.0,,,,,0.0,401000000.0,1.0,1076594797.0,2262000000,2262000000.0,-0.918,896615000000.0,4600000000.0,17011000000.0,0.0,396.382,
52,FNMA,MRQ,2008-06-30,2008-06-30,2008-06-30,2021-08-03,-5738000000.0,885918000000.0,,,,,40.22,2457000000.0,49375000000.0,49375000000.0,0.0,-2297000000.0,,20.485,799945000000.0,,,799945000000.0,0.0,0.0,0.0,0.087,0.35,-2776000000.0,-2776000000.0,-0.824,-2776000000.0,-2776000000.0,-2776000000.0,-2.54,-2.54,-2.54,41226000000.0,,41226000000.0,757428063005.0,-47.0,-47.183,2272000000.0,2.217,1.0,3368000000.0,1.0,0.0,0.0,1636488000000.0,,0.0,793862000000.0,,,844528000000.0,,,19165063005.0,11496000000.0,0.0,7211000000.0,36919000000.0,0.0,43487000000.0,-31806000000.0,-30796000000.0,-185000000.0,0.0,-2300000000.0,-2603000000.0,-2603000000.0,0.0,3000000.0,-0.773,6108000000.0,-2740000000.0,0.0,-0.138,0.465,-1.855,-1.863,5995000000.0,303000000.0,19.51,143.023,149.237,0.0,27898000000.0,3368000000.0,3368000000.0,0.0,,,,,0.0,512000000.0,1.0,982319990.0,1025000000,1025000000.0,3.286,885918000000.0,20604000000.0,-476000000.0,0.0,864.31,
53,FNMA,MRQ,2008-03-31,2008-03-31,2008-03-31,2021-08-03,-3841000000.0,843227000000.0,,,,,39.832,1734000000.0,22788000000.0,22788000000.0,0.0,-2186000000.0,,20.708,761051000000.0,,,761051000000.0,0.0,0.0,0.0,0.07,0.35,-5114000000.0,-5114000000.0,5.124,-5114000000.0,-5114000000.0,-5114000000.0,-2.57,-2.57,-2.57,38836000000.0,,38836000000.0,769373447566.0,-69.0,-69.045,31852000000.0,32.669,1.0,-998000000.0,1.0,0.0,0.0,1581490000000.0,,0.0,782907000000.0,,,804233000000.0,,,25748447566.0,-1944000000.0,0.0,0.0,-39135000000.0,0.0,-39799000000.0,7737000000.0,7902000000.0,30118000000.0,0.0,-2186000000.0,-2508000000.0,-2508000000.0,0.0,0.0,2.513,4115000000.0,-5113000000.0,0.0,-0.136,0.663,-4.366,-4.35,4721000000.0,322000000.0,26.32,136.235,135.778,0.0,30844000000.0,-998000000.0,-998000000.0,0.0,,,,,0.0,512000000.0,1.0,978284482.0,975000000,975000000.0,-1.024,843227000000.0,17806000000.0,-2928000000.0,0.0,864.848,
54,FNMA,MRQ,2007-12-31,2007-12-31,2007-12-31,2021-08-03,-1362000000.0,879389000000.0,,,,,45.232,4665000000.0,53543000000.0,53543000000.0,0.0,-3580000000.0,,18.979,797168000000.0,,,797168000000.0,0.0,0.0,0.0,0.048,0.5,-6182000000.0,-6182000000.0,2.762,-6182000000.0,-6182000000.0,-6182000000.0,-3.8,-3.8,-3.8,44011000000.0,,44011000000.0,789192155481.0,-154.0,-153.509,30668000000.0,31.519,1.0,-2238000000.0,1.0,0.0,0.0,1623014000000.0,,0.0,794965000000.0,,,835271000000.0,,,39107155481.0,-539000000.0,0.0,6722000000.0,32731000000.0,-2483000000.0,39818000000.0,-66360000000.0,-67132000000.0,26003000000.0,0.0,-3559000000.0,-3700000000.0,-3700000000.0,0.0,-21000000.0,1.653,3950000000.0,-6188000000.0,0.0,-0.132,0.889,-15.258,-15.202,3602000000.0,141000000.0,39.98,12.244,12.179,0.0,33548000000.0,-2238000000.0,-2238000000.0,0.0,,,,,0.0,651000000.0,1.0,978167971.0,973000000,967000000.0,-2.3,879389000000.0,12967000000.0,-2623000000.0,0.0,903.791,
55,FNMA,MRQ,2007-09-30,2007-09-30,2007-09-30,2021-08-03,-1791000000.0,839783000000.0,,,,,40.988,248000000.0,13325000000.0,13325000000.0,0.0,-1399000000.0,,20.033,763410000000.0,,,763410000000.0,0.0,0.0,0.0,0.027,0.5,-1981000000.0,-1981000000.0,-990.5,-1981000000.0,-1981000000.0,-1981000000.0,-1.56,-1.56,-1.56,39922000000.0,,39922000000.0,810288591674.0,566.0,566.239,20274000000.0,20.815,1.0,2000000.0,1.0,0.0,0.0,1589868000000.0,,0.0,798029000000.0,,,799740000000.0,,,59195591674.0,-1368000000.0,0.0,1019000000.0,-21044000000.0,0.0,-20645000000.0,-749000000.0,-738000000.0,20026000000.0,0.0,-1399000000.0,-1518000000.0,-1518000000.0,0.0,0.0,-759.0,1990000000.0,-1988000000.0,0.0,-0.321,1.483,36.767,36.855,3107000000.0,119000000.0,60.81,8.236,8.241,0.0,37737000000.0,2000000.0,2000000.0,0.0,,,,,0.0,660000000.0,1.0,973451598.0,974000000,974000000.0,0.002,839783000000.0,9890000000.0,-582000000.0,0.0,862.2,
56,FNMA,MRQ,2007-06-30,2007-06-30,2007-06-30,2021-08-03,-3021000000.0,857802000000.0,,,,,40.771,319000000.0,22374000000.0,22374000000.0,0.0,1947000000.0,,20.62,781591000000.0,,,781591000000.0,0.0,0.0,0.0,0.022,0.5,2134000000.0,2134000000.0,0.623,2134000000.0,2134000000.0,2134000000.0,1.88,1.86,1.88,39670000000.0,,39670000000.0,815809134443.0,381.0,380.508,968000000.0,0.995,1.0,3423000000.0,1.0,0.0,0.0,1617019000000.0,,0.0,807854000000.0,,,818005000000.0,,,63569134443.0,2140000000.0,0.0,0.0,11907000000.0,0.0,10911000000.0,-9420000000.0,-9180000000.0,649000000.0,0.0,1947000000.0,1829000000.0,1829000000.0,0.0,0.0,0.534,1286000000.0,2137000000.0,0.0,0.266,1.602,26.845,26.996,2675000000.0,118000000.0,65.33,9.118,9.117,0.0,39744000000.0,3423000000.0,3423000000.0,0.0,,,,,0.0,660000000.0,1.0,973046601.0,973000000,1001000000.0,3.518,857802000000.0,11556000000.0,187000000.0,0.0,881.605,
57,FNMA,MRQ,2007-03-31,2007-03-31,2007-03-31,2021-08-03,-279000000.0,839464000000.0,,,,,42.581,482000000.0,18770000000.0,18770000000.0,0.0,961000000.0,,19.259,766144000000.0,,,766144000000.0,0.0,0.0,0.0,0.022,0.4,888000000.0,888000000.0,0.442,888000000.0,888000000.0,888000000.0,0.85,0.85,0.85,41431000000.0,,41431000000.0,1001098375656.0,374.0,373.823,-3247000000.0,-3.337,1.0,2007000000.0,1.0,0.0,0.0,1586838000000.0,,0.0,796206000000.0,,,797907000000.0,,,53218375656.0,469000000.0,0.0,0.0,-5491000000.0,0.0,-6717000000.0,10915000000.0,10307000000.0,-3729000000.0,0.0,961000000.0,826000000.0,826000000.0,0.0,0.0,0.412,1115000000.0,892000000.0,0.0,0.471,1.285,21.546,21.573,2395000000.0,135000000.0,54.58,7.378,7.363,0.0,38401000000.0,2007000000.0,2007000000.0,0.0,,,,,0.0,698000000.0,1.0,975052687.0,973000000,974000000.0,2.063,839464000000.0,8648000000.0,-73000000.0,0.0,862.758,
58,FNMA,MRQ,2006-12-31,2006-12-31,2006-12-31,2021-08-03,-445000000.0,843936000000.0,,,,,42.746,2287000000.0,16653000000.0,16653000000.0,0.0,604000000.0,,19.33,767746000000.0,,,767746000000.0,0.0,0.0,0.0,0.018,0.26,390000000.0,390000000.0,0.222,390000000.0,390000000.0,390000000.0,0.48,0.49,0.48,41506000000.0,,41506000000.0,1005788379081.0,238.0,238.056,8312000000.0,8.56,1.0,1755000000.0,1.0,0.0,0.0,1595029000000.0,,0.0,803024000000.0,,,802294000000.0,,,57908379081.0,160000000.0,0.0,19000000.0,3553000000.0,-1650000000.0,3052000000.0,-8917000000.0,-10711000000.0,6025000000.0,0.0,604000000.0,473000000.0,473000000.0,0.0,0.0,0.27,1363000000.0,392000000.0,0.0,0.542,1.395,16.321,16.271,2141000000.0,131000000.0,59.39,6.826,6.798,0.0,37955000000.0,1755000000.0,1755000000.0,0.0,,,,,0.0,827000000.0,1.0,975052687.0,971000000,972000000.0,1.807,843936000000.0,8505000000.0,-214000000.0,0.0,869.141,
59,FNMA,MRQ,2006-09-30,2006-09-30,2006-09-30,2021-08-03,,,,,,,,586000000.0,,,0.0,-629000000.0,,,,,,,,0.0,,0.019,0.26,-1268000000.0,-1268000000.0,5.953,-1268000000.0,-1268000000.0,-1268000000.0,-0.79,-0.79,-0.79,,,,993443497321.0,,,4085000000.0,4.203,1.0,-213000000.0,1.0,,0.0,,,,,,,,,,54115497321.0,-15820000000.0,0.0,0.0,-31395000000.0,0.0,-31642000000.0,12323000000.0,12034000000.0,3499000000.0,0.0,-629000000.0,-760000000.0,-760000000.0,0.0,0.0,3.568,1057000000.0,-1270000000.0,,-0.329,,,,,131000000.0,55.91,,,,,-213000000.0,-213000000.0,0.0,,,,,0.0,761000000.0,1.0,967903726.0,972000000,972000000.0,-0.219,,,-639000000.0,,,
60,FNMA,MRQ,2006-06-30,2006-06-30,2006-06-30,2021-08-03,,,,,,,,762000000.0,,,0.0,2058000000.0,,,,,,,,0.0,,0.022,0.26,2668000000.0,2668000000.0,0.728,2668000000.0,2668000000.0,2668000000.0,1.99,1.97,1.99,,,,985884169221.0,,,13574000000.0,13.979,1.0,3664000000.0,1.0,,0.0,,,,,,,,,,46556169221.0,14224000000.0,0.0,0.0,16096000000.0,0.0,15715000000.0,-14303000000.0,-14405000000.0,12812000000.0,0.0,2058000000.0,1931000000.0,1931000000.0,0.0,0.0,0.527,999000000.0,2665000000.0,,0.131,,,,,127000000.0,48.1,,,,,3664000000.0,3664000000.0,0.0,,,,,0.0,780000000.0,1.0,967903726.0,971000000,999000000.0,3.773,,,610000000.0,,,
61,FNMA,MRQ,2006-03-31,2006-03-31,2006-03-31,2021-08-03,,,,,,,,788000000.0,,,0.0,2026000000.0,,,,,,,,0.0,,0.02,0.26,2435000000.0,2435000000.0,0.743,2435000000.0,2435000000.0,2435000000.0,1.96,1.94,1.96,,,,989078251516.0,,,10121000000.0,10.423,1.0,3277000000.0,1.0,,0.0,,,,,,,,,,49750251516.0,1855000000.0,0.0,0.0,-4107000000.0,0.0,-4602000000.0,-2876000000.0,-3333000000.0,9333000000.0,0.0,2026000000.0,1904000000.0,1904000000.0,0.0,0.0,0.581,841000000.0,2436000000.0,,0.133,,,,,122000000.0,51.4,,,,,3277000000.0,3277000000.0,0.0,,,,,0.0,708000000.0,1.0,967903726.0,971000000,998000000.0,3.375,,,409000000.0,,,
62,FNMA,MRQ,2005-12-31,2005-12-31,2005-12-31,2021-08-03,-131000000.0,834168000000.0,,,,,40.518,,12475000000.0,12475000000.0,,,,20.221,764715000000.0,,,764715000000.0,0.0,,0.0,0.021,0.26,,,,,,,,,,39302000000.0,,39302000000.0,986571380866.0,129.0,129.403,,,1.0,,,0.0,,1586408000000.0,,0.0,799659000000.0,,,794745000000.0,,,47243380866.0,,,,,,,,,,,,,,,,,,,0.0,,1.202,8.061,8.081,1771000000.0,,48.81,4.559,4.569,0.0,35555000000.0,,,,,,,,,,1.0,967903726.0,970000000,,,834168000000.0,7684000000.0,,0.0,859.967,
63,FNMA,MRQ,2004-12-31,2004-12-31,2004-12-31,2021-08-03,4387000000.0,1020934000000.0,,,,,40.105,,7631000000.0,7631000000.0,,,,25.242,955511000000.0,,,955511000000.0,0.0,,0.0,0.029,0.52,,,,,,,,,,38902000000.0,,38902000000.0,1008252424328.0,168.0,168.295,,,1.0,,,0.0,,1968814000000.0,,0.0,994178000000.0,,,981956000000.0,,,68924424328.0,,,,,,,,,,,,,,,,,,,0.0,,1.772,14.353,14.386,1704000000.0,,71.21,7.999,8.016,0.0,30705000000.0,,,,,,,,,,1.0,967903726.0,970000000,,,1020934000000.0,6074000000.0,,0.0,1052.509,
64,FNMA,MRQ,2004-06-30,2004-06-30,2004-06-30,2021-08-03,-9994000000.0,989341000000.0,,,,,26.957,1046000000.0,340000000.0,340000000.0,0.0,1112000000.0,,36.875,939668000000.0,,,939668000000.0,0.0,0.0,0.0,0.027,0.52,1281000000.0,1281000000.0,0.356,1281000000.0,1281000000.0,1281000000.0,1.11,1.1,1.11,26121000000.0,,26121000000.0,1011284182016.0,98.0,97.784,3385000000.0,3.493,1.0,3600000000.0,1.0,0.0,0.0,1928669000000.0,,0.0,942896000000.0,,,963220000000.0,,,69155182016.0,-2874000000.0,0.0,-732000000.0,-1115000000.0,0.0,-5296000000.0,83000000.0,-963000000.0,2339000000.0,0.0,1112000000.0,1072000000.0,1072000000.0,0.0,0.0,0.298,2343000000.0,1257000000.0,0.0,0.468,2.647,8.775,8.788,0.0,40000000.0,71.36,6.071,6.07,0.0,37414000000.0,3600000000.0,3600000000.0,0.0,,,,,0.0,384000000.0,1.0,969102887.0,969000000,970000000.0,3.715,989341000000.0,0.0,169000000.0,0.0,1020.992,
65,FNMA,MRQ,2004-03-31,2004-03-31,2004-03-31,2021-08-03,-14896000000.0,995268000000.0,,,,,21.404,822000000.0,3214000000.0,3214000000.0,0.0,1899000000.0,,46.838,945343000000.0,,,945343000000.0,0.0,0.0,0.0,0.024,0.52,2558000000.0,2558000000.0,0.65,2558000000.0,2558000000.0,2558000000.0,1.91,1.9,1.91,20805000000.0,,20805000000.0,1032706592435.0,99.0,99.051,5672000000.0,5.835,1.0,3935000000.0,1.0,0.0,0.0,1937397000000.0,,0.0,948037000000.0,,,974463000000.0,,,72389592435.0,1799000000.0,0.0,-676000000.0,-19705000000.0,0.0,-22233000000.0,19182000000.0,18360000000.0,4850000000.0,0.0,1899000000.0,1856000000.0,1856000000.0,0.0,0.0,0.472,1350000000.0,2585000000.0,0.0,0.272,3.479,9.19,9.179,0.0,43000000.0,74.35,5.955,5.945,0.0,36845000000.0,3935000000.0,3935000000.0,0.0,,,,,0.0,383000000.0,1.0,973632716.0,972000000,975000000.0,4.048,995268000000.0,0.0,659000000.0,0.0,1023.938,
66,FNMA,MRQ,2003-12-31,2003-12-31,2003-12-31,2021-08-03,5315000000.0,1022275000000.0,,,,,33.335,1002000000.0,17490000000.0,17490000000.0,0.0,2373000000.0,,30.681,964953000000.0,,,964953000000.0,0.0,0.0,0.0,0.022,0.45,2917000000.0,2917000000.0,-8.334,2917000000.0,2917000000.0,2917000000.0,2.4,2.38,2.4,32268000000.0,,32268000000.0,1047311304303.0,100.0,99.602,46205000000.0,47.732,1.0,-350000000.0,1.0,0.0,0.0,1969738000000.0,,0.0,988748000000.0,,,990002000000.0,,,72933304303.0,2023000000.0,0.0,1219000000.0,-22094000000.0,-1796000000.0,-16466000000.0,-26714000000.0,-27716000000.0,45203000000.0,0.0,2373000000.0,2329000000.0,2329000000.0,0.0,0.0,-6.654,918000000.0,-1268000000.0,0.0,0.188,2.26,9.196,9.244,1320000000.0,44000000.0,75.06,5.954,5.987,0.0,27923000000.0,-350000000.0,-350000000.0,0.0,,,,,0.0,409000000.0,1.0,971666724.0,968000000,975000000.0,-0.362,1022275000000.0,4082000000.0,544000000.0,0.0,1056.069,
67,FNMA,MRQ,2003-09-30,2003-09-30,2003-09-30,2021-08-03,-15228000000.0,1019171000000.0,,,,,18.01,879000000.0,1356000000.0,1356000000.0,0.0,2666000000.0,,57.159,975734000000.0,,,975734000000.0,0.0,0.0,0.0,0.022,0.45,3586000000.0,3586000000.0,0.853,3586000000.0,3586000000.0,3586000000.0,2.7,2.69,2.7,17524000000.0,,17524000000.0,950278106436.0,126.0,126.165,5202000000.0,5.346,1.0,4206000000.0,1.0,0.0,0.0,1993549000000.0,,0.0,977247000000.0,,,1001647000000.0,,,68362106436.0,-809000000.0,0.0,-607000000.0,92789000000.0,0.0,89447000000.0,-94579000000.0,-95458000000.0,4323000000.0,0.0,2666000000.0,2624000000.0,2624000000.0,0.0,0.0,0.624,347000000.0,3859000000.0,0.0,0.167,3.901,11.726,11.779,0.0,42000000.0,70.2,6.902,6.897,0.0,33781000000.0,4206000000.0,4206000000.0,0.0,,,,,0.0,347000000.0,1.0,973819180.0,973000000,976000000.0,4.323,1019171000000.0,0.0,920000000.0,0.0,1047.452,
68,FNMA,MRQ,2003-06-30,2003-06-30,2003-06-30,2021-08-03,-13311000000.0,923795000000.0,,,,,17.736,802000000.0,2165000000.0,2165000000.0,0.0,1102000000.0,,52.202,884081000000.0,,,884081000000.0,0.0,0.0,0.0,0.021,0.39,1365000000.0,1365000000.0,0.313,1365000000.0,1365000000.0,1365000000.0,1.09,1.09,1.09,17364000000.0,,17364000000.0,934017278968.0,178.0,178.01,4870000000.0,4.974,1.0,4365000000.0,1.0,0.0,0.0,1805711000000.0,,0.0,887200000000.0,,,906431000000.0,,,66079278968.0,-3817000000.0,0.0,31000000.0,5065000000.0,0.0,2039000000.0,-9924000000.0,-10726000000.0,4068000000.0,0.0,1102000000.0,1068000000.0,1068000000.0,0.0,0.0,0.245,2260000000.0,2105000000.0,0.0,0.358,3.806,15.831,15.906,0.0,34000000.0,67.44,7.472,7.466,0.0,31595000000.0,4365000000.0,4365000000.0,0.0,,,,,0.0,354000000.0,1.0,979823235.0,979000000,982000000.0,4.459,923795000000.0,0.0,263000000.0,0.0,943.611,
69,FNMA,MRQ,2003-03-31,2003-03-31,2003-03-31,2021-08-03,-11612000000.0,913264000000.0,,,,,18.14,674000000.0,5982000000.0,5982000000.0,0.0,1941000000.0,,50.009,873920000000.0,,,873920000000.0,0.0,0.0,0.0,0.021,0.39,2648000000.0,2648000000.0,0.657,2648000000.0,2648000000.0,2648000000.0,1.94,1.93,1.94,17904000000.0,,17904000000.0,913767581948.0,157.0,156.709,6334000000.0,6.417,1.0,4029000000.0,1.0,0.0,0.0,1781202000000.0,,0.0,882261000000.0,,,895360000000.0,,,64495581948.0,4272000000.0,0.0,-546000000.0,20999000000.0,0.0,20045000000.0,-21433000000.0,-22107000000.0,5660000000.0,0.0,1941000000.0,1911000000.0,1911000000.0,0.0,0.0,0.474,989000000.0,3040000000.0,0.0,0.201,3.602,14.187,14.207,0.0,30000000.0,65.35,8.628,8.629,0.0,30909000000.0,4029000000.0,4029000000.0,0.0,,,,,0.0,344000000.0,1.0,986925508.0,987000000,990000000.0,4.082,913264000000.0,0.0,707000000.0,0.0,925.293,
70,FNMA,MRQ,2002-12-31,2002-12-31,2002-12-31,2021-08-03,-11792000000.0,887515000000.0,,,,,16.519,815000000.0,1710000000.0,1710000000.0,0.0,247000000.0,,53.489,850982000000.0,,,850982000000.0,0.0,0.0,0.0,0.021,0.33,-67000000.0,-67000000.0,0.025,-67000000.0,-67000000.0,-67000000.0,0.23,0.23,0.23,16288000000.0,,16288000000.0,,,,35173000000.0,35.672,1.0,-2696000000.0,1.0,0.0,0.0,1736787000000.0,,0.0,857537000000.0,,,871227000000.0,,,63488917930.0,63000000.0,0.0,2042000000.0,48353000000.0,-1410000000.0,56933000000.0,-91228000000.0,-92043000000.0,34358000000.0,0.0,247000000.0,227000000.0,227000000.0,0.0,0.0,-0.084,628000000.0,-3324000000.0,0.0,1.435,3.898,16.694,16.796,0.0,20000000.0,64.33,10.097,10.149,0.0,29385000000.0,-2696000000.0,-2696000000.0,0.0,,,,,0.0,250000000.0,1.0,986925508.0,986000000,995000000.0,-2.734,887515000000.0,0.0,-314000000.0,0.0,900.117,
71,FNMA,MRQ,2002-09-30,2002-09-30,2002-09-30,2021-08-03,,,,,,,,596000000.0,,,0.0,994000000.0,,,,,,,,0.0,,0.022,0.33,1301000000.0,1301000000.0,0.414,1301000000.0,1301000000.0,1301000000.0,0.98,0.97,0.98,,,,,,,2760000000.0,2.788,1.0,3145000000.0,1.0,,0.0,,,,,,,,,,,1263000000.0,0.0,-896000000.0,4269000000.0,0.0,-2746000000.0,1845000000.0,1249000000.0,2164000000.0,0.0,994000000.0,968000000.0,968000000.0,0.0,0.0,0.308,315000000.0,2830000000.0,,0.337,,,,,26000000.0,59.54,,,,,3145000000.0,3145000000.0,0.0,,,,,0.0,315000000.0,1.0,,990000000,994000000.0,3.177,,,307000000.0,,,
72,FNMA,MRQ,2002-06-30,2002-06-30,2002-06-30,2021-08-03,,,,,,,,564000000.0,,,0.0,1464000000.0,,,,,,,,0.0,,0.017,0.33,1949000000.0,1949000000.0,0.65,1949000000.0,1949000000.0,1949000000.0,1.45,1.44,1.45,,,,,,,2816000000.0,2.83,1.0,2997000000.0,1.0,,0.0,,,,,,,,,,,-66000000.0,0.0,-593000000.0,14981000000.0,0.0,13295000000.0,-15613000000.0,-16177000000.0,2252000000.0,0.0,1464000000.0,1440000000.0,1440000000.0,0.0,0.0,0.48,301000000.0,2696000000.0,,0.228,,,,,24000000.0,73.75,,,,,2997000000.0,2997000000.0,0.0,,,,,0.0,301000000.0,1.0,,995000000,1000000000.0,3.012,,,485000000.0,,,
73,FNMA,MRQ,2002-03-31,2002-03-31,2002-03-31,2021-08-03,,,,,,,,497000000.0,,,0.0,1209000000.0,,,,,,,,0.0,,0.015,0.33,1571000000.0,1571000000.0,0.553,1571000000.0,1571000000.0,1571000000.0,1.18,1.17,1.18,,,,,,,5354000000.0,5.376,1.0,2842000000.0,1.0,,0.0,,,,,,,,,,,-579000000.0,0.0,-1226000000.0,5118000000.0,0.0,3156000000.0,-8592000000.0,-9089000000.0,4857000000.0,0.0,1209000000.0,1176000000.0,1176000000.0,0.0,0.0,0.414,290000000.0,2552000000.0,,0.28,,,,,33000000.0,79.88,,,,,2842000000.0,2842000000.0,0.0,,,,,0.0,290000000.0,1.0,,996000000,1002000000.0,2.853,,,362000000.0,,,
74,FNMA,MRQ,2001-12-31,2001-12-31,2001-12-31,2021-08-03,-7065000000.0,799948000000.0,,,,,18.118,,1518000000.0,1518000000.0,,,,43.152,763467000000.0,,,763467000000.0,0.0,,0.0,0.015,0.3,,,,,,,,,,18118000000.0,,18118000000.0,,,,,,1.0,,,0.0,,1561897000000.0,,0.0,779878000000.0,,,781830000000.0,,,,,,,,,,,,,,,,,,,,,,0.0,,,,13.826,0.0,,79.5,,8.176,0.0,26175000000.0,,,,,,,,,,1.0,,1000000000,,,799948000000.0,0.0,,0.0,799.948,
0,FNMA,MRT,2021-06-30,2021-06-30,2021-06-30,2021-08-03,57000000.0,4158038000000.0,4019623250000.0,,,0.009,6.365,4909000000.0,169187000000.0,169187000000.0,0.0,20944000000.0,,110.341,3844699000000.0,,,3844699000000.0,0.0,0.0,0.0,0.0,0.0,26436000000.0,26436000000.0,0.751,26436000000.0,26436000000.0,26436000000.0,0.01,0.01,0.01,37345000000.0,28380500000.0,37345000000.0,3573066616605.0,135.0,135.159,11336000000.0,1.932,1.0,35220000000.0,1.0,0.0,0.0,7833550000000.0,7561749750000.0,0.0,3953620000000.0,,,4120693000000.0,,,1806616605.0,5075000000.0,0.0,0.0,1042000000.0,0.0,1068000000.0,-2420000000.0,-9539000000.0,6427000000.0,0.0,20944000000.0,11866000000.0,11866000000.0,0.0,0.0,0.337,8784000000.0,26436000000.0,9374000000.0,0.0,0.048,0.152,156.0,1138000000.0,20868000000.0,1.56,0.051,0.26,0.0,-95965000000.0,35220000000.0,35220000000.0,0.0,0.003,0.418,0.003,0.751,0.0,3059000000.0,1.0,1158087567.0,5867000000,5893000000.0,6.003,4158038000000.0,12575000000.0,5492000000.0,0.0,708.716,
1,FNMA,MRT,2021-03-31,2021-03-31,2021-03-31,2021-08-03,89000000.0,4070103000000.0,3920282750000.0,,,0.007,5.152,5223000000.0,169278000000.0,169278000000.0,0.0,16337000000.0,,133.66,3740538000000.0,,,3740538000000.0,0.0,0.0,0.0,0.0,0.0,20616000000.0,20616000000.0,0.71,20616000000.0,20616000000.0,20616000000.0,0.0,0.0,0.0,30225000000.0,23163500000.0,30225000000.0,3532938241264.0,171.0,171.369,-45002000000.0,-7.67,1.0,29029000000.0,1.0,0.0,0.0,7641363000000.0,7374559750000.0,0.0,3863210000000.0,,,4039878000000.0,,,2397241264.0,-14367000000.0,0.0,0.0,71247000000.0,0.0,71278000000.0,-35420000000.0,-41697000000.0,-50225000000.0,0.0,16337000000.0,11847000000.0,11847000000.0,0.0,0.0,0.408,8413000000.0,20616000000.0,9585000000.0,,0.079,0.202,,1183000000.0,16280000000.0,2.07,0.083,0.418,0.0,-103117000000.0,29029000000.0,29029000000.0,0.0,0.003,0.511,0.003,0.71,0.0,3067000000.0,1.0,1158087567.0,5867000000,5893000000.0,4.948,4070103000000.0,12516000000.0,4279000000.0,0.0,693.728,
2,FNMA,MRT,2020-12-31,2020-12-31,2020-12-31,2021-08-03,116000000.0,3985749000000.0,3803096000000.0,,,0.006,4.305,5991000000.0,143823000000.0,143823000000.0,0.0,11805000000.0,,156.795,3646164000000.0,,,3646164000000.0,0.0,0.0,0.0,0.0,0.0,14879000000.0,14879000000.0,0.645,14879000000.0,14879000000.0,14879000000.0,0.0,0.0,0.0,25259000000.0,19093500000.0,25259000000.0,3422160829285.0,230.0,229.999,-66943000000.0,-11.41,1.0,23056000000.0,1.0,0.0,0.0,7488090000000.0,7165905500000.0,0.0,3802580000000.0,,,3960490000000.0,,,2767829285.0,54216000000.0,0.0,0.0,100975000000.0,0.0,100465000000.0,26685000000.0,20407000000.0,-72934000000.0,0.0,11805000000.0,11805000000.0,11805000000.0,0.0,0.0,0.512,8177000000.0,14879000000.0,9719000000.0,,0.11,0.234,,1261000000.0,11790000000.0,2.39,0.12,0.608,0.0,-108110000000.0,23056000000.0,23056000000.0,0.0,0.003,0.618,0.002,0.645,0.0,3068000000.0,1.0,1158087567.0,5867000000,5893000000.0,3.93,3985749000000.0,12947000000.0,3074000000.0,0.0,679.35,
3,FNMA,MRT,2020-09-30,2020-09-30,2020-09-30,2021-08-03,120000000.0,3864603000000.0,3682488500000.0,,,0.006,3.527,6475000000.0,110988000000.0,110988000000.0,0.0,11600000000.0,,185.759,3530381000000.0,,,3530381000000.0,0.0,0.0,0.0,0.0,0.0,14400000000.0,14400000000.0,0.639,14400000000.0,14400000000.0,14400000000.0,0.01,0.01,0.01,20693000000.0,16430750000.0,20693000000.0,3326453336885.0,231.0,231.004,-78449000000.0,-13.371,1.0,22539000000.0,1.0,0.0,0.0,7283996000000.0,6975645750000.0,0.0,3714638000000.0,,,3843910000000.0,,,2339336885.0,46490000000.0,0.0,0.0,13636000000.0,0.0,12526000000.0,118888000000.0,112995000000.0,-84924000000.0,0.0,11600000000.0,14079000000.0,14079000000.0,0.0,0.0,0.625,8139000000.0,14400000000.0,9982000000.0,0.0,0.113,0.166,202.0,1462000000.0,11490000000.0,2.02,0.104,0.526,0.0,-112680000000.0,22539000000.0,22539000000.0,0.0,0.004,0.857,0.002,0.639,0.0,3051000000.0,1.0,1158087567.0,5867000000,5893000000.0,3.842,3864603000000.0,12808000000.0,2800000000.0,0.0,658.702,
4,FNMA,MRT,2020-06-30,2020-06-30,2020-06-30,2021-08-03,133000000.0,3760676000000.0,3589946750000.0,,,0.006,2.808,6794000000.0,120224000000.0,120224000000.0,0.0,11334000000.0,,227.238,3444338000000.0,,,3444338000000.0,0.0,0.0,0.0,0.0,0.0,14021000000.0,14021000000.0,0.64,14021000000.0,14021000000.0,14021000000.0,0.01,0.01,0.01,16477000000.0,13843000000.0,16477000000.0,3207903050020.0,229.0,228.793,-39462000000.0,-6.726,1.0,21896000000.0,1.0,0.0,0.0,7084790000000.0,6824215250000.0,0.0,3601632000000.0,,,3744199000000.0,,,2513050020.0,59254000000.0,0.0,0.0,-32648000000.0,0.0,-32764000000.0,138274000000.0,131754000000.0,-46256000000.0,0.0,11334000000.0,14052000000.0,14052000000.0,0.0,0.0,0.642,7875000000.0,14021000000.0,10054000000.0,0.0,0.153,0.179,217.0,1844000000.0,11251000000.0,2.17,0.115,0.581,0.0,-116909000000.0,21896000000.0,21896000000.0,0.0,0.004,1.015,0.002,0.64,0.0,3038000000.0,1.0,1158087567.0,5867000000,5893000000.0,3.732,3760676000000.0,13119000000.0,2687000000.0,0.0,640.988,
5,FNMA,MRT,2020-03-31,2020-03-31,2020-03-31,2021-08-03,146000000.0,3601356000000.0,3510599500000.0,,,0.007,2.377,7292000000.0,128708000000.0,128708000000.0,0.0,12221000000.0,,257.254,3334098000000.0,,,3334098000000.0,0.0,0.0,0.0,0.0,0.0,15128000000.0,15128000000.0,0.653,15128000000.0,15128000000.0,15128000000.0,0.02,0.02,0.02,13945000000.0,11315000000.0,13945000000.0,3225573359232.0,213.0,213.219,2896000000.0,0.494,1.0,23182000000.0,1.0,0.0,0.0,6806746000000.0,6698538250000.0,0.0,3434786000000.0,,,3587411000000.0,,,1841359232.0,76467000000.0,0.0,0.0,-124056000000.0,0.0,-126407000000.0,207270000000.0,200473000000.0,-4396000000.0,0.0,12221000000.0,14106000000.0,14106000000.0,0.0,0.0,0.608,8054000000.0,15128000000.0,10246000000.0,0.0,0.132,0.131,79.5,2224000000.0,12084000000.0,1.59,0.079,0.402,8808000000.0,-119454000000.0,23182000000.0,23182000000.0,0.0,0.004,1.247,0.002,0.653,0.0,3028000000.0,1.0,1158087567.0,5867000000,5867000000.0,3.951,3601356000000.0,12831000000.0,2907000000.0,0.0,613.833,
6,FNMA,MRT,2019-12-31,2019-12-31,2019-12-31,2021-08-03,131000000.0,3503319000000.0,3465519000000.0,,,0.007,2.535,7425000000.0,61407000000.0,61407000000.0,0.0,14160000000.0,,238.822,3285139000000.0,,,3285139000000.0,0.0,0.0,0.0,0.0,0.0,17577000000.0,17577000000.0,0.691,17577000000.0,17577000000.0,17577000000.0,0.03,0.03,0.03,14608000000.0,9169000000.0,14608000000.0,3187451233209.0,181.0,181.342,2671000000.0,0.464,1.0,25426000000.0,1.0,0.0,0.0,6727051000000.0,6632493000000.0,0.0,3404720000000.0,,,3488711000000.0,,,3613233209.0,11984000000.0,0.0,0.0,-185193000000.0,0.0,-190314000000.0,207052000000.0,199707000000.0,-4754000000.0,0.0,14160000000.0,14160000000.0,14160000000.0,0.0,0.0,0.557,7849000000.0,17577000000.0,10228000000.0,0.0,0.247,0.255,104.0,2366000000.0,13969000000.0,3.12,0.142,0.707,0.0,-118776000000.0,25426000000.0,25426000000.0,0.0,0.004,1.544,0.003,0.691,0.0,3023000000.0,1.0,1158087567.0,5762000000,5893000000.0,4.413,3503319000000.0,11910000000.0,3417000000.0,0.0,608.004,
7,FNMA,MRT,2019-09-30,2019-09-30,2019-09-30,2021-08-03,230000000.0,3494436000000.0,3444268750000.0,,,0.007,1.795,7875000000.0,64498000000.0,64498000000.0,0.0,13025000000.0,,336.888,3248336000000.0,,,3248336000000.0,0.0,0.0,0.0,0.0,0.0,16405000000.0,16405000000.0,0.686,16405000000.0,16405000000.0,16405000000.0,0.02,0.02,0.02,10342000000.0,7077000000.0,10342000000.0,3143195732755.0,192.0,191.6,15095000000.0,2.62,1.0,23907000000.0,1.0,0.0,0.0,6678274000000.0,6582915500000.0,0.0,3384208000000.0,,,3484094000000.0,,,4400732755.0,13467000000.0,0.0,0.0,-159685000000.0,0.0,-168789000000.0,175036000000.0,167101000000.0,7220000000.0,0.0,13025000000.0,12694000000.0,12694000000.0,0.0,0.0,0.531,7502000000.0,16405000000.0,10400000000.0,0.0,0.426,0.347,190.0,2452000000.0,12944000000.0,3.8,0.184,0.916,8923000000.0,-123141000000.0,23907000000.0,23907000000.0,0.0,0.004,1.794,0.002,0.686,0.0,3051000000.0,1.0,1158087567.0,5762000000,5762000000.0,4.149,3494436000000.0,11994000000.0,3380000000.0,0.0,606.462,
8,FNMA,MRT,2019-06-30,2019-06-30,2019-06-30,2021-08-03,216000000.0,3443287000000.0,3420936000000.0,,,0.007,1.105,8343000000.0,60970000000.0,60970000000.0,0.0,13073000000.0,,539.972,3199765000000.0,,,3199765000000.0,0.0,0.0,0.0,0.0,0.0,16462000000.0,16462000000.0,0.689,16462000000.0,16462000000.0,16462000000.0,0.03,0.03,0.03,6365000000.0,6235250000.0,6365000000.0,3124657836431.0,190.0,189.81,14446000000.0,2.507,1.0,23882000000.0,1.0,0.0,0.0,6582082000000.0,6532787500000.0,0.0,3338421000000.0,,,3436922000000.0,,,3126836431.0,12241000000.0,0.0,0.0,-145895000000.0,0.0,-159715000000.0,165853000000.0,157680000000.0,6103000000.0,0.0,13073000000.0,12744000000.0,12744000000.0,0.0,0.0,0.534,7420000000.0,16462000000.0,10342000000.0,0.0,0.491,0.245,90.0,2398000000.0,12942000000.0,2.7,0.131,0.651,9089000000.0,-127104000000.0,23882000000.0,23882000000.0,0.0,0.004,2.044,0.003,0.689,0.0,3042000000.0,1.0,1158087567.0,5762000000,5893000000.0,4.145,3443287000000.0,12521000000.0,3389000000.0,0.0,597.585,
9,FNMA,MRT,2019-03-31,2019-03-31,2019-03-31,2021-08-03,283000000.0,3421034000000.0,3400955250000.0,,,0.007,0.93,8926000000.0,52241000000.0,52241000000.0,0.0,14098000000.0,,637.134,3173772000000.0,,,3173772000000.0,0.0,0.0,0.0,0.0,0.0,17734000000.0,17734000000.0,0.709,17734000000.0,17734000000.0,17734000000.0,0.02,0.02,0.02,5361000000.0,6508750000.0,5361000000.0,3113665645188.0,176.0,175.576,14399000000.0,2.499,1.0,25028000000.0,1.0,0.0,0.0,6542565000000.0,6487625500000.0,0.0,3326128000000.0,,,3415673000000.0,,,3242645188.0,14881000000.0,0.0,0.0,-160084000000.0,0.0,-173075000000.0,182483000000.0,173339000000.0,5473000000.0,0.0,14098000000.0,12675000000.0,12675000000.0,0.0,0.0,0.506,7294000000.0,17734000000.0,10364000000.0,0.0,0.605,0.256,140.0,2489000000.0,14036000000.0,2.8,0.13,0.645,8926000000.0,-128175000000.0,25028000000.0,25028000000.0,0.0,0.004,1.947,0.003,0.709,0.0,3053000000.0,1.0,1158087567.0,5762000000,5893000000.0,4.344,3421034000000.0,13411000000.0,3636000000.0,0.0,593.723,
10,FNMA,MRT,2018-12-31,2018-12-31,2018-12-31,2021-08-03,322000000.0,3418318000000.0,3386797250000.0,,,0.008,1.083,9321000000.0,49423000000.0,49423000000.0,0.0,15959000000.0,,546.807,3159846000000.0,,,3159846000000.0,0.0,0.0,0.0,0.0,0.0,20099000000.0,20099000000.0,0.739,20099000000.0,20099000000.0,20099000000.0,0.58,0.57,0.58,6240000000.0,6153000000.0,6240000000.0,3077884572821.0,153.0,153.136,11569000000.0,2.008,1.0,27210000000.0,1.0,0.0,0.0,6528741000000.0,6452512500000.0,0.0,3327629000000.0,,,3412078000000.0,,,1227572821.0,-10837000000.0,0.0,0.0,-158316000000.0,0.0,-163938000000.0,150853000000.0,141454000000.0,2248000000.0,0.0,15959000000.0,15959000000.0,15959000000.0,0.0,0.0,0.587,7111000000.0,20099000000.0,10211000000.0,0.0,0.197,0.077,1.828,2584000000.0,12613000000.0,1.06,0.045,0.224,8490000000.0,-127335000000.0,27210000000.0,27210000000.0,0.0,0.005,2.594,0.003,0.739,0.0,3059000000.0,1.0,1158087567.0,5762000000,5893000000.0,4.722,3418318000000.0,13188000000.0,4140000000.0,0.0,593.252,
11,FNMA,MRT,2018-09-30,2018-09-30,2018-09-30,2021-08-03,313000000.0,3401105000000.0,3368600000000.0,,,0.008,1.211,9640000000.0,51031000000.0,51031000000.0,0.0,6196000000.0,,486.614,3127688000000.0,,,3127688000000.0,0.0,0.0,0.0,0.0,0.0,20997000000.0,20997000000.0,0.746,20997000000.0,20997000000.0,20997000000.0,-0.54,-0.56,-0.54,6975000000.0,3671500000.0,6975000000.0,3039737646096.0,145.0,144.77,11885000000.0,2.063,1.0,28134000000.0,1.0,0.0,0.0,6477762000000.0,6404970000000.0,0.0,3307170000000.0,,,3394130000000.0,,,1667646096.0,-1020000000.0,0.0,0.0,-161081000000.0,0.0,-162801000000.0,159536000000.0,149655000000.0,2245000000.0,0.0,6196000000.0,6706000000.0,6706000000.0,0.0,0.0,0.238,7137000000.0,20997000000.0,10105000000.0,0.0,0.239,0.249,-2.667,2722000000.0,9372000000.0,1.44,0.059,0.295,8792000000.0,-126591000000.0,28134000000.0,28134000000.0,0.0,0.002,1.827,0.003,0.746,0.0,2948000000.0,1.0,1158087567.0,5762000000,5893000000.0,4.883,3401105000000.0,14368000000.0,14801000000.0,0.0,590.265,
12,FNMA,MRT,2018-06-30,2018-06-30,2018-06-30,2021-08-03,349000000.0,3363364000000.0,3351013500000.0,,,0.008,1.295,10195000000.0,48729000000.0,48729000000.0,0.0,5208000000.0,,449.914,3086799000000.0,,,3086799000000.0,0.0,0.0,0.0,0.0,0.0,20489000000.0,20489000000.0,0.744,20489000000.0,20489000000.0,20489000000.0,-0.55,-0.57,-0.55,7459000000.0,2839750000.0,7459000000.0,3039355484345.0,148.0,148.341,16359000000.0,2.839,1.0,27536000000.0,1.0,0.0,0.0,6401434000000.0,6359530000000.0,0.0,3271028000000.0,,,3355905000000.0,,,1644484345.0,826000000.0,0.0,0.0,-182094000000.0,0.0,-183135000000.0,177797000000.0,167248000000.0,6164000000.0,0.0,5208000000.0,6645000000.0,6645000000.0,0.0,0.0,0.241,7047000000.0,20489000000.0,9825000000.0,0.0,0.22,0.247,-2.582,2816000000.0,8445000000.0,1.42,0.06,0.297,8256000000.0,-126143000000.0,27536000000.0,27536000000.0,0.0,0.002,2.34,0.003,0.744,0.0,2872000000.0,1.0,1158087567.0,5762000000,5762000000.0,4.779,3363364000000.0,15375000000.0,15281000000.0,0.0,583.715,
13,FNMA,MRT,2018-03-31,2018-03-31,2018-03-31,2021-08-03,347000000.0,3364402000000.0,3337480000000.0,,,0.008,0.683,11127000000.0,37360000000.0,37360000000.0,0.0,3951000000.0,,853.343,3075071000000.0,,,3075071000000.0,0.0,0.0,0.0,0.0,0.0,19683000000.0,19683000000.0,0.745,19683000000.0,19683000000.0,19683000000.0,-0.54,-0.56,-0.54,3938000000.0,1904250000.0,3938000000.0,2994674903469.0,152.0,152.145,11312000000.0,1.963,1.0,26434000000.0,1.0,0.0,0.0,6402113000000.0,6320640000000.0,0.0,3281472000000.0,,,3360464000000.0,,,1632903469.0,-14949000000.0,0.0,0.0,-178871000000.0,0.0,-181465000000.0,166331000000.0,154497000000.0,185000000.0,0.0,3951000000.0,6730000000.0,6730000000.0,0.0,0.0,0.255,6751000000.0,19683000000.0,9773000000.0,0.0,0.415,0.243,-2.611,3044000000.0,7103000000.0,1.41,0.062,0.307,8076000000.0,-129662000000.0,26434000000.0,26434000000.0,0.0,0.002,3.534,0.003,0.745,0.0,2803000000.0,1.0,1158087567.0,5762000000,5893000000.0,4.588,3364402000000.0,16517000000.0,15732000000.0,0.0,583.895,
14,FNMA,MRT,2017-12-31,2017-12-31,2017-12-31,2021-08-03,553000000.0,3345529000000.0,3322318000000.0,,,0.008,-0.64,12221000000.0,60260000000.0,60260000000.0,0.0,2463000000.0,,-908.631,3053302000000.0,,,3053302000000.0,0.0,0.0,0.0,0.0,0.0,18447000000.0,18447000000.0,0.729,18447000000.0,18447000000.0,18447000000.0,-1.12,-1.12,-1.12,-3686000000.0,1764500000.0,-3686000000.0,2968311932053.0,161.0,160.91,16434000000.0,2.852,1.0,25312000000.0,1.0,0.0,0.0,6338571000000.0,6271590750000.0,0.0,3237517000000.0,,,3349215000000.0,,,3068932053.0,-1917000000.0,0.0,0.0,-178529000000.0,0.0,-190538000000.0,184408000000.0,171546000000.0,4213000000.0,0.0,2463000000.0,2463000000.0,2463000000.0,0.0,0.0,0.097,6865000000.0,18447000000.0,9682000000.0,0.0,-0.833,1.246,-2.366,3220000000.0,8944000000.0,2.65,0.121,0.603,8133000000.0,-133805000000.0,25312000000.0,25312000000.0,0.0,0.001,1.396,0.003,0.729,0.0,2737000000.0,1.0,1158087567.0,5762000000,5762000000.0,4.393,3345529000000.0,17350000000.0,15984000000.0,0.0,580.619,
15,FNMA,MRT,2017-09-30,2017-09-30,2017-09-30,2021-08-03,707000000.0,3330759000000.0,3307927750000.0,,,0.008,0.633,13308000000.0,52051000000.0,52051000000.0,0.0,14031000000.0,,912.037,3017294000000.0,,,3017294000000.0,0.0,0.0,0.0,0.0,0.0,21071000000.0,21071000000.0,0.761,21071000000.0,21071000000.0,21071000000.0,-0.07,-0.07,-0.07,3648000000.0,4203750000.0,3648000000.0,2940106681825.0,140.0,139.533,17249000000.0,2.994,1.0,27696000000.0,1.0,0.0,0.0,6296002000000.0,6227200500000.0,0.0,3219348000000.0,,,3327111000000.0,,,3462681825.0,-5387000000.0,0.0,0.0,-185331000000.0,0.0,-199511000000.0,190183000000.0,164063000000.0,3941000000.0,0.0,14031000000.0,11852000000.0,11852000000.0,0.0,0.0,0.428,6625000000.0,21071000000.0,9637000000.0,0.0,0.949,0.292,-42.714,3581000000.0,14415000000.0,2.99,0.125,0.622,8097000000.0,-126625000000.0,27696000000.0,27696000000.0,0.0,0.004,2.819,0.003,0.761,0.0,2748000000.0,1.0,1158087567.0,5762000000,5762000000.0,4.807,3330759000000.0,30454000000.0,7040000000.0,0.0,578.056,
16,FNMA,MRT,2017-06-30,2017-06-30,2017-06-30,2021-08-03,682000000.0,3309230000000.0,3289223500000.0,,,0.008,0.645,14432000000.0,47903000000.0,47903000000.0,0.0,14204000000.0,,889.296,2984547000000.0,,,2984547000000.0,0.0,0.0,0.0,0.0,0.0,21246000000.0,21246000000.0,0.769,21246000000.0,21246000000.0,21246000000.0,-0.03,-0.03,-0.03,3717000000.0,4335750000.0,3717000000.0,2904860344031.0,137.0,136.725,13808000000.0,2.396,1.0,27645000000.0,1.0,0.0,0.0,6245874000000.0,6170200500000.0,0.0,3200317000000.0,,,3305513000000.0,,,2698344031.0,-6595000000.0,0.0,0.0,-195177000000.0,0.0,-209278000000.0,203307000000.0,181488000000.0,-624000000.0,0.0,14204000000.0,12096000000.0,12096000000.0,0.0,0.0,0.438,6399000000.0,21246000000.0,9473000000.0,0.0,0.726,0.223,-77.667,3696000000.0,14344000000.0,2.33,0.098,0.486,0.0,-126531000000.0,27645000000.0,27645000000.0,0.0,0.004,2.79,0.003,0.769,0.0,2745000000.0,1.0,1158087567.0,5762000000,5893000000.0,4.798,3309230000000.0,31402000000.0,7042000000.0,0.0,574.32,
17,FNMA,MRT,2017-03-31,2017-03-31,2017-03-31,2021-08-03,765000000.0,3303754000000.0,3270639250000.0,,,0.008,0.586,15440000000.0,52309000000.0,52309000000.0,0.0,13950000000.0,,976.731,2954471000000.0,,,2954471000000.0,0.0,0.0,0.0,0.0,0.0,20803000000.0,20803000000.0,0.767,20803000000.0,20803000000.0,20803000000.0,-0.03,-0.03,-0.03,3379000000.0,4420750000.0,3379000000.0,2876053015150.0,138.0,138.252,20190000000.0,3.504,1.0,27121000000.0,1.0,0.0,0.0,6205916000000.0,6114497750000.0,0.0,3190167000000.0,,,3300375000000.0,,,3011015150.0,2514000000.0,0.0,0.0,-193387000000.0,0.0,-205366000000.0,203130000000.0,184365000000.0,4750000000.0,0.0,13950000000.0,14959000000.0,14959000000.0,0.0,0.0,0.552,6318000000.0,20803000000.0,9588000000.0,0.0,0.891,0.201,-86.667,4103000000.0,14096000000.0,2.6,0.111,0.552,0.0,-126952000000.0,27121000000.0,27121000000.0,0.0,0.005,3.384,0.003,0.767,0.0,2737000000.0,1.0,1158082750.0,5762000000,5762000000.0,4.707,3303754000000.0,32647000000.0,6853000000.0,0.0,573.369,
18,FNMA,MRT,2016-12-31,2016-12-31,2016-12-31,2021-08-03,759000000.0,3287968000000.0,3250126000000.0,,,0.008,1.054,16115000000.0,62177000000.0,62177000000.0,0.0,12313000000.0,,540.586,2935219000000.0,,,2935219000000.0,0.0,0.0,0.0,0.0,0.0,18333000000.0,18333000000.0,0.746,18333000000.0,18333000000.0,18333000000.0,0.01,0.01,0.01,6071000000.0,4102750000.0,6071000000.0,2816576522725.0,154.0,153.634,15135000000.0,2.627,1.0,24591000000.0,1.0,0.0,0.0,6161010000000.0,6062484500000.0,0.0,3159093000000.0,,,3281897000000.0,,,4516522725.0,16624000000.0,0.0,0.0,-203839000000.0,0.0,-213449000000.0,231053000000.0,214822000000.0,-980000000.0,0.0,12313000000.0,12313000000.0,12313000000.0,0.0,0.0,0.501,6258000000.0,18333000000.0,9431000000.0,0.0,0.744,0.367,390.0,4489000000.0,12236000000.0,3.9,0.184,0.914,7737000000.0,-124253000000.0,24591000000.0,24591000000.0,0.0,0.004,3.001,0.003,0.746,0.0,2741000000.0,1.0,1158082750.0,5762000000,5893000000.0,4.268,3287968000000.0,33530000000.0,6020000000.0,0.0,570.63,
19,FNMA,MRT,2016-09-30,2016-09-30,2016-09-30,2021-08-03,923000000.0,3255942000000.0,3233613250000.0,,,0.006,0.725,16929000000.0,69485000000.0,69485000000.0,0.0,9745000000.0,,778.68,2881545000000.0,,,2881545000000.0,0.0,0.0,0.0,0.0,0.0,14323000000.0,14323000000.0,0.688,14323000000.0,14323000000.0,14323000000.0,0.02,0.02,0.02,4176000000.0,3592500000.0,4176000000.0,2790127159848.0,195.0,194.8,11882000000.0,2.062,1.0,20826000000.0,1.0,0.0,0.0,6068002000000.0,6019207000000.0,0.0,3117723000000.0,,,3251766000000.0,,,1957159848.0,6644000000.0,0.0,0.0,-210201000000.0,0.0,-219155000000.0,230846000000.0,226443000000.0,-5047000000.0,0.0,9745000000.0,14206000000.0,14206000000.0,0.0,0.0,0.682,6503000000.0,14323000000.0,9512000000.0,0.0,0.469,0.138,84.5,5041000000.0,9624000000.0,1.69,0.094,0.468,0.0,-126312000000.0,20826000000.0,20826000000.0,0.0,0.004,3.954,0.002,0.688,0.0,2713000000.0,1.0,1158082750.0,5762000000,5893000000.0,3.614,3255942000000.0,35101000000.0,4578000000.0,0.0,565.072,
20,FNMA,MRT,2016-06-30,2016-06-30,2016-06-30,2021-08-03,1130000000.0,3234893000000.0,3227323250000.0,,,0.006,0.704,17930000000.0,61316000000.0,61316000000.0,0.0,8509000000.0,,796.358,2849486000000.0,,,2849486000000.0,0.0,0.0,0.0,0.0,0.0,12630000000.0,12630000000.0,0.642,12630000000.0,12630000000.0,12630000000.0,-0.06,-0.06,-0.06,4057000000.0,3541500000.0,4057000000.0,2778478165500.0,220.0,219.99,8781000000.0,1.524,1.0,19674000000.0,1.0,0.0,0.0,6023063000000.0,5994579250000.0,0.0,3104541000000.0,,,3230824000000.0,,,2316165500.0,4306000000.0,0.0,0.0,-202885000000.0,0.0,-213123000000.0,226578000000.0,209026000000.0,-9149000000.0,0.0,8509000000.0,13745000000.0,13745000000.0,0.0,0.0,0.699,7044000000.0,12630000000.0,9548000000.0,0.0,0.571,0.169,-33.333,5500000000.0,8849000000.0,2.0,0.118,0.586,0.0,-126638000000.0,19674000000.0,19674000000.0,0.0,0.004,3.881,0.002,0.642,0.0,3004000000.0,1.0,1158082750.0,5762000000,5893000000.0,3.414,3234893000000.0,35953000000.0,4121000000.0,0.0,561.418,
21,FNMA,MRT,2016-03-31,2016-03-31,2016-03-31,2021-08-03,1207000000.0,3221701000000.0,3224950000000.0,,,0.007,0.366,19396000000.0,52789000000.0,52789000000.0,0.0,10203000000.0,,1528.041,2828951000000.0,,,2828951000000.0,0.0,0.0,0.0,0.0,0.0,15136000000.0,15136000000.0,0.682,15136000000.0,15136000000.0,15136000000.0,-0.02,-0.02,-0.02,2107000000.0,4056750000.0,2107000000.0,2767604315850.0,183.0,182.849,10861000000.0,1.885,1.0,22202000000.0,1.0,0.0,0.0,5997863000000.0,5974359250000.0,0.0,3099480000000.0,,,3219582000000.0,,,1621315850.0,-4944000000.0,0.0,0.0,-228687000000.0,0.0,-239967000000.0,243558000000.0,216768000000.0,-8535000000.0,0.0,10203000000.0,15439000000.0,15439000000.0,0.0,0.0,0.695,7066000000.0,15136000000.0,9909000000.0,0.0,0.769,0.105,-70.0,6188000000.0,10339000000.0,1.4,0.073,0.363,0.0,-128665000000.0,22202000000.0,22202000000.0,0.0,0.005,3.806,0.003,0.682,0.0,3015000000.0,1.0,1158082750.0,5762000000,5893000000.0,3.853,3221701000000.0,37048000000.0,4933000000.0,0.0,559.129,
22,FNMA,MRT,2015-12-31,2015-12-31,2015-12-31,2021-08-03,1407000000.0,3221917000000.0,3229053000000.0,,,0.007,0.699,20757000000.0,45553000000.0,45553000000.0,0.0,10955000000.0,,798.476,2811536000000.0,,,2811536000000.0,0.0,0.0,0.0,0.0,0.0,16208000000.0,16208000000.0,0.701,16208000000.0,16208000000.0,16208000000.0,-0.05,-0.05,-0.05,4030000000.0,4418750000.0,4030000000.0,2740608255710.0,169.0,169.09,14084000000.0,2.444,1.0,23121000000.0,1.0,0.0,0.0,5987900000000.0,5959091500000.0,0.0,3107132000000.0,,,3217858000000.0,,,1899255710.0,-7349000000.0,0.0,0.0,-238748000000.0,0.0,-249000000000.0,248324000000.0,225377000000.0,-6673000000.0,0.0,10955000000.0,10955000000.0,10955000000.0,0.0,0.0,0.474,6913000000.0,16208000000.0,9794000000.0,0.0,0.471,0.173,-32.8,6766000000.0,11216000000.0,1.64,0.082,0.409,7726000000.0,-126942000000.0,23121000000.0,23121000000.0,0.0,0.003,2.479,0.003,0.701,0.0,3050000000.0,1.0,1158082750.0,5762000000,5762000000.0,4.013,3221917000000.0,37187000000.0,5253000000.0,0.0,559.166,
23,FNMA,MRT,2015-09-30,2015-09-30,2015-09-30,2021-08-03,1613000000.0,3230782000000.0,3235617750000.0,,,0.007,0.689,22249000000.0,50196000000.0,50196000000.0,0.0,9800000000.0,,812.381,2788905000000.0,,,2788905000000.0,0.0,0.0,0.0,0.0,0.0,14768000000.0,14768000000.0,0.693,14768000000.0,14768000000.0,14768000000.0,-0.07,-0.07,-0.07,3972000000.0,4331250000.0,3972000000.0,2719388686188.0,184.0,184.141,13576000000.0,2.356,1.0,21325000000.0,1.0,0.0,0.0,5969491000000.0,5950947250000.0,0.0,3107072000000.0,,,3226779000000.0,,,2605686188.0,3586000000.0,0.0,0.0,-218365000000.0,0.0,-230327000000.0,242586000000.0,221622000000.0,-8673000000.0,0.0,9800000000.0,5678000000.0,5678000000.0,0.0,0.0,0.266,6557000000.0,14768000000.0,10016000000.0,0.0,0.656,0.459,-32.143,7691000000.0,10277000000.0,2.25,0.122,0.608,8137000000.0,-127206000000.0,21325000000.0,21325000000.0,0.0,0.002,1.311,0.002,0.693,0.0,3066000000.0,1.0,1158082750.0,5762000000,5762000000.0,3.701,3230782000000.0,39012000000.0,4968000000.0,0.0,560.705,
24,FNMA,MRT,2015-06-30,2015-06-30,2015-06-30,2021-08-03,1360000000.0,3225400000000.0,3235501250000.0,,,0.007,1.062,23389000000.0,56701000000.0,56701000000.0,0.0,11745000000.0,,526.192,2773484000000.0,,,2773484000000.0,0.0,0.0,0.0,0.0,0.0,17430000000.0,17430000000.0,0.748,17430000000.0,17430000000.0,17430000000.0,-0.05,-0.05,-0.05,6118000000.0,4925500000.0,6118000000.0,2701377332808.0,155.0,154.984,17125000000.0,2.972,1.0,23288000000.0,1.0,0.0,0.0,5942183000000.0,5936573750000.0,0.0,3093213000000.0,,,3219241000000.0,,,2698332808.0,-1534000000.0,0.0,0.0,-211734000000.0,0.0,-223131000000.0,227861000000.0,211792000000.0,-6264000000.0,0.0,11745000000.0,5826000000.0,5826000000.0,0.0,0.0,0.25,5858000000.0,17430000000.0,10011000000.0,0.0,0.441,0.463,-46.6,8506000000.0,12074000000.0,2.33,0.116,0.576,8039000000.0,-124807000000.0,23288000000.0,23288000000.0,0.0,0.002,1.183,0.003,0.748,0.0,2820000000.0,1.0,1158082750.0,5762000000,5893000000.0,4.042,3225400000000.0,39803000000.0,5685000000.0,0.0,559.771,
25,FNMA,MRT,2015-03-31,2015-03-31,2015-03-31,2021-08-03,1641000000.0,3238113000000.0,3233855500000.0,,,0.007,0.617,24637000000.0,65299000000.0,65299000000.0,0.0,10772000000.0,,909.85,2763978000000.0,,,2763978000000.0,0.0,0.0,0.0,0.0,0.0,15998000000.0,15998000000.0,0.745,15998000000.0,15998000000.0,15998000000.0,-0.11,-0.11,-0.11,3555000000.0,4911500000.0,3555000000.0,2709918494462.0,169.0,169.391,23371000000.0,4.056,1.0,21481000000.0,1.0,0.0,0.0,5936792000000.0,5921126250000.0,0.0,3092364000000.0,,,3234517000000.0,,,2721494462.0,9804000000.0,0.0,0.0,-184218000000.0,0.0,-199458000000.0,210528000000.0,202011000000.0,-1266000000.0,0.0,10771000000.0,1140000000.0,1140000000.0,0.0,1000000.0,0.053,5482000000.0,15999000000.0,10324000000.0,0.0,0.766,2.387,-21.364,9518000000.0,11427000000.0,2.35,0.127,0.63,7990000000.0,-127651000000.0,21481000000.0,21481000000.0,0.0,0.0,0.232,0.003,0.745,0.0,2828000000.0,1.0,1158082750.0,5762000000,5893000000.0,3.728,3238113000000.0,41983000000.0,5227000000.0,0.0,561.977,
26,FNMA,MRT,2014-12-31,2014-12-31,2014-12-31,2021-08-03,1733000000.0,3248176000000.0,3230953500000.0,,,0.008,0.639,25476000000.0,54565000000.0,54565000000.0,0.0,14209000000.0,,881.646,2761712000000.0,,,2761712000000.0,0.0,0.0,0.0,0.0,0.0,21149000000.0,21149000000.0,0.816,21149000000.0,21149000000.0,21149000000.0,-0.19,-0.19,-0.19,3680000000.0,6033250000.0,3680000000.0,2684066650465.0,127.0,126.912,24138000000.0,4.189,1.0,25922000000.0,1.0,0.0,0.0,5955323000000.0,5912111500000.0,0.0,3112602000000.0,,,3244456000000.0,,,2385650465.0,2795000000.0,0.0,0.0,-200010000000.0,0.0,-220534000000.0,224667000000.0,202541000000.0,-1338000000.0,0.0,14208000000.0,-1115000000.0,-1115000000.0,0.0,1000000.0,-0.043,4772000000.0,21150000000.0,10232000000.0,0.0,0.648,-2.14,-10.842,10618000000.0,15323000000.0,2.06,0.092,0.458,8193000000.0,-127618000000.0,25922000000.0,25922000000.0,0.0,0.0,-0.185,0.004,0.816,0.0,2777000000.0,1.0,1158082750.0,5762000000,5762000000.0,4.499,3248176000000.0,42206000000.0,6941000000.0,0.0,563.724,
27,FNMA,MRT,2014-09-30,2014-09-30,2014-09-30,2021-08-03,1715000000.0,3230316000000.0,3236436500000.0,,,0.009,1.102,28194000000.0,44847000000.0,44847000000.0,0.0,19355000000.0,,507.783,2726528000000.0,,,2726528000000.0,0.0,0.0,0.0,0.0,0.0,27292000000.0,27292000000.0,0.9,27292000000.0,27292000000.0,27292000000.0,-0.21,-0.21,-0.21,6349000000.0,7498500000.0,6349000000.0,2664691236967.0,98.0,97.636,30539000000.0,5.3,1.0,30320000000.0,1.0,0.0,0.0,5911997000000.0,5905024250000.0,0.0,3102596000000.0,,,3223917000000.0,,,3115236967.0,-14455000000.0,0.0,0.0,-236794000000.0,0.0,-262125000000.0,245325000000.0,213548000000.0,2345000000.0,0.0,19353000000.0,-1241000000.0,-1241000000.0,0.0,2000000.0,-0.041,3026000000.0,27294000000.0,10492000000.0,0.0,0.491,-2.51,-12.81,11339000000.0,20594000000.0,2.69,0.103,0.511,8566000000.0,-124931000000.0,30320000000.0,30320000000.0,0.0,0.0,-0.165,0.005,0.9,0.0,2707000000.0,1.0,1158080657.0,5762000000,5762000000.0,5.262,3230316000000.0,42757000000.0,7939000000.0,0.0,560.624,
28,FNMA,MRT,2014-06-30,2014-06-30,2014-06-30,2021-08-03,1620000000.0,3218817000000.0,3249163000000.0,,,0.01,1.052,29354000000.0,50434000000.0,50434000000.0,0.0,24194000000.0,,529.974,2712010000000.0,,,2712010000000.0,0.0,0.0,0.0,0.0,0.0,31692000000.0,31692000000.0,0.954,31692000000.0,31692000000.0,31692000000.0,-0.17,-0.17,-0.17,6062000000.0,8803250000.0,6062000000.0,2678756095369.0,85.0,84.525,40875000000.0,7.094,1.0,33230000000.0,1.0,0.0,0.0,5880393000000.0,5900506000000.0,0.0,3082142000000.0,,,3212705000000.0,,,4528095369.0,-3871000000.0,0.0,0.0,-300508000000.0,0.0,-332400000000.0,317008000000.0,262457000000.0,11521000000.0,0.0,24185000000.0,-1027000000.0,-1027000000.0,0.0,9000000.0,-0.031,1529000000.0,31701000000.0,10203000000.0,0.0,0.747,-4.409,-23.0,11560000000.0,25212000000.0,3.91,0.136,0.678,8472000000.0,-125123000000.0,33230000000.0,33230000000.0,0.0,0.0,-0.117,0.005,0.954,0.0,2647000000.0,1.0,1158080657.0,5762000000,5762000000.0,5.767,3218817000000.0,44809000000.0,7507000000.0,0.0,558.628,
29,FNMA,MRT,2014-03-31,2014-03-31,2014-03-31,2021-08-03,1575000000.0,3226505000000.0,3264625000000.0,,,0.012,1.396,31621000000.0,38639000000.0,38639000000.0,0.0,30622000000.0,,400.201,2712867000000.0,,,2712867000000.0,0.0,0.0,0.0,0.0,0.0,38343000000.0,38343000000.0,0.973,38343000000.0,38343000000.0,38343000000.0,-0.19,-0.19,-0.19,8042000000.0,10589750000.0,8042000000.0,2661382514562.0,69.0,69.41,49623000000.0,8.612,1.0,39392000000.0,1.0,0.0,0.0,5900733000000.0,5890235750000.0,0.0,3099689000000.0,,,3218413000000.0,,,4516514562.0,-9357000000.0,0.0,0.0,-374952000000.0,0.0,-460714000000.0,433355000000.0,368105000000.0,18002000000.0,0.0,30603000000.0,-1140000000.0,-1140000000.0,0.0,19000000.0,-0.029,1030000000.0,38362000000.0,10681000000.0,0.0,0.562,-3.962,-20.526,11960000000.0,31743000000.0,3.9,0.115,0.57,8459000000.0,-123098000000.0,39392000000.0,39392000000.0,0.0,0.0,-0.108,0.007,0.973,0.0,2576000000.0,1.0,1158080657.0,5762000000,5762000000.0,6.837,3226505000000.0,45366000000.0,7740000000.0,0.0,559.963,
30,FNMA,MRT,2013-12-31,2013-12-31,2013-12-31,2021-08-03,1203000000.0,3270108000000.0,3288167500000.0,,,0.012,1.656,38349000000.0,48223000000.0,48223000000.0,0.0,83982000000.0,,341.737,2705089000000.0,,,2705089000000.0,0.0,0.0,0.0,0.0,0.0,38548000000.0,38548000000.0,0.979,38548000000.0,38548000000.0,38548000000.0,-0.25,-0.25,-0.25,9541000000.0,24161000000.0,9541000000.0,2616187822778.0,68.0,67.868,51252000000.0,8.895,1.0,39369000000.0,1.0,0.0,0.0,5926974000000.0,5875685500000.0,0.0,3134154000000.0,,,3260517000000.0,,,3485822778.0,-1889000000.0,0.0,0.0,-384949000000.0,0.0,-467546000000.0,452754000000.0,374108000000.0,12903000000.0,0.0,83963000000.0,-1456000000.0,-1456000000.0,0.0,19000000.0,-0.037,802000000.0,38567000000.0,10553000000.0,0.0,0.365,-2.394,-12.04,11621000000.0,85419000000.0,3.01,0.089,0.441,8319000000.0,-121227000000.0,39369000000.0,39369000000.0,0.0,0.0,-0.06,0.007,0.979,0.0,2545000000.0,1.0,1158080657.0,5762000000,5762000000.0,6.833,3270108000000.0,47560000000.0,-45415000000.0,0.0,567.53,
31,FNMA,MRT,2013-09-30,2013-09-30,2013-09-30,2021-08-03,1070000000.0,3281222000000.0,3276246000000.0,,,0.012,2.008,38551000000.0,62309000000.0,62309000000.0,0.0,85094000000.0,,282.642,2675011000000.0,,,2675011000000.0,0.0,0.0,0.0,0.0,0.0,37845000000.0,37845000000.0,0.96,37845000000.0,37845000000.0,37845000000.0,-0.06,-0.06,-0.06,11568000000.0,23571500000.0,11568000000.0,2560164082141.0,68.0,67.649,54791000000.0,9.509,1.0,39432000000.0,1.0,0.0,0.0,5893924000000.0,5820701750000.0,0.0,3127340000000.0,,,3269605000000.0,,,1517082141.0,10110000000.0,0.0,0.0,-453950000000.0,0.0,-530714000000.0,524584000000.0,456617000000.0,16240000000.0,0.0,85076000000.0,-304000000.0,-304000000.0,0.0,18000000.0,-0.008,1569000000.0,37863000000.0,10769000000.0,0.0,0.131,-4.99,-21.833,11380000000.0,85380000000.0,1.31,0.038,0.191,8696000000.0,-119067000000.0,39432000000.0,39432000000.0,0.0,0.0,-0.013,0.007,0.96,0.0,2561000000.0,1.0,1158077970.0,5762000000,5893000000.0,6.843,3281222000000.0,48256000000.0,-47231000000.0,0.0,569.459,
32,FNMA,MRT,2013-06-30,2013-06-30,2013-06-30,2021-08-03,1204000000.0,3280665000000.0,3262503000000.0,,,0.01,2.292,40581000000.0,78648000000.0,78648000000.0,0.0,78163000000.0,,247.382,2637295000000.0,,,2637295000000.0,0.0,0.0,0.0,0.0,0.0,29574000000.0,29574000000.0,0.922,29574000000.0,29574000000.0,29574000000.0,-0.27,-0.27,-0.27,13208000000.0,21269250000.0,13208000000.0,2523489889938.0,85.0,85.328,58249000000.0,10.109,1.0,32090000000.0,1.0,0.0,0.0,5839312000000.0,5769563500000.0,0.0,3109579000000.0,,,3267422000000.0,,,1632889938.0,-10000000.0,0.0,0.0,-467967000000.0,0.0,-537573000000.0,519895000000.0,476563000000.0,17668000000.0,0.0,78160000000.0,-1532000000.0,-1532000000.0,0.0,3000000.0,-0.048,2513000000.0,29577000000.0,10613000000.0,0.0,0.124,-1.066,-5.222,10266000000.0,79692000000.0,1.41,0.051,0.253,8997000000.0,-117561000000.0,32090000000.0,32090000000.0,0.0,0.0,-0.072,0.005,0.922,0.0,2503000000.0,1.0,1158077970.0,5762000000,5762000000.0,5.569,3280665000000.0,48679000000.0,-48586000000.0,0.0,569.362,
33,FNMA,MRT,2013-03-31,2013-03-31,2013-03-31,2021-08-03,1038000000.0,3320675000000.0,3241241750000.0,,,0.008,10.817,41547000000.0,80644000000.0,80644000000.0,0.0,73187000000.0,,52.278,2602501000000.0,,,2602501000000.0,0.0,0.0,0.0,0.0,0.0,22619000000.0,22619000000.0,0.895,22619000000.0,22619000000.0,22619000000.0,0.14,0.13,0.14,62327000000.0,18647250000.0,62327000000.0,2463920073799.0,109.0,108.931,72242000000.0,12.538,1.0,25269000000.0,1.0,0.0,0.0,5842532000000.0,5714625250000.0,0.0,3150706000000.0,,,3258307000000.0,,,799073799.0,1364000000.0,0.0,0.0,-486816000000.0,0.0,-499614000000.0,470283000000.0,429397000000.0,30695000000.0,0.0,73190000000.0,812000000.0,812000000.0,0.0,-3000000.0,0.032,2653000000.0,22616000000.0,11163000000.0,0.0,0.013,0.984,4.929,10149000000.0,72378000000.0,0.69,0.032,0.157,9160000000.0,-68276000000.0,25269000000.0,25269000000.0,0.0,0.0,0.044,0.004,0.895,0.0,2444000000.0,1.0,1158077970.0,5762000000,5762000000.0,4.385,3320675000000.0,49738000000.0,-50571000000.0,0.0,576.306,
34,FNMA,MRT,2012-12-31,2012-12-31,2012-12-31,2021-08-03,384000000.0,3222422000000.0,3213558000000.0,,,0.006,1.247,38685000000.0,89036000000.0,89036000000.0,0.0,17220000000.0,,447.612,2573653000000.0,,,2573653000000.0,0.0,0.0,0.0,0.0,0.0,17224000000.0,17224000000.0,0.845,17224000000.0,17224000000.0,17224000000.0,0.24,0.24,0.24,7183000000.0,3118000000.0,7183000000.0,2463422100272.0,143.0,143.023,75686000000.0,13.135,1.0,20393000000.0,1.0,0.0,0.0,5707039000000.0,5661543000000.0,0.0,3085782000000.0,,,3215198000000.0,,,301100272.0,3578000000.0,0.0,0.0,-554070000000.0,0.0,-561116000000.0,527693000000.0,505696000000.0,37001000000.0,0.0,17224000000.0,1397000000.0,1397000000.0,0.0,-4000000.0,0.069,3173000000.0,17220000000.0,11303000000.0,0.0,0.042,0.216,1.083,10489000000.0,15827000000.0,0.26,0.015,0.073,9176000000.0,-122766000000.0,20393000000.0,20393000000.0,0.0,0.0,0.448,0.003,0.845,0.0,2367000000.0,1.0,1158077970.0,5762000000,5893000000.0,3.539,3222422000000.0,0.0,0.0,0.0,559.254,
35,FNMA,MRT,2012-09-30,2012-09-30,2012-09-30,2021-08-03,201000000.0,3226250000000.0,3210823500000.0,,,0.003,0.409,40790000000.0,80618000000.0,80618000000.0,0.0,7243000000.0,,1366.612,2543739000000.0,,,2543739000000.0,0.0,0.0,0.0,0.0,0.0,7249000000.0,7249000000.0,0.669,7249000000.0,7249000000.0,7249000000.0,-0.7,-0.71,-0.7,2359000000.0,166250000.0,2359000000.0,2424263259516.0,334.0,334.427,64545000000.0,11.202,1.0,10829000000.0,1.0,0.0,0.0,5689371000000.0,5634927250000.0,0.0,3097270000000.0,,,3223838000000.0,,,324259516.0,-3633000000.0,0.0,0.0,-551398000000.0,0.0,-550349000000.0,522961000000.0,485767000000.0,23755000000.0,0.0,7248000000.0,-4049000000.0,-4049000000.0,0.0,-5000000.0,-0.374,3585000000.0,7244000000.0,11732000000.0,0.0,0.137,-0.08,-0.4,10278000000.0,11297000000.0,0.28,0.03,0.149,9963000000.0,-127407000000.0,10829000000.0,10829000000.0,0.0,-0.001,-24.355,0.001,0.669,0.0,2324000000.0,1.0,1158069699.0,5762000000,5762000000.0,1.879,3226250000000.0,0.0,1000000.0,0.0,559.918,
36,FNMA,MRT,2012-06-30,2012-06-30,2012-06-30,2021-08-03,-545000000.0,3195620000000.0,3207730250000.0,,,0.001,0.472,43676000000.0,80713000000.0,80713000000.0,0.0,345000000.0,,1173.842,2504652000000.0,,,2504652000000.0,0.0,0.0,0.0,0.0,0.0,343000000.0,343000000.0,0.073,343000000.0,343000000.0,343000000.0,-1.83,-1.84,-1.83,2720000000.0,-2386750000.0,2720000000.0,2420564098122.0,7057.0,7057.038,54668000000.0,9.488,1.0,4684000000.0,1.0,0.0,0.0,5619559000000.0,5607730000000.0,0.0,3067871000000.0,,,3192850000000.0,,,301098122.0,10454000000.0,0.0,0.0,-512488000000.0,0.0,-505723000000.0,505185000000.0,479506000000.0,10992000000.0,0.0,342000000.0,-10520000000.0,-10520000000.0,0.0,3000000.0,-2.246,4338000000.0,346000000.0,11858000000.0,0.0,0.111,-0.029,-0.142,10387000000.0,10862000000.0,0.26,0.064,0.32,9668000000.0,-126300000000.0,4684000000.0,4684000000.0,0.0,-0.003,4.408,0.0,0.073,0.0,2327000000.0,1.0,1158069699.0,5762000000,5893000000.0,0.813,3195620000000.0,0.0,1000000.0,0.0,554.603,
37,FNMA,MRT,2012-03-31,2012-03-31,2012-03-31,2021-08-03,-873000000.0,3209940000000.0,3207853250000.0,,,-0.001,0.036,46464000000.0,77970000000.0,77970000000.0,0.0,-7666000000.0,,15284.152,2498233000000.0,,,2498233000000.0,0.0,0.0,0.0,0.0,0.0,-7757000000.0,-7757000000.0,1.924,-7757000000.0,-7757000000.0,-7757000000.0,-3.11,-3.11,-3.11,210000000.0,-4358750000.0,210000000.0,2389427840897.0,-308.0,-308.035,28546000000.0,4.955,1.0,-4032000000.0,1.0,0.0,0.0,5630203000000.0,5601416500000.0,0.0,3088310000000.0,,,3209672000000.0,,,335840897.0,2218000000.0,0.0,0.0,-493814000000.0,0.0,-477943000000.0,498079000000.0,470383000000.0,-17918000000.0,0.0,-7665000000.0,-17880000000.0,-17880000000.0,0.0,-1000000.0,4.435,3726000000.0,-7758000000.0,12442000000.0,0.0,1.599,-0.019,-0.093,10619000000.0,10215000000.0,0.29,-0.083,-0.414,10018000000.0,-128482000000.0,-4032000000.0,-4032000000.0,0.0,-0.006,4.102,-0.001,1.924,0.0,2329000000.0,1.0,1158072058.0,5761000000,5761000000.0,-0.7,3209940000000.0,0.0,-92000000.0,0.0,557.185,
38,FNMA,MRT,2011-12-31,2011-12-31,2011-12-31,2021-08-03,-1235000000.0,3211484000000.0,3212128750000.0,,,-0.004,-0.806,47248000000.0,68336000000.0,68336000000.0,0.0,-16855000000.0,,-695.514,2457428000000.0,,,2457428000000.0,0.0,0.0,0.0,0.0,0.0,-16945000000.0,-16945000000.0,1.311,-16945000000.0,-16945000000.0,-16945000000.0,-4.61,-4.61,-4.61,-4624000000.0,-6536000000.0,-4624000000.0,2366936645447.0,-140.0,-139.683,32010000000.0,5.58,1.0,-12929000000.0,1.0,0.0,0.0,5600576000000.0,5598389500000.0,0.0,3096401000000.0,,,3216055000000.0,,,231645447.0,242000000.0,0.0,0.0,-463419000000.0,0.0,-448908000000.0,464388000000.0,403791000000.0,-15238000000.0,0.0,-16855000000.0,-26469000000.0,-26469000000.0,0.0,0.0,2.047,4016000000.0,-16945000000.0,12648000000.0,0.0,-0.05,-0.009,-0.043,11373000000.0,9614000000.0,0.2,-0.018,-0.089,10000000000.0,-128381000000.0,-12929000000.0,-12929000000.0,0.0,-0.008,4.05,-0.003,1.311,0.0,2370000000.0,1.0,1158227237.0,5737000000,5737000000.0,-2.254,3211484000000.0,0.0,-90000000.0,0.0,559.785,
39,FNMA,MRT,2011-09-30,2011-09-30,2011-09-30,2021-08-03,-1696000000.0,3213877000000.0,3214750750000.0,,,-0.003,-1.363,47883000000.0,80268000000.0,80268000000.0,0.0,-14383000000.0,,-410.247,2446973000000.0,,,2446973000000.0,0.0,0.0,0.0,0.0,0.0,-14482000000.0,-14482000000.0,1.431,-14482000000.0,-14482000000.0,-14482000000.0,-4.1,-4.1,-4.1,-7853000000.0,-6029750000.0,-7853000000.0,2398470976972.0,-166.0,-165.617,56221000000.0,9.761,1.0,-10122000000.0,1.0,0.0,0.0,5580582000000.0,5587746750000.0,0.0,3084629000000.0,,,3221668000000.0,,,277976972.0,12925000000.0,0.0,0.0,-491767000000.0,0.0,-482037000000.0,486624000000.0,435078000000.0,8338000000.0,0.0,-14376000000.0,-23522000000.0,-23522000000.0,0.0,-7000000.0,2.324,4478000000.0,-14600000000.0,12928000000.0,0.0,-0.035,-0.012,-0.059,12195000000.0,9146000000.0,0.24,-0.027,-0.137,10862000000.0,-123359000000.0,-10122000000.0,-10122000000.0,0.0,-0.007,3.901,-0.003,1.431,0.0,2357000000.0,1.0,1158237382.0,5760000000,5760000000.0,-1.757,3213877000000.0,0.0,-106000000.0,0.0,557.965,
40,FNMA,MRT,2011-06-30,2011-06-30,2011-06-30,2021-08-03,-1499000000.0,3196112000000.0,3218687000000.0,,,-0.002,-0.902,46131000000.0,51853000000.0,51853000000.0,0.0,-10629000000.0,,-619.427,2450046000000.0,,,2450046000000.0,0.0,0.0,0.0,0.0,0.0,-10745000000.0,-10745000000.0,1.743,-10745000000.0,-10745000000.0,-10745000000.0,-3.39,-3.39,-3.39,-5168000000.0,-4698250000.0,-5168000000.0,2391422468801.0,-223.0,-222.561,63774000000.0,11.13,1.0,-6164000000.0,1.0,0.0,0.0,5594305000000.0,5578628000000.0,0.0,3095852000000.0,,,3201199000000.0,,,369468801.0,-13570000000.0,0.0,0.0,-563079000000.0,0.0,-556596000000.0,525383000000.0,478135000000.0,17643000000.0,0.0,-10630000000.0,-19398000000.0,-19398000000.0,0.0,1000000.0,3.147,4613000000.0,-10777000000.0,13289000000.0,0.0,-0.071,-0.019,-0.097,13592000000.0,8768000000.0,0.33,-0.06,-0.307,10681000000.0,-115784000000.0,-6164000000.0,-6164000000.0,0.0,-0.006,4.129,-0.002,1.743,0.0,2496000000.0,1.0,1119602427.0,5730000000,5730000000.0,-1.076,3196112000000.0,0.0,-115000000.0,0.0,557.786,
41,FNMA,MRT,2011-03-31,2011-03-31,2011-03-31,2021-08-03,-1501000000.0,3227042000000.0,3233725750000.0,,,-0.001,-1.492,42983000000.0,56561000000.0,56561000000.0,0.0,-8960000000.0,,-380.687,2447614000000.0,,,2447614000000.0,0.0,0.0,0.0,0.0,0.0,-8968000000.0,-8968000000.0,2.925,-8968000000.0,-8968000000.0,-8968000000.0,-3.04,-3.04,-3.04,-8499000000.0,-3776750000.0,-8499000000.0,2331110659502.0,-260.0,-259.937,49039000000.0,8.606,1.0,-3066000000.0,1.0,0.0,0.0,5618095000000.0,5571672750000.0,0.0,3122955000000.0,,,3235460000000.0,,,436659502.0,-10646000000.0,0.0,0.0,-578615000000.0,0.0,-572006000000.0,555304000000.0,504106000000.0,6056000000.0,0.0,-8955000000.0,-17348000000.0,-17348000000.0,0.0,-5000000.0,5.658,5940000000.0,-9006000000.0,13828000000.0,0.0,-0.051,-0.025,-0.128,15264000000.0,8393000000.0,0.39,-0.142,-0.725,11303000000.0,-111669000000.0,-3066000000.0,-3066000000.0,0.0,-0.005,4.593,-0.002,2.925,0.0,2597000000.0,1.0,1119639748.0,5698000000,5698000000.0,-0.538,3227042000000.0,0.0,-13000000.0,0.0,566.346,
42,FNMA,MRT,2010-12-31,2010-12-31,2010-12-31,2021-08-03,-1682000000.0,3221972000000.0,3250404000000.0,,,-0.003,-0.456,39682000000.0,80975000000.0,80975000000.0,0.0,-14018000000.0,,-1240.665,2417008000000.0,,,2417008000000.0,0.0,0.0,0.0,0.0,0.0,-14096000000.0,-14096000000.0,1.591,-14096000000.0,-14096000000.0,-14096000000.0,-3.81,-3.81,-3.81,-2599000000.0,-3764750000.0,-2599000000.0,2314820823919.0,-164.0,-164.218,12287000000.0,2.158,1.0,-8858000000.0,1.0,0.0,0.0,5558005000000.0,5589691750000.0,0.0,3086719000000.0,,,3224489000000.0,,,335823919.0,10485000000.0,0.0,0.0,-522297000000.0,0.0,-502299000000.0,540179000000.0,516275000000.0,-27395000000.0,0.0,-14014000000.0,-21718000000.0,-21718000000.0,0.0,-4000000.0,2.452,5242000000.0,-14100000000.0,13764000000.0,0.0,-0.129,-0.015,-0.079,16173000000.0,7704000000.0,0.3,-0.038,-0.193,11279000000.0,-102986000000.0,-8858000000.0,-8858000000.0,0.0,-0.007,5.769,-0.003,1.591,0.0,2597000000.0,1.0,1119413062.0,5694000000,5694000000.0,-1.556,3221972000000.0,0.0,-82000000.0,0.0,565.854,
43,FNMA,MRT,2010-09-30,2010-09-30,2010-09-30,2021-08-03,-1182000000.0,3229622000000.0,2662196250000.0,,,-0.003,-0.444,34955000000.0,71146000000.0,71146000000.0,0.0,-29256000000.0,,-1279.014,2385631000000.0,,,2385631000000.0,0.0,0.0,0.0,0.0,0.0,-29571000000.0,-29571000000.0,3.932,-29571000000.0,-29571000000.0,-29571000000.0,-6.32,-6.32,-6.32,-2527000000.0,-6958000000.0,-2527000000.0,2310518756398.0,-78.0,-78.135,-14878000000.0,-2.612,1.0,-7520000000.0,1.0,0.0,0.0,5544107000000.0,4416547000000.0,0.0,3113867000000.0,,,3232069000000.0,,,301756398.0,-4000000000.0,0.0,0.0,-383656000000.0,0.0,-350175000000.0,396008000000.0,380511000000.0,-49833000000.0,0.0,-29262000000.0,-35963000000.0,-35963000000.0,0.0,6000000.0,4.782,22003000000.0,-29523000000.0,0.0,0.0,-0.119,-0.008,-0.043,17590000000.0,6701000000.0,0.27,-0.04,-0.204,0.0,-100932000000.0,-7520000000.0,-7520000000.0,0.0,-0.014,5.169,-0.007,3.932,0.0,2617000000.0,1.0,1117616288.0,5695000000,5695000000.0,-1.32,3229622000000.0,528000000.0,-309000000.0,0.0,567.098,
44,FNMA,MRT,2010-06-30,2010-06-30,2010-06-30,2021-08-03,-2084000000.0,3256267000000.0,2077359500000.0,,,-0.003,-0.26,30487000000.0,66699000000.0,66699000000.0,0.0,-46809000000.0,,-2198.163,2376916000000.0,,,2376916000000.0,0.0,0.0,0.0,0.0,0.0,-47238000000.0,-47238000000.0,6.956,-47238000000.0,-47238000000.0,-47238000000.0,-9.18,-9.18,-9.18,-1482000000.0,-10092500000.0,-1482000000.0,2396795903497.0,-51.0,-50.739,-35018000000.0,-6.15,1.0,-6791000000.0,1.0,0.0,0.0,5566484000000.0,3441184250000.0,0.0,3150391000000.0,,,3257678000000.0,,,379903497.0,-390000000.0,0.0,0.0,-263466000000.0,0.0,-219557000000.0,284672000000.0,263137000000.0,-65505000000.0,0.0,-46795000000.0,-52263000000.0,-52263000000.0,0.0,-14000000.0,7.696,40497000000.0,-47288000000.0,0.0,0.0,-0.256,-0.007,-0.037,14021000000.0,5468000000.0,0.34,-0.056,-0.285,0.0,-97544000000.0,-6791000000.0,-6791000000.0,0.0,-0.025,5.178,-0.014,6.956,0.0,2449000000.0,1.0,1117363226.0,5694000000,5694000000.0,-1.193,3256267000000.0,1012000000.0,-443000000.0,0.0,571.877,
45,FNMA,MRT,2010-03-31,2010-03-31,2010-03-31,2021-08-03,-3754000000.0,3293755000000.0,1491138250000.0,,,-0.003,-1.485,25791000000.0,75956000000.0,75956000000.0,0.0,-60366000000.0,,-390.738,2472372000000.0,,,2472372000000.0,0.0,0.0,0.0,0.0,0.0,-60760000000.0,-60760000000.0,12.693,-60760000000.0,-60760000000.0,-60760000000.0,-11.3,-11.3,-11.3,-8451000000.0,-12399500000.0,-8451000000.0,712160646052.0,-12.0,-11.721,-60658000000.0,-10.657,1.0,-4787000000.0,1.0,0.0,0.0,5690171000000.0,2471986000000.0,0.0,3180971000000.0,,,3302126000000.0,,,1172646052.0,7231000000.0,0.0,0.0,-150527000000.0,0.0,-94481000000.0,188161000000.0,182452000000.0,-86449000000.0,0.0,-60331000000.0,-64303000000.0,-64303000000.0,0.0,-35000000.0,13.433,56044000000.0,-60831000000.0,0.0,0.0,-0.139,-0.018,-0.093,12369000000.0,3972000000.0,1.05,-0.245,-1.249,0.0,-95061000000.0,-4787000000.0,-4787000000.0,0.0,-0.043,5.186,-0.025,12.693,0.0,2289000000.0,1.0,1116805764.0,5692000000,5692000000.0,-0.841,3293755000000.0,1906000000.0,-429000000.0,0.0,578.664,
46,FNMA,MRT,2009-12-31,2009-12-31,2009-12-31,2021-08-03,-1732000000.0,869141000000.0,897609000000.0,,,0.002,-2.706,22667000000.0,9882000000.0,9882000000.0,0.0,-72022000000.0,,-57.535,6167000000.0,,,6167000000.0,0.0,0.0,0.0,0.0,0.0,-72954000000.0,-72954000000.0,-52.636,-72954000000.0,-72954000000.0,-72954000000.0,-13.11,-13.11,-13.11,-15372000000.0,-15053250000.0,-15372000000.0,753694055858.0,-10.0,-10.331,-63242000000.0,-11.134,1.0,1386000000.0,1.0,0.0,0.0,865426000000.0,1473269000000.0,0.0,816241000000.0,,,884422000000.0,,,1313055858.0,-11121000000.0,0.0,0.0,-100395000000.0,0.0,-42947000000.0,117735000000.0,122571000000.0,-85909000000.0,0.0,-71969000000.0,-74443000000.0,-74443000000.0,0.0,-53000000.0,-53.711,74393000000.0,-73007000000.0,0.0,0.0,-0.085,-0.018,-0.09,9142000000.0,2474000000.0,1.18,0.947,4.836,0.0,-90237000000.0,1386000000.0,1386000000.0,0.0,-0.083,4.945,-0.05,-52.636,0.0,2207000000.0,1.0,1112759202.0,5680000000,5680000000.0,0.244,869141000000.0,0.0,-985000000.0,0.0,153.018,
47,FNMA,MRT,2009-09-30,2009-09-30,2009-09-30,2021-08-03,-2739000000.0,890275000000.0,908424750000.0,,,-0.019,-2.65,19683000000.0,50721000000.0,50721000000.0,0.0,-82075000000.0,,-60.089,803102000000.0,,,803102000000.0,0.0,0.0,0.0,0.0,0.0,-82622000000.0,-82622000000.0,4.796,-82622000000.0,-82622000000.0,-82622000000.0,-10.03,-10.03,-10.03,-15065000000.0,-15038750000.0,-15065000000.0,779999271818.0,-9.0,-9.441,-83117000000.0,-14.62,1.0,-17228000000.0,1.0,0.0,0.0,1642656000000.0,1683661000000.0,0.0,814775000000.0,,,905235000000.0,,,1690271818.0,-20919000000.0,0.0,0.0,-34268000000.0,-1774000000.0,9281000000.0,72600000000.0,77335000000.0,-102800000000.0,0.0,-82021000000.0,-83369000000.0,-83369000000.0,0.0,-54000000.0,4.839,47343000000.0,-64571000000.0,0.0,0.0,-0.112,-0.02,-0.152,7735000000.0,1348000000.0,1.52,-0.098,-0.502,0.0,-75063000000.0,-17228000000.0,-17228000000.0,0.0,-0.092,5.544,-0.049,4.796,0.0,2149000000.0,1.0,1112020933.0,5685000000,5685000000.0,-3.03,890275000000.0,1418000000.0,-601000000.0,0.0,156.601,
48,FNMA,MRT,2009-06-30,2009-06-30,2009-06-30,2021-08-03,-7429000000.0,911382000000.0,910009750000.0,,,-0.023,-1.885,16587000000.0,54801000000.0,54801000000.0,0.0,-92210000000.0,,-86.086,833110000000.0,,,833110000000.0,0.0,0.0,0.0,0.086,0.05,-75590000000.0,-75590000000.0,3.69,-75590000000.0,-75590000000.0,-75590000000.0,-19.56,-19.56,-19.56,-10710000000.0,-8953500000.0,-10710000000.0,776307513524.0,-10.0,-10.27,-65030000000.0,-11.447,1.0,-20484000000.0,1.0,0.0,0.0,1689691000000.0,1687840250000.0,0.0,831478000000.0,,,921984000000.0,,,642513524.0,14741000000.0,0.0,0.0,27507000000.0,-1774000000.0,60775000000.0,35583000000.0,38292000000.0,-81617000000.0,0.0,-92143000000.0,-93027000000.0,-93027000000.0,0.0,-67000000.0,4.541,36973000000.0,-57457000000.0,0.0,-0.003,-0.06,-0.007,-0.03,6608000000.0,884000000.0,0.58,-0.031,-0.161,0.0,-56191000000.0,-20484000000.0,-20484000000.0,0.0,-0.102,10.39,-0.045,3.69,0.0,1988000000.0,1.0,1107781938.0,5681000000,5681000000.0,-3.606,911382000000.0,3791000000.0,16553000000.0,0.0,160.426,
49,FNMA,MRT,2009-03-31,2009-03-31,2009-03-31,2021-08-03,-3418000000.0,919638000000.0,903643750000.0,,,-0.021,-3.365,13725000000.0,78348000000.0,78348000000.0,0.0,-79727000000.0,,-49.227,854013000000.0,,,854013000000.0,0.0,0.0,0.0,0.571,0.4,-63635000000.0,-63635000000.0,3.288,-63635000000.0,-63635000000.0,-63635000000.0,-19.43,-19.43,-19.43,-19066000000.0,4030500000.0,-19066000000.0,795353861190.0,-12.0,-12.499,-30885000000.0,-5.451,1.0,-19356000000.0,1.0,0.0,0.0,1695303000000.0,1674539500000.0,0.0,818859000000.0,,,938567000000.0,,,763861190.0,21249000000.0,0.0,7211000000.0,86570000000.0,-1774000000.0,107815000000.0,-41956000000.0,-37669000000.0,-44610000000.0,0.0,-79689000000.0,-80465000000.0,-80465000000.0,0.0,-38000000.0,4.157,26084000000.0,-45440000000.0,0.0,-0.021,-0.04,-0.009,-0.036,6630000000.0,776000000.0,0.7,-0.039,-0.205,0.0,-49957000000.0,-19356000000.0,-19356000000.0,0.0,-0.089,-19.964,-0.038,3.288,0.0,1990000000.0,1.0,1091230272.0,5666000000,5666000000.0,-3.416,919638000000.0,1658000000.0,16054000000.0,0.0,162.308,
50,FNMA,MRT,2008-12-31,2008-12-31,2008-12-31,2021-08-03,-7673000000.0,912404000000.0,884541000000.0,,,-0.018,-6.158,10905000000.0,75880000000.0,75880000000.0,0.0,-58728000000.0,,-60.569,870470000000.0,,,870470000000.0,0.0,0.0,0.0,0.987,0.75,-44958000000.0,-44958000000.0,2.862,-44958000000.0,-44958000000.0,-44958000000.0,-24.04,-24.04,-24.04,-15314000000.0,18506000000.0,-15314000000.0,763575917452.0,-17.0,-16.984,26758000000.0,10.759,1.0,-15711000000.0,1.0,0.0,0.0,1706994000000.0,1646086250000.0,0.0,812180000000.0,,,927561000000.0,,,817917452.0,13992000000.0,0.0,7211000000.0,65240000000.0,-1774000000.0,70646000000.0,-72507000000.0,-68130000000.0,15853000000.0,0.0,-58707000000.0,-59776000000.0,-59776000000.0,0.0,-21000000.0,3.805,28859000000.0,-44570000000.0,0.0,-0.031,-0.053,-0.014,-0.032,6918000000.0,1069000000.0,0.76,-0.052,-0.12,0.0,-26790000000.0,-15711000000.0,-15711000000.0,0.0,-0.068,-3.23,-0.027,2.862,0.0,1979000000.0,1.0,1076207174.0,2487000000,2487000000.0,-6.317,912404000000.0,3926000000.0,13749000000.0,0.0,366.869,
51,FNMA,MRT,2008-09-30,2008-09-30,2008-09-30,2021-08-03,-8369000000.0,896615000000.0,876287250000.0,,,-0.002,4.101,11678000000.0,69909000000.0,69909000000.0,0.0,-37082000000.0,,95.643,832667000000.0,,,832667000000.0,0.0,0.0,0.0,0.817,1.25,-26055000000.0,-26055000000.0,13.403,-26055000000.0,-26055000000.0,-26055000000.0,-21.91,-21.91,-21.91,9276000000.0,33337250000.0,9276000000.0,752217190039.0,-29.0,-28.87,77811000000.0,34.399,1.0,-1944000000.0,1.0,0.0,0.0,1659373000000.0,1625091250000.0,0.0,797236000000.0,,,887180000000.0,,,1647190039.0,31821000000.0,0.0,13933000000.0,61519000000.0,-2483000000.0,74043000000.0,-108355000000.0,-105644000000.0,66133000000.0,0.0,-37039000000.0,-38224000000.0,-38224000000.0,0.0,-43000000.0,19.663,24010000000.0,-25954000000.0,0.0,-0.057,0.178,-0.043,-0.07,7493000000.0,1185000000.0,1.53,-0.847,-1.78,0.0,-1563000000.0,-1944000000.0,-1944000000.0,0.0,-0.044,-1.147,-0.016,13.403,0.0,2076000000.0,1.0,1076594797.0,2262000000,2262000000.0,-0.859,896615000000.0,4600000000.0,10984000000.0,0.0,396.382,
52,FNMA,MRT,2008-06-30,2008-06-30,2008-06-30,2021-08-03,-5738000000.0,885918000000.0,862079250000.0,,,0.0,40.22,9104000000.0,49375000000.0,49375000000.0,0.0,-9462000000.0,,20.485,799945000000.0,,,799945000000.0,0.0,0.0,0.0,0.087,1.7,-16053000000.0,-16053000000.0,-119.799,-16053000000.0,-16053000000.0,-16053000000.0,-10.47,-10.47,-10.47,41226000000.0,40998750000.0,41226000000.0,757428063005.0,-47.0,-47.183,85066000000.0,82.991,1.0,134000000.0,1.0,0.0,0.0,1636488000000.0,1607715000000.0,0.0,793862000000.0,,,844528000000.0,,,19165063005.0,7645000000.0,0.0,14952000000.0,9471000000.0,-2483000000.0,22861000000.0,-91178000000.0,-90764000000.0,75962000000.0,0.0,-9444000000.0,-10329000000.0,-10329000000.0,0.0,-18000000.0,-77.082,16163000000.0,-16029000000.0,0.0,-0.162,0.465,-1.855,-1.863,5995000000.0,885000000.0,19.51,143.023,149.237,0.0,27898000000.0,134000000.0,134000000.0,0.0,-0.012,-0.252,-0.01,-119.799,0.0,2335000000.0,1.0,982319990.0,1025000000,1025000000.0,0.131,885918000000.0,20604000000.0,-6609000000.0,0.0,864.31,
53,FNMA,MRT,2008-03-31,2008-03-31,2008-03-31,2021-08-03,-3841000000.0,843227000000.0,855050250000.0,,,0.0,39.832,6966000000.0,22788000000.0,22788000000.0,0.0,-5218000000.0,,20.708,761051000000.0,,,761051000000.0,0.0,0.0,0.0,0.07,1.85,-11143000000.0,-11143000000.0,-58.958,-11143000000.0,-11143000000.0,-11143000000.0,-6.05,-6.07,-6.05,38836000000.0,40609750000.0,38836000000.0,769373447566.0,-69.0,-69.045,83762000000.0,85.91,1.0,189000000.0,1.0,0.0,0.0,1581490000000.0,1602847750000.0,0.0,782907000000.0,,,804233000000.0,,,25748447566.0,-1711000000.0,0.0,7741000000.0,-15541000000.0,-2483000000.0,-9715000000.0,-68792000000.0,-69148000000.0,76796000000.0,0.0,-5197000000.0,-5897000000.0,-5897000000.0,0.0,-21000000.0,-31.201,11341000000.0,-11152000000.0,0.0,-0.306,0.663,-4.366,-4.35,4721000000.0,700000000.0,26.32,136.235,135.778,0.0,30844000000.0,189000000.0,189000000.0,0.0,-0.007,-0.145,-0.007,-58.958,0.0,2483000000.0,1.0,978284482.0,975000000,975000000.0,0.194,843227000000.0,17806000000.0,-5946000000.0,0.0,864.848,
54,FNMA,MRT,2007-12-31,2007-12-31,2007-12-31,2021-08-03,-1362000000.0,879389000000.0,854109500000.0,,,0.004,45.232,5714000000.0,53543000000.0,53543000000.0,0.0,-2071000000.0,,18.979,797168000000.0,,,797168000000.0,0.0,0.0,0.0,0.048,1.9,-5141000000.0,-5141000000.0,-1.61,-5141000000.0,-5141000000.0,-5141000000.0,-2.63,-2.63,-2.63,44011000000.0,41258500000.0,44011000000.0,789192155481.0,-154.0,-153.509,48663000000.0,50.013,1.0,3194000000.0,1.0,0.0,0.0,1623014000000.0,1604184750000.0,0.0,794965000000.0,,,835271000000.0,,,39107155481.0,702000000.0,0.0,7741000000.0,18103000000.0,-2483000000.0,23367000000.0,-65614000000.0,-66743000000.0,42949000000.0,0.0,-2050000000.0,-2563000000.0,-2563000000.0,0.0,-21000000.0,-0.802,8341000000.0,-5147000000.0,0.0,-0.722,0.889,-15.258,-15.202,3602000000.0,513000000.0,39.98,12.244,12.179,0.0,33548000000.0,3194000000.0,3194000000.0,0.0,-0.003,-0.062,-0.003,-1.61,0.0,2669000000.0,1.0,978167971.0,973000000,973000000.0,3.283,879389000000.0,12967000000.0,-3091000000.0,0.0,903.791,
55,FNMA,MRT,2007-09-30,2007-09-30,2007-09-30,2021-08-03,-1791000000.0,839783000000.0,845246250000.0,,,0.009,40.988,3336000000.0,13325000000.0,13325000000.0,0.0,2113000000.0,,20.033,763410000000.0,,,763410000000.0,0.0,0.0,0.0,0.027,1.66,1431000000.0,1431000000.0,0.199,1431000000.0,1431000000.0,1431000000.0,1.65,1.64,1.65,39922000000.0,40632250000.0,39922000000.0,810288591674.0,566.0,566.239,26307000000.0,27.009,1.0,7187000000.0,1.0,0.0,0.0,1589868000000.0,1597188500000.0,0.0,798029000000.0,,,799740000000.0,,,59195591674.0,1401000000.0,0.0,1038000000.0,-11075000000.0,-1650000000.0,-13399000000.0,-8171000000.0,-10322000000.0,22971000000.0,0.0,2113000000.0,1610000000.0,1610000000.0,0.0,0.0,0.224,5754000000.0,1433000000.0,0.0,1.006,1.483,36.767,36.855,3107000000.0,503000000.0,60.81,8.236,8.241,0.0,37737000000.0,7187000000.0,7187000000.0,0.0,0.002,0.04,0.001,0.199,0.0,2845000000.0,1.0,973451598.0,974000000,974000000.0,7.379,839783000000.0,9890000000.0,-682000000.0,0.0,862.2,
56,FNMA,MRT,2007-06-30,2007-06-30,2007-06-30,2021-08-03,-3021000000.0,857802000000.0,,,,,40.771,3674000000.0,22374000000.0,22374000000.0,0.0,2883000000.0,,20.62,781591000000.0,,,781591000000.0,0.0,0.0,0.0,0.022,1.42,2144000000.0,2144000000.0,0.308,2144000000.0,2144000000.0,2144000000.0,2.42,2.41,2.42,39670000000.0,,39670000000.0,815809134443.0,381.0,380.508,10118000000.0,10.399,1.0,6972000000.0,1.0,0.0,0.0,1617019000000.0,,0.0,807854000000.0,,,818005000000.0,,,63569134443.0,-13051000000.0,0.0,19000000.0,-21426000000.0,-1650000000.0,-24396000000.0,4901000000.0,2450000000.0,6444000000.0,0.0,2883000000.0,2368000000.0,2368000000.0,0.0,0.0,0.34,4821000000.0,2151000000.0,0.0,0.587,1.602,26.845,26.996,2675000000.0,515000000.0,65.33,9.118,9.117,0.0,39744000000.0,6972000000.0,6972000000.0,0.0,,,,0.308,0.0,2946000000.0,1.0,973046601.0,973000000,1001000000.0,7.165,857802000000.0,11556000000.0,-739000000.0,0.0,881.605,
57,FNMA,MRT,2007-03-31,2007-03-31,2007-03-31,2021-08-03,-279000000.0,839464000000.0,,,,,42.581,4117000000.0,18770000000.0,18770000000.0,0.0,2994000000.0,,19.259,766144000000.0,,,766144000000.0,0.0,0.0,0.0,0.022,1.18,2678000000.0,2678000000.0,0.371,2678000000.0,2678000000.0,2678000000.0,2.53,2.52,2.53,41431000000.0,,41431000000.0,1001098375656.0,374.0,373.823,22724000000.0,23.355,1.0,7213000000.0,1.0,0.0,0.0,1586838000000.0,,0.0,796206000000.0,,,797907000000.0,,,53218375656.0,-967000000.0,0.0,19000000.0,-17237000000.0,-1650000000.0,-19592000000.0,18000000.0,-2775000000.0,18607000000.0,0.0,2994000000.0,2470000000.0,2470000000.0,0.0,0.0,0.342,4534000000.0,2679000000.0,0.0,0.466,1.285,21.546,21.573,2395000000.0,524000000.0,54.58,7.378,7.363,0.0,38401000000.0,7213000000.0,7213000000.0,0.0,,,,0.371,0.0,3066000000.0,1.0,975052687.0,973000000,974000000.0,7.413,839464000000.0,8648000000.0,-316000000.0,0.0,862.758,
58,FNMA,MRT,2006-12-31,2006-12-31,2006-12-31,2021-08-03,-445000000.0,843936000000.0,839052000000.0,,,0.01,42.746,4423000000.0,16653000000.0,16653000000.0,0.0,4059000000.0,,19.33,767746000000.0,,,767746000000.0,0.0,0.0,0.0,0.018,1.04,4225000000.0,4225000000.0,0.498,4225000000.0,4225000000.0,4225000000.0,3.65,3.65,3.65,41506000000.0,40404000000.0,41506000000.0,1005788379081.0,238.0,238.056,36092000000.0,37.17,1.0,8483000000.0,1.0,0.0,0.0,1595029000000.0,1590718500000.0,0.0,803024000000.0,,,802294000000.0,,,57908379081.0,419000000.0,0.0,19000000.0,-15853000000.0,-1650000000.0,-17477000000.0,-13773000000.0,-16415000000.0,31669000000.0,0.0,4059000000.0,3548000000.0,3548000000.0,0.0,0.0,0.418,4260000000.0,4223000000.0,0.0,0.285,1.395,16.321,16.271,2141000000.0,511000000.0,59.39,6.826,6.798,0.0,37955000000.0,8483000000.0,8483000000.0,0.0,0.004,0.088,0.003,0.498,0.0,3076000000.0,1.0,975052687.0,971000000,972000000.0,8.736,843936000000.0,8505000000.0,166000000.0,0.0,869.141,
59,FNMA,MRT,2006-09-30,2006-09-30,2006-09-30,2021-08-03,,,,,,,,,,,,,,,,,,,,,,0.019,1.04,,,,,,,,,,,,,993443497321.0,,,,,1.0,,,,,,,,,,,,,,54115497321.0,,,,,,,,,,,,,,,,,,,,,,,,,,55.91,,,,,,,,,,,,,,1.0,967903726.0,972000000,,,,,,,,
60,FNMA,MRT,2006-06-30,2006-06-30,2006-06-30,2021-08-03,,,,,,,,,,,,,,,,,,,,,,0.022,1.04,,,,,,,,,,,,,985884169221.0,,,,,1.0,,,,,,,,,,,,,,46556169221.0,,,,,,,,,,,,,,,,,,,,,,,,,,48.1,,,,,,,,,,,,,,1.0,967903726.0,971000000,,,,,,,,
61,FNMA,MRT,2006-03-31,2006-03-31,2006-03-31,2021-08-03,,,,,,,,,,,,,,,,,,,,,,0.02,1.04,,,,,,,,,,,,,989078251516.0,,,,,1.0,,,,,,,,,,,,,,49750251516.0,,,,,,,,,,,,,,,,,,,,,,,,,,51.4,,,,,,,,,,,,,,1.0,967903726.0,971000000,,,,,,,,
62,FNMA,MRT,2005-12-31,2005-12-31,2005-12-31,2021-08-03,-131000000.0,834168000000.0,927551000000.0,,,0.011,40.518,3725000000.0,12475000000.0,12475000000.0,0.0,6347000000.0,,20.221,764715000000.0,,,764715000000.0,0.0,0.0,0.0,0.021,1.04,7624000000.0,7624000000.0,0.736,7624000000.0,7624000000.0,7624000000.0,6.04,6.01,6.04,39302000000.0,39102000000.0,39302000000.0,986571380866.0,129.0,129.403,81866000000.0,84.398,1.0,10363000000.0,1.0,0.0,0.0,1586408000000.0,1777611000000.0,0.0,799659000000.0,,,794745000000.0,,,47243380866.0,165000000.0,0.0,29000000.0,-216033000000.0,-1376000000.0,-217380000000.0,139404000000.0,135679000000.0,78141000000.0,0.0,6347000000.0,5861000000.0,5861000000.0,0.0,0.0,0.566,2794000000.0,7569000000.0,0.0,0.172,1.202,8.061,8.081,1771000000.0,486000000.0,48.81,4.559,4.569,0.0,35555000000.0,10363000000.0,10363000000.0,0.0,0.006,0.15,0.004,0.736,0.0,2115000000.0,1.0,967903726.0,970000000,998000000.0,10.684,834168000000.0,7684000000.0,1277000000.0,0.0,859.967,
63,FNMA,MRT,2004-12-31,2004-12-31,2004-12-31,2021-08-03,4387000000.0,1020934000000.0,1021604500000.0,,,0.008,40.105,4284000000.0,7631000000.0,7631000000.0,0.0,4967000000.0,,25.242,955511000000.0,,,955511000000.0,0.0,0.0,0.0,0.029,2.08,5991000000.0,5991000000.0,0.695,5991000000.0,5991000000.0,5991000000.0,4.95,4.94,4.95,38902000000.0,35585000000.0,38902000000.0,1008252424328.0,168.0,168.295,45840000000.0,47.258,1.0,8617000000.0,1.0,0.0,0.0,1968814000000.0,1969276000000.0,0.0,994178000000.0,,,981956000000.0,,,68924424328.0,-740000000.0,0.0,4639000000.0,-27958000000.0,-2185000000.0,-25504000000.0,-16792000000.0,-21076000000.0,41556000000.0,0.0,4967000000.0,4802000000.0,4802000000.0,0.0,0.0,0.557,2626000000.0,5991000000.0,0.0,0.42,1.772,14.353,14.386,1704000000.0,165000000.0,71.21,7.999,8.016,0.0,30705000000.0,8617000000.0,8617000000.0,0.0,0.005,0.135,0.003,0.695,0.0,1656000000.0,1.0,967903726.0,970000000,973000000.0,8.884,1020934000000.0,6074000000.0,1024000000.0,0.0,1052.509,
64,FNMA,MRT,2004-06-30,2004-06-30,2004-06-30,2021-08-03,-9994000000.0,989341000000.0,1006513750000.0,,,0.011,26.957,3749000000.0,340000000.0,340000000.0,0.0,8050000000.0,,36.875,939668000000.0,,,939668000000.0,0.0,0.0,0.0,0.027,1.94,10342000000.0,10342000000.0,0.908,10342000000.0,10342000000.0,10342000000.0,8.12,8.07,8.12,26121000000.0,24179500000.0,26121000000.0,1011284182016.0,98.0,97.784,60464000000.0,62.398,1.0,11391000000.0,1.0,0.0,0.0,1928669000000.0,1957338250000.0,0.0,942896000000.0,,,963220000000.0,,,69155182016.0,139000000.0,0.0,-796000000.0,49875000000.0,-1796000000.0,45452000000.0,-102028000000.0,-105777000000.0,56715000000.0,0.0,8050000000.0,7881000000.0,7881000000.0,0.0,0.0,0.692,4958000000.0,6433000000.0,0.0,0.239,2.647,8.775,8.788,0.0,169000000.0,71.36,6.071,6.07,0.0,37414000000.0,11391000000.0,11391000000.0,0.0,0.008,0.326,0.005,0.908,0.0,1523000000.0,1.0,969102887.0,969000000,970000000.0,11.755,989341000000.0,0.0,2292000000.0,0.0,1020.992,
65,FNMA,MRT,2004-03-31,2004-03-31,2004-03-31,2021-08-03,-14896000000.0,995268000000.0,990127250000.0,,,0.012,21.404,3505000000.0,3214000000.0,3214000000.0,0.0,8040000000.0,,46.838,945343000000.0,,,945343000000.0,0.0,0.0,0.0,0.024,1.81,10426000000.0,10426000000.0,0.858,10426000000.0,10426000000.0,10426000000.0,8.1,8.06,8.1,20805000000.0,21990250000.0,20805000000.0,1032706592435.0,99.0,99.051,61949000000.0,63.734,1.0,12156000000.0,1.0,0.0,0.0,1937397000000.0,1926598750000.0,0.0,948037000000.0,,,974463000000.0,,,72389592435.0,-804000000.0,0.0,-33000000.0,56055000000.0,-1796000000.0,52787000000.0,-112035000000.0,-115540000000.0,58444000000.0,0.0,8040000000.0,7877000000.0,7877000000.0,0.0,0.0,0.648,4875000000.0,7281000000.0,0.0,0.223,3.479,9.19,9.179,0.0,163000000.0,74.35,5.955,5.945,0.0,36845000000.0,12156000000.0,12156000000.0,0.0,0.008,0.358,0.005,0.858,0.0,1493000000.0,1.0,973632716.0,972000000,975000000.0,12.506,995268000000.0,0.0,2386000000.0,0.0,1023.938,
66,FNMA,MRT,2003-12-31,2003-12-31,2003-12-31,2021-08-03,5315000000.0,1022275000000.0,969626250000.0,,,0.013,33.028,3355000000.0,17490000000.0,17490000000.0,0.0,8081000000.0,,30.681,964953000000.0,,,964953000000.0,0.0,0.0,0.0,0.022,1.68,10515000000.0,10515000000.0,0.858,10515000000.0,10515000000.0,10515000000.0,8.12,8.08,8.12,32268000000.0,21265000000.0,32268000000.0,1047311304303.0,100.0,99.602,61578000000.0,63.028,1.0,12249000000.0,1.0,0.0,0.0,1969738000000.0,1887550000000.0,0.0,988748000000.0,,,990002000000.0,,,72933304303.0,1669000000.0,0.0,98000000.0,97891000000.0,-1796000000.0,96193000000.0,-152747000000.0,-156102000000.0,58223000000.0,0.0,8081000000.0,7931000000.0,7931000000.0,0.0,0.0,0.647,1963000000.0,10286000000.0,0.0,0.207,2.26,9.196,9.244,1320000000.0,150000000.0,75.06,5.954,5.987,0.0,27923000000.0,12249000000.0,12249000000.0,0.0,0.008,0.373,0.006,0.858,0.0,1454000000.0,1.0,971666724.0,977000000,981000000.0,12.537,1022275000000.0,4082000000.0,2434000000.0,0.0,1046.341,
67,FNMA,MRT,2003-09-30,2003-09-30,2003-09-30,2021-08-03,-15228000000.0,1019171000000.0,935936250000.0,,,0.011,18.01,3170000000.0,1356000000.0,1356000000.0,0.0,5956000000.0,,57.159,975734000000.0,,,975734000000.0,0.0,0.0,0.0,0.022,1.56,7532000000.0,7532000000.0,0.761,7532000000.0,7532000000.0,7532000000.0,5.96,5.94,5.96,17524000000.0,17270000000.0,17524000000.0,950278106436.0,126.0,126.165,51579000000.0,53.01,1.0,9904000000.0,1.0,0.0,0.0,1993549000000.0,1829312250000.0,0.0,977247000000.0,,,1001647000000.0,,,68362106436.0,-291000000.0,0.0,920000000.0,167206000000.0,-1410000000.0,168464000000.0,-217164000000.0,-220334000000.0,48409000000.0,0.0,5956000000.0,5830000000.0,5830000000.0,0.0,0.0,0.589,4224000000.0,5680000000.0,0.0,0.262,3.901,11.726,11.779,0.0,126000000.0,70.2,6.902,6.897,0.0,33781000000.0,9904000000.0,9904000000.0,0.0,0.006,0.338,0.004,0.761,0.0,1295000000.0,1.0,973819180.0,973000000,976000000.0,10.179,1019171000000.0,0.0,1576000000.0,0.0,1047.452,
68,FNMA,MRT,2003-06-30,2003-06-30,2003-06-30,2021-08-03,-13311000000.0,923795000000.0,,,,,17.736,2887000000.0,2165000000.0,2165000000.0,0.0,4284000000.0,,52.202,884081000000.0,,,884081000000.0,0.0,0.0,0.0,0.021,1.44,5247000000.0,5247000000.0,0.593,5247000000.0,5247000000.0,5247000000.0,4.24,4.22,4.24,17364000000.0,,17364000000.0,934017278968.0,178.0,178.01,49137000000.0,50.191,1.0,8843000000.0,1.0,0.0,0.0,1805711000000.0,,0.0,887200000000.0,,,906431000000.0,,,66079278968.0,1781000000.0,0.0,631000000.0,78686000000.0,-1410000000.0,76271000000.0,-120740000000.0,-123627000000.0,46250000000.0,0.0,4284000000.0,4174000000.0,4174000000.0,0.0,0.0,0.472,4192000000.0,4651000000.0,0.0,0.34,3.806,15.831,15.906,0.0,110000000.0,67.44,7.472,7.466,0.0,31595000000.0,8843000000.0,8843000000.0,0.0,,,,0.593,0.0,1263000000.0,1.0,979823235.0,979000000,982000000.0,9.033,923795000000.0,0.0,963000000.0,0.0,943.611,
69,FNMA,MRT,2003-03-31,2003-03-31,2003-03-31,2021-08-03,-11612000000.0,913264000000.0,,,,,18.14,2649000000.0,5982000000.0,5982000000.0,0.0,4646000000.0,,50.009,873920000000.0,,,873920000000.0,0.0,0.0,0.0,0.021,1.38,5831000000.0,5831000000.0,0.78,5831000000.0,5831000000.0,5831000000.0,4.6,4.57,4.6,17904000000.0,,17904000000.0,913767581948.0,157.0,156.709,47083000000.0,47.703,1.0,7475000000.0,1.0,0.0,0.0,1781202000000.0,,0.0,882261000000.0,,,895360000000.0,,,64495581948.0,5532000000.0,0.0,7000000.0,88602000000.0,-1410000000.0,87527000000.0,-126429000000.0,-129078000000.0,44434000000.0,0.0,4646000000.0,4546000000.0,4546000000.0,0.0,0.0,0.608,2233000000.0,5242000000.0,0.0,0.3,3.602,14.187,14.207,0.0,100000000.0,65.35,8.628,8.629,0.0,30909000000.0,7475000000.0,7475000000.0,0.0,,,,0.78,0.0,1210000000.0,1.0,986925508.0,987000000,990000000.0,7.573,913264000000.0,0.0,1185000000.0,0.0,925.293,
70,FNMA,MRT,2002-12-31,2002-12-31,2002-12-31,2021-08-03,-11792000000.0,887515000000.0,843731500000.0,,,0.007,16.419,2472000000.0,1710000000.0,1710000000.0,0.0,3914000000.0,,53.489,850982000000.0,,,850982000000.0,0.0,0.0,0.0,0.021,1.32,4754000000.0,4754000000.0,0.756,4754000000.0,4754000000.0,4754000000.0,3.83,3.81,3.83,16288000000.0,17203000000.0,16288000000.0,,,,46103000000.0,46.475,1.0,6288000000.0,1.0,0.0,0.0,1736787000000.0,1649342000000.0,0.0,857537000000.0,,,871227000000.0,,,63488917930.0,681000000.0,0.0,-673000000.0,72721000000.0,-1410000000.0,70638000000.0,-113588000000.0,-116060000000.0,43631000000.0,0.0,3914000000.0,3803000000.0,3803000000.0,0.0,0.0,0.605,1534000000.0,4754000000.0,0.0,0.345,3.898,16.694,16.796,0.0,111000000.0,64.33,10.097,10.149,0.0,29385000000.0,6288000000.0,6288000000.0,0.0,0.005,0.221,0.003,0.756,0.0,1156000000.0,1.0,986925508.0,992000000,998000000.0,6.339,887515000000.0,0.0,840000000.0,0.0,894.672,
71,FNMA,MRT,2002-09-30,2002-09-30,2002-09-30,2021-08-03,,,,,,,,,,,,,,,,,,,,,,0.022,1.29,,,,,,,,,,,,,,,,,,1.0,,,,,,,,,,,,,,,,,,,,,,,,,,,,,,,,,,,,,,,,59.54,,,,,,,,,,,,,,1.0,,990000000,,,,,,,,
72,FNMA,MRT,2002-06-30,2002-06-30,2002-06-30,2021-08-03,,,,,,,,,,,,,,,,,,,,,,0.017,1.26,,,,,,,,,,,,,,,,,,1.0,,,,,,,,,,,,,,,,,,,,,,,,,,,,,,,,,,,,,,,,73.75,,,,,,,,,,,,,,1.0,,995000000,,,,,,,,
73,FNMA,MRT,2002-03-31,2002-03-31,2002-03-31,2021-08-03,,,,,,,,,,,,,,,,,,,,,,0.015,1.23,,,,,,,,,,,,,,,,,,1.0,,,,,,,,,,,,,,,,,,,,,,,,,,,,,,,,,,,,,,,,79.88,,,,,,,,,,,,,,1.0,,996000000,,,,,,,,
74,FNMA,MRT,2001-12-31,2001-12-31,2001-12-31,2021-08-03,-7065000000.0,799948000000.0,,,,,18.118,1827000000.0,1518000000.0,1518000000.0,0.0,5894000000.0,,43.152,763467000000.0,,,763467000000.0,0.0,0.0,0.0,0.015,1.2,7935000000.0,7935000000.0,0.816,7935000000.0,7935000000.0,7935000000.0,5.75,5.71,5.75,18118000000.0,,18118000000.0,,,,16683000000.0,16.683,1.0,9723000000.0,1.0,0.0,0.0,1561897000000.0,,0.0,779878000000.0,,,781830000000.0,,,,901000000.0,0.0,-1621000000.0,107895000000.0,0.0,100908000000.0,-114863000000.0,-116690000000.0,14856000000.0,0.0,5894000000.0,5748000000.0,5748000000.0,0.0,0.0,0.591,1432000000.0,8291000000.0,0.0,0.209,,,13.826,0.0,146000000.0,79.5,,8.176,0.0,26175000000.0,9723000000.0,9723000000.0,0.0,,,,0.816,0.0,1017000000.0,1.0,,1000000000,1006000000.0,9.723,799948000000.0,0.0,2041000000.0,0.0,799.948,
75,FNMA,MRT,2000-12-31,2000-12-31,2000-12-31,2021-08-03,,,,,,,,1962000000.0,,,0.0,4448000000.0,,,,,,,,0.0,,0.013,1.12,6031000000.0,6031000000.0,0.864,6031000000.0,6031000000.0,6031000000.0,4.29,4.29,4.29,,,,,,,16263000000.0,16.214,1.0,6981000000.0,1.0,,0.0,,,,,,,,,,,-1482000000.0,0.0,-1560000000.0,86533000000.0,0.0,83728000000.0,-99511000000.0,-101473000000.0,14301000000.0,0.0,4448000000.0,4327000000.0,4327000000.0,0.0,0.0,0.62,905000000.0,6076000000.0,,0.261,,,20.221,,121000000.0,86.75,,12.464,,,6981000000.0,6981000000.0,0.0,,,,0.864,0.0,905000000.0,1.0,,1003000000,1009000000.0,6.96,,,1583000000.0,,,
