None,ticker,dimension,calendardate,datekey,reportperiod,lastupdated,accoci,assets,assetsavg,assetsc,assetsnc,assetturnover,bvps,capex,cashneq,cashnequsd,cor,consolinc,currentratio,de,debt,debtc,debtnc,debtusd,deferredrev,depamor,deposits,divyield,dps,ebit,ebitda,ebitdamargin,ebitdausd,ebitusd,ebt,eps,epsdil,epsusd,equity,equityavg,equityusd,ev,evebit,evebitda,fcf,fcfps,fxusd,gp,grossmargin,intangibles,intexp,invcap,invcapavg,inventory,investments,investmentsc,investmentsnc,liabilities,liabilitiesc,liabilitiesnc,marketcap,ncf,ncfbus,ncfcommon,ncfdebt,ncfdiv,ncff,ncfi,ncfinv,ncfo,ncfx,netinc,netinccmn,netinccmnusd,netincdis,netincnci,netmargin,opex,opinc,payables,payoutratio,pb,pe,pe1,ppnenet,prefdivis,price,ps,ps1,receivables,retearn,revenue,revenueusd,rnd,roa,roe,roic,ros,sbcomp,sgna,sharefactor,sharesbas,shareswa,shareswadil,sps,tangibles,taxassets,taxexp,taxliabilities,tbvps,workingcapital
0,SJM,MRY,2021-12-31,2021-04-30,2021-04-30,2021-09-07,-277400000.0,16284200000.0,16636400000.0,1941700000.0,14342500000.0,0.481,74.141,-306700000.0,334300000.0,334300000.0,4864000000.0,876300000.0,0.677,1.004,4905600000.0,1276000000.0,3629600000.0,4905600000.0,0.0,452500000.0,0.0,0.027,3.58,1349000000.0,1801500000.0,0.225,1801500000.0,1349000000.0,1171900000.0,7.79,7.79,7.79,8124800000.0,8299150000.0,8124800000.0,18849220364.0,14.0,10.463,1258300000.0,11.482,1.0,3138700000.0,0.392,12064800000.0,177100000.0,5923200000.0,6491375000.0,959900000.0,0.0,0.0,0.0,8159400000.0,2867500000.0,5291900000.0,14354620364.0,-56800000.0,564000000.0,-673900000.0,-866400000.0,-403200000.0,-1943900000.0,311100000.0,0.0,1565000000.0,11000000.0,876300000.0,876300000.0,876300000.0,0.0,0.0,0.11,1751900000.0,1386800000.0,1034100000.0,0.46,1.767,16.381,16.815,2143500000.0,0.0,130.99,1.794,1.794,533700000.0,2847500000.0,8002700000.0,8002700000.0,0.0,0.053,0.106,0.208,0.169,28700000.0,1523100000.0,1.0,109585620.0,109585620.0,,73.027,4219400000.0,0.0,295600000.0,1349300000.0,38.503,-925800000.0
1,SJM,MRY,2020-12-31,2020-04-30,2020-04-30,2021-09-07,-379000000.0,16970400000.0,16797300000.0,1972700000.0,14997700000.0,0.464,71.826,-269300000.0,391100000.0,391100000.0,4799000000.0,779500000.0,1.243,1.072,5777800000.0,284500000.0,5493300000.0,5777800000.0,0.0,446500000.0,0.0,0.03,3.49,1215900000.0,1662400000.0,0.213,1662400000.0,1215900000.0,1026700000.0,6.84,6.84,6.84,8190900000.0,8116075000.0,8190900000.0,18597997962.0,15.0,11.187,985500000.0,8.642,1.0,3002000000.0,0.385,12733500000.0,189200000.0,8036500000.0,7521800000.0,895300000.0,0.0,0.0,0.0,8779500000.0,1587100000.0,7192400000.0,13104097962.0,289800000.0,0.0,2900000.0,-287600000.0,-396800000.0,-688700000.0,-271500000.0,0.0,1254800000.0,-4800000.0,779500000.0,779500000.0,779500000.0,0.0,0.0,0.1,1778900000.0,1223100000.0,782000000.0,0.51,1.6,16.811,16.8,2117800000.0,0.0,114.91,1.68,1.68,551400000.0,2746800000.0,7801000000.0,7801000000.0,0.0,0.046,0.096,0.162,0.156,26800000.0,1474300000.0,1.0,114037925.0,114037925.0,,68.407,4236900000.0,0.0,247200000.0,1351600000.0,37.153,385600000.0
2,SJM,MRY,2019-12-31,2019-04-30,2019-04-30,2021-09-07,-181800000.0,16711300000.0,17081525000.0,1625200000.0,15086100000.0,0.459,70.072,-359800000.0,101300000.0,101300000.0,4922300000.0,514400000.0,0.694,1.097,5910800000.0,1224500000.0,4686300000.0,5910800000.0,0.0,446300000.0,0.0,0.027,3.33,909500000.0,1355800000.0,0.173,1355800000.0,909500000.0,701600000.0,4.52,4.52,4.52,7970500000.0,7988225000.0,7970500000.0,19831341389.0,22.0,14.627,781400000.0,6.87,1.0,2915700000.0,0.372,13029700000.0,207900000.0,7149600000.0,8040950000.0,910300000.0,0.0,0.0,0.0,8740800000.0,2341500000.0,6399300000.0,13948741389.0,-91300000.0,-1533500000.0,-5400000.0,1082000000.0,-377900000.0,699000000.0,-1924200000.0,0.0,1141200000.0,-7300000.0,514400000.0,514400000.0,514400000.0,0.0,0.0,0.066,1987100000.0,928600000.0,591000000.0,0.737,1.75,27.117,27.131,1912400000.0,0.0,122.63,1.78,1.78,503800000.0,2367600000.0,7838000000.0,7838000000.0,0.0,0.03,0.064,0.113,0.116,20700000.0,1508600000.0,1.0,113746566.0,113746566.0,,68.908,3681600000.0,0.0,187200000.0,1398600000.0,32.367,-716300000.0
3,SJM,MRY,2018-12-31,2018-04-30,2018-04-30,2021-09-07,-116700000.0,15301200000.0,15493500000.0,1555000000.0,13746200000.0,0.475,69.464,-308500000.0,192600000.0,192600000.0,4521000000.0,1338600000.0,1.504,0.939,4832000000.0,144000000.0,4688000000.0,4832000000.0,0.0,413100000.0,0.0,0.027,3.09,1035100000.0,1448200000.0,0.197,1448200000.0,1035100000.0,861000000.0,11.79,11.78,11.79,7891100000.0,7415875000.0,7891100000.0,17715690119.0,17.0,12.233,909500000.0,8.006,1.0,2836100000.0,0.385,11858700000.0,174100000.0,7048100000.0,6912450000.0,854400000.0,0.0,0.0,0.0,7410100000.0,1033800000.0,6376300000.0,12959390119.0,25800000.0,0.0,-3100000.0,-560700000.0,-350300000.0,-922000000.0,-277600000.0,0.0,1218000000.0,7400000.0,1338600000.0,1338600000.0,1338600000.0,0.0,0.0,0.182,1792100000.0,1044000000.0,512100000.0,0.262,1.642,9.681,9.676,1729100000.0,0.0,114.08,1.761,1.761,385600000.0,2239200000.0,7357100000.0,7357100000.0,0.0,0.086,0.181,0.15,0.141,15400000.0,1362900000.0,1.0,113599142.0,113599142.0,,64.764,3442500000.0,0.0,-477600000.0,1377200000.0,30.304,521200000.0
4,SJM,MRY,2017-12-31,2017-04-30,2017-04-30,2021-09-07,-143400000.0,15639700000.0,15892850000.0,1641800000.0,13997900000.0,0.465,58.83,-191900000.0,166800000.0,166800000.0,4557000000.0,592300000.0,0.896,1.283,5398500000.0,953000000.0,4445500000.0,5398500000.0,0.0,419000000.0,0.0,0.023,2.92,1041500000.0,1460500000.0,0.198,1460500000.0,1041500000.0,878400000.0,5.11,5.1,5.11,6850200000.0,7092025000.0,6850200000.0,19702822021.0,19.0,13.49,867100000.0,7.447,1.0,2835300000.0,0.384,12227000000.0,163100000.0,6811800000.0,7307900000.0,905700000.0,0.0,0.0,0.0,8789500000.0,1832600000.0,6956900000.0,14755422021.0,57000000.0,0.0,-437600000.0,170000000.0,-339300000.0,-806100000.0,-151300000.0,40600000.0,1059000000.0,-6200000.0,592300000.0,592300000.0,592300000.0,0.0,0.0,0.08,1792700000.0,1042600000.0,477200000.0,0.571,2.154,24.912,24.798,1617500000.0,0.0,126.72,1.996,1.996,438700000.0,1240500000.0,7392300000.0,7392300000.0,0.0,0.037,0.084,0.143,0.141,22000000.0,1379600000.0,1.0,116441146.0,116441146.0,,63.485,3412700000.0,0.0,286100000.0,2167000000.0,29.308,-190800000.0
5,SJM,MRY,2016-12-31,2016-04-30,2016-04-30,2021-09-07,-148400000.0,15984100000.0,16429700000.0,1573400000.0,14410700000.0,0.475,58.558,-197400000.0,109800000.0,109800000.0,4843400000.0,688700000.0,1.297,1.281,5430000000.0,284000000.0,5146000000.0,5430000000.0,0.0,430100000.0,0.0,0.021,2.65,1149000000.0,1579100000.0,0.202,1579100000.0,1149000000.0,977900000.0,5.77,5.76,5.77,7008500000.0,7174300000.0,7008500000.0,20341311525.0,18.0,12.882,1263600000.0,10.558,1.0,2967800000.0,0.38,12585500000.0,171100000.0,7505800000.0,8095450000.0,899400000.0,0.0,0.0,0.0,8975600000.0,1213000000.0,7762600000.0,15197511525.0,-15800000.0,177700000.0,-441100000.0,58000000.0,-316600000.0,-1498900000.0,-19700000.0,0.0,1461000000.0,400000.0,688700000.0,688700000.0,688700000.0,0.0,0.0,0.088,1822500000.0,1145300000.0,459400000.0,0.459,2.168,22.067,22.007,1627700000.0,0.0,126.98,1.946,1.946,450100000.0,1267700000.0,7811200000.0,7811200000.0,0.0,0.042,0.096,0.142,0.147,34600000.0,1510300000.0,1.0,119684293.0,119684293.0,,65.265,3398600000.0,0.0,289200000.0,2230300000.0,28.396,360400000.0
6,SJM,MRY,2015-12-31,2015-04-30,2015-04-30,2021-09-07,-109800000.0,16806300000.0,11121725000.0,1983900000.0,14822400000.0,0.512,69.642,-245100000.0,125600000.0,125600000.0,3724000000.0,344900000.0,1.94,1.371,6170900000.0,226000000.0,5944900000.0,6170900000.0,0.0,267200000.0,0.0,0.022,2.5,602900000.0,870100000.0,0.153,870100000.0,602900000.0,523000000.0,3.33,3.33,3.33,7086900000.0,5640125000.0,7086900000.0,13864418737.0,23.0,15.934,494000000.0,4.854,1.0,1968700000.0,0.346,12961900000.0,79900000.0,8867100000.0,5515500000.0,1163600000.0,0.0,0.0,0.0,9719400000.0,1022600000.0,8696800000.0,11796318737.0,-27900000.0,0.0,-24300000.0,5360100000.0,-254000000.0,857300000.0,-245100000.0,0.0,739100000.0,-28600000.0,344900000.0,344900000.0,344900000.0,0.0,0.0,0.061,1196700000.0,772000000.0,402800000.0,0.751,1.665,34.202,34.811,1678300000.0,0.0,115.92,2.072,2.072,430100000.0,1159200000.0,5692700000.0,5692700000.0,0.0,0.031,0.061,0.109,0.106,23500000.0,1031300000.0,1.0,101762584.0,101762584.0,,55.941,3844400000.0,0.0,178100000.0,2397000000.0,37.778,961300000.0
7,SJM,MRY,2014-12-31,2014-04-30,2014-04-30,2021-09-07,-51600000.0,9060200000.0,9082275000.0,1539100000.0,7521100000.0,0.618,48.507,-268800000.0,153500000.0,153500000.0,3579600000.0,565200000.0,1.738,0.801,2216300000.0,343200000.0,1873100000.0,2216300000.0,0.0,256400000.0,0.0,0.023,2.26,929100000.0,1185500000.0,0.211,1185500000.0,929100000.0,849700000.0,5.42,5.42,5.42,5029600000.0,5119350000.0,5029600000.0,11885446236.0,13.0,10.026,587200000.0,5.663,1.0,2031000000.0,0.362,6122500000.0,79400000.0,4114700000.0,4133600000.0,931000000.0,0.0,0.0,0.0,4030600000.0,885800000.0,3144800000.0,10024646236.0,-102900000.0,-101800000.0,-508500000.0,198400000.0,-238000000.0,-575500000.0,-370300000.0,10000000.0,856000000.0,-13100000.0,565200000.0,565200000.0,565200000.0,0.0,0.0,0.101,1112000000.0,919000000.0,289200000.0,0.417,1.993,17.736,17.838,1265600000.0,0.0,96.68,1.787,1.787,309400000.0,1091000000.0,5610600000.0,5610600000.0,0.0,0.062,0.11,0.225,0.166,22900000.0,988800000.0,1.0,103688935.0,103688935.0,,54.11,2937700000.0,0.0,284500000.0,1020700000.0,28.332,653300000.0
8,SJM,MRY,2013-12-31,2013-04-30,2013-04-30,2021-09-07,-76600000.0,9031800000.0,9166779250.0,1595200000.0,7436600000.0,0.643,48.004,-203200000.0,256400000.0,256400000.0,3870100000.0,544200000.0,2.673,0.754,2017800000.0,50000000.0,1967800000.0,2017800000.0,0.0,250900000.0,0.0,0.02,2.04,910700000.0,1161600000.0,0.197,1161600000.0,910700000.0,817300000.0,5.0,5.0,5.0,5148800000.0,5196309000.0,5148800000.0,12701921649.0,14.0,10.935,652600000.0,6.084,1.0,2027600000.0,0.344,6142300000.0,93400000.0,4054100000.0,4089627250.0,945500000.0,0.0,0.0,0.0,3883000000.0,596800000.0,3286200000.0,11072227649.0,26700000.0,0.0,-362000000.0,-50000000.0,-222800000.0,-641000000.0,-185600000.0,0.0,855800000.0,-2500000.0,544200000.0,544200000.0,544200000.0,0.0,0.0,0.092,1117200000.0,910400000.0,285800000.0,0.408,2.15,20.346,20.646,1142500000.0,0.0,103.23,1.877,1.877,313700000.0,1075500000.0,5897700000.0,5897700000.0,0.0,0.059,0.105,0.223,0.154,21300000.0,973900000.0,1.0,107257848.0,107257848.0,,54.986,2889500000.0,0.0,273100000.0,987200000.0,26.94,998400000.0
9,SJM,MRY,2012-12-31,2012-04-30,2012-04-30,2021-09-07,-84000000.0,9115200000.0,9087129250.0,1643500000.0,7471700000.0,0.608,46.094,-270200000.0,229700000.0,229700000.0,3680600000.0,459700000.0,2.664,0.765,2070500000.0,50000000.0,2020500000.0,2070500000.0,0.0,247000000.0,0.0,0.024,1.88,781000000.0,1028000000.0,0.186,1028000000.0,781000000.0,701200000.0,4.06,4.06,4.06,5163400000.0,5314785750.0,5163400000.0,10620826266.0,14.0,10.332,460700000.0,4.113,1.0,1845200000.0,0.334,6241600000.0,79800000.0,4097500000.0,3978591500.0,961600000.0,0.0,0.0,0.0,3951800000.0,616900000.0,3334900000.0,8920052266.0,-90100000.0,-763900000.0,-313000000.0,748600000.0,-213700000.0,219600000.0,-1035900000.0,18600000.0,730900000.0,-4700000.0,459700000.0,459700000.0,459700000.0,0.0,0.0,0.083,1055600000.0,789600000.0,274700000.0,0.463,1.728,19.404,19.613,1096100000.0,0.0,79.63,1.614,1.614,347500000.0,961200000.0,5525800000.0,5525800000.0,0.0,0.051,0.086,0.196,0.141,21700000.0,892700000.0,1.0,112018740.0,112018740.0,,49.329,2873600000.0,0.0,241500000.0,992700000.0,25.653,1026600000.0
10,SJM,MRY,2011-12-31,2011-04-30,2011-04-30,2021-09-07,3629000.0,8324585000.0,8413946750.0,1636999000.0,6687586000.0,0.574,45.628,-174300000.0,319845000.0,319845000.0,3027200000.0,479500000.0,3.392,0.573,1304039000.0,0.0,1304039000.0,1304039000.0,0.0,239600000.0,0.0,0.022,1.64,784300000.0,1023900000.0,0.212,1023900000.0,784300000.0,717200000.0,4.06,4.05,4.06,5292363000.0,5388695250.0,5292363000.0,9457668966.0,12.0,9.237,217300000.0,1.873,1.0,1798500000.0,0.373,5752756000.0,67100000.0,3073347000.0,3006490500.0,863579000.0,0.0,0.0,0.0,3032222000.0,482676000.0,2549546000.0,8707251966.0,36200000.0,0.0,-374600000.0,390000000.0,-194000000.0,-170400000.0,-192900000.0,-18500000.0,391600000.0,7900000.0,479500000.0,479500000.0,479500000.0,0.0,0.0,0.099,1014200000.0,784300000.0,234916000.0,0.404,1.645,18.159,18.49,867882000.0,0.0,75.07,1.804,1.804,344410000.0,866933000.0,4825700000.0,4825700000.0,0.0,0.057,0.089,0.261,0.163,24000000.0,863100000.0,1.0,115988437.0,115988437.0,,41.605,2571829000.0,0.0,237700000.0,1042823000.0,22.173,1154323000.0
11,SJM,MRY,2010-12-31,2010-04-30,2010-04-30,2021-09-07,-20581000.0,7974853000.0,8136864500.0,1223630000.0,6751223000.0,0.566,44.713,-136778000.0,283570000.0,283570000.0,2818599000.0,494138000.0,2.555,0.497,910000000.0,10000000.0,900000000.0,910000000.0,0.0,185752000.0,0.0,0.023,1.4,795940000.0,981692000.0,0.213,981692000.0,795940000.0,730753000.0,4.15,4.15,4.15,5326320000.0,5184062000.0,5326320000.0,8059253067.0,10.0,8.21,576700000.0,4.841,1.0,1786690000.0,0.388,5834245000.0,65187000.0,2288141000.0,2419893000.0,654939000.0,0.0,0.0,0.0,2648533000.0,478897000.0,2169636000.0,7274814067.0,-173123000.0,19554000.0,844000.0,-625000000.0,-166224000.0,-788548000.0,-104443000.0,13519000.0,713478000.0,6390000.0,494138000.0,494138000.0,494138000.0,0.0,0.0,0.107,1009388000.0,777302000.0,179509000.0,0.337,1.366,14.722,14.716,858313000.0,0.0,61.07,1.58,1.58,238867000.0,746063000.0,4605289000.0,4605289000.0,0.0,0.061,0.095,0.329,0.173,25949000.0,878221000.0,1.0,119122549.0,119122549.0,,38.66,2140608000.0,0.0,236615000.0,1177483000.0,17.97,744733000.0
12,SJM,MRY,2009-12-31,2009-04-30,2009-04-30,2021-09-07,-57270000.0,8192161000.0,5761841500.0,1398891000.0,6793270000.0,0.652,41.712,-108107000.0,456693000.0,456693000.0,2506504000.0,265953000.0,1.318,0.658,1536726000.0,626726000.0,910000000.0,1536726000.0,0.0,118273000.0,0.0,0.159,6.28,458543000.0,576816000.0,0.153,576816000.0,458543000.0,396065000.0,3.11,3.11,3.11,4939931000.0,3296110250.0,4939931000.0,5843705176.0,13.0,10.131,338886000.0,2.861,1.0,1251429000.0,0.333,5890367000.0,62478000.0,2320591000.0,2131297000.0,603926000.0,0.0,0.0,0.0,3252230000.0,1061236000.0,2190994000.0,4666146176.0,285152000.0,-77335000.0,-2049000.0,400000000.0,-384876000.0,12601000.0,-176981000.0,3013000.0,446993000.0,2539000.0,265953000.0,265953000.0,265953000.0,0.0,0.0,0.071,799154000.0,452275000.0,198954000.0,2.019,0.945,17.545,12.669,838433000.0,0.0,39.4,1.242,1.242,266037000.0,424504000.0,3757933000.0,3757933000.0,0.0,0.046,0.081,0.215,0.122,22105000.0,673565000.0,1.0,118430106.0,118430106.0,,31.731,2301794000.0,0.0,130112000.0,1163498000.0,19.436,337655000.0
13,SJM,MRY,2008-12-31,2008-04-30,2008-04-30,2021-09-07,42612000.0,3129881000.0,3194443250.0,776207000.0,2353674000.0,0.79,32.379,-76295000.0,171541000.0,171541000.0,1742610000.0,170379000.0,3.242,0.739,789684000.0,0.0,789684000.0,789684000.0,0.0,62570000.0,0.0,0.024,1.2,296933000.0,359503000.0,0.142,359503000.0,296933000.0,254788000.0,3.01,3.0,3.01,1799853000.0,1853521750.0,1799853000.0,3235474576.0,11.0,9.0,106623000.0,1.918,1.0,782164000.0,0.31,1746476000.0,42145000.0,1762151000.0,1772868750.0,379608000.0,16043000.0,0.0,16043000.0,1330028000.0,239397000.0,1090631000.0,2772714576.0,-28000000.0,-217542000.0,-135274000.0,252000000.0,-68074000.0,49839000.0,-265883000.0,28131000.0,182918000.0,5126000.0,170379000.0,170379000.0,170379000.0,0.0,0.0,0.067,497990000.0,284174000.0,119844000.0,0.399,1.541,16.274,16.571,496296000.0,0.0,49.88,1.098,1.098,162426000.0,567419000.0,2524774000.0,2524774000.0,0.0,0.053,0.092,0.167,0.118,11531000.0,486592000.0,1.0,55587702.0,55587702.0,,45.42,1383405000.0,0.0,84409000.0,177114000.0,24.887,536810000.0
14,SJM,MRY,2007-12-31,2007-04-30,2007-04-30,2021-09-07,17757000.0,2693823000.0,2689336500.0,639366000.0,2054457000.0,0.799,31.715,-54689000.0,200119000.0,200119000.0,1445962000.0,157219000.0,2.704,0.5,425643000.0,33000000.0,392643000.0,425643000.0,0.0,58874000.0,0.0,0.02,1.12,264367000.0,323241000.0,0.15,323241000.0,264367000.0,241004000.0,2.79,2.76,2.79,1795657000.0,1762822500.0,1795657000.0,3434684622.0,13.0,10.626,218281000.0,3.855,1.0,702055000.0,0.327,1468965000.0,23363000.0,1213914000.0,1273879500.0,286052000.0,44117000.0,0.0,44117000.0,898166000.0,236468000.0,661698000.0,3160469622.0,127709000.0,23566000.0,-26359000.0,-28144000.0,-63632000.0,-117625000.0,-27041000.0,6272000.0,272970000.0,-595000.0,157219000.0,157219000.0,157219000.0,0.0,0.0,0.073,447684000.0,254371000.0,93500000.0,0.401,1.76,20.102,20.007,454028000.0,0.0,55.82,1.471,1.471,124048000.0,553631000.0,2148017000.0,2148017000.0,0.0,0.058,0.089,0.208,0.123,11257000.0,441286000.0,1.0,56618947.0,56618947.0,,37.938,1224858000.0,0.0,83785000.0,165683000.0,21.633,402898000.0
15,SJM,MRY,2006-12-31,2006-04-30,2006-04-30,2021-09-07,27209000.0,2649744000.0,2680751000.0,642838000.0,2006906000.0,0.804,29.689,-59833000.0,71956000.0,71956000.0,1461874000.0,143354000.0,2.73,0.533,457222000.0,28620000.0,428602000.0,457222000.0,0.0,62642000.0,0.0,0.028,1.08,239596000.0,302238000.0,0.14,302238000.0,239596000.0,215570000.0,2.48,2.45,2.48,1728059000.0,1723022250.0,1728059000.0,2662958991.0,11.0,8.811,138856000.0,2.386,1.0,692852000.0,0.322,1413882000.0,24026000.0,1385688000.0,1360304500.0,279088000.0,48989000.0,14882000.0,34107000.0,921685000.0,235440000.0,686245000.0,2285114991.0,13871000.0,8754000.0,-77934000.0,-25434000.0,-62656000.0,-169129000.0,-16255000.0,26101000.0,198689000.0,566000.0,143354000.0,143354000.0,143354000.0,0.0,0.0,0.067,460727000.0,232125000.0,88963000.0,0.435,1.322,15.94,15.831,456554000.0,0.0,39.26,1.061,1.061,148014000.0,489067000.0,2154726000.0,2154726000.0,0.0,0.053,0.083,0.176,0.111,7255000.0,438457000.0,1.0,58204661.0,58204661.0,,37.02,1235862000.0,0.0,72216000.0,169163000.0,21.233,407398000.0
16,SJM,MRY,2005-12-31,2005-04-30,2005-04-30,2021-09-07,-159000.0,2635894000.0,2721808500.0,555851000.0,2080043000.0,0.751,28.946,-85170000.0,58085000.0,58085000.0,1386461000.0,129073000.0,1.803,0.559,481938000.0,50378000.0,431560000.0,481938000.0,0.0,53437000.0,0.0,0.02,1.0,225782000.0,279219000.0,0.137,279219000.0,225782000.0,203227000.0,2.26,2.24,2.26,1690800000.0,1668004000.0,1690800000.0,3348652131.0,15.0,11.993,64594000.0,1.106,1.0,657416000.0,0.322,1420966000.0,22555000.0,1330489000.0,1338706250.0,284487000.0,76813000.0,17739000.0,59074000.0,945094000.0,308292000.0,636802000.0,2898411131.0,-46466000.0,-19496000.0,4633000.0,-17967000.0,-56057000.0,-72280000.0,-120817000.0,-21709000.0,149764000.0,-3133000.0,129073000.0,129073000.0,129073000.0,1387000.0,0.0,0.063,436647000.0,220769000.0,105290000.0,0.442,1.714,22.456,21.956,521101000.0,0.0,49.62,1.418,1.418,145734000.0,447831000.0,2043877000.0,2043877000.0,0.0,0.047,0.077,0.169,0.11,1609000.0,407839000.0,1.0,58412155.0,58412155.0,,34.991,1214928000.0,0.0,74154000.0,116115000.0,20.799,247559000.0
17,SJM,MRY,2004-12-31,2004-04-30,2004-04-30,2021-09-07,-4585000.0,1684125000.0,1664982750.0,450851000.0,1233274000.0,0.823,24.164,-88560000.0,104551000.0,104551000.0,886955000.0,111350000.0,2.573,0.391,135000000.0,0.0,135000000.0,135000000.0,0.0,38561000.0,0.0,0.018,0.92,183431000.0,221992000.0,0.162,221992000.0,183431000.0,177222000.0,2.24,2.21,2.24,1210693000.0,1179344000.0,1210693000.0,2637046137.0,14.0,11.879,48029000.0,0.959,1.0,482601000.0,0.352,840897000.0,6209000.0,698457000.0,669526250.0,179863000.0,56663000.0,15074000.0,41589000.0,473432000.0,175220000.0,298212000.0,2620366137.0,-65461000.0,-9196000.0,-1148000.0,0.0,-45724000.0,-40037000.0,-162539000.0,-57482000.0,136589000.0,526000.0,111350000.0,111350000.0,111350000.0,-52000.0,0.0,0.081,305582000.0,177019000.0,62232000.0,0.411,2.164,23.533,23.348,317521000.0,0.0,52.3,1.913,1.913,93617000.0,387065000.0,1369556000.0,1369556000.0,0.0,0.067,0.094,0.274,0.134,0.0,296954000.0,1.0,50102603.0,50102603.0,,27.335,843228000.0,0.0,65872000.0,139170000.0,16.83,275631000.0
18,SJM,MRY,2003-12-31,2003-04-30,2003-04-30,2021-09-07,-16184000.0,1615407000.0,1573164000.0,466660000.0,1148747000.0,0.807,22.589,-46933000.0,181225000.0,181225000.0,822799000.0,96342000.0,2.79,0.437,135000000.0,0.0,135000000.0,135000000.0,0.0,36388000.0,0.0,0.021,0.769,162215000.0,198603000.0,0.156,198603000.0,162215000.0,153840000.0,2.04,2.02,2.04,1124171000.0,1099188250.0,1124171000.0,1789696169.0,11.0,9.011,127875000.0,2.57,1.0,447299000.0,0.352,846351000.0,8375000.0,555557000.0,576610750.0,169127000.0,0.0,0.0,0.0,491236000.0,167274000.0,323962000.0,1805527169.0,85604000.0,-10767000.0,0.0,0.0,-33603000.0,-28419000.0,-51566000.0,0.0,174808000.0,1366000.0,96342000.0,96342000.0,96342000.0,-2130000.0,0.0,0.076,286232000.0,161067000.0,68704000.0,0.377,1.606,18.741,17.784,274986000.0,0.0,36.28,1.422,1.422,101364000.0,323064000.0,1270098000.0,1270098000.0,0.0,0.061,0.088,0.281,0.128,0.0,274440000.0,1.0,49766460.0,49766460.0,,25.521,769056000.0,0.0,57498000.0,152801000.0,15.453,299386000.0
19,SJM,MRY,2002-12-31,2002-04-30,2002-04-30,2021-09-07,-15763000.0,524892000.0,500689500.0,279813000.0,245079000.0,1.372,11.926,-16404000.0,91914000.0,91914000.0,462157000.0,30851000.0,3.479,0.874,135000000.0,0.0,135000000.0,135000000.0,0.0,28557000.0,0.0,0.018,0.677,59405000.0,87962000.0,0.128,87962000.0,59405000.0,50198000.0,1.33,1.33,1.33,280144000.0,262930000.0,280144000.0,930132704.0,16.0,10.574,53395000.0,2.273,1.0,224991000.0,0.327,48335000.0,9207000.0,439212000.0,449541250.0,116539000.0,0.0,0.0,0.0,244748000.0,80431000.0,164317000.0,862572704.0,40789000.0,-5714000.0,0.0,0.0,-15568000.0,-8607000.0,-20510000.0,0.0,69799000.0,107000.0,30851000.0,30851000.0,30851000.0,0.0,0.0,0.045,170203000.0,54788000.0,32390000.0,0.509,3.079,27.959,27.609,162789000.0,0.0,36.72,1.255,1.255,57371000.0,267793000.0,687148000.0,687148000.0,0.0,0.062,0.117,0.132,0.086,0.0,165172000.0,1.0,23490813.0,23490813.0,,29.252,476557000.0,0.0,19347000.0,6183000.0,20.287,199382000.0
20,SJM,MRY,2001-12-31,2001-04-30,2001-04-30,2021-09-07,-16635000.0,479104000.0,473915500.0,235242000.0,243862000.0,1.374,10.939,-29107000.0,51125000.0,51125000.0,443948000.0,27206000.0,3.456,0.91,135000000.0,0.0,135000000.0,135000000.0,0.0,26921000.0,0.0,0.024,0.677,51287000.0,78208000.0,0.12,78208000.0,51287000.0,43500000.0,1.13,1.13,1.13,250785000.0,263250750.0,250785000.0,738871206.0,14.0,9.448,59089000.0,2.577,1.0,207294000.0,0.318,45636000.0,7787000.0,449281000.0,447507000.0,114175000.0,0.0,0.0,0.0,228319000.0,68062000.0,160257000.0,634659206.0,27352000.0,0.0,-80964000.0,60000000.0,-16686000.0,-32325000.0,-27612000.0,0.0,88196000.0,-907000.0,27206000.0,27206000.0,27206000.0,0.0,0.0,0.042,158125000.0,49169000.0,29967000.0,0.599,2.531,23.328,24.498,171570000.0,0.0,27.683,0.975,0.975,55986000.0,253226000.0,651242000.0,651242000.0,0.0,0.057,0.103,0.115,0.079,0.0,155973000.0,1.0,22926336.0,22926336.0,,28.406,433468000.0,0.0,16294000.0,7897000.0,18.907,167180000.0
21,SJM,MRY,2000-12-31,2000-04-30,2000-04-30,2021-09-07,-9327000.0,466054000.0,494174500.0,219802000.0,246252000.0,1.299,11.702,-32149000.0,23773000.0,23773000.0,432993000.0,26273000.0,3.734,0.487,75000000.0,0.0,75000000.0,75000000.0,0.0,26198000.0,0.0,0.038,0.635,44510000.0,70708000.0,0.11,70708000.0,44510000.0,41399000.0,0.92,0.92,0.92,313473000.0,322397250.0,313473000.0,502515264.0,11.0,7.107,122000.0,0.005,1.0,208892000.0,0.325,50285000.0,3111000.0,408137000.0,405020000.0,121515000.0,0.0,0.0,0.0,152581000.0,58859000.0,93722000.0,453569264.0,23092000.0,-9056000.0,-17654000.0,66034000.0,-17212000.0,31254000.0,-39818000.0,0.0,32271000.0,-615000.0,26273000.0,26273000.0,26273000.0,0.0,0.0,0.041,167789000.0,41103000.0,23190000.0,0.69,1.447,17.264,18.403,174648000.0,0.0,16.931,0.707,0.707,62518000.0,310843000.0,641885000.0,641885000.0,0.0,0.053,0.081,0.11,0.069,0.0,153297000.0,1.0,26788935.0,26788935.0,,23.961,415769000.0,0.0,15126000.0,4908000.0,15.52,160943000.0
22,SJM,MRY,1999-12-31,1999-04-30,1999-04-30,2021-09-07,-5698000.0,433883000.0,430986000.0,186142000.0,247741000.0,1.422,11.774,-37946000.0,8683000.0,8683000.0,412658000.0,37763000.0,2.124,0.338,8966000.0,8966000.0,0.0,8966000.0,0.0,23394000.0,0.0,0.026,0.593,61810000.0,85204000.0,0.139,85204000.0,61810000.0,61631000.0,1.376,1.376,1.376,324329000.0,314132500.0,324329000.0,620898098.0,10.0,7.287,5860000.0,0.213,1.0,200004000.0,0.326,60627000.0,179000.0,285908000.0,279119250.0,114200000.0,0.0,0.0,0.0,109554000.0,87631000.0,21923000.0,626722098.0,-27520000.0,-26590000.0,-811000.0,8966000.0,-16246000.0,-7729000.0,-63248000.0,0.0,43806000.0,-349000.0,37763000.0,37763000.0,37763000.0,0.0,0.0,0.062,141029000.0,58975000.0,40262000.0,0.431,1.932,16.596,16.534,166543000.0,0.0,22.751,1.023,1.023,51858000.0,318660000.0,612662000.0,612662000.0,0.0,0.088,0.12,0.221,0.101,0.0,141029000.0,1.0,27546622.0,27546622.0,,22.241,373256000.0,0.0,23868000.0,11707000.0,13.55,98511000.0
23,SJM,MRY,1998-12-31,1998-04-30,1998-04-30,2021-09-07,-5991000.0,407973000.0,401925000.0,201506000.0,206467000.0,1.407,10.962,-28376000.0,36484000.0,36484000.0,365613000.0,33390000.0,2.373,0.35,0.0,0.0,0.0,0.0,0.0,22539000.0,0.0,0.021,0.55,57946000.0,80485000.0,0.142,80485000.0,57946000.0,57801000.0,1.217,1.217,1.217,302177000.0,298097750.0,302177000.0,689839192.0,12.0,8.571,32665000.0,1.185,1.0,199863000.0,0.353,42410000.0,145000.0,244179000.0,254216000.0,103465000.0,0.0,0.0,0.0,105796000.0,84900000.0,20896000.0,714675192.0,12393000.0,-1406000.0,-4465000.0,0.0,-15100000.0,-19165000.0,-28586000.0,0.0,61041000.0,-897000.0,33390000.0,33390000.0,33390000.0,0.0,0.0,0.059,142799000.0,57064000.0,41410000.0,0.452,2.365,21.404,21.303,143714000.0,0.0,25.926,1.264,1.264,48732000.0,298316000.0,565476000.0,565476000.0,0.0,0.083,0.112,0.228,0.102,0.0,142799000.0,1.0,27566043.0,27566043.0,,20.513,365563000.0,0.0,24411000.0,13535000.0,13.261,116606000.0
24,SJM,MRY,1997-12-31,1997-04-30,1997-04-30,2021-09-07,-1032000.0,384773000.0,397589000.0,178472000.0,206301000.0,1.318,10.593,-15124000.0,24091000.0,24091000.0,348949000.0,30935000.0,2.478,0.318,0.0,0.0,0.0,0.0,0.0,21839000.0,0.0,0.03,0.55,54914000.0,76753000.0,0.146,76753000.0,54914000.0,53166000.0,1.122,1.122,1.122,291891000.0,285559000.0,291891000.0,513672780.0,9.0,6.693,44399000.0,1.611,1.0,175158000.0,0.334,45393000.0,1748000.0,243273000.0,294999000.0,94106000.0,0.0,0.0,0.0,92882000.0,72016000.0,20866000.0,510268780.0,6444000.0,39102000.0,-245000.0,-60800000.0,-15113000.0,-75794000.0,24745000.0,0.0,59523000.0,-172000.0,30935000.0,30935000.0,30935000.0,0.0,0.0,0.059,121954000.0,53204000.0,36582000.0,0.49,1.748,16.495,16.505,139635000.0,0.0,18.519,0.974,0.974,48140000.0,284605000.0,524107000.0,524107000.0,0.0,0.078,0.108,0.186,0.105,0.0,121954000.0,1.0,27554514.0,27554514.0,,19.021,339380000.0,0.0,22231000.0,11720000.0,12.317,106456000.0
25,SJM,MRY,1996-12-31,1996-04-30,1996-04-30,2021-09-07,-479000.0,424952000.0,457775000.0,214462000.0,210490000.0,1.131,10.025,-24863000.0,17647000.0,17647000.0,337095000.0,29313000.0,3.177,0.538,60800000.0,0.0,60800000.0,60800000.0,0.0,17473000.0,0.0,0.025,0.55,47048000.0,64521000.0,0.125,64521000.0,47048000.0,44655000.0,1.069,1.069,1.069,276341000.0,272218000.0,276341000.0,607408935.0,13.0,9.414,22948000.0,0.832,1.0,180737000.0,0.349,44098000.0,2393000.0,356497000.0,306440250.0,95495000.0,0.0,0.0,0.0,148611000.0,67510000.0,81101000.0,616069935.0,6403000.0,0.0,288000.0,-6300000.0,-15123000.0,-20031000.0,-23369000.0,0.0,47811000.0,91000.0,29313000.0,29313000.0,29313000.0,140000.0,0.0,0.057,126743000.0,53994000.0,37211000.0,0.514,2.229,21.017,20.907,143084000.0,0.0,22.349,1.19,1.19,40241000.0,269036000.0,517832000.0,517832000.0,0.0,0.064,0.108,0.154,0.091,0.0,126743000.0,1.0,27565629.0,27565629.0,,18.785,380854000.0,2998000.0,15342000.0,8488000.0,13.816,146952000.0
26,SJM,MRY,1995-12-31,1995-04-30,1995-04-30,2021-09-07,-3383000.0,405995000.0,430621750.0,176814000.0,229181000.0,1.186,9.36,-18383000.0,11244000.0,11244000.0,330287000.0,36303000.0,2.728,0.574,67100000.0,0.0,67100000.0,67100000.0,0.0,16164000.0,0.0,0.012,0.265,59940000.0,76104000.0,0.149,76104000.0,59940000.0,58722000.0,1.323,1.323,1.323,257992000.0,251155250.0,257992000.0,631907327.0,11.0,8.303,15166000.0,0.55,1.0,180601000.0,0.354,45634000.0,1218000.0,351396000.0,297537000.0,86061000.0,0.0,0.0,0.0,148003000.0,64821000.0,83182000.0,627094327.0,-2815000.0,-28780000.0,34000.0,18542000.0,-14503000.0,4421000.0,-46439000.0,0.0,33549000.0,127000.0,36303000.0,36303000.0,36303000.0,-3842000.0,0.0,0.071,126045000.0,54556000.0,32620000.0,0.2,2.431,17.274,17.197,140125000.0,0.0,22.751,1.227,1.227,43407000.0,254854000.0,510888000.0,510888000.0,0.0,0.084,0.145,0.201,0.117,0.0,126045000.0,1.0,27562983.0,27562983.0,,18.535,360361000.0,0.0,22419000.0,8881000.0,13.074,111993000.0
27,SJM,MRY,1994-12-31,1994-04-30,1994-04-30,2021-09-07,-4310000.0,378641000.0,336726000.0,171685000.0,206956000.0,1.42,8.507,-18016000.0,14059000.0,14059000.0,305988000.0,30498000.0,2.064,0.615,52885000.0,4327000.0,48558000.0,52885000.0,0.0,15051000.0,0.0,,0.0,54095000.0,69146000.0,0.145,69146000.0,54095000.0,53858000.0,1.111,1.111,1.111,234402000.0,227435500.0,234402000.0,,,,35828000.0,1.3,1.0,172240000.0,0.36,60161000.0,237000.0,274111000.0,222664000.0,103236000.0,0.0,0.0,0.0,144239000.0,83195000.0,61044000.0,,-36386000.0,-100195000.0,-2027000.0,47671000.0,-13360000.0,27485000.0,-118783000.0,0.0,53844000.0,-260000.0,30498000.0,30498000.0,30498000.0,1433000.0,0.0,0.064,119405000.0,52835000.0,37322000.0,0.0,,,,137506000.0,0.0,,,,47828000.0,233420000.0,478228000.0,478228000.0,0.0,0.091,0.134,0.243,0.113,0.0,119405000.0,1.0,27553401.0,27553401.0,,17.356,318480000.0,0.0,23360000.0,4593000.0,11.559,88490000.0
28,SJM,MRY,1993-12-31,1993-04-30,1993-04-30,2021-09-07,-2341000.0,294811000.0,,168399000.0,126412000.0,,,-20164000.0,50445000.0,50445000.0,295000000.0,32945000.0,2.978,0.337,5318000.0,4431000.0,887000.0,5318000.0,0.0,13052000.0,0.0,,0.0,57394000.0,70446000.0,0.152,70446000.0,57394000.0,57016000.0,1.185,1.185,1.185,220469000.0,,220469000.0,,,,36818000.0,,1.0,167160000.0,0.362,21924000.0,378000.0,171217000.0,,71863000.0,0.0,0.0,0.0,74342000.0,56543000.0,17799000.0,,14177000.0,-2098000.0,-1861000.0,-440000.0,-12364000.0,-17165000.0,-25615000.0,0.0,56982000.0,-25000.0,32945000.0,32945000.0,32945000.0,0.0,0.0,0.071,106077000.0,61083000.0,27433000.0,0.0,,,,96326000.0,0.0,,,,40354000.0,218952000.0,462160000.0,462160000.0,0.0,,,,0.124,0.0,106077000.0,1.0,,,,,272887000.0,0.0,24071000.0,5463000.0,,111856000.0
29,SJM,MRY,1992-12-31,1992-04-30,1992-04-30,2021-09-07,,,,,,,,-16205000.0,,,314133000.0,34118000.0,,,,,,,,12808000.0,,,0.0,56529000.0,69337000.0,0.143,69337000.0,56529000.0,56083000.0,1.228,1.228,1.228,,,,,,,25215000.0,,1.0,169339000.0,0.35,,446000.0,,,,,,,,,,,11755000.0,0.0,51000.0,-440000.0,-11223000.0,-12839000.0,-16827000.0,0.0,41420000.0,1000.0,34118000.0,34118000.0,34118000.0,0.0,0.0,0.071,114888000.0,54451000.0,,0.0,,,,,0.0,,,,,,483472000.0,483472000.0,0.0,,,,0.117,0.0,114888000.0,1.0,,,,,,,21965000.0,,,
0,SJM,MRQ,2021-06-30,2021-07-31,2021-07-31,2021-09-07,-281600000.0,16211700000.0,,1952900000.0,14258800000.0,,75.411,-68000000.0,168800000.0,168800000.0,1218600000.0,153900000.0,0.707,0.984,4780200000.0,1158800000.0,3621400000.0,4780200000.0,0.0,113900000.0,0.0,0.027,0.9,248300000.0,362200000.0,0.195,362200000.0,248300000.0,205200000.0,1.42,1.42,1.42,8170300000.0,,8170300000.0,18776241065.0,15.0,11.108,69800000.0,0.644,1.0,639400000.0,0.344,12006200000.0,43100000.0,6053700000.0,,1105500000.0,0.0,0.0,0.0,8041400000.0,2763200000.0,5278200000.0,14204941065.0,-165500000.0,0.0,-2800000.0,-123000000.0,-97200000.0,-223300000.0,-80000000.0,0.0,137800000.0,0.0,153900000.0,153900000.0,153900000.0,0.0,0.0,0.083,380000000.0,259400000.0,1041200000.0,0.634,1.739,17.908,18.388,2121900000.0,0.0,131.11,1.801,1.801,566000000.0,2893800000.0,1858000000.0,1858000000.0,0.0,,,,,5300000.0,324000000.0,1.0,108343689.0,108343689.0,,17.149,4205500000.0,0.0,51300000.0,1348800000.0,38.816,-810300000.0
1,SJM,MRQ,2021-03-31,2021-04-30,2021-04-30,2021-09-07,-277400000.0,16284200000.0,,1941700000.0,14342500000.0,,74.141,-108000000.0,334300000.0,334300000.0,1184500000.0,147000000.0,0.677,1.004,4905600000.0,1276000000.0,3629600000.0,4905600000.0,0.0,114700000.0,0.0,0.027,0.9,235700000.0,350400000.0,0.182,350400000.0,235700000.0,193300000.0,1.37,1.37,1.37,8124800000.0,,8124800000.0,18849220364.0,14.0,10.463,183000000.0,1.67,1.0,735700000.0,0.383,12064800000.0,42400000.0,5923200000.0,,959900000.0,0.0,0.0,0.0,8159400000.0,2867500000.0,5291900000.0,14354620364.0,-167200000.0,-5300000.0,-170500000.0,-84000000.0,-98400000.0,-353300000.0,-108000000.0,0.0,291000000.0,3100000.0,147000000.0,147000000.0,147000000.0,0.0,0.0,0.077,497000000.0,238700000.0,1034100000.0,0.657,1.767,16.381,16.815,2143500000.0,0.0,130.99,1.794,1.794,533700000.0,2847500000.0,1920200000.0,1920200000.0,0.0,,,,,7800000.0,411100000.0,1.0,109585620.0,109585620.0,,17.522,4219400000.0,0.0,46300000.0,1349300000.0,38.503,-925800000.0
2,SJM,MRQ,2020-12-31,2021-01-31,2021-01-31,2021-09-07,-303500000.0,16429400000.0,,2078700000.0,14350700000.0,,71.973,-69700000.0,501500000.0,501500000.0,1267300000.0,261500000.0,0.821,1.001,4996100000.0,960600000.0,4035500000.0,4996100000.0,0.0,110500000.0,0.0,0.031,0.9,405000000.0,515500000.0,0.248,515500000.0,405000000.0,361500000.0,2.32,2.32,2.32,8211600000.0,,8211600000.0,18168931673.0,12.0,9.52,416600000.0,3.651,1.0,809400000.0,0.39,12116300000.0,43500000.0,6275300000.0,,897900000.0,0.0,0.0,0.0,8217800000.0,2532400000.0,5685400000.0,13281531673.0,95900000.0,569300000.0,-497900000.0,-314100000.0,-102400000.0,-914800000.0,520000000.0,0.0,486300000.0,4400000.0,261500000.0,261500000.0,261500000.0,0.0,0.0,0.126,403200000.0,406200000.0,896700000.0,0.388,1.617,13.899,13.842,2085700000.0,0.0,116.41,1.625,1.625,604900000.0,2896100000.0,2076700000.0,2076700000.0,0.0,,,,,7500000.0,371700000.0,1.0,114092704.0,114092704.0,,18.202,4313100000.0,0.0,100000000.0,1302900000.0,37.803,-453700000.0
3,SJM,MRQ,2020-09-30,2020-10-31,2020-10-31,2021-09-07,-327500000.0,16929700000.0,,2067100000.0,14862600000.0,,74.645,-52400000.0,405600000.0,405600000.0,1215800000.0,230800000.0,0.768,0.988,5293000000.0,1272800000.0,4020200000.0,5293000000.0,0.0,113600000.0,0.0,0.032,0.9,348600000.0,462200000.0,0.227,462200000.0,348600000.0,303500000.0,2.02,2.02,2.02,8515000000.0,,8515000000.0,17919484848.0,13.0,9.996,326300000.0,2.86,1.0,818200000.0,0.402,12624600000.0,45100000.0,6499700000.0,,993800000.0,0.0,0.0,0.0,8414700000.0,2692800000.0,5721900000.0,12799084848.0,9000000.0,0.0,-900000.0,-216100000.0,-102300000.0,-318500000.0,-51700000.0,0.0,378700000.0,500000.0,230800000.0,230800000.0,230800000.0,0.0,0.0,0.113,437400000.0,380800000.0,857200000.0,0.446,1.503,14.52,14.515,2086100000.0,0.0,112.2,1.586,1.586,577000000.0,3010900000.0,2034000000.0,2034000000.0,0.0,,,,,7500000.0,382800000.0,1.0,114073840.0,114073840.0,,17.831,4305100000.0,0.0,72700000.0,1357100000.0,37.74,-625700000.0
4,SJM,MRQ,2020-06-30,2020-07-31,2020-07-31,2021-09-07,-360900000.0,16902300000.0,,1984800000.0,14917500000.0,,73.176,-76600000.0,396600000.0,396600000.0,1196400000.0,237000000.0,0.957,1.025,5517000000.0,731700000.0,4785300000.0,5517000000.0,0.0,113700000.0,0.0,0.032,0.88,359700000.0,473400000.0,0.24,473400000.0,359700000.0,313600000.0,2.08,2.08,2.08,8345200000.0,,8345200000.0,17857322170.0,14.0,10.088,332400000.0,2.915,1.0,775400000.0,0.393,12682300000.0,46100000.0,7267300000.0,,995000000.0,0.0,0.0,0.0,8557100000.0,2073100000.0,6484000000.0,12470622170.0,5500000.0,0.0,-4600000.0,-252200000.0,-100100000.0,-357300000.0,-49200000.0,0.0,409000000.0,3000000.0,237000000.0,237000000.0,237000000.0,0.0,0.0,0.12,414300000.0,361100000.0,780600000.0,0.423,1.494,14.469,14.464,2086900000.0,0.0,109.35,1.56,1.56,497600000.0,2882300000.0,1971800000.0,1971800000.0,0.0,,,,,5900000.0,357500000.0,1.0,114043184.0,114043184.0,,17.29,4220000000.0,0.0,76600000.0,1353900000.0,37.004,-88300000.0
5,SJM,MRQ,2020-03-31,2020-04-30,2020-04-30,2021-09-07,-379000000.0,16970400000.0,,1972700000.0,14997700000.0,,71.826,-76400000.0,391100000.0,391100000.0,1303600000.0,226300000.0,1.243,1.072,5777800000.0,284500000.0,5493300000.0,5777800000.0,0.0,113400000.0,0.0,0.03,0.88,344000000.0,457400000.0,0.219,457400000.0,344000000.0,298400000.0,1.99,1.99,1.99,8190900000.0,,8190900000.0,18597997962.0,15.0,11.187,211300000.0,1.853,1.0,788400000.0,0.377,12733500000.0,45600000.0,8036500000.0,,895300000.0,0.0,0.0,0.0,8779500000.0,1587100000.0,7192400000.0,13104097962.0,316700000.0,0.0,200000.0,235000000.0,-100100000.0,127400000.0,-93900000.0,0.0,287700000.0,-4500000.0,226300000.0,226300000.0,226300000.0,0.0,0.0,0.108,441700000.0,346700000.0,782000000.0,0.442,1.6,16.811,16.8,2117800000.0,0.0,114.91,1.68,1.68,551400000.0,2746800000.0,2092000000.0,2092000000.0,0.0,,,,,7000000.0,373400000.0,1.0,114037925.0,114037925.0,,18.345,4236900000.0,0.0,72100000.0,1351600000.0,37.153,385600000.0
6,SJM,MRQ,2019-12-31,2020-01-31,2020-01-31,2021-09-07,-266300000.0,16636200000.0,,1602700000.0,15033500000.0,,71.635,-56500000.0,74400000.0,74400000.0,1212300000.0,187400000.0,0.771,1.036,5568300000.0,851500000.0,4716800000.0,5568300000.0,0.0,112100000.0,0.0,0.033,0.88,287600000.0,399700000.0,0.203,399700000.0,287600000.0,242500000.0,1.64,1.64,1.64,8170400000.0,,8170400000.0,17641082464.0,17.0,12.015,465100000.0,4.078,1.0,760000000.0,0.385,12804200000.0,45100000.0,7248500000.0,,958800000.0,0.0,0.0,0.0,8465800000.0,2077400000.0,6388400000.0,11817382464.0,25600000.0,0.0,-800000.0,-319700000.0,-100100000.0,-420900000.0,-73400000.0,0.0,521600000.0,-1700000.0,187400000.0,187400000.0,187400000.0,0.0,0.0,0.095,471000000.0,289000000.0,575000000.0,0.537,1.446,18.917,18.907,2079700000.0,0.0,103.61,1.553,1.553,477300000.0,2620500000.0,1972300000.0,1972300000.0,0.0,,,,,6100000.0,358900000.0,1.0,114056389.0,114056389.0,,17.292,3832000000.0,0.0,55100000.0,1364200000.0,33.597,-474700000.0
7,SJM,MRQ,2019-09-30,2019-10-31,2019-10-31,2021-09-07,-248400000.0,16791000000.0,,1659200000.0,15131800000.0,,70.982,-63400000.0,48800000.0,48800000.0,1203800000.0,211200000.0,0.718,1.074,5872500000.0,1171800000.0,4700700000.0,5872500000.0,0.0,111400000.0,0.0,0.032,0.88,328200000.0,439600000.0,0.225,439600000.0,328200000.0,279100000.0,1.85,1.85,1.85,8095300000.0,,8095300000.0,17940065903.0,19.0,12.922,160600000.0,1.408,1.0,754000000.0,0.385,12916300000.0,49100000.0,7388300000.0,,1013300000.0,0.0,0.0,0.0,8695700000.0,2310100000.0,6385600000.0,12052565903.0,0.0,0.0,-600000.0,-72900000.0,-100100000.0,-172600000.0,-52100000.0,0.0,224000000.0,700000.0,211200000.0,211200000.0,211200000.0,0.0,0.0,0.108,424200000.0,329800000.0,521800000.0,0.476,1.489,21.573,21.523,2068700000.0,0.0,105.68,1.575,1.575,522400000.0,2533000000.0,1957800000.0,1957800000.0,0.0,,,,,7500000.0,361500000.0,1.0,114047747.0,114047747.0,,17.166,3874700000.0,0.0,67900000.0,1377600000.0,33.974,-650900000.0
8,SJM,MRQ,2019-06-30,2019-07-31,2019-07-31,2021-09-07,-216700000.0,16791600000.0,,1613500000.0,15178100000.0,,70.402,-73000000.0,48800000.0,48800000.0,1079300000.0,154600000.0,0.704,1.097,5936300000.0,1138100000.0,4798200000.0,5936300000.0,0.0,109600000.0,0.0,0.031,0.85,256100000.0,365700000.0,0.206,365700000.0,256100000.0,206700000.0,1.36,1.36,1.36,8007700000.0,,8007700000.0,18456545587.0,20.0,13.346,148500000.0,1.306,1.0,699600000.0,0.393,12974400000.0,49400000.0,7413900000.0,,1013300000.0,0.0,0.0,0.0,8783900000.0,2290800000.0,6493100000.0,12647045587.0,-52500000.0,0.0,4100000.0,-130000000.0,-96500000.0,-222600000.0,-52100000.0,0.0,221500000.0,700000.0,154600000.0,154600000.0,154600000.0,0.0,0.0,0.087,442000000.0,257600000.0,503100000.0,0.625,1.579,23.595,23.557,2058400000.0,0.0,111.19,1.639,1.639,473700000.0,2421900000.0,1778900000.0,1778900000.0,0.0,,,,,6200000.0,380500000.0,1.0,113742653.0,113742653.0,,15.64,3817200000.0,0.0,52100000.0,1387200000.0,33.56,-677300000.0
9,SJM,MRQ,2019-03-31,2019-04-30,2019-04-30,2021-09-07,-181800000.0,16711300000.0,,1625200000.0,15086100000.0,,70.072,-92600000.0,101300000.0,101300000.0,1209700000.0,71500000.0,0.694,1.097,5910800000.0,1224500000.0,4686300000.0,5910800000.0,0.0,112300000.0,0.0,0.027,0.85,151000000.0,263300000.0,0.138,263300000.0,151000000.0,101900000.0,0.63,0.63,0.63,7970500000.0,,7970500000.0,19831341389.0,22.0,14.627,181600000.0,1.597,1.0,692400000.0,0.364,13029700000.0,49100000.0,7149600000.0,,910300000.0,0.0,0.0,0.0,8740800000.0,2341500000.0,6399300000.0,13948741389.0,-105200000.0,-1900000.0,-200000.0,-178000000.0,-96500000.0,-274600000.0,-101400000.0,0.0,274200000.0,-3400000.0,71500000.0,71500000.0,71500000.0,0.0,0.0,0.038,538800000.0,153600000.0,591000000.0,1.349,1.75,27.117,27.131,1912400000.0,0.0,122.63,1.78,1.78,503800000.0,2367600000.0,1902100000.0,1902100000.0,0.0,,,,,4200000.0,369800000.0,1.0,113746566.0,113746566.0,,16.722,3681600000.0,0.0,30400000.0,1398600000.0,32.367,-716300000.0
10,SJM,MRQ,2018-12-31,2019-01-31,2019-01-31,2021-09-07,-153300000.0,16927600000.0,,1726200000.0,15201400000.0,,70.515,-88100000.0,206500000.0,206500000.0,1238100000.0,121400000.0,0.95,1.11,6089100000.0,803300000.0,5285800000.0,6089100000.0,0.0,110900000.0,0.0,0.031,0.85,208800000.0,319700000.0,0.159,319700000.0,208800000.0,157200000.0,1.07,1.07,1.07,8021600000.0,,8021600000.0,18034852989.0,17.0,11.981,333000000.0,2.927,1.0,773800000.0,0.385,13197900000.0,51600000.0,7795900000.0,,924700000.0,0.0,0.0,0.0,8906000000.0,1816400000.0,7089600000.0,11930952989.0,35300000.0,-700000.0,-200000.0,-186000000.0,-96500000.0,-282600000.0,-103900000.0,0.0,421100000.0,700000.0,121400000.0,121400000.0,121400000.0,0.0,0.0,0.06,556200000.0,217600000.0,519600000.0,0.794,1.487,18.974,18.931,1847900000.0,0.0,104.88,1.546,1.546,502600000.0,2392600000.0,2011900000.0,2011900000.0,0.0,,,,,6000000.0,373100000.0,1.0,113758133.0,113758133.0,,17.686,3729700000.0,0.0,35800000.0,1449600000.0,32.786,-90200000.0
11,SJM,MRQ,2018-09-30,2018-10-31,2018-10-31,2021-09-07,-116400000.0,17174200000.0,,1787200000.0,15387000000.0,,70.601,-77800000.0,171200000.0,171200000.0,1250200000.0,188500000.0,1.246,1.139,6275100000.0,390000000.0,5885100000.0,6275100000.0,0.0,111200000.0,0.0,0.029,0.85,323000000.0,434200000.0,0.215,434200000.0,323000000.0,269400000.0,1.66,1.66,1.66,8030000000.0,,8030000000.0,18842952499.0,18.0,13.009,125100000.0,1.1,1.0,771300000.0,0.382,13400200000.0,53600000.0,8443400000.0,,966200000.0,0.0,0.0,0.0,9144200000.0,1434500000.0,7709700000.0,12320052499.0,-20800000.0,374100000.0,-300000.0,-440000000.0,-96500000.0,-534300000.0,312600000.0,0.0,202900000.0,-2000000.0,188500000.0,188500000.0,188500000.0,0.0,0.0,0.093,440800000.0,330500000.0,552400000.0,0.512,1.534,9.203,9.187,1818700000.0,0.0,108.32,1.619,1.619,561900000.0,2367600000.0,2021500000.0,2021500000.0,0.0,,,,,5900000.0,382400000.0,1.0,113737560.0,113737560.0,,17.773,3774000000.0,0.0,80900000.0,1525300000.0,33.182,352700000.0
12,SJM,MRQ,2018-06-30,2018-07-31,2018-07-31,2021-09-07,-118800000.0,17513000000.0,,1805800000.0,15707200000.0,,69.853,-101300000.0,192000000.0,192000000.0,1224300000.0,133000000.0,1.17,1.208,6714900000.0,530000000.0,6184900000.0,6714900000.0,0.0,111900000.0,0.0,0.028,0.78,226700000.0,338600000.0,0.178,338600000.0,226700000.0,173100000.0,1.17,1.17,1.17,7930800000.0,,7930800000.0,17255421534.0,17.0,11.902,141700000.0,1.248,1.0,678200000.0,0.356,13717000000.0,53600000.0,8774900000.0,,1017400000.0,0.0,0.0,0.0,9582200000.0,1544000000.0,8038200000.0,12616021534.0,-600000.0,-1905000000.0,-4700000.0,1886000000.0,-88400000.0,1790500000.0,-2031500000.0,0.0,243000000.0,-2600000.0,133000000.0,133000000.0,133000000.0,0.0,0.0,0.07,451300000.0,226900000.0,532100000.0,0.667,1.591,9.381,9.385,1827900000.0,0.0,111.12,1.68,1.68,504200000.0,2275600000.0,1902500000.0,1902500000.0,0.0,,,,,4600000.0,383300000.0,1.0,113535111.0,113535111.0,,16.757,3796000000.0,0.0,40100000.0,1550200000.0,33.435,261800000.0
13,SJM,MRQ,2018-03-31,2018-04-30,2018-04-30,2021-09-07,-116700000.0,15301200000.0,,1555000000.0,13746200000.0,,69.464,-107100000.0,192600000.0,192600000.0,1090800000.0,185900000.0,1.504,0.939,4832000000.0,144000000.0,4688000000.0,4832000000.0,0.0,101200000.0,0.0,0.027,0.78,311600000.0,412800000.0,0.232,412800000.0,311600000.0,264200000.0,1.64,1.63,1.64,7891100000.0,,7891100000.0,17715690119.0,17.0,12.233,207300000.0,1.825,1.0,690500000.0,0.388,11858700000.0,47400000.0,7048100000.0,,854400000.0,0.0,0.0,0.0,7410100000.0,1033800000.0,6376300000.0,12959390119.0,6400000.0,0.0,3800000.0,-110000000.0,-88900000.0,-196800000.0,-105800000.0,0.0,314400000.0,-5400000.0,185900000.0,185900000.0,185900000.0,0.0,0.0,0.104,377800000.0,312700000.0,512100000.0,0.476,1.642,9.681,9.676,1729100000.0,0.0,114.08,1.761,1.761,385600000.0,2239200000.0,1781300000.0,1781300000.0,0.0,,,,,-1400000.0,324000000.0,1.0,113599142.0,113599142.0,,15.681,3442500000.0,0.0,78300000.0,1377200000.0,30.304,521200000.0
14,SJM,MRQ,2017-12-31,2018-01-31,2018-01-31,2021-09-07,-91100000.0,15329200000.0,,1609900000.0,13719300000.0,,68.7,-71400000.0,186200000.0,186200000.0,1174800000.0,831300000.0,1.477,0.964,4942500000.0,254000000.0,4688500000.0,4942500000.0,0.0,103700000.0,0.0,0.024,0.78,159100000.0,262800000.0,0.138,262800000.0,159100000.0,116000000.0,7.32,7.32,7.32,7804200000.0,,7804200000.0,19491693627.0,21.0,14.527,397600000.0,3.5,1.0,728500000.0,0.383,11920200000.0,43100000.0,7075400000.0,,909100000.0,0.0,0.0,0.0,7525000000.0,1089900000.0,6435100000.0,14414393627.0,5900000.0,0.0,-200000.0,-310700000.0,-88000000.0,-404000000.0,-65500000.0,0.0,469000000.0,6400000.0,831300000.0,831300000.0,831300000.0,0.0,0.0,0.437,564500000.0,164000000.0,471200000.0,0.107,1.847,11.412,11.411,1633700000.0,0.0,126.89,1.959,1.959,422700000.0,2126700000.0,1903300000.0,1903300000.0,0.0,,,,,4100000.0,330600000.0,1.0,113597554.0,113597554.0,,16.755,3409000000.0,0.0,-715300000.0,1380600000.0,30.009,520000000.0
15,SJM,MRQ,2017-09-30,2017-10-31,2017-10-31,2021-09-07,-113700000.0,15702000000.0,,1785800000.0,13916200000.0,,61.948,-60400000.0,180300000.0,180300000.0,1168600000.0,194600000.0,0.963,1.232,5257600000.0,963500000.0,4294100000.0,5257600000.0,0.0,102200000.0,0.0,0.029,0.78,333400000.0,435600000.0,0.226,435600000.0,333400000.0,291800000.0,1.71,1.71,1.71,7036300000.0,,7036300000.0,17090448951.0,17.0,12.025,69900000.0,0.615,1.0,755000000.0,0.392,12137600000.0,41600000.0,6787200000.0,,1011700000.0,0.0,0.0,0.0,8665700000.0,1854500000.0,6811200000.0,12045648951.0,-2900000.0,0.0,-100000.0,30100000.0,-88500000.0,-61100000.0,-68200000.0,0.0,130300000.0,-3900000.0,194600000.0,194600000.0,194600000.0,0.0,0.0,0.101,422900000.0,332100000.0,507400000.0,0.456,1.712,21.267,21.381,1615700000.0,0.0,106.05,1.642,1.642,481600000.0,1383800000.0,1923600000.0,1923600000.0,0.0,,,,,6100000.0,359500000.0,1.0,113584620.0,113584620.0,,16.935,3564400000.0,0.0,97200000.0,2172200000.0,31.381,-68700000.0
16,SJM,MRQ,2017-06-30,2017-07-31,2017-07-31,2021-09-07,-106700000.0,15641600000.0,,1692100000.0,13949500000.0,,61.108,-69600000.0,183200000.0,183200000.0,1086800000.0,126800000.0,0.966,1.256,5228000000.0,783200000.0,4444800000.0,5228000000.0,0.0,106000000.0,0.0,0.025,0.75,231000000.0,337000000.0,0.193,337000000.0,231000000.0,189000000.0,1.12,1.12,1.12,6931900000.0,,6931900000.0,19059614836.0,19.0,13.644,234700000.0,2.069,1.0,662100000.0,0.379,12196400000.0,42000000.0,6739100000.0,,981300000.0,0.0,0.0,0.0,8709700000.0,1750900000.0,6958800000.0,13827914836.0,16400000.0,0.0,-6600000.0,-170100000.0,-84900000.0,-260100000.0,-38100000.0,0.0,304300000.0,10300000.0,126800000.0,126800000.0,126800000.0,0.0,0.0,0.073,426900000.0,235200000.0,477600000.0,0.67,1.995,25.183,25.556,1595700000.0,0.0,121.9,1.888,1.888,433700000.0,1277800000.0,1748900000.0,1748900000.0,0.0,,,,,6600000.0,348800000.0,1.0,113436545.0,113436545.0,,15.417,3445200000.0,0.0,62200000.0,2170100000.0,30.371,-58800000.0
17,SJM,MRQ,2017-03-31,2017-04-30,2017-04-30,2021-09-07,-143400000.0,15639700000.0,,1641800000.0,13997900000.0,,58.83,-55700000.0,166800000.0,166800000.0,1137000000.0,110400000.0,0.896,1.283,5398500000.0,953000000.0,4445500000.0,5398500000.0,0.0,104200000.0,0.0,0.023,0.75,202200000.0,306400000.0,0.172,306400000.0,202200000.0,161900000.0,0.97,0.96,0.97,6850200000.0,,6850200000.0,19702822021.0,19.0,13.49,208500000.0,1.791,1.0,646800000.0,0.363,12227000000.0,40300000.0,6811800000.0,,905700000.0,0.0,0.0,0.0,8789500000.0,1832600000.0,6956900000.0,14755422021.0,27200000.0,0.0,-418600000.0,512000000.0,-87200000.0,-193700000.0,-3200000.0,40600000.0,264200000.0,-1700000.0,110400000.0,110400000.0,110400000.0,0.0,0.0,0.062,439000000.0,207800000.0,477200000.0,0.773,2.154,24.912,24.798,1617500000.0,0.0,126.72,1.996,1.996,438700000.0,1240500000.0,1783800000.0,1783800000.0,0.0,,,,,0.0,323300000.0,1.0,116441146.0,116441146.0,,15.319,3412700000.0,0.0,51500000.0,2167000000.0,29.308,-190800000.0
18,SJM,MRQ,2016-12-31,2017-01-31,2017-01-31,2021-09-07,-146400000.0,15811700000.0,,1690900000.0,14120800000.0,,62.197,-52200000.0,139600000.0,139600000.0,1155900000.0,134600000.0,1.696,1.183,5087000000.0,142000000.0,4945000000.0,5087000000.0,0.0,104300000.0,0.0,0.021,0.75,237900000.0,342200000.0,0.182,342200000.0,237900000.0,197600000.0,1.16,1.16,1.16,7241900000.0,,7241900000.0,21047204138.0,19.0,13.927,367300000.0,3.155,1.0,722900000.0,0.385,12346700000.0,40300000.0,7415200000.0,,995600000.0,0.0,0.0,0.0,8569800000.0,997200000.0,7572600000.0,15817604138.0,17800000.0,0.0,-200000.0,-264000000.0,-87200000.0,-351300000.0,-51800000.0,0.0,419500000.0,1400000.0,134600000.0,134600000.0,134600000.0,0.0,0.0,0.072,485200000.0,237700000.0,428500000.0,0.647,2.184,23.507,23.626,1574300000.0,0.0,135.85,2.133,2.133,421400000.0,1480700000.0,1878800000.0,1878800000.0,0.0,,,,,6900000.0,337200000.0,1.0,116434333.0,116434333.0,,16.136,3465000000.0,0.0,63000000.0,2246300000.0,29.759,693700000.0
19,SJM,MRQ,2016-09-30,2016-10-31,2016-10-31,2021-09-07,-156100000.0,16058200000.0,,1805200000.0,14253000000.0,,61.675,-33800000.0,121800000.0,121800000.0,1171000000.0,177300000.0,1.382,1.236,5351400000.0,406000000.0,4945400000.0,5351400000.0,0.0,104800000.0,0.0,0.021,0.75,306500000.0,411300000.0,0.215,411300000.0,306500000.0,265500000.0,1.52,1.52,1.52,7180100000.0,,7180100000.0,20528944691.0,18.0,12.869,102600000.0,0.881,1.0,742900000.0,0.388,12467300000.0,41000000.0,7514200000.0,,1028400000.0,0.0,0.0,0.0,8878100000.0,1306300000.0,7571800000.0,15286844691.0,12200000.0,0.0,-700000.0,0.0,-87100000.0,-87900000.0,-33800000.0,0.0,136400000.0,-2500000.0,177300000.0,177300000.0,177300000.0,0.0,0.0,0.093,439600000.0,303300000.0,435800000.0,0.493,2.129,21.126,21.386,1586700000.0,0.0,131.31,2.035,2.035,517800000.0,1433400000.0,1913900000.0,1913900000.0,0.0,,,,,7000000.0,363100000.0,1.0,116417978.0,116417978.0,,16.44,3590900000.0,0.0,88200000.0,2245000000.0,30.845,498900000.0
20,SJM,MRQ,2016-06-30,2016-07-31,2016-07-31,2021-09-07,-145900000.0,16061800000.0,,1740700000.0,14321100000.0,,60.948,-50200000.0,109600000.0,109600000.0,1093100000.0,170000000.0,1.351,1.264,5351700000.0,306000000.0,5045700000.0,5351700000.0,0.0,105700000.0,0.0,0.017,0.67,294900000.0,400600000.0,0.221,400600000.0,294900000.0,253400000.0,1.46,1.46,1.46,7095900000.0,,7095900000.0,23268483804.0,20.0,14.508,188700000.0,1.621,1.0,722700000.0,0.398,12525100000.0,41500000.0,7490400000.0,,1014600000.0,0.0,0.0,0.0,8965900000.0,1288400000.0,7677500000.0,17948283804.0,-200000.0,0.0,-18100000.0,-78000000.0,-77800000.0,-173200000.0,-62500000.0,0.0,238900000.0,-3400000.0,170000000.0,170000000.0,170000000.0,0.0,0.0,0.094,428900000.0,293800000.0,452000000.0,0.459,2.529,24.849,25.314,1598500000.0,0.0,154.16,2.339,2.339,523000000.0,1343500000.0,1815800000.0,1815800000.0,0.0,,,,,8100000.0,356000000.0,1.0,116426335.0,116426335.0,,15.596,3536700000.0,0.0,83400000.0,2245100000.0,30.377,452300000.0
21,SJM,MRQ,2016-03-31,2016-04-30,2016-04-30,2021-09-07,-148400000.0,15984100000.0,,1573400000.0,14410700000.0,,58.558,-36800000.0,109800000.0,109800000.0,1119600000.0,191000000.0,1.297,1.281,5430000000.0,284000000.0,5146000000.0,5430000000.0,0.0,106400000.0,0.0,0.021,0.67,250700000.0,357100000.0,0.198,357100000.0,250700000.0,210200000.0,1.61,1.6,1.61,7008500000.0,,7008500000.0,20341311525.0,18.0,12.882,299400000.0,2.502,1.0,688000000.0,0.381,12585500000.0,40500000.0,7505800000.0,,899400000.0,0.0,0.0,0.0,8975600000.0,1213000000.0,7762600000.0,15197511525.0,-30700000.0,-7900000.0,-433300000.0,946000000.0,-80100000.0,-367200000.0,-50400000.0,0.0,336200000.0,9300000.0,191000000.0,191000000.0,191000000.0,0.0,0.0,0.106,441900000.0,246100000.0,459400000.0,0.416,2.168,22.067,22.007,1627700000.0,0.0,126.98,1.946,1.946,450100000.0,1267700000.0,1807600000.0,1807600000.0,0.0,,,,,7700000.0,351800000.0,1.0,119684293.0,119684293.0,,15.103,3398600000.0,0.0,19200000.0,2230300000.0,28.396,360400000.0
22,SJM,MRQ,2015-12-31,2016-01-31,2016-01-31,2021-09-07,-146800000.0,16281500000.0,,1798400000.0,14483100000.0,,61.212,-43400000.0,140500000.0,140500000.0,1210100000.0,185300000.0,1.788,1.223,5284300000.0,138000000.0,5146300000.0,5284300000.0,0.0,107300000.0,0.0,0.02,0.67,318900000.0,426200000.0,0.216,426200000.0,318900000.0,275300000.0,1.55,1.55,1.55,7325500000.0,,7325500000.0,21082184195.0,26.0,17.576,498900000.0,4.169,1.0,763800000.0,0.387,12659900000.0,43600000.0,7759400000.0,,942000000.0,0.0,0.0,0.0,8956000000.0,1006000000.0,7950000000.0,15356684195.0,1500000.0,177700000.0,-400000.0,-582000000.0,-80000000.0,-662300000.0,126700000.0,0.0,542300000.0,-5200000.0,185300000.0,185300000.0,185300000.0,0.0,0.0,0.094,445500000.0,318300000.0,371000000.0,0.432,2.096,37.694,39.975,1623900000.0,0.0,128.32,2.061,2.061,503800000.0,1415000000.0,1973900000.0,1973900000.0,0.0,,,,,10500000.0,381100000.0,1.0,119674908.0,119674908.0,,16.494,3621600000.0,0.0,90000000.0,2461800000.0,30.262,792400000.0
23,SJM,MRQ,2015-09-30,2015-10-31,2015-10-31,2021-09-07,-128800000.0,16694800000.0,,2006000000.0,14688800000.0,,60.445,-64200000.0,139000000.0,139000000.0,1290400000.0,176000000.0,1.771,1.308,5864500000.0,370000000.0,5494500000.0,5864500000.0,0.0,107700000.0,0.0,0.022,0.67,312200000.0,419900000.0,0.202,419900000.0,312200000.0,269600000.0,1.47,1.47,1.47,7233200000.0,,7233200000.0,19911182919.0,27.0,18.24,211300000.0,1.766,1.0,787300000.0,0.379,12840900000.0,42600000.0,8446700000.0,,1051400000.0,0.0,0.0,0.0,9461600000.0,1132700000.0,8328900000.0,14047482919.0,5400000.0,0.0,-500000.0,-132600000.0,-80100000.0,-213200000.0,-57900000.0,0.0,275500000.0,1000000.0,176000000.0,176000000.0,176000000.0,0.0,0.0,0.085,473500000.0,313800000.0,341400000.0,0.456,1.942,36.678,36.231,1661500000.0,0.0,117.39,2.031,2.031,605400000.0,1309900000.0,2077700000.0,2077700000.0,0.0,,,,,8700000.0,389800000.0,1.0,119665073.0,119665073.0,,17.363,3853900000.0,0.0,93600000.0,2477300000.0,32.206,873300000.0
24,SJM,MRQ,2015-06-30,2015-07-31,2015-07-31,2021-09-07,-130900000.0,16758400000.0,,2025500000.0,14732900000.0,,59.582,-53000000.0,133600000.0,133600000.0,1223300000.0,136400000.0,1.912,1.35,5997300000.0,302600000.0,5694700000.0,5997300000.0,0.0,108700000.0,0.0,0.023,0.64,267200000.0,375900000.0,0.193,375900000.0,267200000.0,222800000.0,1.14,1.14,1.14,7130000000.0,,7130000000.0,19410860879.0,29.0,19.609,254000000.0,2.123,1.0,728700000.0,0.373,12893100000.0,44400000.0,8669900000.0,,1150800000.0,0.0,0.0,0.0,9628400000.0,1059100000.0,8569300000.0,13365560879.0,8000000.0,7900000.0,-6900000.0,-173400000.0,-76400000.0,-256200000.0,-38100000.0,0.0,307000000.0,-4700000.0,136400000.0,136400000.0,136400000.0,0.0,0.0,0.07,461600000.0,267100000.0,347100000.0,0.561,1.875,36.588,33.642,1656800000.0,0.0,111.69,2.115,2.115,507900000.0,1214000000.0,1952000000.0,1952000000.0,0.0,,,,,7700000.0,387600000.0,1.0,119666585.0,119666585.0,,16.312,3865300000.0,0.0,86400000.0,2522200000.0,32.301,966400000.0
25,SJM,MRQ,2015-03-31,2015-04-30,2015-04-30,2021-09-07,-109800000.0,16806300000.0,,1983900000.0,14822400000.0,,69.642,-84600000.0,125600000.0,125600000.0,1016500000.0,-90300000.0,1.94,1.371,6170900000.0,226000000.0,5944900000.0,6170900000.0,0.0,77800000.0,0.0,0.022,0.64,-100300000.0,-22500000.0,-0.016,-22500000.0,-100300000.0,-129800000.0,-0.95,-0.95,-0.95,7086900000.0,,7086900000.0,13864418737.0,23.0,15.934,142900000.0,1.404,1.0,430600000.0,0.298,12961900000.0,29500000.0,8867100000.0,,1163600000.0,0.0,0.0,0.0,9719400000.0,1022600000.0,8696800000.0,11796318737.0,13900000.0,80500000.0,-9000000.0,5444500000.0,-65000000.0,1135700000.0,7900000.0,0.0,227500000.0,-6600000.0,-90300000.0,-90300000.0,-90300000.0,0.0,0.0,-0.062,360100000.0,70500000.0,402800000.0,-0.674,1.665,34.202,34.811,1678300000.0,0.0,115.92,2.072,2.072,430100000.0,1159200000.0,1447100000.0,1447100000.0,0.0,,,,,7600000.0,288200000.0,1.0,101762584.0,101762584.0,,14.22,3844400000.0,0.0,-39500000.0,2397000000.0,37.778,961300000.0
26,SJM,MRQ,2014-12-31,2015-01-31,2015-01-31,2021-09-07,-109500000.0,9095600000.0,,1515600000.0,7580000000.0,,51.31,-48000000.0,111700000.0,111700000.0,917100000.0,160900000.0,2.134,0.741,2179800000.0,288000000.0,1891800000.0,2179800000.0,0.0,63100000.0,0.0,0.024,0.64,255200000.0,318300000.0,0.221,318300000.0,255200000.0,238400000.0,1.58,1.58,1.58,5224200000.0,,5224200000.0,12833829533.0,14.0,11.082,379700000.0,3.729,1.0,522900000.0,0.363,6108800000.0,16800000.0,4344800000.0,,944200000.0,0.0,0.0,0.0,3871400000.0,710100000.0,3161300000.0,10502429533.0,6400000.0,-200000.0,-4000000.0,-281900000.0,-65100000.0,-350100000.0,-58900000.0,0.0,427700000.0,-12300000.0,160900000.0,160900000.0,160900000.0,0.0,0.0,0.112,267800000.0,255100000.0,232300000.0,0.405,2.01,18.968,18.927,1323300000.0,0.0,103.15,1.917,1.917,373900000.0,1326000000.0,1440000000.0,1440000000.0,0.0,,,,,3800000.0,237300000.0,1.0,101817058.0,101817058.0,,14.143,2986800000.0,0.0,77500000.0,1025600000.0,29.335,805500000.0
27,SJM,MRQ,2014-09-30,2014-10-31,2014-10-31,2021-09-07,-74200000.0,9334800000.0,,1725800000.0,7609000000.0,,50.728,-64700000.0,105300000.0,105300000.0,945300000.0,158300000.0,1.719,0.807,2436700000.0,545900000.0,1890800000.0,2436700000.0,0.0,63100000.0,0.0,0.023,0.64,255100000.0,318200000.0,0.215,318200000.0,255100000.0,238900000.0,1.55,1.55,1.55,5165000000.0,,5165000000.0,12790703464.0,14.0,10.935,27300000.0,0.268,1.0,536500000.0,0.362,6146300000.0,16200000.0,4515800000.0,,1065200000.0,0.0,0.0,0.0,4169800000.0,1004100000.0,3165700000.0,10589003464.0,-44100000.0,-80300000.0,-700000.0,75900000.0,-65000000.0,11800000.0,-142000000.0,0.0,92000000.0,-5900000.0,158300000.0,158300000.0,158300000.0,0.0,0.0,0.107,281700000.0,254800000.0,251300000.0,0.413,2.05,18.926,19.048,1305000000.0,0.0,104.0,1.923,1.923,453200000.0,1231000000.0,1481800000.0,1481800000.0,0.0,,,,,5200000.0,252400000.0,1.0,101817341.0,101817341.0,,14.554,3188500000.0,0.0,80600000.0,1028200000.0,31.316,721700000.0
28,SJM,MRQ,2014-06-30,2014-07-31,2014-07-31,2021-09-07,-56900000.0,9250200000.0,,1728200000.0,7522000000.0,,49.923,-47800000.0,149400000.0,149400000.0,845100000.0,116000000.0,1.695,0.819,2351100000.0,470000000.0,1881100000.0,2351100000.0,0.0,63200000.0,0.0,0.023,0.58,192900000.0,256100000.0,0.193,256100000.0,192900000.0,175500000.0,1.14,1.14,1.14,5084400000.0,,5084400000.0,12222482493.0,13.0,10.481,-55900000.0,-0.549,1.0,478700000.0,0.362,6098300000.0,17400000.0,4334300000.0,,1084500000.0,0.0,0.0,0.0,4165800000.0,1019300000.0,3146500000.0,10147782493.0,-4100000.0,0.0,-10600000.0,121600000.0,-58900000.0,59900000.0,-52100000.0,0.0,-8100000.0,-3800000.0,116000000.0,116000000.0,116000000.0,0.0,0.0,0.088,287100000.0,191600000.0,279400000.0,0.509,1.996,18.297,18.555,1274700000.0,0.0,99.64,1.817,1.817,392500000.0,1137700000.0,1323800000.0,1323800000.0,0.0,,,,,6900000.0,253400000.0,1.0,101844465.0,101844465.0,,12.998,3151900000.0,0.0,59500000.0,1019900000.0,30.948,708900000.0
29,SJM,MRQ,2014-03-31,2014-04-30,2014-04-30,2021-09-07,-51600000.0,9060200000.0,,1539100000.0,7521100000.0,,48.507,-121700000.0,153500000.0,153500000.0,794000000.0,118500000.0,1.738,0.801,2216300000.0,343200000.0,1873100000.0,2216300000.0,0.0,65100000.0,0.0,0.023,0.58,200400000.0,265500000.0,0.215,265500000.0,200400000.0,183700000.0,1.18,1.18,1.18,5029600000.0,,5029600000.0,11885446236.0,13.0,10.026,145200000.0,1.4,1.0,440300000.0,0.357,6122500000.0,16700000.0,4114700000.0,,931000000.0,0.0,0.0,0.0,4030600000.0,885800000.0,3144800000.0,10024646236.0,-15100000.0,0.0,-281900000.0,198400000.0,-60600000.0,-170300000.0,-113100000.0,10000000.0,266900000.0,1400000.0,118500000.0,118500000.0,118500000.0,0.0,0.0,0.096,248900000.0,191400000.0,289200000.0,0.492,1.993,17.736,17.838,1265600000.0,0.0,96.68,1.787,1.787,309400000.0,1091000000.0,1234300000.0,1234300000.0,0.0,,,,,4900000.0,218000000.0,1.0,103688935.0,103688935.0,,11.904,2937700000.0,0.0,65200000.0,1020700000.0,28.332,653300000.0
30,SJM,MRQ,2013-12-31,2014-01-31,2014-01-31,2021-09-07,-94300000.0,8989000000.0,,1508100000.0,7480900000.0,,49.504,-65100000.0,168600000.0,168600000.0,920300000.0,166700000.0,2.479,0.727,2029400000.0,150000000.0,1879400000.0,2029400000.0,0.0,65000000.0,0.0,0.023,0.58,264900000.0,329900000.0,0.225,329900000.0,264900000.0,246500000.0,1.59,1.59,1.59,5204800000.0,,5204800000.0,12224377267.0,13.0,10.211,356000000.0,3.386,1.0,545200000.0,0.372,6145100000.0,18400000.0,4096400000.0,,864800000.0,0.0,0.0,0.0,3784200000.0,608300000.0,3175900000.0,10134277267.0,18100000.0,200000.0,-61400000.0,-207000000.0,-61000000.0,-329300000.0,-64300000.0,0.0,421100000.0,-9400000.0,166700000.0,166700000.0,166700000.0,0.0,0.0,0.114,281700000.0,263500000.0,220200000.0,0.365,1.947,17.564,17.654,1185300000.0,0.0,96.39,1.773,1.773,365200000.0,1201000000.0,1465500000.0,1465500000.0,0.0,,,,,5700000.0,250300000.0,1.0,105138264.0,105138264.0,,13.939,2843900000.0,0.0,79800000.0,1004400000.0,27.049,899800000.0
31,SJM,MRQ,2013-09-30,2013-10-31,2013-10-31,2021-09-07,-83000000.0,9246000000.0,,1762300000.0,7483700000.0,,49.159,-46800000.0,150500000.0,150500000.0,1007300000.0,153400000.0,1.967,0.789,2240600000.0,357000000.0,1883600000.0,2240600000.0,0.0,64200000.0,0.0,0.019,0.58,250500000.0,314700000.0,0.202,314700000.0,250500000.0,230000000.0,1.46,1.46,1.46,5167900000.0,,5167900000.0,13635683145.0,15.0,11.492,39100000.0,0.372,1.0,552600000.0,0.354,6176900000.0,20500000.0,4263200000.0,,1023700000.0,0.0,0.0,0.0,4078100000.0,896000000.0,3182100000.0,11691083145.0,-7000000.0,-102000000.0,100000.0,122000000.0,-61000000.0,59700000.0,-150600000.0,0.0,85900000.0,-2000000.0,153400000.0,153400000.0,153400000.0,0.0,0.0,0.098,301800000.0,250800000.0,261600000.0,0.397,2.262,20.711,21.023,1163200000.0,0.0,111.21,2.012,2.012,464200000.0,1133200000.0,1559900000.0,1559900000.0,0.0,,,,,6700000.0,270300000.0,1.0,105126186.0,105126186.0,,14.838,3069100000.0,0.0,76600000.0,999800000.0,29.194,866300000.0
32,SJM,MRQ,2013-06-30,2013-07-31,2013-07-31,2021-09-07,-79300000.0,9033900000.0,,1629900000.0,7404000000.0,,47.887,-35200000.0,157500000.0,157500000.0,858000000.0,126600000.0,2.03,0.78,2102100000.0,235000000.0,1867100000.0,2102100000.0,0.0,62100000.0,0.0,0.018,0.52,213300000.0,275400000.0,0.204,275400000.0,213300000.0,189500000.0,1.19,1.19,1.19,5075100000.0,,5075100000.0,13686368505.0,15.0,11.577,46900000.0,0.443,1.0,492900000.0,0.365,6115300000.0,23800000.0,4060100000.0,,1059300000.0,0.0,0.0,0.0,3958800000.0,803100000.0,3155700000.0,11924968505.0,-98900000.0,0.0,-165300000.0,85000000.0,-55400000.0,-135600000.0,-42300000.0,0.0,82100000.0,-3100000.0,126600000.0,126600000.0,126600000.0,0.0,0.0,0.094,279600000.0,213300000.0,264800000.0,0.437,2.35,21.298,21.68,1139200000.0,0.0,112.52,2.028,2.028,357300000.0,1040800000.0,1350900000.0,1350900000.0,0.0,,,,,5600000.0,250200000.0,1.0,105980879.0,105980879.0,,12.747,2918600000.0,0.0,62900000.0,979800000.0,27.539,826800000.0
33,SJM,MRQ,2013-03-31,2013-04-30,2013-04-30,2021-09-07,-76600000.0,9031800000.0,,1595200000.0,7436600000.0,,48.004,-59800000.0,256400000.0,256400000.0,860000000.0,130300000.0,2.673,0.754,2017800000.0,50000000.0,1967800000.0,2017800000.0,0.0,63300000.0,0.0,0.02,0.52,213900000.0,277200000.0,0.207,277200000.0,213900000.0,191800000.0,1.22,1.22,1.22,5148800000.0,,5148800000.0,12701921649.0,14.0,10.935,112400000.0,1.048,1.0,479700000.0,0.358,6142300000.0,22100000.0,4054100000.0,,945500000.0,0.0,0.0,0.0,3883000000.0,596800000.0,3286200000.0,11072227649.0,-182400000.0,0.0,-188400000.0,-50000000.0,-56300000.0,-293800000.0,-59400000.0,0.0,172200000.0,-1400000.0,130300000.0,130300000.0,130300000.0,0.0,0.0,0.097,265700000.0,214000000.0,285800000.0,0.426,2.15,20.346,20.646,1142500000.0,0.0,103.23,1.877,1.877,313700000.0,1075500000.0,1339700000.0,1339700000.0,0.0,,,,,5500000.0,233500000.0,1.0,107257848.0,107257848.0,,12.49,2889500000.0,0.0,61500000.0,987200000.0,26.94,998400000.0
34,SJM,MRQ,2012-12-31,2013-01-31,2013-01-31,2021-09-07,-74859000.0,9184454000.0,,1745945000.0,7438509000.0,,48.498,-45500000.0,438814000.0,438814000.0,1023400000.0,154200000.0,2.942,0.746,2068508000.0,50000000.0,2018508000.0,2068508000.0,0.0,61400000.0,0.0,0.023,0.52,257800000.0,319200000.0,0.205,319200000.0,257800000.0,234000000.0,1.42,1.42,1.42,5260236000.0,,5260236000.0,11478786974.0,13.0,10.084,278500000.0,2.568,1.0,536200000.0,0.344,6167770000.0,23800000.0,4052915000.0,,878156000.0,0.0,0.0,0.0,3924218000.0,593463000.0,3330755000.0,9613145974.0,235200000.0,0.0,900000.0,0.0,-56300000.0,-54900000.0,-34200000.0,0.0,324000000.0,300000.0,154200000.0,154200000.0,154200000.0,0.0,0.0,0.099,277900000.0,258300000.0,251584000.0,0.366,1.828,18.559,18.778,1121615000.0,0.0,88.63,1.626,1.626,360205000.0,1111042000.0,1559600000.0,1559600000.0,0.0,,,,,5300000.0,251000000.0,1.0,108463793.0,108463793.0,,14.379,3016684000.0,0.0,79800000.0,999324000.0,27.813,1152482000.0
35,SJM,MRQ,2012-09-30,2012-10-31,2012-10-31,2021-09-07,-80213000.0,9188753000.0,,1736062000.0,7452691000.0,,47.077,-51900000.0,203555000.0,203555000.0,1086800000.0,148800000.0,2.459,0.783,2069196000.0,50000000.0,2019196000.0,2069196000.0,0.0,62300000.0,0.0,0.023,0.52,248100000.0,310400000.0,0.191,310400000.0,248100000.0,224200000.0,1.36,1.36,1.36,5152747000.0,,5152747000.0,11132034880.0,13.0,10.321,131000000.0,1.197,1.0,541900000.0,0.333,6191605000.0,23900000.0,4156723000.0,,975427000.0,0.0,0.0,0.0,4036006000.0,706066000.0,3329940000.0,9373633880.0,-107900000.0,0.0,-170500000.0,0.0,-57400000.0,-227700000.0,-63700000.0,0.0,182900000.0,600000.0,148800000.0,148800000.0,148800000.0,0.0,0.0,0.091,294300000.0,247600000.0,290054000.0,0.382,1.819,19.503,19.778,1113446000.0,0.0,85.64,1.61,1.61,469367000.0,1013241000.0,1628700000.0,1628700000.0,0.0,,,,,6200000.0,257200000.0,1.0,109453922.0,109453922.0,,14.88,2997148000.0,0.0,75400000.0,996874000.0,27.383,1029996000.0
36,SJM,MRQ,2012-06-30,2012-07-31,2012-07-31,2021-09-07,-84386000.0,9262110000.0,,1800328000.0,7461782000.0,,47.298,-46000000.0,311474000.0,311474000.0,899900000.0,110900000.0,2.534,0.773,2069875000.0,50000000.0,2019875000.0,2069875000.0,0.0,63900000.0,0.0,0.025,0.48,190900000.0,254800000.0,0.186,254800000.0,190900000.0,167300000.0,1.0,1.0,1.0,5223453000.0,,5223453000.0,10322426168.0,13.0,9.903,130700000.0,1.183,1.0,469800000.0,0.343,6215271000.0,23600000.0,4094771000.0,,1019339000.0,0.0,0.0,0.0,4038657000.0,710469000.0,3328188000.0,8481591168.0,81800000.0,0.0,-4000000.0,0.0,-52800000.0,-64600000.0,-28300000.0,0.0,176700000.0,-2000000.0,110900000.0,110900000.0,110900000.0,0.0,0.0,0.081,279300000.0,190500000.0,283201000.0,0.48,1.624,18.475,18.778,1101036000.0,0.0,76.8,1.486,1.486,390924000.0,1013831000.0,1369700000.0,1369700000.0,0.0,,,,,4300000.0,232200000.0,1.0,110437385.0,110437385.0,,12.403,3046839000.0,0.0,56400000.0,995391000.0,27.589,1089859000.0
37,SJM,MRQ,2012-03-31,2012-04-30,2012-04-30,2021-09-07,-84000000.0,9115200000.0,,1643500000.0,7471700000.0,,46.094,-76093000.0,229700000.0,229700000.0,905609000.0,104086000.0,2.664,0.765,2070500000.0,50000000.0,2020500000.0,2070500000.0,0.0,68670000.0,0.0,0.024,0.48,185269000.0,253939000.0,0.187,253939000.0,185269000.0,163938000.0,0.94,0.94,0.94,5163400000.0,,5163400000.0,10620826266.0,14.0,10.332,185568000.0,1.657,1.0,449762000.0,0.332,6241600000.0,21331000.0,4097500000.0,,961600000.0,0.0,0.0,0.0,3951800000.0,616900000.0,3334900000.0,8920052266.0,-140683000.0,-30813000.0,-224197000.0,40000.0,-54311000.0,-277853000.0,-126285000.0,0.0,261661000.0,1794000.0,104086000.0,104086000.0,104086000.0,0.0,0.0,0.077,264132000.0,185630000.0,274700000.0,0.511,1.728,19.404,19.613,1096100000.0,0.0,79.63,1.614,1.614,347500000.0,961200000.0,1355371000.0,1355371000.0,0.0,,,,,5176000.0,214530000.0,1.0,112018740.0,112018740.0,,12.1,2873600000.0,0.0,59852000.0,992700000.0,25.653,1026600000.0
38,SJM,MRQ,2011-12-31,2012-01-31,2012-01-31,2021-09-07,-32726000.0,9235874000.0,,1805993000.0,7429881000.0,,47.493,-59303000.0,370428000.0,370428000.0,1001956000.0,116844000.0,3.653,0.715,2071202000.0,0.0,2071202000.0,2071202000.0,0.0,58613000.0,0.0,0.023,0.48,200834000.0,259447000.0,0.177,259447000.0,200834000.0,177235000.0,1.03,1.03,1.03,5384140000.0,,5384140000.0,10506612321.0,14.0,10.504,350002000.0,3.087,1.0,465685000.0,0.317,6267491000.0,23599000.0,4174822000.0,,990815000.0,0.0,0.0,0.0,3851734000.0,494335000.0,3357399000.0,8931048321.0,-125860000.0,-379509000.0,-44729000.0,0.0,-54564000.0,-97107000.0,-437583000.0,0.0,409305000.0,-475000.0,116844000.0,116844000.0,116844000.0,0.0,0.0,0.08,265319000.0,200366000.0,232415000.0,0.466,1.659,19.824,19.894,1064299000.0,0.0,78.78,1.667,1.667,364724000.0,1018576000.0,1467641000.0,1467641000.0,0.0,,,,,3970000.0,225016000.0,1.0,113366950.0,113366950.0,,12.946,2968383000.0,0.0,60391000.0,1029921000.0,26.184,1311658000.0
39,SJM,MRQ,2011-09-30,2011-10-31,2011-10-31,2021-09-07,-29851000.0,9215420000.0,,2193707000.0,7021713000.0,,47.113,-67302000.0,496288000.0,496288000.0,1015236000.0,127247000.0,4.026,0.718,2071852000.0,0.0,2071852000.0,2071852000.0,0.0,61498000.0,0.0,0.023,0.48,212649000.0,274147000.0,0.181,274147000.0,212649000.0,193201000.0,1.12,1.12,1.12,5363349000.0,,5363349000.0,10290666410.0,13.0,10.12,50870000.0,0.447,1.0,498669000.0,0.329,5997048000.0,19448000.0,4249015000.0,,1143951000.0,0.0,0.0,0.0,3852071000.0,544921000.0,3307150000.0,8767952410.0,393813000.0,9268000.0,-38931000.0,441860000.0,-54666000.0,340628000.0,-60266000.0,0.0,118172000.0,-4721000.0,127247000.0,127247000.0,127247000.0,0.0,0.0,0.084,275768000.0,222901000.0,260653000.0,0.429,1.635,18.829,19.017,948225000.0,0.0,77.02,1.685,1.685,462169000.0,977704000.0,1513905000.0,1513905000.0,0.0,,,,,6522000.0,236602000.0,1.0,113839943.0,113839943.0,,13.299,3218372000.0,0.0,65954000.0,1031280000.0,28.271,1648786000.0
40,SJM,MRQ,2011-06-30,2011-07-31,2011-07-31,2021-09-07,-7538000.0,8782023000.0,,1739772000.0,7042251000.0,,46.759,-67502000.0,102475000.0,102475000.0,757799000.0,111523000.0,1.988,0.642,1625189000.0,306700000.0,1318489000.0,1625189000.0,0.0,58219000.0,0.0,0.022,0.44,182248000.0,240467000.0,0.202,240467000.0,182248000.0,166826000.0,0.98,0.98,0.98,5348254000.0,,5348254000.0,9896529007.0,12.0,9.509,-125740000.0,-1.099,1.0,431084000.0,0.363,6036474000.0,15422000.0,3393029000.0,,1213821000.0,0.0,0.0,0.0,3433769000.0,875234000.0,2558535000.0,8912335007.0,-217370000.0,-362846000.0,-5143000.0,306700000.0,-50159000.0,253932000.0,-411766000.0,18600000.0,-58238000.0,-1298000.0,111523000.0,111523000.0,111523000.0,0.0,0.0,0.094,250381000.0,180703000.0,288082000.0,0.449,1.666,18.258,18.641,925687000.0,0.0,77.92,1.794,1.794,350293000.0,922944000.0,1188883000.0,1188883000.0,0.0,,,,,6032000.0,216552000.0,1.0,114378016.0,114378016.0,,10.394,2745549000.0,0.0,55303000.0,1076694000.0,24.004,864538000.0
41,SJM,MRQ,2011-03-31,2011-04-30,2011-04-30,2021-09-07,3629000.0,8324585000.0,,1636999000.0,6687586000.0,,45.628,-68169000.0,319845000.0,319845000.0,766143000.0,94898000.0,3.392,0.573,1304039000.0,0.0,1304039000.0,1304039000.0,0.0,62349000.0,0.0,0.022,0.44,163864000.0,226213000.0,0.191,226213000.0,163864000.0,149940000.0,0.83,0.82,0.83,5292363000.0,,5292363000.0,9457668966.0,12.0,9.237,-70949000.0,-0.612,1.0,420981000.0,0.355,5752756000.0,13924000.0,3073347000.0,,863579000.0,0.0,0.0,0.0,3032222000.0,482676000.0,2549546000.0,8707251966.0,-229813000.0,0.0,-137240000.0,0.0,-50935000.0,-184968000.0,-48133000.0,20037000.0,-2780000.0,6068000.0,94898000.0,94898000.0,94898000.0,0.0,0.0,0.08,254846000.0,166135000.0,234916000.0,0.53,1.645,18.159,18.49,867882000.0,0.0,75.07,1.804,1.804,344410000.0,866933000.0,1187124000.0,1187124000.0,0.0,,,,,6014000.0,222693000.0,1.0,115988437.0,115988437.0,,10.235,2571829000.0,0.0,55042000.0,1042823000.0,22.173,1154323000.0
42,SJM,MRQ,2010-12-31,2011-01-31,2011-01-31,2021-09-07,-10906000.0,8358748000.0,,1689060000.0,6669688000.0,,45.049,-44397000.0,549583000.0,549583000.0,837937000.0,131995000.0,3.995,0.559,1300000000.0,0.0,1300000000.0,1300000000.0,0.0,62167000.0,0.0,0.025,0.4,213911000.0,276078000.0,0.21,276078000.0,213911000.0,195779000.0,1.12,1.11,1.12,5363301000.0,,5363301000.0,8213047828.0,10.0,7.965,330437000.0,2.775,1.0,474414000.0,0.361,5763989000.0,18132000.0,2922419000.0,,735275000.0,38599000.0,38599000.0,0.0,2995447000.0,422757000.0,2572690000.0,7400510828.0,62120000.0,0.0,-234313000.0,0.0,-47732000.0,-279528000.0,-35007000.0,9500000.0,374834000.0,1821000.0,131995000.0,131995000.0,131995000.0,0.0,0.0,0.101,261452000.0,212962000.0,174882000.0,0.357,1.38,14.648,14.66,841067000.0,0.0,62.16,1.572,1.572,289548000.0,887844000.0,1312351000.0,1312351000.0,0.0,,,,,5718000.0,214325000.0,1.0,119055837.0,119055837.0,,11.023,2594759000.0,23782000.0,63784000.0,1104498000.0,21.794,1266303000.0
43,SJM,MRQ,2010-09-30,2010-10-31,2010-10-31,2021-09-07,-17787000.0,8553350000.0,,1854186000.0,6699164000.0,,46.057,-35078000.0,487463000.0,487463000.0,784243000.0,149726000.0,3.888,0.554,1300000000.0,0.0,1300000000.0,1300000000.0,0.0,57774000.0,0.0,0.023,0.4,240232000.0,298006000.0,0.233,298006000.0,240232000.0,221727000.0,1.25,1.25,1.25,5504009000.0,,5504009000.0,8468988795.0,11.0,8.362,11706000.0,0.098,1.0,494670000.0,0.387,5796792000.0,18505000.0,3092176000.0,,822614000.0,48086000.0,48086000.0,0.0,3049341000.0,476919000.0,2572422000.0,7681761795.0,-35310000.0,0.0,661000.0,-10000000.0,-47739000.0,-56815000.0,-26107000.0,9000000.0,46784000.0,828000.0,149726000.0,149726000.0,149726000.0,0.0,0.0,0.117,254634000.0,240036000.0,194194000.0,0.32,1.396,15.101,15.089,841095000.0,0.0,64.28,1.669,1.669,415826000.0,902528000.0,1278913000.0,1278913000.0,0.0,,,,,6940000.0,222821000.0,1.0,119504695.0,119504695.0,,10.702,2756558000.0,32028000.0,72001000.0,1103991000.0,23.067,1377267000.0
44,SJM,MRQ,2010-06-30,2010-07-31,2010-07-31,2021-09-07,-19781000.0,8419104000.0,,1700628000.0,6718476000.0,,45.158,-26656000.0,522773000.0,522773000.0,638877000.0,102881000.0,3.744,0.561,1310000000.0,10000000.0,1300000000.0,1310000000.0,0.0,57310000.0,0.0,0.024,0.4,166293000.0,223603000.0,0.214,223603000.0,166293000.0,149754000.0,0.86,0.86,0.86,5395108000.0,,5395108000.0,7965567931.0,10.0,8.034,-53894000.0,-0.451,1.0,408435000.0,0.39,5814075000.0,16539000.0,2938020000.0,,765927000.0,57075000.0,57075000.0,0.0,3023996000.0,454236000.0,2569760000.0,7339137931.0,239203000.0,0.0,-3708000.0,400000000.0,-47594000.0,350911000.0,-83653000.0,-57037000.0,-27238000.0,-817000.0,102881000.0,102881000.0,102881000.0,0.0,0.0,0.098,243268000.0,165167000.0,183600000.0,0.465,1.36,14.709,14.661,847192000.0,0.0,61.43,1.595,1.595,305418000.0,800571000.0,1047312000.0,1047312000.0,0.0,,,,,5328000.0,203261000.0,1.0,119471560.0,119471560.0,,8.766,2605029000.0,0.0,46873000.0,1104285000.0,21.805,1246392000.0
45,SJM,MRQ,2010-03-31,2010-04-30,2010-04-30,2021-09-07,-20581000.0,7974853000.0,,1223630000.0,6751223000.0,,44.713,-24126000.0,283570000.0,283570000.0,638972000.0,120606000.0,2.555,0.497,910000000.0,10000000.0,900000000.0,910000000.0,0.0,51604000.0,0.0,0.023,0.35,181883000.0,233487000.0,0.218,233487000.0,181883000.0,167356000.0,1.01,1.01,1.01,5326320000.0,,5326320000.0,8059253067.0,10.0,8.21,177778000.0,1.492,1.0,430107000.0,0.402,5834245000.0,14527000.0,2288141000.0,,654939000.0,0.0,0.0,0.0,2648533000.0,478897000.0,2169636000.0,7274814067.0,158009000.0,19554000.0,-35000.0,0.0,-41638000.0,-41564000.0,-4478000.0,0.0,201904000.0,2147000.0,120606000.0,120606000.0,120606000.0,0.0,0.0,0.113,262711000.0,167396000.0,179509000.0,0.347,1.366,14.722,14.716,858313000.0,0.0,61.07,1.58,1.58,238867000.0,746063000.0,1069079000.0,1069079000.0,0.0,,,,,7153000.0,229648000.0,1.0,119122549.0,119122549.0,,8.975,2140608000.0,0.0,46750000.0,1177483000.0,17.97,744733000.0
46,SJM,MRQ,2009-12-31,2010-01-31,2010-01-31,2021-09-07,-30386000.0,7899432000.0,,1122826000.0,6776606000.0,,44.026,-23219000.0,125561000.0,125561000.0,747635000.0,135479000.0,2.398,0.507,910000000.0,10000000.0,900000000.0,910000000.0,0.0,46311000.0,0.0,0.023,0.35,211397000.0,257708000.0,0.214,257708000.0,211397000.0,197161000.0,1.14,1.14,1.14,5240244000.0,,5240244000.0,8200483561.0,11.0,8.639,300543000.0,2.525,1.0,458304000.0,0.38,5847169000.0,14236000.0,2368419000.0,,663436000.0,0.0,0.0,0.0,2659188000.0,468283000.0,2190905000.0,7149944561.0,-284147000.0,0.0,4432000.0,-550000000.0,-41593000.0,-585724000.0,-23233000.0,0.0,323762000.0,1048000.0,135479000.0,135479000.0,135479000.0,0.0,0.0,0.112,248438000.0,209866000.0,150441000.0,0.307,1.364,15.284,15.131,867622000.0,0.0,60.07,1.553,1.553,281678000.0,673097000.0,1205939000.0,1205939000.0,0.0,,,,,5698000.0,214411000.0,1.0,119026878.0,119026878.0,,10.132,2052263000.0,0.0,61682000.0,1151769000.0,17.242,654543000.0
47,SJM,MRQ,2009-09-30,2009-10-31,2009-10-31,2021-09-07,-32378000.0,8438414000.0,,1631338000.0,6807076000.0,,43.173,-62162000.0,409708000.0,409708000.0,786495000.0,139990000.0,1.474,0.643,1460247000.0,560247000.0,900000000.0,1460247000.0,0.0,44189000.0,0.0,0.025,0.35,232475000.0,276664000.0,0.216,276664000.0,232475000.0,215002000.0,1.18,1.18,1.18,5135354000.0,,5135354000.0,7443407636.0,11.0,8.54,151498000.0,1.274,1.0,492250000.0,0.385,5872813000.0,17473000.0,2509038000.0,,762040000.0,0.0,0.0,0.0,3303060000.0,1107102000.0,2195958000.0,6272193636.0,119936000.0,0.0,118000.0,0.0,-41586000.0,-41895000.0,-51705000.0,11115000.0,213660000.0,-124000.0,139990000.0,139990000.0,139990000.0,0.0,0.0,0.109,261044000.0,231206000.0,200094000.0,0.297,1.221,15.288,15.023,873086000.0,0.0,52.73,1.369,1.369,411239000.0,579325000.0,1278745000.0,1278745000.0,0.0,,,,,6686000.0,232985000.0,1.0,118949244.0,118949244.0,,10.75,2565601000.0,0.0,75012000.0,1150228000.0,21.569,524236000.0
48,SJM,MRQ,2009-06-30,2009-07-31,2009-07-31,2021-09-07,-31296000.0,8234759000.0,,1442439000.0,6792320000.0,,42.33,-27271000.0,289772000.0,289772000.0,645497000.0,98063000.0,1.441,0.636,1460986000.0,550986000.0,910000000.0,1460986000.0,0.0,43648000.0,0.0,0.126,0.35,170185000.0,213833000.0,0.203,213833000.0,170185000.0,151234000.0,0.83,0.83,0.83,5034330000.0,,5034330000.0,7030079087.0,13.0,10.044,-53119000.0,-0.447,1.0,406029000.0,0.386,5891246000.0,18951000.0,2513974000.0,,786842000.0,10511000.0,0.0,10511000.0,3200429000.0,1000753000.0,2199676000.0,5950046087.0,-166921000.0,0.0,-3671000.0,-75000000.0,-41407000.0,-119365000.0,-25027000.0,2404000.0,-25848000.0,3319000.0,98063000.0,98063000.0,98063000.0,0.0,0.0,0.093,237195000.0,168834000.0,196129000.0,0.422,1.182,18.494,15.3,838390000.0,0.0,50.03,1.435,1.435,307507000.0,481013000.0,1051526000.0,1051526000.0,0.0,,,,,6412000.0,201177000.0,1.0,118929564.0,118929564.0,,8.842,2343513000.0,0.0,53171000.0,1149669000.0,19.705,441686000.0
49,SJM,MRQ,2009-03-31,2009-04-30,2009-04-30,2021-09-07,-57270000.0,8192161000.0,,1398891000.0,6793270000.0,,41.712,-25786000.0,456693000.0,456693000.0,669350000.0,94268000.0,1.318,0.658,1536726000.0,626726000.0,910000000.0,1536726000.0,0.0,41494000.0,0.0,0.159,0.32,159498000.0,200992000.0,0.188,200992000.0,159498000.0,141037000.0,0.82,0.82,0.82,4939931000.0,,4939931000.0,5843705176.0,13.0,10.131,132197000.0,1.116,1.0,399190000.0,0.374,5890367000.0,18461000.0,2320591000.0,,603926000.0,0.0,0.0,0.0,3252230000.0,1061236000.0,2190994000.0,4666146176.0,96786000.0,-5186000.0,-543000.0,0.0,-37853000.0,-37720000.0,-30696000.0,1705000.0,157983000.0,7219000.0,94268000.0,94268000.0,94268000.0,0.0,0.0,0.088,240499000.0,158691000.0,198954000.0,0.39,0.945,17.545,12.669,838433000.0,0.0,39.4,1.242,1.242,266037000.0,424504000.0,1068540000.0,1068540000.0,0.0,,,,,9269000.0,181709000.0,1.0,118430106.0,118430106.0,,9.023,2301794000.0,0.0,46769000.0,1163498000.0,19.436,337655000.0
50,SJM,MRQ,2008-12-31,2009-01-31,2009-01-31,2021-09-07,-24380000.0,8246543000.0,,1344297000.0,6902246000.0,,41.5,-28560000.0,359907000.0,359907000.0,781553000.0,77941000.0,1.196,0.678,1537466000.0,627466000.0,910000000.0,1537466000.0,0.0,43783000.0,0.0,0.139,0.32,136315000.0,180098000.0,0.152,180098000.0,136315000.0,114356000.0,0.68,0.68,0.68,4914940000.0,,4914940000.0,6369105205.0,18.0,13.994,251728000.0,2.126,1.0,401041000.0,0.339,5959495000.0,21959000.0,2341082000.0,,658451000.0,0.0,0.0,0.0,3331603000.0,1123525000.0,2208078000.0,5347212205.0,193595000.0,-16073000.0,0.0,0.0,-37863000.0,-39348000.0,-43572000.0,442000.0,280288000.0,-3773000.0,77941000.0,77941000.0,77941000.0,0.0,0.0,0.066,265582000.0,135459000.0,176399000.0,0.471,1.088,25.617,14.803,841601000.0,0.0,45.15,1.631,1.631,259107000.0,371618000.0,1182594000.0,1182594000.0,0.0,,,,,6801000.0,211633000.0,1.0,118432164.0,118432164.0,,9.985,2287048000.0,0.0,36415000.0,1176563000.0,19.311,220772000.0
51,SJM,MRQ,2008-09-30,2008-10-31,2008-10-31,2021-09-07,-17404000.0,3376341000.0,,1005360000.0,2370981000.0,,27.587,-32636000.0,166312000.0,166312000.0,599723000.0,51453000.0,2.151,1.233,1188205000.0,75000000.0,1113205000.0,1188205000.0,0.0,16489000.0,0.0,0.14,5.32,88539000.0,105028000.0,0.125,105028000.0,88539000.0,77225000.0,0.94,0.94,0.94,1512285000.0,,1512285000.0,3088985542.0,10.0,8.479,-84090000.0,-1.534,1.0,243419000.0,0.289,1759794000.0,11314000.0,2171109000.0,,500608000.0,0.0,0.0,0.0,1864056000.0,467331000.0,1396725000.0,2442739542.0,31574000.0,-483000.0,1217000.0,400000000.0,-291709000.0,110154000.0,-26617000.0,414000.0,-51454000.0,-509000.0,51453000.0,51453000.0,51453000.0,0.0,0.0,0.061,157122000.0,86297000.0,146799000.0,5.66,1.615,14.104,14.282,514002000.0,0.0,44.56,0.884,0.884,267498000.0,331634000.0,843142000.0,843142000.0,0.0,,,,,3236000.0,149810000.0,1.0,54819110.0,54819110.0,,15.38,1616547000.0,0.0,25772000.0,168226000.0,29.489,538029000.0
52,SJM,MRQ,2008-06-30,2008-07-31,2008-07-31,2021-09-07,31325000.0,3232321000.0,,835080000.0,2397241000.0,,33.182,-21125000.0,142699000.0,142699000.0,455878000.0,42291000.0,2.068,0.779,788945000.0,75000000.0,713945000.0,788945000.0,0.0,16507000.0,0.0,0.025,0.32,74191000.0,90698000.0,0.137,90698000.0,74191000.0,63447000.0,0.77,0.77,0.77,1817285000.0,,1817285000.0,3274878607.0,11.0,9.062,39051000.0,0.713,1.0,207779000.0,0.313,1782408000.0,10744000.0,1692406000.0,,471768000.0,15494000.0,0.0,15494000.0,1415036000.0,403753000.0,1011283000.0,2669369607.0,-36803000.0,-55593000.0,-2723000.0,0.0,-17451000.0,-20485000.0,-76096000.0,452000.0,60176000.0,-398000.0,42291000.0,42291000.0,42291000.0,0.0,0.0,0.064,135951000.0,71828000.0,154942000.0,0.416,1.469,15.528,15.928,505919000.0,0.0,48.74,1.016,1.016,182693000.0,592086000.0,663657000.0,663657000.0,0.0,,,,,2799000.0,130413000.0,1.0,54767534.0,54767534.0,,12.118,1449913000.0,0.0,21156000.0,172149000.0,26.474,431327000.0
53,SJM,MRQ,2008-03-31,2008-04-30,2008-04-30,2021-09-07,42612000.0,3129881000.0,,776207000.0,2353674000.0,,32.379,-24499000.0,171541000.0,171541000.0,407759000.0,37051000.0,3.242,0.739,789684000.0,0.0,789684000.0,789684000.0,0.0,15981000.0,0.0,0.024,0.3,63339000.0,79320000.0,0.134,79320000.0,63339000.0,52929000.0,0.66,0.67,0.66,1799853000.0,,1799853000.0,3235474576.0,11.0,9.0,-22823000.0,-0.411,1.0,182239000.0,0.309,1746476000.0,10410000.0,1762151000.0,,379608000.0,16043000.0,0.0,16043000.0,1330028000.0,239397000.0,1090631000.0,2772714576.0,-158365000.0,-53986000.0,-65654000.0,0.0,-16596000.0,-83072000.0,-77194000.0,675000.0,1676000.0,225000.0,37051000.0,37051000.0,37051000.0,0.0,0.0,0.063,120552000.0,61687000.0,119844000.0,0.455,1.541,16.274,16.571,496296000.0,0.0,49.88,1.098,1.098,162426000.0,567419000.0,589998000.0,589998000.0,0.0,,,,,2839000.0,118635000.0,1.0,55587702.0,55587702.0,,10.614,1383405000.0,0.0,15878000.0,177114000.0,24.887,536810000.0
54,SJM,MRQ,2007-12-31,2008-01-31,2008-01-31,2021-09-07,48907000.0,3162253000.0,,854317000.0,2307936000.0,,32.166,-16067000.0,327664000.0,327664000.0,469920000.0,42401000.0,3.502,0.709,790424000.0,0.0,790424000.0,790424000.0,0.0,16400000.0,0.0,0.025,0.3,72885000.0,89285000.0,0.134,89285000.0,72885000.0,62160000.0,0.75,0.75,0.75,1850604000.0,,1850604000.0,3195422016.0,10.0,8.709,125863000.0,2.188,1.0,195453000.0,0.294,1703153000.0,10725000.0,1677937000.0,,348277000.0,17202000.0,0.0,17202000.0,1311649000.0,243923000.0,1067726000.0,2691381016.0,44474000.0,-3469000.0,-82648000.0,0.0,-17235000.0,-100632000.0,3365000.0,23550000.0,141930000.0,-189000.0,42401000.0,42401000.0,42401000.0,0.0,0.0,0.064,126815000.0,68638000.0,114634000.0,0.4,1.454,15.307,15.042,489448000.0,0.0,46.78,1.108,1.108,141215000.0,585698000.0,665373000.0,665373000.0,0.0,,,,,2719000.0,121384000.0,1.0,57532728.0,57532728.0,,11.565,1459100000.0,0.0,19759000.0,158943000.0,25.361,610394000.0
55,SJM,MRQ,2007-09-30,2007-10-31,2007-10-31,2021-09-07,60644000.0,3283407000.0,,943697000.0,2339710000.0,,33.348,-19238000.0,287123000.0,287123000.0,489402000.0,50166000.0,3.219,0.712,791164000.0,0.0,791164000.0,791164000.0,0.0,15298000.0,0.0,0.022,0.3,86793000.0,102091000.0,0.144,102091000.0,86793000.0,75876000.0,0.88,0.87,0.88,1917941000.0,,1917941000.0,3691186931.0,12.0,10.302,10447000.0,0.182,1.0,218488000.0,0.309,1709209000.0,10917000.0,1785068000.0,,399958000.0,40200000.0,0.0,40200000.0,1365466000.0,293171000.0,1072295000.0,3072945931.0,79348000.0,-30048000.0,328000.0,-33000000.0,-17229000.0,-50112000.0,96546000.0,146281000.0,29685000.0,3229000.0,50166000.0,50166000.0,50166000.0,0.0,0.0,0.071,134814000.0,83674000.0,133179000.0,0.341,1.602,17.676,17.347,492796000.0,0.0,53.43,1.344,1.344,223303000.0,607046000.0,707890000.0,707890000.0,0.0,,,,,3147000.0,131361000.0,1.0,57513493.0,57513493.0,,12.308,1574198000.0,0.0,25710000.0,159139000.0,27.371,650526000.0
56,SJM,MRQ,2007-06-30,2007-07-31,2007-07-31,2021-09-07,23747000.0,3202232000.0,,915194000.0,2287038000.0,,32.424,-16491000.0,206662000.0,206662000.0,375529000.0,40761000.0,3.224,0.735,824903000.0,33000000.0,791903000.0,824903000.0,0.0,14891000.0,0.0,0.02,0.3,73916000.0,88807000.0,0.158,88807000.0,73916000.0,63823000.0,0.72,0.71,0.72,1845689000.0,,1845689000.0,3402430730.0,12.0,9.817,-6864000.0,-0.121,1.0,185984000.0,0.331,1670269000.0,10093000.0,1866319000.0,,389094000.0,186112000.0,144580000.0,41532000.0,1356543000.0,283885000.0,1072658000.0,3176906730.0,6543000.0,-130039000.0,12700000.0,285000000.0,-17014000.0,283655000.0,-288600000.0,-142375000.0,9627000.0,1861000.0,40761000.0,40761000.0,40761000.0,0.0,0.0,0.073,115809000.0,70175000.0,108731000.0,0.417,1.721,18.77,18.603,480418000.0,0.0,55.81,1.455,1.455,148061000.0,574251000.0,561513000.0,561513000.0,0.0,,,,,2826000.0,116750000.0,1.0,56923611.0,56923611.0,,9.864,1531963000.0,0.0,23062000.0,154967000.0,26.913,631309000.0
57,SJM,MRQ,2007-03-31,2007-04-30,2007-04-30,2021-09-07,17757000.0,2693823000.0,,639366000.0,2054457000.0,,31.715,-12668000.0,200119000.0,200119000.0,313569000.0,42499000.0,2.704,0.5,425643000.0,33000000.0,392643000.0,425643000.0,0.0,15301000.0,0.0,0.02,0.28,71411000.0,86712000.0,0.176,86712000.0,71411000.0,65729000.0,0.76,0.75,0.76,1795657000.0,,1795657000.0,3434684622.0,13.0,10.626,48260000.0,0.852,1.0,179903000.0,0.365,1468965000.0,5682000.0,1213914000.0,,286052000.0,44117000.0,0.0,44117000.0,898166000.0,236468000.0,661698000.0,3160469622.0,47497000.0,0.0,9221000.0,166000.0,-15812000.0,-6207000.0,-9955000.0,3077000.0,60928000.0,2731000.0,42499000.0,42499000.0,42499000.0,0.0,0.0,0.086,113073000.0,66830000.0,93500000.0,0.368,1.76,20.102,20.007,454028000.0,0.0,55.82,1.471,1.471,124048000.0,553631000.0,493472000.0,493472000.0,0.0,,,,,2975000.0,108012000.0,1.0,56618947.0,56618947.0,,8.716,1224858000.0,0.0,23230000.0,165683000.0,21.633,402898000.0
58,SJM,MRQ,2006-12-31,2007-01-31,2007-01-31,2021-09-07,14424000.0,2655878000.0,,581926000.0,2073952000.0,,30.909,-12054000.0,152168000.0,152168000.0,350114000.0,40427000.0,2.351,0.513,426383000.0,33000000.0,393383000.0,426383000.0,0.0,14600000.0,0.0,0.023,0.28,66104000.0,80704000.0,0.154,80704000.0,66104000.0,60448000.0,0.72,0.71,0.72,1755391000.0,,1755391000.0,3046459165.0,12.0,9.964,92567000.0,1.63,1.0,172967000.0,0.331,1465517000.0,5656000.0,1217081000.0,,277289000.0,46984000.0,0.0,46984000.0,900487000.0,247495000.0,652992000.0,2697038165.0,74467000.0,4034000.0,-11411000.0,295000.0,-15884000.0,-27382000.0,397000.0,8410000.0,104621000.0,-3169000.0,40427000.0,40427000.0,40427000.0,0.0,0.0,0.077,108590000.0,64377000.0,80619000.0,0.389,1.536,17.93,17.853,453274000.0,0.0,47.49,1.251,1.251,117619000.0,528180000.0,523081000.0,523081000.0,0.0,,,,,3016000.0,108789000.0,1.0,56791707.0,56791707.0,,9.211,1190361000.0,0.0,20021000.0,150632000.0,20.96,334431000.0
59,SJM,MRQ,2006-09-30,2006-10-31,2006-10-31,2021-09-07,28615000.0,2689607000.0,,607003000.0,2082604000.0,,30.585,-15871000.0,77701000.0,77701000.0,413764000.0,45569000.0,2.134,0.533,427122000.0,33000000.0,394122000.0,427122000.0,0.0,13805000.0,0.0,0.022,0.28,76560000.0,90365000.0,0.149,90365000.0,76560000.0,70636000.0,0.8,0.8,0.8,1754713000.0,,1754713000.0,3191507450.0,14.0,10.737,30742000.0,0.536,1.0,191191000.0,0.316,1468888000.0,5924000.0,1285727000.0,,300127000.0,55463000.0,4989000.0,50474000.0,934894000.0,284413000.0,650481000.0,2811181450.0,-18439000.0,38940000.0,-26271000.0,-49208000.0,-16127000.0,-89765000.0,24941000.0,2592000.0,46613000.0,-228000.0,45569000.0,45569000.0,45569000.0,0.0,0.0,0.075,116893000.0,74298000.0,94085000.0,0.35,1.602,19.894,19.758,457863000.0,0.0,49.0,1.296,1.296,178434000.0,511914000.0,604955000.0,604955000.0,0.0,,,,,2607000.0,116088000.0,1.0,57371050.0,57371050.0,,10.545,1220719000.0,0.0,25067000.0,153518000.0,21.278,322590000.0
60,SJM,MRQ,2006-06-30,2006-07-31,2006-07-31,2021-09-07,26822000.0,2718038000.0,,676380000.0,2041658000.0,,30.548,-14096000.0,96140000.0,96140000.0,368515000.0,28724000.0,2.334,0.557,476466000.0,48604000.0,427862000.0,476466000.0,0.0,15168000.0,0.0,0.024,0.28,50292000.0,65460000.0,0.124,65460000.0,50292000.0,44191000.0,0.51,0.5,0.51,1745529000.0,,1745529000.0,2935444194.0,12.0,9.779,46712000.0,0.817,1.0,157994000.0,0.3,1429823000.0,6101000.0,1378796000.0,,305063000.0,57523000.0,4967000.0,52556000.0,972509000.0,289745000.0,682764000.0,2550178194.0,24184000.0,-19408000.0,2102000.0,20603000.0,-15809000.0,5729000.0,-42424000.0,-7807000.0,60808000.0,71000.0,28724000.0,28724000.0,28724000.0,0.0,0.0,0.055,109128000.0,48866000.0,95028000.0,0.549,1.461,17.936,17.996,456302000.0,0.0,44.63,1.175,1.175,144714000.0,501875000.0,526509000.0,526509000.0,0.0,,,,,2659000.0,108397000.0,1.0,57140448.0,57140448.0,,9.214,1288215000.0,0.0,15467000.0,153048000.0,22.545,386635000.0
61,SJM,MRQ,2006-03-31,2006-04-30,2006-04-30,2021-09-07,27209000.0,2649744000.0,,642838000.0,2006906000.0,,29.689,-18922000.0,71956000.0,71956000.0,340816000.0,35701000.0,2.73,0.533,457222000.0,28620000.0,428602000.0,457222000.0,0.0,15435000.0,0.0,0.028,0.27,53770000.0,69205000.0,0.138,69205000.0,53770000.0,47860000.0,0.63,0.62,0.63,1728059000.0,,1728059000.0,2662958991.0,11.0,8.811,55187000.0,0.948,1.0,160862000.0,0.321,1413882000.0,5910000.0,1385688000.0,,279088000.0,48989000.0,14882000.0,34107000.0,921685000.0,235440000.0,686245000.0,2285114991.0,-17290000.0,0.0,-47812000.0,-9269000.0,-15612000.0,-76591000.0,-15615000.0,2193000.0,74109000.0,807000.0,35701000.0,35701000.0,35701000.0,0.0,0.0,0.071,103436000.0,57426000.0,88963000.0,0.429,1.322,15.94,15.831,456554000.0,0.0,39.26,1.061,1.061,148014000.0,489067000.0,501678000.0,501678000.0,0.0,,,,,1366000.0,104198000.0,1.0,58204661.0,58204661.0,,8.619,1235862000.0,0.0,12159000.0,169163000.0,21.233,407398000.0
62,SJM,MRQ,2005-12-31,2006-01-31,2006-01-31,2021-09-07,12215000.0,2666304000.0,,600837000.0,2065467000.0,,29.836,-11649000.0,89246000.0,89246000.0,372599000.0,31312000.0,2.266,0.531,467090000.0,37749000.0,429341000.0,467090000.0,0.0,16651000.0,0.0,0.024,0.27,55556000.0,72207000.0,0.135,72207000.0,55556000.0,49572000.0,0.54,0.54,0.54,1741615000.0,,1741615000.0,2966753248.0,13.0,10.21,53683000.0,0.92,1.0,163854000.0,0.305,1422730000.0,5984000.0,1356321000.0,,321484000.0,52150000.0,15176000.0,36974000.0,924689000.0,265097000.0,659592000.0,2539243248.0,46885000.0,8754000.0,-9299000.0,-3286000.0,-15629000.0,-28653000.0,10049000.0,12719000.0,65332000.0,157000.0,31312000.0,31312000.0,31312000.0,0.0,0.0,0.058,116157000.0,47697000.0,80608000.0,0.5,1.458,19.568,19.595,524061000.0,0.0,43.5,1.184,1.184,122514000.0,492973000.0,536453000.0,536453000.0,0.0,,,,,1348000.0,103610000.0,1.0,58373408.0,58373408.0,,9.19,1243574000.0,0.0,18260000.0,135352000.0,21.304,335740000.0
63,SJM,MRQ,2005-09-30,2005-10-31,2005-10-31,2021-09-07,6683000.0,2720397000.0,,647034000.0,2073363000.0,,29.584,-16296000.0,42361000.0,42361000.0,402841000.0,46444000.0,1.811,0.574,469871000.0,39790000.0,430081000.0,469871000.0,0.0,14718000.0,0.0,0.023,0.27,78584000.0,93302000.0,0.154,93302000.0,78584000.0,72559000.0,0.8,0.79,0.8,1728252000.0,,1728252000.0,3087967143.0,13.0,10.467,22764000.0,0.39,1.0,203423000.0,0.336,1420768000.0,6025000.0,1369914000.0,,348919000.0,65043000.0,19879000.0,45164000.0,992145000.0,357225000.0,634920000.0,2670319143.0,-5126000.0,0.0,-4622000.0,-12879000.0,-15708000.0,-32108000.0,-11833000.0,4385000.0,39060000.0,-245000.0,46444000.0,46444000.0,46444000.0,0.0,0.0,0.077,126093000.0,77330000.0,141392000.0,0.338,1.545,19.845,19.874,527794000.0,0.0,45.71,1.237,1.237,187185000.0,482032000.0,606264000.0,606264000.0,0.0,,,,,1824000.0,120025000.0,1.0,58418708.0,58418708.0,,10.378,1299629000.0,0.0,26115000.0,110053000.0,22.247,289809000.0
64,SJM,MRQ,2005-06-30,2005-07-31,2005-07-31,2021-09-07,1575000.0,2686559000.0,,618815000.0,2067744000.0,,28.861,-12966000.0,47487000.0,47487000.0,345618000.0,29897000.0,1.738,0.586,465135000.0,34314000.0,430821000.0,465135000.0,0.0,15838000.0,0.0,0.021,0.27,51686000.0,67524000.0,0.132,67524000.0,51686000.0,45579000.0,0.51,0.51,0.51,1694163000.0,,1694163000.0,3216212856.0,14.0,11.373,7222000.0,0.123,1.0,164713000.0,0.323,1418912000.0,6107000.0,1329295000.0,,344209000.0,69560000.0,20017000.0,49543000.0,992396000.0,356000000.0,636396000.0,2792359856.0,-10598000.0,0.0,-16201000.0,0.0,-15707000.0,-31777000.0,1144000.0,6804000.0,20188000.0,-153000.0,29897000.0,29897000.0,29897000.0,0.0,0.0,0.059,115041000.0,49672000.0,123987000.0,0.529,1.648,22.14,22.126,521964000.0,0.0,47.57,1.304,1.304,161262000.0,453746000.0,510331000.0,510331000.0,0.0,,,,,2717000.0,110624000.0,1.0,58700018.0,58700018.0,,8.694,1267647000.0,0.0,15682000.0,110368000.0,21.595,262815000.0
65,SJM,MRQ,2005-03-31,2005-04-30,2005-04-30,2021-09-07,-159000.0,2635894000.0,,555851000.0,2080043000.0,,28.946,-35157000.0,58085000.0,58085000.0,341305000.0,22112000.0,1.803,0.559,481938000.0,50378000.0,431560000.0,481938000.0,0.0,14407000.0,0.0,0.02,0.25,43126000.0,57533000.0,0.117,57533000.0,43126000.0,36930000.0,0.37,0.38,0.37,1690800000.0,,1690800000.0,3348652131.0,15.0,11.993,-5793000.0,-0.099,1.0,150149000.0,0.306,1420966000.0,6196000.0,1330489000.0,,284487000.0,76813000.0,17739000.0,59074000.0,945094000.0,308292000.0,636802000.0,2898411131.0,2633000.0,33206000.0,21502000.0,-14516000.0,-14538000.0,-21420000.0,-876000.0,1481000.0,29364000.0,-4435000.0,22112000.0,22112000.0,22112000.0,4674000.0,0.0,0.045,105835000.0,44314000.0,105290000.0,0.676,1.714,22.456,21.956,521101000.0,0.0,49.62,1.418,1.418,145734000.0,447831000.0,491454000.0,491454000.0,0.0,,,,,1609000.0,95270000.0,1.0,58412155.0,58412155.0,,8.414,1214928000.0,0.0,14818000.0,116115000.0,20.799,247559000.0
66,SJM,MRQ,2004-12-31,2005-01-31,2005-01-31,2021-09-07,7192000.0,2631080000.0,,587577000.0,2043503000.0,,28.722,-20452000.0,55452000.0,55452000.0,376036000.0,36108000.0,1.54,0.567,505693000.0,73393000.0,432300000.0,505693000.0,0.0,14394000.0,0.0,0.021,0.25,62256000.0,76650000.0,0.139,76650000.0,62256000.0,56102000.0,0.62,0.61,0.62,1678574000.0,,1678574000.0,3224820835.0,15.0,12.13,91815000.0,1.571,1.0,174198000.0,0.317,1403774000.0,6154000.0,1296064000.0,,301463000.0,78962000.0,7686000.0,71276000.0,952506000.0,381483000.0,571023000.0,2726295835.0,22943000.0,3583000.0,-16869000.0,-26342000.0,-14543000.0,-54184000.0,-33321000.0,-15787000.0,112267000.0,154000.0,36108000.0,36108000.0,36108000.0,-584000.0,0.0,0.066,114453000.0,59745000.0,100872000.0,0.403,1.624,21.111,20.021,507833000.0,0.0,46.65,1.462,1.462,129737000.0,441609000.0,550234000.0,550234000.0,0.0,,,,,0.0,106464000.0,1.0,58441497.0,58441497.0,,9.415,1227306000.0,0.0,19994000.0,71920000.0,21.001,206094000.0
67,SJM,MRQ,2004-09-30,2004-10-31,2004-10-31,2021-09-07,13251000.0,2856620000.0,,620854000.0,2235766000.0,,28.77,-15923000.0,32509000.0,32509000.0,400041000.0,38005000.0,1.353,0.701,531034000.0,97994000.0,433040000.0,531034000.0,0.0,13833000.0,0.0,0.022,0.25,67259000.0,81092000.0,0.138,81092000.0,67259000.0,61477000.0,0.65,0.65,0.65,1679031000.0,,1679031000.0,3100267934.0,15.0,12.423,2204000.0,0.038,1.0,188881000.0,0.321,1519307000.0,5782000.0,1376997000.0,,329311000.0,63474000.0,0.0,63474000.0,1177589000.0,458841000.0,718748000.0,2597020934.0,-12650000.0,5339000.0,0.0,-22387000.0,-14510000.0,-32336000.0,-31591000.0,-24872000.0,18127000.0,1012000.0,38005000.0,38005000.0,38005000.0,2658000.0,0.0,0.065,120415000.0,68466000.0,117727000.0,0.385,1.547,20.885,19.017,519632000.0,0.0,44.5,1.566,1.566,197802000.0,428982000.0,588922000.0,588922000.0,0.0,,,,,0.0,115279000.0,1.0,58360021.0,58360021.0,,10.091,1337313000.0,0.0,23472000.0,219723000.0,22.915,162013000.0
68,SJM,MRQ,2004-06-30,2004-07-31,2004-07-31,2021-09-07,-5174000.0,2763640000.0,,573700000.0,2189940000.0,,27.886,-13638000.0,45530000.0,45530000.0,269079000.0,32848000.0,1.406,0.702,548777000.0,97628000.0,451149000.0,548777000.0,0.0,10803000.0,0.0,0.022,0.25,53141000.0,63944000.0,0.155,63944000.0,53141000.0,48718000.0,0.61,0.6,0.61,1623611000.0,,1623611000.0,2462701254.0,13.0,10.596,-23632000.0,-0.406,1.0,144188000.0,0.349,1507582000.0,4423000.0,1351275000.0,,328067000.0,39005000.0,0.0,39005000.0,1140029000.0,408030000.0,731999000.0,2434303254.0,-59392000.0,-61624000.0,0.0,45278000.0,-12466000.0,35660000.0,-55029000.0,17469000.0,-9994000.0,136000.0,32848000.0,32848000.0,32848000.0,-5361000.0,0.0,0.079,95944000.0,48244000.0,101919000.0,0.41,1.499,20.558,17.944,510629000.0,0.0,41.81,1.686,1.686,150124000.0,405572000.0,413267000.0,413267000.0,0.0,,,,,0.0,90826000.0,1.0,58222991.0,58222991.0,,7.098,1256058000.0,0.0,15870000.0,0.0,21.573,165670000.0
69,SJM,MRQ,2004-03-31,2004-04-30,2004-04-30,2021-09-07,-4585000.0,1684125000.0,,450851000.0,1233274000.0,,24.164,-20143000.0,104551000.0,104551000.0,208710000.0,22180000.0,2.573,0.391,135000000.0,0.0,135000000.0,135000000.0,0.0,7690000.0,0.0,0.018,0.23,36489000.0,44179000.0,0.141,44179000.0,36489000.0,35193000.0,0.45,0.44,0.45,1210693000.0,,1210693000.0,2637046137.0,14.0,11.879,14435000.0,0.288,1.0,103679000.0,0.332,840897000.0,1296000.0,698457000.0,,179863000.0,56663000.0,15074000.0,41589000.0,473432000.0,175220000.0,298212000.0,2620366137.0,-3022000.0,-9196000.0,0.0,0.0,-11458000.0,-9671000.0,-29149000.0,7865000.0,34578000.0,-611000.0,22180000.0,22180000.0,22180000.0,-1078000.0,0.0,0.071,71930000.0,31749000.0,62232000.0,0.511,2.164,23.533,23.348,317521000.0,0.0,52.3,1.913,1.913,93617000.0,387065000.0,312389000.0,312389000.0,0.0,,,,,0.0,68502000.0,1.0,50102603.0,50102603.0,,6.235,843228000.0,0.0,13013000.0,139170000.0,16.83,275631000.0
70,SJM,MRQ,2003-12-31,2004-01-31,2004-01-31,2021-09-07,-4054000.0,1677110000.0,,444010000.0,1233100000.0,,23.901,-21134000.0,118320000.0,118320000.0,217262000.0,31318000.0,2.824,0.402,135000000.0,0.0,135000000.0,135000000.0,0.0,9414000.0,0.0,0.019,0.23,50928000.0,60342000.0,0.176,60342000.0,50928000.0,49556000.0,0.63,0.62,0.63,1196275000.0,,1196275000.0,2396742049.0,13.0,10.653,47468000.0,0.948,1.0,126526000.0,0.368,847936000.0,1372000.0,688644000.0,,185157000.0,64975000.0,24253000.0,40722000.0,480835000.0,157210000.0,323625000.0,2331893049.0,50776000.0,0.0,0.0,0.0,-11444000.0,-10051000.0,-10263000.0,10497000.0,68602000.0,147000.0,31318000.0,31318000.0,31318000.0,-198000.0,0.0,0.091,77030000.0,49496000.0,56480000.0,0.365,1.949,20.744,20.615,311932000.0,0.0,46.59,1.731,1.731,91525000.0,377364000.0,343788000.0,343788000.0,0.0,,,,,0.0,74956000.0,1.0,50051364.0,50051364.0,,6.869,829174000.0,0.0,18238000.0,0.0,16.566,286800000.0
71,SJM,MRQ,2003-09-30,2003-10-31,2003-10-31,2021-09-07,-7755000.0,1657767000.0,,426430000.0,1231337000.0,,23.429,-23897000.0,70151000.0,70151000.0,241233000.0,32067000.0,2.596,0.416,135000000.0,0.0,135000000.0,135000000.0,0.0,11099000.0,0.0,0.02,0.23,52859000.0,63958000.0,0.171,63958000.0,52859000.0,51241000.0,0.64,0.64,0.64,1170877000.0,,1170877000.0,2154963968.0,12.0,9.751,-7820000.0,-0.156,1.0,132970000.0,0.355,847586000.0,1618000.0,710763000.0,,194934000.0,75713000.0,29509000.0,46204000.0,486890000.0,164267000.0,322623000.0,2187431968.0,-97407000.0,0.0,0.0,0.0,-11434000.0,-10133000.0,-99741000.0,-75844000.0,16077000.0,586000.0,32067000.0,32067000.0,32067000.0,652000.0,0.0,0.086,80076000.0,52894000.0,62209000.0,0.359,1.868,20.052,19.986,304980000.0,0.0,43.77,1.627,1.627,112961000.0,357510000.0,374203000.0,374203000.0,0.0,,,,,0.0,78775000.0,1.0,49975599.0,49975599.0,,7.488,810181000.0,0.0,19174000.0,0.0,16.212,262163000.0
72,SJM,MRQ,2003-06-30,2003-07-31,2003-07-31,2021-09-07,-16732000.0,1640929000.0,,480494000.0,1160435000.0,,22.811,-23386000.0,167468000.0,167468000.0,223511000.0,25785000.0,2.651,0.44,135000000.0,0.0,135000000.0,135000000.0,0.0,10358000.0,0.0,0.021,0.23,42873000.0,53231000.0,0.156,53231000.0,42873000.0,40933000.0,0.52,0.51,0.52,1139531000.0,,1139531000.0,1953993620.0,11.0,9.066,-6054000.0,-0.121,1.0,118401000.0,0.346,846993000.0,1940000.0,580241000.0,,194556000.0,0.0,0.0,0.0,501398000.0,181227000.0,320171000.0,2000218620.0,-15808000.0,0.0,-1148000.0,0.0,-11388000.0,-10182000.0,-23386000.0,0.0,17332000.0,404000.0,25785000.0,25785000.0,25785000.0,-539000.0,0.0,0.075,76882000.0,41519000.0,70064000.0,0.442,1.755,18.85,18.71,288684000.0,0.0,40.04,1.496,1.496,103253000.0,336890000.0,341912000.0,341912000.0,0.0,,,,,0.0,75057000.0,1.0,49955510.0,49955510.0,,6.844,793936000.0,0.0,15148000.0,0.0,15.893,299267000.0
73,SJM,MRQ,2003-03-31,2003-04-30,2003-04-30,2021-09-07,-16184000.0,1615407000.0,,466660000.0,1148747000.0,,22.589,-19885000.0,181225000.0,181225000.0,181757000.0,23245000.0,2.79,0.437,135000000.0,0.0,135000000.0,135000000.0,0.0,10017000.0,0.0,0.021,0.2,37433000.0,47450000.0,0.165,47450000.0,37433000.0,35942000.0,0.47,0.45,0.47,1124171000.0,,1124171000.0,1789696169.0,11.0,9.011,42701000.0,0.858,1.0,105604000.0,0.367,846351000.0,1491000.0,555557000.0,,169127000.0,0.0,0.0,0.0,491236000.0,167274000.0,323962000.0,1805527169.0,26687000.0,-104000.0,0.0,0.0,-9907000.0,-9919000.0,-15143000.0,0.0,62586000.0,-252000.0,23245000.0,23245000.0,23245000.0,-2130000.0,0.0,0.081,70549000.0,35055000.0,68704000.0,0.426,1.606,18.741,17.784,274986000.0,0.0,36.28,1.422,1.422,101364000.0,323064000.0,287361000.0,287361000.0,0.0,,,,,0.0,67638000.0,1.0,49766460.0,49766460.0,,5.774,769056000.0,0.0,12697000.0,152801000.0,15.453,299386000.0
74,SJM,MRQ,2002-12-31,2003-01-31,2003-01-31,2021-09-07,-13700000.0,1575015000.0,,437198000.0,1137817000.0,,22.38,-11344000.0,150831000.0,150831000.0,217895000.0,27993000.0,2.66,0.415,135000000.0,0.0,135000000.0,135000000.0,0.0,8927000.0,0.0,0.018,0.2,47424000.0,56351000.0,0.165,56351000.0,47424000.0,45149000.0,0.56,0.56,0.56,1112966000.0,,1112966000.0,2025421080.0,15.0,11.836,58876000.0,1.184,1.0,122931000.0,0.361,849072000.0,2275000.0,545761000.0,,176415000.0,0.0,0.0,0.0,462049000.0,164351000.0,297698000.0,1989246080.0,52006000.0,-727000.0,0.0,0.0,-10626000.0,-7538000.0,-11633000.0,0.0,70220000.0,957000.0,27993000.0,27993000.0,27993000.0,0.0,0.0,0.082,73431000.0,49500000.0,48833000.0,0.357,1.787,24.944,21.978,264653000.0,0.0,40.0,1.717,1.717,93853000.0,311220000.0,340826000.0,340826000.0,0.0,,,,,0.0,71907000.0,1.0,49731152.0,49731152.0,,6.853,725943000.0,0.0,17156000.0,0.0,14.597,272847000.0
75,SJM,MRQ,2002-09-30,2002-10-31,2002-10-31,2021-09-07,-14933000.0,1564974000.0,,425185000.0,1139789000.0,,21.994,-7399000.0,98825000.0,98825000.0,240563000.0,29087000.0,2.48,0.435,135000000.0,0.0,135000000.0,135000000.0,0.0,9281000.0,0.0,0.019,0.2,49211000.0,58492000.0,0.159,58492000.0,49211000.0,46915000.0,0.59,0.59,0.59,1090344000.0,,1090344000.0,1875818659.0,18.0,13.691,31875000.0,0.643,1.0,126412000.0,0.344,829331000.0,2296000.0,600345000.0,,188590000.0,0.0,0.0,0.0,474630000.0,171473000.0,303157000.0,1814913659.0,24730000.0,-633000.0,0.0,0.0,-9131000.0,-7234000.0,-7604000.0,0.0,39274000.0,294000.0,29087000.0,29087000.0,29087000.0,0.0,0.0,0.079,77418000.0,48994000.0,67562000.0,0.339,1.665,30.399,22.881,279664000.0,0.0,36.61,1.84,1.84,120191000.0,293141000.0,366975000.0,366975000.0,0.0,,,,,0.0,74948000.0,1.0,49574260.0,49574260.0,,7.403,735643000.0,0.0,17828000.0,0.0,14.839,253712000.0
76,SJM,MRQ,2002-06-30,2002-07-31,2002-07-31,2021-09-07,-14682000.0,1537260000.0,,398011000.0,1139249000.0,,21.576,-8305000.0,74095000.0,74095000.0,182584000.0,16017000.0,2.397,0.438,135000000.0,0.0,135000000.0,135000000.0,0.0,8163000.0,0.0,0.02,0.169,28147000.0,36310000.0,0.132,36310000.0,28147000.0,25834000.0,0.39,0.39,0.39,1069272000.0,,1069272000.0,1703303991.0,24.0,16.896,-5577000.0,-0.113,1.0,92352000.0,0.336,827363000.0,2313000.0,604780000.0,,195711000.0,0.0,0.0,0.0,467988000.0,166022000.0,301966000.0,1660217991.0,-17819000.0,-9303000.0,0.0,0.0,-3939000.0,-3728000.0,-17186000.0,0.0,2728000.0,367000.0,16017000.0,16017000.0,16017000.0,0.0,0.0,0.058,64834000.0,27518000.0,71763000.0,0.433,1.553,43.324,24.815,280588000.0,0.0,33.5,2.095,2.095,111443000.0,273939000.0,274936000.0,274936000.0,0.0,,,,,0.0,59947000.0,1.0,49558746.0,49558746.0,,5.548,709897000.0,0.0,9817000.0,0.0,14.324,231989000.0
77,SJM,MRQ,2002-03-31,2002-04-30,2002-04-30,2021-09-07,-15763000.0,524892000.0,,279813000.0,245079000.0,,11.926,-2526000.0,91914000.0,91914000.0,119130000.0,6653000.0,3.479,0.874,135000000.0,0.0,135000000.0,135000000.0,0.0,6947000.0,0.0,0.018,0.169,13026000.0,19973000.0,0.113,19973000.0,13026000.0,10529000.0,0.28,0.28,0.28,280144000.0,,280144000.0,930132704.0,16.0,10.574,29349000.0,1.249,1.0,56990000.0,0.324,48335000.0,2497000.0,439212000.0,,116539000.0,0.0,0.0,0.0,244748000.0,80431000.0,164317000.0,862572704.0,24474000.0,0.0,1126000.0,0.0,-3945000.0,-5674000.0,-2113000.0,0.0,31875000.0,386000.0,6653000.0,6653000.0,6653000.0,0.0,0.0,0.038,46510000.0,10480000.0,32390000.0,0.604,3.079,27.959,27.609,162789000.0,0.0,36.72,1.255,1.255,57371000.0,267793000.0,176120000.0,176120000.0,0.0,,,,,0.0,42393000.0,1.0,23490813.0,23490813.0,,7.497,476557000.0,0.0,3876000.0,6183000.0,20.287,199382000.0
78,SJM,MRQ,2001-12-31,2002-01-31,2002-01-31,2021-09-07,-17471000.0,503300000.0,,259956000.0,243344000.0,,11.575,-1245000.0,67440000.0,67440000.0,113391000.0,7947000.0,3.379,0.877,135000000.0,0.0,135000000.0,135000000.0,0.0,7138000.0,0.0,0.02,0.169,15101000.0,22239000.0,0.132,22239000.0,15101000.0,13028000.0,0.34,0.34,0.34,268155000.0,,268155000.0,886733600.0,16.0,10.374,29781000.0,1.286,1.0,55001000.0,0.327,48181000.0,2073000.0,445746000.0,,123343000.0,0.0,0.0,0.0,235145000.0,76933000.0,158212000.0,784951600.0,34222000.0,-75000.0,-587000.0,0.0,-3883000.0,4075000.0,-915000.0,0.0,31026000.0,36000.0,7947000.0,7947000.0,7947000.0,0.0,0.0,0.047,40701000.0,14300000.0,30580000.0,0.497,2.927,26.528,26.246,164975000.0,0.0,33.884,1.167,1.167,54424000.0,261405000.0,168392000.0,168392000.0,0.0,,,,,0.0,39787000.0,1.0,23166123.0,23166123.0,,7.269,455119000.0,0.0,5081000.0,0.0,19.646,183023000.0
79,SJM,MRQ,2001-09-30,2001-10-31,2001-10-31,2021-09-07,-20126000.0,488407000.0,,240642000.0,247765000.0,,10.979,-6333000.0,33218000.0,33218000.0,117024000.0,7704000.0,3.045,0.928,135000000.0,0.0,135000000.0,135000000.0,0.0,7302000.0,0.0,0.019,0.169,14985000.0,22287000.0,0.129,22287000.0,14985000.0,12629000.0,0.34,0.34,0.34,253357000.0,,253357000.0,900848771.0,16.0,10.833,-9229000.0,-0.4,1.0,55820000.0,0.323,43609000.0,2356000.0,467551000.0,,132416000.0,0.0,0.0,0.0,235050000.0,79029000.0,156021000.0,816840771.0,-17774000.0,-5639000.0,-539000.0,0.0,-3875000.0,-2932000.0,-11573000.0,0.0,-2896000.0,-373000.0,7704000.0,7704000.0,7704000.0,0.0,0.0,0.045,41307000.0,14513000.0,34111000.0,0.497,3.224,28.479,28.137,171086000.0,0.0,35.397,1.242,1.242,60627000.0,257437000.0,172844000.0,172844000.0,0.0,,,,,0.0,41307000.0,1.0,23076668.0,23076668.0,,7.49,444798000.0,0.0,4925000.0,0.0,19.275,161613000.0
80,SJM,MRQ,2001-06-30,2001-07-31,2001-07-31,2021-09-07,-18228000.0,486159000.0,,246681000.0,239478000.0,,10.836,-6300000.0,50992000.0,50992000.0,112612000.0,8547000.0,3.086,0.944,135000000.0,0.0,135000000.0,135000000.0,0.0,7170000.0,0.0,0.024,0.169,16293000.0,23463000.0,0.138,23463000.0,16293000.0,14012000.0,0.37,0.37,0.37,250064000.0,,250064000.0,746860461.0,14.0,9.364,3494000.0,0.151,1.0,57180000.0,0.337,44588000.0,2281000.0,445656000.0,,129592000.0,0.0,0.0,0.0,236095000.0,79923000.0,156172000.0,662985461.0,-133000.0,0.0,0.0,0.0,-3865000.0,-4076000.0,-5909000.0,0.0,9794000.0,58000.0,8547000.0,8547000.0,8547000.0,0.0,0.0,0.05,41685000.0,15495000.0,34111000.0,0.457,2.651,24.386,24.286,171414000.0,0.0,28.73,1.013,1.013,54405000.0,253830000.0,169792000.0,169792000.0,0.0,,,,,0.0,41685000.0,1.0,23076290.0,23076290.0,,7.358,441571000.0,0.0,5465000.0,0.0,19.135,166758000.0
81,SJM,MRQ,2001-03-31,2001-04-30,2001-04-30,2021-09-07,-16635000.0,479104000.0,,235242000.0,243862000.0,,10.939,-6428000.0,51125000.0,51125000.0,116894000.0,5392000.0,3.456,0.91,135000000.0,0.0,135000000.0,135000000.0,0.0,7231000.0,0.0,0.024,0.169,10258000.0,17489000.0,0.108,17489000.0,10258000.0,7529000.0,0.241,0.241,0.241,250785000.0,,250785000.0,738871206.0,14.0,9.448,22798000.0,0.994,1.0,44555000.0,0.276,45636000.0,2729000.0,449281000.0,,114175000.0,0.0,0.0,0.0,228319000.0,68062000.0,160257000.0,634659206.0,20337000.0,0.0,1000.0,0.0,-3852000.0,-2276000.0,-6043000.0,0.0,29226000.0,-907000.0,5392000.0,5392000.0,5392000.0,0.0,0.0,0.033,35764000.0,8791000.0,29967000.0,0.701,2.531,23.328,24.498,171570000.0,0.0,27.683,0.975,0.975,55986000.0,253226000.0,161449000.0,161449000.0,0.0,,,,,0.0,35764000.0,1.0,22926336.0,22926336.0,,7.042,433468000.0,0.0,2137000.0,7897000.0,18.907,167180000.0
82,SJM,MRQ,2000-12-31,2001-01-31,2001-01-31,2021-09-07,-12555000.0,463898000.0,,219612000.0,244286000.0,,10.731,-6617000.0,30788000.0,30788000.0,101185000.0,7039000.0,3.397,0.891,135000000.0,0.0,135000000.0,135000000.0,0.0,6635000.0,0.0,0.026,0.169,13282000.0,19917000.0,0.13,19917000.0,13282000.0,11090000.0,0.307,0.307,0.307,245265000.0,,245265000.0,721987316.0,17.0,10.451,23405000.0,1.024,1.0,52443000.0,0.341,46907000.0,2192000.0,456561000.0,,122064000.0,0.0,0.0,0.0,218633000.0,64642000.0,153991000.0,596194316.0,21581000.0,0.0,-546000.0,0.0,-3837000.0,-2465000.0,-6240000.0,0.0,30022000.0,601000.0,7039000.0,7039000.0,7039000.0,0.0,0.0,0.046,39691000.0,12752000.0,27626000.0,0.55,2.431,26.266,29.709,172385000.0,0.0,26.085,0.909,0.909,52459000.0,245732000.0,153628000.0,153628000.0,0.0,,,,,0.0,39691000.0,1.0,22856131.0,22856131.0,,6.722,416991000.0,0.0,4051000.0,0.0,18.244,154970000.0
83,SJM,MRQ,2000-09-30,2000-10-31,2000-10-31,2021-09-07,-13866000.0,462110000.0,,219010000.0,243100000.0,,10.485,-7209000.0,9207000.0,9207000.0,115465000.0,6209000.0,3.152,0.938,135000000.0,0.0,135000000.0,135000000.0,0.0,6766000.0,0.0,0.028,0.169,12122000.0,18888000.0,0.111,18888000.0,12122000.0,10154000.0,0.265,0.265,0.265,238443000.0,,238443000.0,585073377.0,15.0,9.125,7049000.0,0.31,1.0,54372000.0,0.32,47374000.0,1968000.0,471041000.0,,132202000.0,0.0,0.0,0.0,223667000.0,69488000.0,154179000.0,535441377.0,-16161000.0,0.0,-80419000.0,60000000.0,-4499000.0,-23194000.0,-6839000.0,0.0,14258000.0,-386000.0,6209000.0,6209000.0,6209000.0,0.0,0.0,0.037,42812000.0,11560000.0,33557000.0,0.638,2.246,25.965,31.351,170905000.0,0.0,23.545,0.82,0.82,64416000.0,243162000.0,169837000.0,169837000.0,0.0,,,,,0.0,40660000.0,1.0,22741218.0,22741218.0,,7.468,414736000.0,0.0,3945000.0,0.0,18.237,149522000.0
84,SJM,MRQ,2000-06-30,2000-07-31,2000-07-31,2021-09-07,-10164000.0,490550000.0,,240599000.0,249951000.0,,11.899,-8853000.0,25368000.0,25368000.0,110404000.0,8566000.0,3.096,0.54,75000000.0,0.0,75000000.0,75000000.0,0.0,6289000.0,0.0,0.034,0.169,15625000.0,21914000.0,0.132,21914000.0,15625000.0,14727000.0,0.317,0.317,0.317,318510000.0,,318510000.0,551752040.0,13.0,7.426,5837000.0,0.218,1.0,55924000.0,0.336,49318000.0,898000.0,413145000.0,,134922000.0,0.0,0.0,0.0,172040000.0,77719000.0,94321000.0,509855040.0,1595000.0,0.0,0.0,0.0,-4498000.0,-4390000.0,-8490000.0,0.0,14690000.0,-215000.0,8566000.0,8566000.0,8566000.0,0.0,0.0,0.052,39858000.0,16066000.0,36836000.0,0.533,1.601,21.421,22.812,178154000.0,0.0,19.048,0.788,0.788,63194000.0,316209000.0,166328000.0,166328000.0,0.0,,,,,0.0,39858000.0,1.0,26767390.0,26767390.0,,6.214,441232000.0,0.0,6161000.0,0.0,16.484,162880000.0
85,SJM,MRQ,2000-03-31,2000-04-30,2000-04-30,2021-09-07,-9327000.0,466054000.0,,219802000.0,246252000.0,,11.702,-11252000.0,23773000.0,23773000.0,124497000.0,884000.0,3.734,0.487,75000000.0,0.0,75000000.0,75000000.0,0.0,7248000.0,0.0,0.038,0.159,1113000.0,8361000.0,0.05,8361000.0,1113000.0,619000.0,-0.011,-0.011,-0.011,313473000.0,,313473000.0,502515264.0,11.0,7.107,15729000.0,0.587,1.0,41500000.0,0.25,50285000.0,494000.0,408137000.0,,121515000.0,0.0,0.0,0.0,152581000.0,58859000.0,93722000.0,453569264.0,3728000.0,-3758000.0,-3067000.0,0.0,-4247000.0,-7871000.0,-14654000.0,0.0,26981000.0,-728000.0,884000.0,884000.0,884000.0,0.0,0.0,0.005,40948000.0,552000.0,23190000.0,-14.455,1.447,17.264,18.403,174648000.0,0.0,16.931,0.707,0.707,62518000.0,310843000.0,165997000.0,165997000.0,0.0,,,,,0.0,31261000.0,1.0,26788935.0,26788935.0,,6.196,415769000.0,0.0,-265000.0,4908000.0,15.52,160943000.0
86,SJM,MRQ,1999-12-31,2000-01-31,2000-01-31,2021-09-07,-6772000.0,488136000.0,,234415000.0,253721000.0,,11.772,-4566000.0,26054000.0,26054000.0,95937000.0,4963000.0,3.407,0.514,75000000.0,0.0,75000000.0,75000000.0,0.0,5956000.0,0.0,0.034,0.159,9000000.0,14956000.0,0.099,14956000.0,9000000.0,7716000.0,0.18,0.18,0.18,322432000.0,,322432000.0,557193405.0,9.0,5.511,21738000.0,0.794,1.0,54491000.0,0.362,58198000.0,1284000.0,410078000.0,,140247000.0,0.0,0.0,0.0,165704000.0,68806000.0,96898000.0,507212405.0,4854000.0,-5298000.0,-8070000.0,0.0,-4301000.0,-11940000.0,-9514000.0,0.0,26304000.0,4000.0,4963000.0,4963000.0,4963000.0,0.0,0.0,0.033,46242000.0,8249000.0,33821000.0,0.883,1.573,14.317,14.223,173339000.0,0.0,18.519,0.79,0.79,55566000.0,317197000.0,150428000.0,150428000.0,0.0,,,,,0.0,41437000.0,1.0,27389470.0,27389470.0,,5.492,429938000.0,0.0,2753000.0,0.0,15.697,165609000.0
87,SJM,MRQ,1999-09-30,1999-10-31,1999-10-31,2021-09-07,-7103000.0,505414000.0,,250399000.0,255015000.0,,11.992,-6451000.0,25019000.0,25019000.0,109092000.0,9389000.0,3.136,0.537,75000000.0,0.0,75000000.0,75000000.0,0.0,12994000.0,0.0,0.029,0.159,16074000.0,29068000.0,0.177,29068000.0,16074000.0,15221000.0,0.349,0.349,0.349,328737000.0,,328737000.0,599250705.0,9.0,5.98,-19161000.0,-0.699,1.0,54873000.0,0.335,58517000.0,853000.0,417036000.0,,146395000.0,0.0,0.0,0.0,176677000.0,79842000.0,96835000.0,576704705.0,-23910000.0,0.0,-1286000.0,0.0,-4322000.0,-5363000.0,-6108000.0,0.0,-12710000.0,271000.0,9389000.0,9389000.0,9389000.0,0.0,0.0,0.057,39804000.0,15069000.0,42054000.0,0.456,1.754,14.898,14.836,171700000.0,0.0,21.037,0.911,0.911,66410000.0,324178000.0,163965000.0,163965000.0,0.0,,,,,0.0,39804000.0,1.0,27413780.0,27413780.0,,5.981,446897000.0,0.0,5832000.0,0.0,16.302,170557000.0
88,SJM,MRQ,1999-06-30,1999-07-31,1999-07-31,2021-09-07,-6664000.0,517094000.0,,266643000.0,250451000.0,,11.838,-9880000.0,52454000.0,52454000.0,103467000.0,11037000.0,2.796,0.591,75000000.0,0.0,75000000.0,75000000.0,0.0,0.0,0.0,0.024,0.159,18323000.0,18323000.0,0.113,18323000.0,18323000.0,17843000.0,0.402,0.402,0.402,324947000.0,,324947000.0,700869891.0,11.0,8.141,-18184000.0,-0.662,1.0,58028000.0,0.359,59440000.0,480000.0,384829000.0,,141636000.0,0.0,0.0,0.0,192147000.0,95371000.0,96776000.0,700586891.0,38420000.0,0.0,-5231000.0,66034000.0,-4342000.0,56428000.0,-9542000.0,0.0,-8304000.0,-162000.0,11037000.0,11037000.0,11037000.0,0.0,0.0,0.068,40795000.0,17233000.0,57634000.0,0.396,2.156,18.252,18.27,170544000.0,0.0,25.524,1.123,1.123,58178000.0,320341000.0,161495000.0,161495000.0,0.0,,,,,0.0,40795000.0,1.0,27448367.0,27448367.0,,5.884,457654000.0,0.0,6806000.0,0.0,16.673,171272000.0
89,SJM,MRQ,1999-03-31,1999-04-30,1999-04-30,2021-09-07,-5698000.0,433883000.0,,186142000.0,247741000.0,,11.774,-10038000.0,8683000.0,8683000.0,121099000.0,10039000.0,2.124,0.338,8966000.0,8966000.0,0.0,8966000.0,0.0,23394000.0,0.0,0.026,0.148,15372000.0,38766000.0,0.233,38766000.0,15372000.0,15705000.0,0.37,0.37,0.37,324329000.0,,324329000.0,620898098.0,10.0,7.287,24252000.0,0.88,1.0,45397000.0,0.273,60627000.0,-333000.0,285908000.0,,114200000.0,0.0,0.0,0.0,109554000.0,87631000.0,21923000.0,626722098.0,3140000.0,527000.0,0.0,-17746000.0,-4063000.0,-22014000.0,-9511000.0,0.0,34290000.0,375000.0,10039000.0,10039000.0,10039000.0,0.0,0.0,0.06,30844000.0,14553000.0,40262000.0,0.4,1.932,16.596,16.534,166543000.0,0.0,22.751,1.023,1.023,51858000.0,318660000.0,166496000.0,166496000.0,0.0,,,,,0.0,30844000.0,1.0,27546622.0,27546622.0,,6.044,373256000.0,0.0,5666000.0,11707000.0,13.55,98511000.0
90,SJM,MRQ,1998-12-31,1999-01-31,1999-01-31,2021-09-07,-8701000.0,434108000.0,,193710000.0,240398000.0,,11.462,-6899000.0,5824000.0,5824000.0,91717000.0,8245000.0,1.987,0.376,0.0,0.0,0.0,0.0,0.0,0.0,0.0,0.022,0.148,14057000.0,14057000.0,0.1,14057000.0,14057000.0,13805000.0,0.296,0.296,0.296,315416000.0,,315416000.0,722886275.0,12.0,8.471,19225000.0,0.699,1.0,49055000.0,0.348,58469000.0,252000.0,272309000.0,,125918000.0,0.0,0.0,0.0,118692000.0,97506000.0,21186000.0,728015275.0,695000.0,-17040000.0,0.0,1255000.0,-4060000.0,-2254000.0,-23283000.0,0.0,26124000.0,108000.0,8245000.0,8245000.0,8245000.0,0.0,0.0,0.059,35465000.0,13590000.0,33419000.0,0.5,2.308,19.432,19.381,164113000.0,0.0,26.455,1.237,1.237,49841000.0,312438000.0,140772000.0,140772000.0,0.0,,,,,0.0,35465000.0,1.0,27518977.0,27518977.0,,5.115,375639000.0,0.0,5560000.0,0.0,13.65,96204000.0
91,SJM,MRQ,1998-09-30,1998-10-31,1998-10-31,2021-09-07,-7893000.0,434383000.0,,210605000.0,223778000.0,,11.293,-11882000.0,5129000.0,5129000.0,103204000.0,9063000.0,2.055,0.397,0.0,0.0,0.0,0.0,0.0,0.0,0.0,0.025,0.148,14941000.0,14941000.0,0.096,14941000.0,14941000.0,14685000.0,0.328,0.328,0.328,310840000.0,,310840000.0,633732430.0,11.0,7.775,-19388000.0,-0.704,1.0,51690000.0,0.334,43836000.0,256000.0,282927000.0,,138482000.0,0.0,0.0,0.0,123543000.0,102491000.0,21052000.0,640784430.0,-1923000.0,-176000.0,-811000.0,21984000.0,-4059000.0,17577000.0,-11739000.0,0.0,-7506000.0,-255000.0,9063000.0,9063000.0,9063000.0,0.0,0.0,0.059,37378000.0,14312000.0,38006000.0,0.451,2.061,18.685,18.639,160858000.0,0.0,23.28,1.108,1.108,53606000.0,308257000.0,154894000.0,154894000.0,0.0,,,,,0.0,37378000.0,1.0,27524604.0,27524604.0,,5.627,390547000.0,0.0,5622000.0,0.0,14.189,108114000.0
92,SJM,MRQ,1998-06-30,1998-07-31,1998-07-31,2021-09-07,-8131000.0,421570000.0,,203602000.0,217968000.0,,11.107,-9127000.0,7052000.0,7052000.0,96638000.0,10416000.0,2.152,0.378,0.0,0.0,0.0,0.0,0.0,0.0,0.0,0.022,0.148,17440000.0,17440000.0,0.116,17440000.0,17440000.0,17436000.0,0.381,0.381,0.381,305945000.0,,305945000.0,655810402.0,11.0,8.087,-18229000.0,-0.662,1.0,53862000.0,0.358,44584000.0,4000.0,275333000.0,,137642000.0,0.0,0.0,0.0,115625000.0,94601000.0,21024000.0,692294402.0,-29432000.0,-9901000.0,0.0,3473000.0,-4064000.0,-1038000.0,-18715000.0,0.0,-9102000.0,-577000.0,10416000.0,10416000.0,10416000.0,0.0,0.0,0.069,37342000.0,16520000.0,46379000.0,0.388,2.263,20.462,20.301,153414000.0,0.0,25.132,1.218,1.218,46276000.0,304036000.0,150500000.0,150500000.0,0.0,,,,,0.0,37342000.0,1.0,27546030.0,27546030.0,,5.464,376986000.0,0.0,7020000.0,0.0,13.686,109001000.0
93,SJM,MRQ,1998-03-31,1998-04-30,1998-04-30,2021-09-07,-5991000.0,407973000.0,,201506000.0,206467000.0,,10.962,-7036000.0,36484000.0,36484000.0,90220000.0,9740000.0,2.373,0.35,0.0,0.0,0.0,0.0,0.0,22539000.0,0.0,0.021,0.138,16360000.0,38899000.0,0.273,38899000.0,16360000.0,16335000.0,0.36,0.36,0.36,302177000.0,,302177000.0,689839192.0,12.0,8.571,18086000.0,0.656,1.0,52022000.0,0.366,42410000.0,25000.0,244179000.0,,103465000.0,0.0,0.0,0.0,105796000.0,84900000.0,20896000.0,714675192.0,11648000.0,-1406000.0,-1245000.0,0.0,-3767000.0,-5320000.0,-8135000.0,0.0,25122000.0,-19000.0,9740000.0,9740000.0,9740000.0,0.0,0.0,0.068,37058000.0,14964000.0,41410000.0,0.383,2.365,21.404,21.303,143714000.0,0.0,25.926,1.264,1.264,48732000.0,298316000.0,142242000.0,142242000.0,0.0,,,,,0.0,37058000.0,1.0,27566043.0,27566043.0,,5.16,365563000.0,0.0,6595000.0,13535000.0,13.261,116606000.0
94,SJM,MRQ,1997-12-31,1998-01-31,1998-01-31,2021-09-07,-4488000.0,390128000.0,,185604000.0,204524000.0,,10.849,-4225000.0,24836000.0,24836000.0,83426000.0,5075000.0,2.67,0.305,0.0,0.0,0.0,0.0,0.0,0.0,0.0,0.02,0.138,10233000.0,10233000.0,0.078,10233000.0,10233000.0,10203000.0,0.18,0.18,0.18,298881000.0,,298881000.0,735079192.0,13.0,9.258,22989000.0,0.834,1.0,47232000.0,0.361,42417000.0,30000.0,253361000.0,,109126000.0,0.0,0.0,0.0,91247000.0,69514000.0,21733000.0,746901192.0,13014000.0,0.0,88000.0,-7259000.0,-3770000.0,-10293000.0,-3923000.0,0.0,27214000.0,16000.0,5075000.0,5075000.0,5075000.0,0.0,0.0,0.039,35005000.0,12227000.0,26991000.0,0.767,2.499,22.81,22.879,141048000.0,0.0,27.111,1.336,1.336,42238000.0,292497000.0,130658000.0,130658000.0,0.0,,,,,0.0,35005000.0,1.0,27549634.0,27549634.0,,4.743,347711000.0,0.0,5128000.0,0.0,12.621,116090000.0
95,SJM,MRQ,1997-09-30,1997-10-31,1997-10-31,2021-09-07,-3845000.0,405666000.0,,193222000.0,212444000.0,,10.79,-7175000.0,11822000.0,11822000.0,95974000.0,8602000.0,2.22,0.365,0.0,0.0,0.0,0.0,0.0,0.0,0.0,0.019,0.138,14523000.0,14523000.0,0.1,14523000.0,14523000.0,14438000.0,0.317,0.317,0.317,297164000.0,,297164000.0,778774026.0,13.0,9.671,-6148000.0,-0.223,1.0,49213000.0,0.339,43417000.0,85000.0,263402000.0,,117967000.0,0.0,0.0,0.0,108502000.0,87025000.0,21477000.0,793728026.0,-3132000.0,0.0,-84000.0,7163000.0,-3765000.0,3333000.0,-6879000.0,0.0,1027000.0,-613000.0,8602000.0,8602000.0,8602000.0,0.0,0.0,0.059,35346000.0,13867000.0,37338000.0,0.435,2.671,23.206,23.292,146876000.0,0.0,28.836,1.446,1.447,53293000.0,291227000.0,145187000.0,145187000.0,0.0,,,,,0.0,35346000.0,1.0,27525614.0,27540324.0,27540324.0,5.272,362249000.0,0.0,5836000.0,0.0,13.153,106197000.0
96,SJM,MRQ,1997-06-30,1997-07-31,1997-07-31,2021-09-07,-1899000.0,403933000.0,,192378000.0,211555000.0,,10.672,-9940000.0,14954000.0,14954000.0,95993000.0,9973000.0,2.174,0.373,0.0,0.0,0.0,0.0,0.0,0.0,0.0,0.022,0.138,16830000.0,16830000.0,0.114,16830000.0,16830000.0,16825000.0,0.36,0.36,0.36,294169000.0,,294169000.0,679445260.0,12.0,8.493,-2262000.0,-0.082,1.0,51396000.0,0.349,44553000.0,5000.0,255922000.0,,115347000.0,0.0,0.0,0.0,109764000.0,88504000.0,21260000.0,703536260.0,-9137000.0,0.0,-3224000.0,96000.0,-3798000.0,-6885000.0,-9649000.0,0.0,7678000.0,-281000.0,9973000.0,9973000.0,9973000.0,0.0,0.0,0.068,35390000.0,16006000.0,46899000.0,0.383,2.392,21.052,21.341,144822000.0,0.0,25.524,1.298,1.298,51417000.0,287697000.0,147389000.0,147389000.0,0.0,,,,,0.0,35390000.0,1.0,27563921.0,27563656.0,27563656.0,5.347,359380000.0,0.0,6852000.0,0.0,13.038,103874000.0
97,SJM,MRQ,1997-03-31,1997-04-30,1997-04-30,2021-09-07,-1032000.0,384773000.0,,178472000.0,206301000.0,,10.593,-7538000.0,24091000.0,24091000.0,88526000.0,9095000.0,2.478,0.318,0.0,0.0,0.0,0.0,0.0,21839000.0,0.0,0.03,0.138,15975000.0,37814000.0,0.278,37814000.0,15975000.0,16017000.0,0.328,0.328,0.328,291891000.0,,291891000.0,513672780.0,9.0,6.693,33365000.0,1.211,1.0,47405000.0,0.349,45393000.0,-42000.0,243273000.0,,94106000.0,0.0,0.0,0.0,92882000.0,72016000.0,20866000.0,510268780.0,11895000.0,-1332000.0,-245000.0,-15600000.0,-3767000.0,-19344000.0,-8103000.0,0.0,40903000.0,20000.0,9095000.0,9095000.0,9095000.0,0.0,0.0,0.067,32012000.0,15393000.0,36582000.0,0.421,1.748,16.495,16.505,139635000.0,0.0,18.519,0.974,0.974,48140000.0,284605000.0,135931000.0,135931000.0,0.0,,,,,0.0,32012000.0,1.0,27554514.0,27554514.0,,4.933,339380000.0,0.0,6922000.0,11720000.0,12.317,106456000.0
98,SJM,MRQ,1996-12-31,1997-01-31,1997-01-31,2021-09-07,-1016000.0,379831000.0,,177642000.0,202189000.0,,10.404,-3540000.0,12196000.0,12196000.0,80383000.0,6533000.0,3.132,0.325,15600000.0,0.0,15600000.0,15600000.0,0.0,0.0,0.0,0.03,0.138,11358000.0,11358000.0,0.094,11358000.0,11358000.0,10987000.0,0.233,0.233,0.233,286670000.0,,286670000.0,534662040.0,11.0,8.186,18483000.0,0.671,1.0,39868000.0,0.332,42496000.0,371000.0,284018000.0,,105963000.0,13601000.0,0.0,13601000.0,93161000.0,56721000.0,36440000.0,510256040.0,402000.0,6437000.0,0.0,-20600000.0,-3780000.0,-24263000.0,2897000.0,0.0,22023000.0,-255000.0,6533000.0,6533000.0,6533000.0,0.0,0.0,0.054,28862000.0,11006000.0,23006000.0,0.592,1.78,19.719,19.891,136865000.0,0.0,18.519,1.004,1.004,43234000.0,279286000.0,120251000.0,120251000.0,0.0,,,,,0.0,28862000.0,1.0,27553826.0,27554065.0,27554065.0,4.364,337335000.0,0.0,4454000.0,0.0,12.243,120921000.0
99,SJM,MRQ,1996-09-30,1996-10-31,1996-10-31,2021-09-07,19000.0,406690000.0,,201936000.0,204754000.0,,10.335,-1523000.0,11794000.0,11794000.0,94157000.0,7818000.0,3.102,0.428,36200000.0,0.0,36200000.0,36200000.0,0.0,0.0,0.0,0.032,0.138,14000000.0,14000000.0,0.101,14000000.0,14000000.0,13331000.0,0.275,0.275,0.275,284759000.0,,284759000.0,511955552.0,11.0,7.756,-4770000.0,-0.173,1.0,44139000.0,0.319,43219000.0,669000.0,322783000.0,,120899000.0,13845000.0,0.0,13845000.0,121931000.0,65094000.0,56837000.0,481098552.0,-449000.0,14408000.0,0.0,-6900000.0,-3783000.0,-10087000.0,12885000.0,0.0,-3247000.0,0.0,7818000.0,7818000.0,7818000.0,0.0,0.0,0.057,30563000.0,13576000.0,30925000.0,0.502,1.689,18.734,18.754,138133000.0,0.0,17.46,0.945,0.945,48023000.0,276537000.0,138296000.0,138296000.0,0.0,,,,,0.0,30563000.0,1.0,27553826.0,27553826.0,27553826.0,5.019,363471000.0,0.0,5513000.0,0.0,13.191,136842000.0
100,SJM,MRQ,1996-06-30,1996-07-31,1996-07-31,2021-09-07,-1485000.0,419062000.0,,212236000.0,206826000.0,,10.12,-2523000.0,12243000.0,12243000.0,85883000.0,7489000.0,2.772,0.502,43100000.0,0.0,43100000.0,43100000.0,0.0,0.0,0.0,0.029,0.138,13581000.0,13581000.0,0.105,13581000.0,13581000.0,12831000.0,0.275,0.275,0.275,278916000.0,,278916000.0,560698412.0,13.0,9.115,-2679000.0,-0.097,1.0,43746000.0,0.337,43426000.0,750000.0,329922000.0,,113679000.0,13859000.0,0.0,13859000.0,140146000.0,76571000.0,63575000.0,517545412.0,-5404000.0,19589000.0,0.0,-17700000.0,-3783000.0,-22100000.0,17066000.0,0.0,-156000.0,63000.0,7489000.0,7489000.0,7489000.0,0.0,0.0,0.058,30517000.0,13229000.0,40388000.0,0.502,1.856,18.973,18.877,140833000.0,0.0,18.783,1.008,1.008,45614000.0,272501000.0,129629000.0,129629000.0,0.0,,,,,0.0,30517000.0,1.0,27553826.0,27561653.0,27561653.0,4.703,375636000.0,0.0,5342000.0,0.0,13.629,135665000.0
101,SJM,MRQ,1996-03-31,1996-04-30,1996-04-30,2021-09-07,-479000.0,424952000.0,,214462000.0,210490000.0,,10.025,-4270000.0,17647000.0,17647000.0,82244000.0,4036000.0,3.177,0.538,60800000.0,0.0,60800000.0,60800000.0,0.0,17473000.0,0.0,0.025,0.138,8905000.0,26378000.0,0.22,26378000.0,8905000.0,8879000.0,0.148,0.148,0.148,276341000.0,,276341000.0,607408935.0,13.0,9.414,21398000.0,0.776,1.0,37921000.0,0.316,44098000.0,26000.0,356497000.0,,95495000.0,0.0,0.0,0.0,148611000.0,67510000.0,81101000.0,616069935.0,1986000.0,0.0,288000.0,-13300000.0,-3786000.0,-16866000.0,-4270000.0,0.0,25668000.0,50000.0,4036000.0,4036000.0,4036000.0,1542000.0,0.0,0.034,26304000.0,11617000.0,37211000.0,0.932,2.229,21.017,20.907,143084000.0,0.0,22.349,1.19,1.19,40241000.0,269036000.0,120165000.0,120165000.0,0.0,,,,,0.0,26304000.0,1.0,27565629.0,27565629.0,,4.359,380854000.0,2998000.0,4843000.0,8488000.0,13.816,146952000.0
102,SJM,MRQ,1995-12-31,1996-01-31,1996-01-31,2021-09-07,-2109000.0,439292000.0,,207665000.0,231627000.0,,9.948,-5339000.0,15661000.0,15661000.0,76373000.0,6337000.0,2.567,0.602,7000000.0,7000000.0,0.0,7000000.0,0.0,0.0,0.0,0.025,0.138,12049000.0,12049000.0,0.099,12049000.0,12049000.0,11066000.0,0.233,0.233,0.233,274193000.0,,274193000.0,647412794.0,15.0,10.792,22222000.0,0.806,1.0,44834000.0,0.37,78753000.0,983000.0,270967000.0,,123814000.0,0.0,0.0,0.0,165099000.0,80911000.0,84188000.0,605131794.0,2242000.0,0.0,0.0,-48700000.0,-7558000.0,-55994000.0,-4860000.0,0.0,27561000.0,-300000.0,6337000.0,6337000.0,6337000.0,-481000.0,0.0,0.052,33390000.0,11444000.0,33936000.0,0.592,2.207,19.302,19.211,142963000.0,0.0,21.958,1.432,1.432,53702000.0,268889000.0,121207000.0,121207000.0,0.0,,,,,0.0,33390000.0,1.0,27559014.0,27563184.0,27563184.0,4.397,360539000.0,0.0,4729000.0,0.0,13.08,126754000.0
103,SJM,MRQ,1995-09-30,1995-10-31,1995-10-31,2021-09-07,-2243000.0,500049000.0,,263259000.0,236790000.0,,9.964,-6678000.0,13419000.0,13419000.0,93183000.0,9416000.0,1.857,0.821,55700000.0,55700000.0,0.0,55700000.0,0.0,0.0,0.0,0.026,0.138,9504000.0,9504000.0,0.067,9504000.0,9504000.0,8511000.0,0.339,0.339,0.339,274611000.0,,274611000.0,582227362.0,12.0,9.139,-14348000.0,-0.521,1.0,49380000.0,0.346,79659000.0,993000.0,320895000.0,,143181000.0,0.0,0.0,0.0,225438000.0,141776000.0,83662000.0,572191362.0,-1045000.0,0.0,0.0,31200000.0,0.0,31949000.0,-5663000.0,0.0,-7670000.0,301000.0,9416000.0,9416000.0,9416000.0,-781000.0,0.0,0.066,34205000.0,15175000.0,44742000.0,0.407,2.084,16.978,16.907,147021000.0,0.0,20.762,1.248,1.248,91946000.0,269861000.0,142563000.0,142563000.0,0.0,,,,,0.0,34205000.0,1.0,27559676.0,27559538.0,27559538.0,5.173,420390000.0,0.0,-905000.0,3138000.0,15.254,121483000.0
104,SJM,MRQ,1995-06-30,1995-07-31,1995-07-31,2021-09-07,-3535000.0,466807000.0,,232239000.0,234568000.0,,9.569,-8576000.0,14464000.0,14464000.0,85295000.0,9524000.0,1.943,0.77,24500000.0,24500000.0,0.0,24500000.0,0.0,0.0,0.0,0.017,0.138,16481000.0,16481000.0,0.123,16481000.0,16481000.0,16091000.0,0.349,0.349,0.349,263727000.0,,263727000.0,693957275.0,12.0,9.073,-6324000.0,-0.229,1.0,48602000.0,0.363,79930000.0,390000.0,277402000.0,,148808000.0,0.0,0.0,0.0,203080000.0,119511000.0,83569000.0,638101275.0,3220000.0,0.0,0.0,24500000.0,-3779000.0,20880000.0,-8576000.0,0.0,2252000.0,40000.0,9524000.0,9524000.0,9524000.0,-140000.0,0.0,0.071,32844000.0,15758000.0,50049000.0,0.395,2.42,17.429,17.369,144469000.0,0.0,23.153,1.275,1.275,55455000.0,260600000.0,133897000.0,133897000.0,0.0,,,,,0.0,32844000.0,1.0,27559676.0,27559676.0,27559676.0,4.858,386877000.0,0.0,6567000.0,8317000.0,14.038,112728000.0
105,SJM,MRQ,1995-03-31,1995-04-30,1995-04-30,2021-09-07,-3383000.0,405995000.0,,176814000.0,229181000.0,,9.36,-5617000.0,11244000.0,11244000.0,14496000.0,6073000.0,2.728,0.574,67100000.0,0.0,67100000.0,67100000.0,0.0,16164000.0,0.0,0.012,0.132,5793000.0,21957000.0,0.883,21957000.0,5793000.0,7998000.0,0.222,0.222,0.222,257992000.0,,257992000.0,631907327.0,11.0,8.303,1704000.0,0.062,1.0,10358000.0,0.417,45634000.0,-2205000.0,351396000.0,,86061000.0,0.0,0.0,0.0,148003000.0,64821000.0,83182000.0,627094327.0,859000.0,0.0,34000.0,-4157000.0,-3603000.0,-7782000.0,-4165000.0,0.0,7321000.0,-42000.0,6073000.0,6073000.0,6073000.0,-3842000.0,0.0,0.244,6704000.0,3654000.0,32620000.0,0.595,2.431,17.274,17.197,140125000.0,0.0,22.751,1.227,1.227,43407000.0,254854000.0,24854000.0,24854000.0,0.0,,,,,0.0,6704000.0,1.0,27562983.0,27562983.0,,0.902,360361000.0,0.0,1925000.0,8881000.0,13.074,111993000.0
106,SJM,MRQ,1994-12-31,1995-01-31,1995-01-31,2021-09-07,-3502000.0,416261000.0,,186438000.0,229823000.0,,9.267,-4770000.0,10385000.0,10385000.0,100600000.0,8689000.0,2.018,0.63,15198000.0,15198000.0,0.0,15198000.0,0.0,0.0,0.0,0.005,0.132,15764000.0,15764000.0,0.1,15764000.0,15764000.0,14465000.0,0.317,0.317,0.317,255419000.0,,255419000.0,722659755.0,11.0,9.206,53545000.0,1.943,1.0,56748000.0,0.361,40721000.0,1299000.0,287978000.0,,121512000.0,0.0,0.0,0.0,160842000.0,92375000.0,68467000.0,674460755.0,3786000.0,-6471000.0,0.0,-39600000.0,-3633000.0,-42964000.0,-11557000.0,0.0,58315000.0,-8000.0,8689000.0,8689000.0,8689000.0,0.0,0.0,0.055,41841000.0,14907000.0,30308000.0,0.416,2.641,19.83,19.762,138303000.0,0.0,24.466,1.114,1.114,46297000.0,252638000.0,157348000.0,157348000.0,0.0,,,,,0.0,41841000.0,1.0,27567708.0,27563445.0,27563445.0,5.709,375540000.0,0.0,5776000.0,4023000.0,13.625,94063000.0
107,SJM,MRQ,1994-09-30,1994-10-31,1994-10-31,2021-09-07,-2883000.0,460485000.0,,235864000.0,224621000.0,,9.09,-3349000.0,6599000.0,6599000.0,119787000.0,12326000.0,1.667,0.838,54798000.0,54798000.0,0.0,54798000.0,0.0,0.0,0.0,0.0,0.0,22283000.0,22283000.0,0.121,22283000.0,22283000.0,20898000.0,0.444,0.444,0.444,250578000.0,,250578000.0,729376227.0,12.0,9.698,-15513000.0,-0.563,1.0,64552000.0,0.35,76986000.0,1385000.0,290247000.0,,139447000.0,0.0,0.0,0.0,209907000.0,141451000.0,68456000.0,692839227.0,1136000.0,-27000.0,0.0,20299000.0,-3633000.0,16986000.0,-3749000.0,0.0,-12164000.0,63000.0,12326000.0,12326000.0,12326000.0,0.0,0.0,0.067,43762000.0,20790000.0,33750000.0,0.0,2.765,21.181,21.014,138116000.0,0.0,25.132,1.229,1.229,82247000.0,247694000.0,184339000.0,184339000.0,0.0,,,,,0.0,43762000.0,1.0,27567708.0,27567709.0,27567709.0,6.687,383499000.0,0.0,8572000.0,4646000.0,13.911,94413000.0
108,SJM,MRQ,1994-06-30,1994-07-31,1994-07-31,2021-09-07,-3749000.0,439746000.0,,214581000.0,225165000.0,,8.741,-4647000.0,5463000.0,5463000.0,93403000.0,9215000.0,1.552,0.827,42000000.0,42000000.0,0.0,42000000.0,0.0,0.0,0.0,,0.0,16100000.0,16100000.0,0.112,16100000.0,16100000.0,15361000.0,0.339,0.339,0.339,240632000.0,,240632000.0,,,,-24570000.0,-0.892,1.0,50944000.0,0.353,77516000.0,739000.0,260527000.0,,149757000.0,0.0,0.0,0.0,199114000.0,138240000.0,60874000.0,,-8596000.0,-22282000.0,0.0,42000000.0,-3634000.0,38181000.0,-26968000.0,0.0,-19923000.0,114000.0,9215000.0,9215000.0,9215000.0,0.0,0.0,0.064,35739000.0,15205000.0,47652000.0,0.0,,,,138402000.0,0.0,,,,52455000.0,238993000.0,144347000.0,144347000.0,0.0,,,,,0.0,35739000.0,1.0,27567708.0,27529498.0,27529498.0,5.243,362230000.0,0.0,6146000.0,0.0,13.158,76341000.0
109,SJM,MRQ,1994-03-31,1994-04-30,1994-04-30,2021-09-07,-4310000.0,378641000.0,,171685000.0,206956000.0,,8.507,-5081000.0,14059000.0,14059000.0,76702000.0,3782000.0,2.064,0.615,52885000.0,4327000.0,48558000.0,52885000.0,0.0,15051000.0,0.0,,0.0,9298000.0,24349000.0,0.204,24349000.0,9298000.0,9271000.0,0.138,0.138,0.138,234402000.0,,234402000.0,,,,33881000.0,1.23,1.0,42770000.0,0.358,60161000.0,27000.0,274111000.0,,103236000.0,0.0,0.0,0.0,144239000.0,83195000.0,61044000.0,,-11234000.0,-84342000.0,-2027000.0,47671000.0,-3339000.0,38297000.0,-89732000.0,0.0,38962000.0,-89000.0,3782000.0,3782000.0,3782000.0,1433000.0,0.0,0.032,33155000.0,9615000.0,37322000.0,0.0,,,,137506000.0,0.0,,,,47828000.0,233420000.0,119472000.0,119472000.0,0.0,,,,,0.0,33155000.0,1.0,27553401.0,27553401.0,,4.336,318480000.0,0.0,5489000.0,4593000.0,11.559,88490000.0
110,SJM,MRQ,1993-12-31,1994-01-31,1994-01-31,2021-09-07,-3518000.0,301513000.0,,160533000.0,140980000.0,,8.562,-4519000.0,25293000.0,25293000.0,74708000.0,7387000.0,3.352,0.278,0.0,0.0,0.0,0.0,0.0,0.0,0.0,,0.0,12476000.0,12476000.0,0.108,12476000.0,12476000.0,12360000.0,0.275,0.275,0.275,235943000.0,,235943000.0,,,,19811000.0,0.719,1.0,40908000.0,0.354,28477000.0,116000.0,199854000.0,,90027000.0,0.0,0.0,0.0,65570000.0,47889000.0,17681000.0,,15276000.0,59000.0,-409000.0,0.0,-3337000.0,-4537000.0,-4481000.0,0.0,24330000.0,-36000.0,7387000.0,7387000.0,7387000.0,0.0,0.0,0.064,29021000.0,11887000.0,22183000.0,0.0,,,,104022000.0,0.0,,,,39651000.0,234320000.0,115616000.0,115616000.0,0.0,,,,,0.0,29021000.0,1.0,27553401.0,27558511.0,27558511.0,4.195,273036000.0,0.0,4973000.0,1851000.0,9.908,112644000.0
111,SJM,MRQ,1993-09-30,1993-10-31,1993-10-31,2021-09-07,,,,,,,,-4504000.0,,,83944000.0,10422000.0,,,,,,,,0.0,,,0.0,17652000.0,17652000.0,0.135,17652000.0,17652000.0,17614000.0,0.37,0.37,0.37,,,,,,,-440000.0,-0.016,1.0,47030000.0,0.359,,38000.0,,,,,,,,,,,-3525000.0,-51000.0,304000.0,0.0,-3343000.0,-3039000.0,-4454000.0,0.0,4064000.0,-96000.0,10422000.0,10422000.0,10422000.0,0.0,0.0,0.08,29718000.0,17312000.0,,0.0,,,,,0.0,,,,,,130974000.0,130974000.0,0.0,,,,,0.0,29718000.0,1.0,,27599645.0,27599645.0,4.745,,,7192000.0,,,
112,SJM,MRQ,1993-06-30,1993-07-31,1993-07-31,2021-09-07,,,,,,,,-3912000.0,,,70634000.0,8907000.0,,,,,,,,0.0,,,0.0,14669000.0,14669000.0,0.131,14669000.0,14669000.0,14613000.0,0.328,0.328,0.328,,,,,,,-17424000.0,-0.631,1.0,41532000.0,0.37,,56000.0,,,,,,,,,,,-36903000.0,-15861000.0,105000.0,0.0,-3341000.0,-3236000.0,-20116000.0,0.0,-13512000.0,-39000.0,8907000.0,8907000.0,8907000.0,0.0,0.0,0.079,27511000.0,14021000.0,,0.0,,,,,0.0,,,,,,112166000.0,112166000.0,0.0,,,,,0.0,27511000.0,1.0,,27598471.0,27598471.0,4.064,,,5706000.0,,,
113,SJM,MRQ,1993-03-31,1993-04-30,1993-04-30,2021-09-07,-2341000.0,294811000.0,,168399000.0,126412000.0,,,-4793000.0,50445000.0,50445000.0,57286000.0,10327000.0,2.978,0.337,5318000.0,4431000.0,887000.0,5318000.0,0.0,13052000.0,0.0,,0.0,16476000.0,29528000.0,0.317,29528000.0,16476000.0,16340000.0,0.37,0.37,0.37,220469000.0,,220469000.0,,,,29025000.0,,1.0,35862000.0,0.385,21924000.0,136000.0,171217000.0,,71863000.0,0.0,0.0,0.0,74342000.0,56543000.0,17799000.0,,21131000.0,-2098000.0,-1861000.0,2060000.0,-3084000.0,-5635000.0,-7253000.0,0.0,33818000.0,201000.0,10327000.0,10327000.0,10327000.0,0.0,0.0,0.111,18327000.0,17535000.0,27433000.0,0.0,,,,96326000.0,0.0,,,,40354000.0,218952000.0,93148000.0,93148000.0,0.0,,,,,0.0,18327000.0,1.0,,,,,272887000.0,0.0,6013000.0,5463000.0,,111856000.0
114,SJM,MRQ,1992-12-31,1993-01-31,1993-01-31,2021-09-07,,,,,,,,,,,69808000.0,7297000.0,,,,,,,,,,,0.0,12595000.0,,,,12595000.0,12474000.0,0.265,0.265,0.265,,,,,,,,,1.0,40559000.0,0.367,,121000.0,,,,,,,,,,,,,,,,,,,,,7297000.0,7297000.0,7297000.0,0.0,0.0,0.066,29022000.0,11537000.0,,0.0,,,,,0.0,,,,,,110367000.0,110367000.0,0.0,,,,,,29022000.0,1.0,,27984234.0,27984234.0,3.944,,,5177000.0,,,
0,SJM,MRT,2021-06-30,2021-07-31,2021-07-31,2021-09-07,-281600000.0,16211700000.0,16463750000.0,1952900000.0,14258800000.0,0.479,75.411,-298100000.0,168800000.0,168800000.0,4886200000.0,793200000.0,0.707,0.984,4780200000.0,1158800000.0,3621400000.0,4780200000.0,0.0,452700000.0,0.0,0.027,3.6,1237600000.0,1690300000.0,0.214,1690300000.0,1237600000.0,1063500000.0,7.13,7.13,7.13,8170300000.0,8255425000.0,8170300000.0,18776241065.0,15.0,11.108,995700000.0,9.19,1.0,3002700000.0,0.381,12006200000.0,174100000.0,6053700000.0,6187975000.0,1105500000.0,0.0,0.0,0.0,8041400000.0,2763200000.0,5278200000.0,14204941065.0,-227800000.0,564000000.0,-672100000.0,-737200000.0,-400300000.0,-1809900000.0,280300000.0,0.0,1293800000.0,8000000.0,793200000.0,793200000.0,793200000.0,0.0,0.0,0.101,1717600000.0,1285100000.0,1041200000.0,0.505,1.739,17.908,18.388,2121900000.0,0.0,131.11,1.801,1.801,566000000.0,2893800000.0,7888900000.0,7888900000.0,0.0,0.048,0.096,0.2,0.157,28100000.0,1489600000.0,1.0,108343689.0,108343689.0,,72.814,4205500000.0,0.0,270300000.0,1348800000.0,38.816,-810300000.0
1,SJM,MRT,2021-03-31,2021-04-30,2021-04-30,2021-09-07,-277400000.0,16284200000.0,16636400000.0,1941700000.0,14342500000.0,0.481,74.141,-306700000.0,334300000.0,334300000.0,4864000000.0,876300000.0,0.677,1.004,4905600000.0,1276000000.0,3629600000.0,4905600000.0,0.0,452500000.0,0.0,0.027,3.58,1349000000.0,1801500000.0,0.225,1801500000.0,1349000000.0,1171900000.0,7.79,7.79,7.79,8124800000.0,8299150000.0,8124800000.0,18849220364.0,14.0,10.463,1258300000.0,11.482,1.0,3138700000.0,0.392,12064800000.0,177100000.0,5923200000.0,6491375000.0,959900000.0,0.0,0.0,0.0,8159400000.0,2867500000.0,5291900000.0,14354620364.0,-56800000.0,564000000.0,-673900000.0,-866400000.0,-403200000.0,-1943900000.0,311100000.0,0.0,1565000000.0,11000000.0,876300000.0,876300000.0,876300000.0,0.0,0.0,0.11,1751900000.0,1386800000.0,1034100000.0,0.46,1.767,16.381,16.815,2143500000.0,0.0,130.99,1.794,1.794,533700000.0,2847500000.0,8002700000.0,8002700000.0,0.0,0.053,0.106,0.208,0.169,28700000.0,1523100000.0,1.0,109585620.0,109585620.0,,73.027,4219400000.0,0.0,295600000.0,1349300000.0,38.503,-925800000.0
2,SJM,MRT,2020-12-31,2021-01-31,2021-01-31,2021-09-07,-303500000.0,16429400000.0,16807950000.0,2078700000.0,14350700000.0,0.486,71.973,-275100000.0,501500000.0,501500000.0,4983100000.0,955600000.0,0.821,1.001,4996100000.0,960600000.0,4035500000.0,4996100000.0,0.0,451200000.0,0.0,0.031,3.56,1457300000.0,1908500000.0,0.233,1908500000.0,1457300000.0,1277000000.0,8.41,8.41,8.41,8211600000.0,8315675000.0,8211600000.0,18168931673.0,12.0,9.52,1286600000.0,11.277,1.0,3191400000.0,0.39,12116300000.0,180300000.0,6275300000.0,7019700000.0,897900000.0,0.0,0.0,0.0,8217800000.0,2532400000.0,5685400000.0,13281531673.0,427100000.0,569300000.0,-503200000.0,-547400000.0,-404900000.0,-1463200000.0,325200000.0,0.0,1561700000.0,3400000.0,955600000.0,955600000.0,955600000.0,0.0,0.0,0.117,1696600000.0,1494800000.0,896700000.0,0.423,1.617,13.899,13.842,2085700000.0,0.0,116.41,1.625,1.625,604900000.0,2896100000.0,8174500000.0,8174500000.0,0.0,0.057,0.115,0.208,0.178,27900000.0,1485400000.0,1.0,114092704.0,114092704.0,,71.648,4313100000.0,0.0,321400000.0,1302900000.0,37.803,-453700000.0
3,SJM,MRT,2020-09-30,2020-10-31,2020-10-31,2021-09-07,-327500000.0,16929700000.0,16859650000.0,2067100000.0,14862600000.0,0.479,74.645,-261900000.0,405600000.0,405600000.0,4928100000.0,881500000.0,0.768,0.988,5293000000.0,1272800000.0,4020200000.0,5293000000.0,0.0,452800000.0,0.0,0.032,3.54,1339900000.0,1792700000.0,0.222,1792700000.0,1339900000.0,1158000000.0,7.73,7.73,7.73,8515000000.0,8305375000.0,8515000000.0,17919484848.0,13.0,9.996,1335100000.0,11.704,1.0,3142000000.0,0.389,12624600000.0,181900000.0,6499700000.0,7263000000.0,993800000.0,0.0,0.0,0.0,8414700000.0,2692800000.0,5721900000.0,12799084848.0,356800000.0,0.0,-6100000.0,-553000000.0,-402600000.0,-969300000.0,-268200000.0,0.0,1597000000.0,-2700000.0,881500000.0,881500000.0,881500000.0,0.0,0.0,0.109,1764400000.0,1377600000.0,857200000.0,0.458,1.503,14.52,14.515,2086100000.0,0.0,112.2,1.586,1.586,577000000.0,3010900000.0,8070100000.0,8070100000.0,0.0,0.052,0.106,0.184,0.166,26500000.0,1472600000.0,1.0,114073840.0,114073840.0,,70.745,4305100000.0,0.0,276500000.0,1357100000.0,37.74,-625700000.0
4,SJM,MRT,2020-06-30,2020-07-31,2020-07-31,2021-09-07,-360900000.0,16902300000.0,16824975000.0,1984800000.0,14917500000.0,0.475,73.176,-272900000.0,396600000.0,396600000.0,4916100000.0,861900000.0,0.957,1.025,5517000000.0,731700000.0,4785300000.0,5517000000.0,0.0,450600000.0,0.0,0.032,3.52,1319500000.0,1770100000.0,0.221,1770100000.0,1319500000.0,1133600000.0,7.56,7.56,7.56,8345200000.0,8200450000.0,8345200000.0,17857322170.0,14.0,10.088,1169400000.0,10.254,1.0,3077800000.0,0.385,12682300000.0,185900000.0,7267300000.0,7485150000.0,995000000.0,0.0,0.0,0.0,8557100000.0,2073100000.0,6484000000.0,12470622170.0,347800000.0,0.0,-5800000.0,-409800000.0,-400400000.0,-823400000.0,-268600000.0,0.0,1442300000.0,-2500000.0,861900000.0,861900000.0,861900000.0,0.0,0.0,0.108,1751200000.0,1326600000.0,780600000.0,0.466,1.494,14.469,14.464,2086900000.0,0.0,109.35,1.56,1.56,497600000.0,2882300000.0,7993900000.0,7993900000.0,0.0,0.051,0.105,0.176,0.165,26500000.0,1451300000.0,1.0,114043184.0,114043184.0,,70.095,4220000000.0,0.0,271700000.0,1353900000.0,37.004,-88300000.0
5,SJM,MRT,2020-03-31,2020-04-30,2020-04-30,2021-09-07,-379000000.0,16970400000.0,16797300000.0,1972700000.0,14997700000.0,0.464,71.826,-269300000.0,391100000.0,391100000.0,4799000000.0,779500000.0,1.243,1.072,5777800000.0,284500000.0,5493300000.0,5777800000.0,0.0,446500000.0,0.0,0.03,3.49,1215900000.0,1662400000.0,0.213,1662400000.0,1215900000.0,1026700000.0,6.84,6.84,6.84,8190900000.0,8116075000.0,8190900000.0,18597997962.0,15.0,11.187,985500000.0,8.642,1.0,3002000000.0,0.385,12733500000.0,189200000.0,8036500000.0,7521800000.0,895300000.0,0.0,0.0,0.0,8779500000.0,1587100000.0,7192400000.0,13104097962.0,289800000.0,0.0,2900000.0,-287600000.0,-396800000.0,-688700000.0,-271500000.0,0.0,1254800000.0,-4800000.0,779500000.0,779500000.0,779500000.0,0.0,0.0,0.1,1778900000.0,1223100000.0,782000000.0,0.51,1.6,16.811,16.8,2117800000.0,0.0,114.91,1.68,1.68,551400000.0,2746800000.0,7801000000.0,7801000000.0,0.0,0.046,0.096,0.162,0.156,26800000.0,1474300000.0,1.0,114037925.0,114037925.0,,68.407,4236900000.0,0.0,247200000.0,1351600000.0,37.153,385600000.0
6,SJM,MRT,2019-12-31,2020-01-31,2020-01-31,2021-09-07,-266300000.0,16636200000.0,16732525000.0,1602700000.0,15033500000.0,0.455,71.635,-285500000.0,74400000.0,74400000.0,4705100000.0,624700000.0,0.771,1.036,5568300000.0,851500000.0,4716800000.0,5568300000.0,0.0,445400000.0,0.0,0.033,3.46,1022900000.0,1468300000.0,0.193,1468300000.0,1022900000.0,830200000.0,5.48,5.48,5.48,8170400000.0,8060975000.0,8170400000.0,17641082464.0,17.0,12.015,955800000.0,8.38,1.0,2906000000.0,0.382,12804200000.0,192700000.0,7248500000.0,7300075000.0,958800000.0,0.0,0.0,0.0,8465800000.0,2077400000.0,6388400000.0,11817382464.0,-132100000.0,-1900000.0,2500000.0,-700600000.0,-393200000.0,-1090700000.0,-279000000.0,0.0,1241300000.0,-3700000.0,624700000.0,624700000.0,624700000.0,0.0,0.0,0.082,1876000000.0,1030000000.0,575000000.0,0.631,1.446,18.917,18.907,2079700000.0,0.0,103.61,1.553,1.553,477300000.0,2620500000.0,7611100000.0,7611100000.0,0.0,0.037,0.077,0.14,0.134,24000000.0,1470700000.0,1.0,114056389.0,114056389.0,,66.731,3832000000.0,0.0,205500000.0,1364200000.0,33.597,-474700000.0
7,SJM,MRT,2019-09-30,2019-10-31,2019-10-31,2021-09-07,-248400000.0,16791000000.0,16805375000.0,1659200000.0,15131800000.0,0.455,70.982,-317100000.0,48800000.0,48800000.0,4730900000.0,558700000.0,0.718,1.074,5872500000.0,1171800000.0,4700700000.0,5872500000.0,0.0,444200000.0,0.0,0.032,3.43,944100000.0,1388300000.0,0.181,1388300000.0,944100000.0,744900000.0,4.91,4.91,4.91,8095300000.0,8023775000.0,8095300000.0,17940065903.0,19.0,12.922,823700000.0,7.222,1.0,2919800000.0,0.382,12916300000.0,199200000.0,7388300000.0,7436925000.0,1013300000.0,0.0,0.0,0.0,8695700000.0,2310100000.0,6385600000.0,12052565903.0,-122400000.0,-2600000.0,3100000.0,-566900000.0,-389600000.0,-952400000.0,-309500000.0,0.0,1140800000.0,-1300000.0,558700000.0,558700000.0,558700000.0,0.0,0.0,0.073,1961200000.0,958600000.0,521800000.0,0.699,1.489,21.573,21.523,2068700000.0,0.0,105.68,1.575,1.575,522400000.0,2533000000.0,7650700000.0,7650700000.0,0.0,0.033,0.07,0.127,0.123,23900000.0,1484900000.0,1.0,114047747.0,114047747.0,,67.083,3874700000.0,0.0,186200000.0,1377600000.0,33.974,-650900000.0
8,SJM,MRT,2019-06-30,2019-07-31,2019-07-31,2021-09-07,-216700000.0,16791600000.0,16901175000.0,1613500000.0,15178100000.0,0.456,70.402,-331500000.0,48800000.0,48800000.0,4777300000.0,536000000.0,0.704,1.097,5936300000.0,1138100000.0,4798200000.0,5936300000.0,0.0,444000000.0,0.0,0.031,3.4,938900000.0,1382900000.0,0.179,1382900000.0,938900000.0,735200000.0,4.72,4.72,4.72,8007700000.0,8007450000.0,8007700000.0,18456545587.0,20.0,13.346,788200000.0,6.93,1.0,2937100000.0,0.381,12974400000.0,203700000.0,7413900000.0,7700700000.0,1013300000.0,0.0,0.0,0.0,8783900000.0,2290800000.0,6493100000.0,12647045587.0,-143200000.0,371500000.0,3400000.0,-934000000.0,-386000000.0,-1314100000.0,55200000.0,0.0,1119700000.0,-4000000.0,536000000.0,536000000.0,536000000.0,0.0,0.0,0.069,1977800000.0,959300000.0,503100000.0,0.72,1.579,23.595,23.557,2058400000.0,0.0,111.19,1.639,1.639,473700000.0,2421900000.0,7714400000.0,7714400000.0,0.0,0.032,0.067,0.122,0.122,22300000.0,1505800000.0,1.0,113742653.0,113742653.0,,67.823,3817200000.0,0.0,199200000.0,1387200000.0,33.56,-677300000.0
9,SJM,MRT,2019-03-31,2019-04-30,2019-04-30,2021-09-07,-181800000.0,16711300000.0,17081525000.0,1625200000.0,15086100000.0,0.459,70.072,-359800000.0,101300000.0,101300000.0,4922300000.0,514400000.0,0.694,1.097,5910800000.0,1224500000.0,4686300000.0,5910800000.0,0.0,446300000.0,0.0,0.027,3.33,909500000.0,1355800000.0,0.173,1355800000.0,909500000.0,701600000.0,4.52,4.52,4.52,7970500000.0,7988225000.0,7970500000.0,19831341389.0,22.0,14.627,781400000.0,6.87,1.0,2915700000.0,0.372,13029700000.0,207900000.0,7149600000.0,8040950000.0,910300000.0,0.0,0.0,0.0,8740800000.0,2341500000.0,6399300000.0,13948741389.0,-91300000.0,-1533500000.0,-5400000.0,1082000000.0,-377900000.0,699000000.0,-1924200000.0,0.0,1141200000.0,-7300000.0,514400000.0,514400000.0,514400000.0,0.0,0.0,0.066,1987100000.0,928600000.0,591000000.0,0.737,1.75,27.117,27.131,1912400000.0,0.0,122.63,1.78,1.78,503800000.0,2367600000.0,7838000000.0,7838000000.0,0.0,0.03,0.064,0.113,0.116,20700000.0,1508600000.0,1.0,113746566.0,113746566.0,,68.908,3681600000.0,0.0,187200000.0,1398600000.0,32.367,-716300000.0
10,SJM,MRT,2018-12-31,2019-01-31,2019-01-31,2021-09-07,-153300000.0,16927600000.0,16729000000.0,1726200000.0,15201400000.0,0.461,70.515,-374300000.0,206500000.0,206500000.0,4803400000.0,628800000.0,0.95,1.11,6089100000.0,803300000.0,5285800000.0,6089100000.0,0.0,435200000.0,0.0,0.031,3.26,1070100000.0,1505300000.0,0.195,1505300000.0,1070100000.0,863900000.0,5.54,5.53,5.54,8021600000.0,7968375000.0,8021600000.0,18034852989.0,17.0,11.981,807100000.0,7.095,1.0,2913800000.0,0.378,13197900000.0,206200000.0,7795900000.0,8015575000.0,924700000.0,0.0,0.0,0.0,8906000000.0,1816400000.0,7089600000.0,11930952989.0,20300000.0,-1531600000.0,-1400000.0,1150000000.0,-370300000.0,776800000.0,-1928600000.0,0.0,1181400000.0,-9300000.0,628800000.0,628800000.0,628800000.0,0.0,0.0,0.081,1826100000.0,1087700000.0,519600000.0,0.588,1.487,18.974,18.931,1847900000.0,0.0,104.88,1.546,1.546,502600000.0,2392600000.0,7717200000.0,7717200000.0,0.0,0.038,0.079,0.134,0.139,15100000.0,1462800000.0,1.0,113758133.0,113758133.0,,67.839,3729700000.0,0.0,235100000.0,1449600000.0,32.786,-90200000.0
11,SJM,MRT,2018-09-30,2018-10-31,2018-10-31,2021-09-07,-116400000.0,17174200000.0,16329400000.0,1787200000.0,15387000000.0,0.466,70.601,-357600000.0,171200000.0,171200000.0,4740100000.0,1338700000.0,1.246,1.139,6275100000.0,390000000.0,5885100000.0,6275100000.0,0.0,428000000.0,0.0,0.029,3.19,1020400000.0,1448400000.0,0.19,1448400000.0,1020400000.0,822700000.0,11.79,11.78,11.79,8030000000.0,7914025000.0,8030000000.0,18842952499.0,18.0,13.009,871700000.0,7.664,1.0,2868500000.0,0.377,13400200000.0,197700000.0,8443400000.0,7835450000.0,966200000.0,0.0,0.0,0.0,9144200000.0,1434500000.0,7709700000.0,12320052499.0,-9100000.0,-1530900000.0,-1400000.0,1025300000.0,-361800000.0,655400000.0,-1890200000.0,0.0,1229300000.0,-3600000.0,1338700000.0,1338700000.0,1338700000.0,0.0,0.0,0.176,1834400000.0,1034100000.0,552400000.0,0.271,1.534,9.203,9.187,1818700000.0,0.0,108.32,1.619,1.619,561900000.0,2367600000.0,7608600000.0,7608600000.0,0.0,0.082,0.169,0.13,0.134,13200000.0,1420300000.0,1.0,113737560.0,113737560.0,,66.896,3774000000.0,0.0,-516000000.0,1525300000.0,33.182,352700000.0
12,SJM,MRT,2018-06-30,2018-07-31,2018-07-31,2021-09-07,-118800000.0,17513000000.0,15961350000.0,1805800000.0,15707200000.0,0.471,69.853,-340200000.0,192000000.0,192000000.0,4658500000.0,1344800000.0,1.17,1.208,6714900000.0,530000000.0,6184900000.0,6714900000.0,0.0,419000000.0,0.0,0.028,3.12,1030800000.0,1449800000.0,0.193,1449800000.0,1030800000.0,845100000.0,11.84,11.83,11.84,7930800000.0,7665600000.0,7930800000.0,17255421534.0,17.0,11.902,816500000.0,7.192,1.0,2852200000.0,0.38,13717000000.0,185700000.0,8774900000.0,7421400000.0,1017400000.0,0.0,0.0,0.0,9582200000.0,1544000000.0,8038200000.0,12616021534.0,8800000.0,-1905000000.0,-1200000.0,1495400000.0,-353800000.0,1128600000.0,-2271000000.0,0.0,1156700000.0,-5500000.0,1344800000.0,1344800000.0,1344800000.0,0.0,0.0,0.179,1816500000.0,1035700000.0,532100000.0,0.264,1.591,9.381,9.385,1827900000.0,0.0,111.12,1.68,1.68,504200000.0,2275600000.0,7510700000.0,7510700000.0,0.0,0.084,0.175,0.139,0.137,13400000.0,1397400000.0,1.0,113535111.0,113535111.0,,66.153,3796000000.0,0.0,-499700000.0,1550200000.0,33.435,261800000.0
13,SJM,MRT,2018-03-31,2018-04-30,2018-04-30,2021-09-07,-116700000.0,15301200000.0,15493500000.0,1555000000.0,13746200000.0,0.475,69.464,-308500000.0,192600000.0,192600000.0,4521000000.0,1338600000.0,1.504,0.939,4832000000.0,144000000.0,4688000000.0,4832000000.0,0.0,413100000.0,0.0,0.027,3.09,1035100000.0,1448200000.0,0.197,1448200000.0,1035100000.0,861000000.0,11.79,11.78,11.79,7891100000.0,7415875000.0,7891100000.0,17715690119.0,17.0,12.233,909500000.0,8.006,1.0,2836100000.0,0.385,11858700000.0,174100000.0,7048100000.0,6912450000.0,854400000.0,0.0,0.0,0.0,7410100000.0,1033800000.0,6376300000.0,12959390119.0,25800000.0,0.0,-3100000.0,-560700000.0,-350300000.0,-922000000.0,-277600000.0,0.0,1218000000.0,7400000.0,1338600000.0,1338600000.0,1338600000.0,0.0,0.0,0.182,1792100000.0,1044000000.0,512100000.0,0.262,1.642,9.681,9.676,1729100000.0,0.0,114.08,1.761,1.761,385600000.0,2239200000.0,7357100000.0,7357100000.0,0.0,0.086,0.181,0.15,0.141,15400000.0,1362900000.0,1.0,113599142.0,113599142.0,,64.764,3442500000.0,0.0,-477600000.0,1377200000.0,30.304,521200000.0
14,SJM,MRT,2017-12-31,2018-01-31,2018-01-31,2021-09-07,-91100000.0,15329200000.0,15578125000.0,1609900000.0,13719300000.0,0.472,68.7,-257100000.0,186200000.0,186200000.0,4567200000.0,1263100000.0,1.477,0.964,4942500000.0,254000000.0,4688500000.0,4942500000.0,0.0,416100000.0,0.0,0.024,3.06,925700000.0,1341800000.0,0.182,1341800000.0,925700000.0,758700000.0,11.12,11.11,11.12,7804200000.0,7155650000.0,7804200000.0,19491693627.0,21.0,14.527,910700000.0,8.017,1.0,2792400000.0,0.379,11920200000.0,167000000.0,7075400000.0,6853375000.0,909100000.0,0.0,0.0,0.0,7525000000.0,1089900000.0,6435100000.0,14414393627.0,46600000.0,0.0,-425500000.0,61300000.0,-348600000.0,-918900000.0,-175000000.0,40600000.0,1167800000.0,11100000.0,1263100000.0,1263100000.0,1263100000.0,0.0,0.0,0.172,1853300000.0,939100000.0,471200000.0,0.275,1.847,11.412,11.411,1633700000.0,0.0,126.89,1.959,1.959,422700000.0,2126700000.0,7359600000.0,7359600000.0,0.0,0.081,0.177,0.135,0.126,16800000.0,1362200000.0,1.0,113597554.0,113597554.0,,64.787,3409000000.0,0.0,-504400000.0,1380600000.0,30.009,520000000.0
15,SJM,MRT,2017-09-30,2017-10-31,2017-10-31,2021-09-07,-113700000.0,15702000000.0,15698750000.0,1785800000.0,13916200000.0,0.467,61.948,-237900000.0,180300000.0,180300000.0,4548300000.0,566400000.0,0.963,1.232,5257600000.0,963500000.0,4294100000.0,5257600000.0,0.0,416700000.0,0.0,0.029,3.03,1004500000.0,1421200000.0,0.194,1421200000.0,1004500000.0,840300000.0,4.96,4.95,4.96,7036300000.0,7015075000.0,7036300000.0,17090448951.0,17.0,12.025,880400000.0,7.751,1.0,2786800000.0,0.38,12137600000.0,164200000.0,6787200000.0,6938325000.0,1011700000.0,0.0,0.0,0.0,8665700000.0,1854500000.0,6811200000.0,12045648951.0,58500000.0,0.0,-425500000.0,108000000.0,-347800000.0,-866200000.0,-161300000.0,40600000.0,1118300000.0,6100000.0,566400000.0,566400000.0,566400000.0,0.0,0.0,0.077,1774000000.0,1012800000.0,507400000.0,0.611,1.712,21.267,21.381,1615700000.0,0.0,106.05,1.642,1.642,481600000.0,1383800000.0,7335100000.0,7335100000.0,0.0,0.036,0.081,0.145,0.137,19600000.0,1368800000.0,1.0,113584620.0,113584620.0,,64.578,3564400000.0,0.0,273900000.0,2172200000.0,31.381,-68700000.0
16,SJM,MRT,2017-06-30,2017-07-31,2017-07-31,2021-09-07,-106700000.0,15641600000.0,15787800000.0,1692100000.0,13949500000.0,0.464,61.108,-211300000.0,183200000.0,183200000.0,4550700000.0,549100000.0,0.966,1.256,5228000000.0,783200000.0,4444800000.0,5228000000.0,0.0,419300000.0,0.0,0.025,3.0,977600000.0,1396900000.0,0.191,1396900000.0,977600000.0,814000000.0,4.77,4.76,4.77,6931900000.0,7051025000.0,6931900000.0,19059614836.0,19.0,13.644,913100000.0,8.049,1.0,2774700000.0,0.379,12196400000.0,163600000.0,6739100000.0,7120075000.0,981300000.0,0.0,0.0,0.0,8709700000.0,1750900000.0,6958800000.0,13827914836.0,73600000.0,0.0,-426100000.0,77900000.0,-346400000.0,-893000000.0,-126900000.0,40600000.0,1124400000.0,7500000.0,549100000.0,549100000.0,549100000.0,0.0,0.0,0.075,1790700000.0,984000000.0,477600000.0,0.629,1.995,25.183,25.556,1595700000.0,0.0,121.9,1.888,1.888,433700000.0,1277800000.0,7325400000.0,7325400000.0,0.0,0.035,0.078,0.137,0.133,20500000.0,1372400000.0,1.0,113436545.0,113436545.0,,64.577,3445200000.0,0.0,264900000.0,2170100000.0,30.371,-58800000.0
17,SJM,MRT,2017-03-31,2017-04-30,2017-04-30,2021-09-07,-143400000.0,15639700000.0,15892850000.0,1641800000.0,13997900000.0,0.465,58.83,-191900000.0,166800000.0,166800000.0,4557000000.0,592300000.0,0.896,1.283,5398500000.0,953000000.0,4445500000.0,5398500000.0,0.0,419000000.0,0.0,0.023,2.92,1041500000.0,1460500000.0,0.198,1460500000.0,1041500000.0,878400000.0,5.11,5.1,5.11,6850200000.0,7092025000.0,6850200000.0,19702822021.0,19.0,13.49,867100000.0,7.447,1.0,2835300000.0,0.384,12227000000.0,163100000.0,6811800000.0,7307900000.0,905700000.0,0.0,0.0,0.0,8789500000.0,1832600000.0,6956900000.0,14755422021.0,57000000.0,0.0,-437600000.0,170000000.0,-339300000.0,-806100000.0,-151300000.0,40600000.0,1059000000.0,-6200000.0,592300000.0,592300000.0,592300000.0,0.0,0.0,0.08,1792700000.0,1042600000.0,477200000.0,0.571,2.154,24.912,24.798,1617500000.0,0.0,126.72,1.996,1.996,438700000.0,1240500000.0,7392300000.0,7392300000.0,0.0,0.037,0.084,0.143,0.141,22000000.0,1379600000.0,1.0,116441146.0,116441146.0,,63.485,3412700000.0,0.0,286100000.0,2167000000.0,29.308,-190800000.0
18,SJM,MRT,2016-12-31,2017-01-31,2017-01-31,2021-09-07,-146400000.0,15811700000.0,15978950000.0,1690900000.0,14120800000.0,0.464,62.197,-173000000.0,139600000.0,139600000.0,4539600000.0,672900000.0,1.696,1.183,5087000000.0,142000000.0,4945000000.0,5087000000.0,0.0,421200000.0,0.0,0.021,2.84,1090000000.0,1511200000.0,0.204,1511200000.0,1090000000.0,926700000.0,5.75,5.74,5.75,7241900000.0,7131600000.0,7241900000.0,21047204138.0,19.0,13.927,958000000.0,8.228,1.0,2876500000.0,0.388,12346700000.0,163300000.0,7415200000.0,7481400000.0,995600000.0,0.0,0.0,0.0,8569800000.0,997200000.0,7572600000.0,15817604138.0,-900000.0,-7900000.0,-452300000.0,604000000.0,-332200000.0,-979600000.0,-198500000.0,0.0,1131000000.0,4800000.0,672900000.0,672900000.0,672900000.0,0.0,0.0,0.091,1795600000.0,1080900000.0,428500000.0,0.494,2.184,23.507,23.626,1574300000.0,0.0,135.85,2.133,2.133,421400000.0,1480700000.0,7416100000.0,7416100000.0,0.0,0.042,0.094,0.146,0.147,29700000.0,1408100000.0,1.0,116434333.0,116434333.0,,63.693,3465000000.0,0.0,253800000.0,2246300000.0,29.759,693700000.0
19,SJM,MRT,2016-09-30,2016-10-31,2016-10-31,2021-09-07,-156100000.0,16058200000.0,16096400000.0,1805200000.0,14253000000.0,0.467,61.675,-164200000.0,121800000.0,121800000.0,4593800000.0,723600000.0,1.382,1.236,5351400000.0,406000000.0,4945400000.0,5351400000.0,0.0,424200000.0,0.0,0.021,2.76,1171000000.0,1595200000.0,0.212,1595200000.0,1171000000.0,1004400000.0,6.14,6.13,6.14,7180100000.0,7152500000.0,7180100000.0,20528944691.0,18.0,12.869,1089600000.0,9.359,1.0,2917400000.0,0.388,12467300000.0,166600000.0,7514200000.0,7567450000.0,1028400000.0,0.0,0.0,0.0,8878100000.0,1306300000.0,7571800000.0,15286844691.0,-17200000.0,169800000.0,-452500000.0,286000000.0,-325000000.0,-1290600000.0,-20000000.0,0.0,1253800000.0,-1800000.0,723600000.0,723600000.0,723600000.0,0.0,0.0,0.096,1755900000.0,1161500000.0,435800000.0,0.45,2.129,21.126,21.386,1586700000.0,0.0,131.31,2.035,2.035,517800000.0,1433400000.0,7511200000.0,7511200000.0,0.0,0.045,0.101,0.155,0.156,33300000.0,1452000000.0,1.0,116417978.0,116417978.0,,64.519,3590900000.0,0.0,280800000.0,2245000000.0,30.845,498900000.0
20,SJM,MRT,2016-06-30,2016-07-31,2016-07-31,2021-09-07,-145900000.0,16061800000.0,16255550000.0,1740700000.0,14321100000.0,0.472,60.948,-194600000.0,109600000.0,109600000.0,4713200000.0,722300000.0,1.351,1.264,5351700000.0,306000000.0,5045700000.0,5351700000.0,0.0,427100000.0,0.0,0.017,2.68,1176700000.0,1603800000.0,0.209,1603800000.0,1176700000.0,1008500000.0,6.09,6.08,6.09,7095900000.0,7165775000.0,7095900000.0,23268483804.0,20.0,14.508,1198300000.0,10.292,1.0,2961800000.0,0.386,12525100000.0,168200000.0,7490400000.0,7800575000.0,1014600000.0,0.0,0.0,0.0,8965900000.0,1288400000.0,7677500000.0,17948283804.0,-24000000.0,169800000.0,-452300000.0,153400000.0,-318000000.0,-1415900000.0,-44100000.0,0.0,1392900000.0,1700000.0,722300000.0,722300000.0,722300000.0,0.0,0.0,0.094,1789800000.0,1172000000.0,452000000.0,0.44,2.529,24.849,25.314,1598500000.0,0.0,154.16,2.339,2.339,523000000.0,1343500000.0,7675000000.0,7675000000.0,0.0,0.044,0.101,0.151,0.153,35000000.0,1478700000.0,1.0,116426335.0,116426335.0,,65.922,3536700000.0,0.0,286200000.0,2245100000.0,30.377,452300000.0
21,SJM,MRT,2016-03-31,2016-04-30,2016-04-30,2021-09-07,-148400000.0,15984100000.0,16429700000.0,1573400000.0,14410700000.0,0.475,58.558,-197400000.0,109800000.0,109800000.0,4843400000.0,688700000.0,1.297,1.281,5430000000.0,284000000.0,5146000000.0,5430000000.0,0.0,430100000.0,0.0,0.021,2.65,1149000000.0,1579100000.0,0.202,1579100000.0,1149000000.0,977900000.0,5.77,5.76,5.77,7008500000.0,7174300000.0,7008500000.0,20341311525.0,18.0,12.882,1263600000.0,10.558,1.0,2967800000.0,0.38,12585500000.0,171100000.0,7505800000.0,8095450000.0,899400000.0,0.0,0.0,0.0,8975600000.0,1213000000.0,7762600000.0,15197511525.0,-15800000.0,177700000.0,-441100000.0,58000000.0,-316600000.0,-1498900000.0,-19700000.0,0.0,1461000000.0,400000.0,688700000.0,688700000.0,688700000.0,0.0,0.0,0.088,1822500000.0,1145300000.0,459400000.0,0.459,2.168,22.067,22.007,1627700000.0,0.0,126.98,1.946,1.946,450100000.0,1267700000.0,7811200000.0,7811200000.0,0.0,0.042,0.096,0.142,0.147,34600000.0,1510300000.0,1.0,119684293.0,119684293.0,,65.265,3398600000.0,0.0,289200000.0,2230300000.0,28.396,360400000.0
22,SJM,MRT,2015-12-31,2016-01-31,2016-01-31,2021-09-07,-146800000.0,16281500000.0,16635250000.0,1798400000.0,14483100000.0,0.448,61.212,-245200000.0,140500000.0,140500000.0,4740300000.0,407400000.0,1.788,1.223,5284300000.0,138000000.0,5146300000.0,5284300000.0,0.0,401500000.0,0.0,0.02,2.62,798000000.0,1199500000.0,0.161,1199500000.0,798000000.0,637900000.0,3.21,3.21,3.21,7325500000.0,7193900000.0,7325500000.0,21082184195.0,26.0,17.576,1107100000.0,9.251,1.0,2710400000.0,0.364,12659900000.0,160100000.0,7759400000.0,8435775000.0,942000000.0,0.0,0.0,0.0,8956000000.0,1006000000.0,7950000000.0,15356684195.0,28800000.0,266100000.0,-16800000.0,4556500000.0,-301500000.0,4000000.0,38600000.0,0.0,1352300000.0,-15500000.0,407400000.0,407400000.0,407400000.0,0.0,0.0,0.055,1740700000.0,969700000.0,371000000.0,0.816,2.096,37.694,39.975,1623900000.0,0.0,128.32,2.061,2.061,503800000.0,1415000000.0,7450700000.0,7450700000.0,0.0,0.024,0.057,0.095,0.107,34500000.0,1446700000.0,1.0,119674908.0,119674908.0,,62.258,3621600000.0,0.0,230500000.0,2461800000.0,30.262,792400000.0
23,SJM,MRT,2015-09-30,2015-10-31,2015-10-31,2021-09-07,-128800000.0,16694800000.0,14838775000.0,2006000000.0,14688800000.0,0.466,60.445,-249800000.0,139000000.0,139000000.0,4447300000.0,383000000.0,1.771,1.308,5864500000.0,370000000.0,5494500000.0,5864500000.0,0.0,357300000.0,0.0,0.022,2.59,734300000.0,1091600000.0,0.158,1091600000.0,734300000.0,601000000.0,3.24,3.24,3.24,7233200000.0,6668575000.0,7233200000.0,19911182919.0,27.0,18.24,987900000.0,8.256,1.0,2469500000.0,0.357,12840900000.0,133300000.0,8446700000.0,7582125000.0,1051400000.0,0.0,0.0,0.0,9461600000.0,1132700000.0,8328900000.0,14047482919.0,33700000.0,88200000.0,-20400000.0,4856600000.0,-286600000.0,316200000.0,-147000000.0,0.0,1237700000.0,-22600000.0,383000000.0,383000000.0,383000000.0,0.0,0.0,0.055,1563000000.0,906500000.0,341400000.0,0.799,1.942,36.678,36.231,1661500000.0,0.0,117.39,2.031,2.031,605400000.0,1309900000.0,6916800000.0,6916800000.0,0.0,0.026,0.057,0.097,0.106,27800000.0,1302900000.0,1.0,119665073.0,119665073.0,,57.801,3853900000.0,0.0,218000000.0,2477300000.0,32.206,873300000.0
24,SJM,MRT,2015-06-30,2015-07-31,2015-07-31,2021-09-07,-130900000.0,16758400000.0,12998775000.0,2025500000.0,14732900000.0,0.486,59.582,-250300000.0,133600000.0,133600000.0,4102200000.0,365300000.0,1.912,1.35,5997300000.0,302600000.0,5694700000.0,5997300000.0,0.0,312700000.0,0.0,0.023,2.56,677200000.0,989900000.0,0.157,989900000.0,677200000.0,570300000.0,3.32,3.32,3.32,7130000000.0,6151525000.0,7130000000.0,19410860879.0,29.0,19.609,803900000.0,6.718,1.0,2218700000.0,0.351,12893100000.0,106900000.0,8669900000.0,6599400000.0,1150800000.0,0.0,0.0,0.0,9628400000.0,1059100000.0,8569300000.0,13365560879.0,-15800000.0,7900000.0,-20600000.0,5065100000.0,-271500000.0,541200000.0,-231100000.0,0.0,1054200000.0,-29500000.0,365300000.0,365300000.0,365300000.0,0.0,0.0,0.058,1371200000.0,847500000.0,347100000.0,0.771,1.875,36.588,33.642,1656800000.0,0.0,111.69,2.115,2.115,507900000.0,1214000000.0,6320900000.0,6320900000.0,0.0,0.028,0.059,0.103,0.107,24300000.0,1165500000.0,1.0,119666585.0,119666585.0,,52.821,3865300000.0,0.0,205000000.0,2522200000.0,32.301,966400000.0
25,SJM,MRT,2015-03-31,2015-04-30,2015-04-30,2021-09-07,-109800000.0,16806300000.0,11121725000.0,1983900000.0,14822400000.0,0.512,69.642,-245100000.0,125600000.0,125600000.0,3724000000.0,344900000.0,1.94,1.371,6170900000.0,226000000.0,5944900000.0,6170900000.0,0.0,267200000.0,0.0,0.022,2.5,602900000.0,870100000.0,0.153,870100000.0,602900000.0,523000000.0,3.33,3.33,3.33,7086900000.0,5640125000.0,7086900000.0,13864418737.0,23.0,15.934,494000000.0,4.854,1.0,1968700000.0,0.346,12961900000.0,79900000.0,8867100000.0,5515500000.0,1163600000.0,0.0,0.0,0.0,9719400000.0,1022600000.0,8696800000.0,11796318737.0,-27900000.0,0.0,-24300000.0,5360100000.0,-254000000.0,857300000.0,-245100000.0,0.0,739100000.0,-28600000.0,344900000.0,344900000.0,344900000.0,0.0,0.0,0.061,1196700000.0,772000000.0,402800000.0,0.751,1.665,34.202,34.811,1678300000.0,0.0,115.92,2.072,2.072,430100000.0,1159200000.0,5692700000.0,5692700000.0,0.0,0.031,0.061,0.109,0.106,23500000.0,1031300000.0,1.0,101762584.0,101762584.0,,55.941,3844400000.0,0.0,178100000.0,2397000000.0,37.778,961300000.0
26,SJM,MRT,2014-12-31,2015-01-31,2015-01-31,2021-09-07,-109500000.0,9095600000.0,9185200000.0,1515600000.0,7580000000.0,0.597,51.31,-282200000.0,111700000.0,111700000.0,3501500000.0,553700000.0,2.134,0.741,2179800000.0,288000000.0,1891800000.0,2179800000.0,0.0,254500000.0,0.0,0.024,2.44,903600000.0,1158100000.0,0.211,1158100000.0,903600000.0,836500000.0,5.45,5.45,5.45,5224200000.0,5125800000.0,5224200000.0,12833829533.0,14.0,11.082,496300000.0,4.874,1.0,1978400000.0,0.361,6108800000.0,67100000.0,4344800000.0,4327400000.0,944200000.0,0.0,0.0,0.0,3871400000.0,710100000.0,3161300000.0,10502429533.0,-56900000.0,-80500000.0,-297200000.0,114000000.0,-249600000.0,-448700000.0,-366100000.0,10000000.0,778500000.0,-20600000.0,553700000.0,553700000.0,553700000.0,0.0,0.0,0.101,1085500000.0,892900000.0,232300000.0,0.448,2.01,18.968,18.927,1323300000.0,0.0,103.15,1.917,1.917,373900000.0,1326000000.0,5479900000.0,5479900000.0,0.0,0.06,0.108,0.209,0.165,20800000.0,961100000.0,1.0,101817058.0,101817058.0,,53.821,2986800000.0,0.0,282800000.0,1025600000.0,29.335,805500000.0
27,SJM,MRT,2014-09-30,2014-10-31,2014-10-31,2021-09-07,-74200000.0,9334800000.0,9158550000.0,1725800000.0,7609000000.0,0.601,50.728,-299300000.0,105300000.0,105300000.0,3504700000.0,559500000.0,1.719,0.807,2436700000.0,545900000.0,1890800000.0,2436700000.0,0.0,256400000.0,0.0,0.023,2.38,913300000.0,1169700000.0,0.212,1169700000.0,913300000.0,844600000.0,5.46,5.46,5.46,5165000000.0,5120950000.0,5165000000.0,12790703464.0,14.0,10.935,472600000.0,4.642,1.0,2000700000.0,0.363,6146300000.0,68700000.0,4515800000.0,4265300000.0,1065200000.0,0.0,0.0,0.0,4169800000.0,1004100000.0,3165700000.0,10589003464.0,-45200000.0,-80100000.0,-354600000.0,188900000.0,-245500000.0,-427900000.0,-371500000.0,10000000.0,771900000.0,-17700000.0,559500000.0,559500000.0,559500000.0,0.0,0.0,0.102,1099400000.0,901300000.0,251300000.0,0.436,2.05,18.926,19.048,1305000000.0,0.0,104.0,1.923,1.923,453200000.0,1231000000.0,5505400000.0,5505400000.0,0.0,0.061,0.109,0.214,0.166,22700000.0,974100000.0,1.0,101817341.0,101817341.0,,54.071,3188500000.0,0.0,285100000.0,1028200000.0,31.316,721700000.0
28,SJM,MRT,2014-06-30,2014-07-31,2014-07-31,2021-09-07,-56900000.0,9250200000.0,9136350000.0,1728200000.0,7522000000.0,0.611,49.923,-281400000.0,149400000.0,149400000.0,3566700000.0,554600000.0,1.695,0.819,2351100000.0,470000000.0,1881100000.0,2351100000.0,0.0,257500000.0,0.0,0.023,2.32,908700000.0,1166200000.0,0.209,1166200000.0,908700000.0,835700000.0,5.37,5.37,5.37,5084400000.0,5121675000.0,5084400000.0,12222482493.0,13.0,10.481,484400000.0,4.756,1.0,2016800000.0,0.361,6098300000.0,73000000.0,4334300000.0,4202150000.0,1084500000.0,0.0,0.0,0.0,4165800000.0,1019300000.0,3146500000.0,10147782493.0,-8100000.0,-101800000.0,-353800000.0,235000000.0,-241500000.0,-380000000.0,-380100000.0,10000000.0,765800000.0,-13800000.0,554600000.0,554600000.0,554600000.0,0.0,0.0,0.099,1119500000.0,897300000.0,279400000.0,0.432,1.996,18.297,18.555,1274700000.0,0.0,99.64,1.817,1.817,392500000.0,1137700000.0,5583500000.0,5583500000.0,0.0,0.061,0.108,0.216,0.163,24200000.0,992000000.0,1.0,101844465.0,101844465.0,,54.824,3151900000.0,0.0,281100000.0,1019900000.0,30.948,708900000.0
29,SJM,MRT,2014-03-31,2014-04-30,2014-04-30,2021-09-07,-51600000.0,9060200000.0,9082275000.0,1539100000.0,7521100000.0,0.618,48.507,-268800000.0,153500000.0,153500000.0,3579600000.0,565200000.0,1.738,0.801,2216300000.0,343200000.0,1873100000.0,2216300000.0,0.0,256400000.0,0.0,0.023,2.26,929100000.0,1185500000.0,0.211,1185500000.0,929100000.0,849700000.0,5.42,5.42,5.42,5029600000.0,5119350000.0,5029600000.0,11885446236.0,13.0,10.026,587200000.0,5.663,1.0,2031000000.0,0.362,6122500000.0,79400000.0,4114700000.0,4133600000.0,931000000.0,0.0,0.0,0.0,4030600000.0,885800000.0,3144800000.0,10024646236.0,-102900000.0,-101800000.0,-508500000.0,198400000.0,-238000000.0,-575500000.0,-370300000.0,10000000.0,856000000.0,-13100000.0,565200000.0,565200000.0,565200000.0,0.0,0.0,0.101,1112000000.0,919000000.0,289200000.0,0.417,1.993,17.736,17.838,1265600000.0,0.0,96.68,1.787,1.787,309400000.0,1091000000.0,5610600000.0,5610600000.0,0.0,0.062,0.11,0.225,0.166,22900000.0,988800000.0,1.0,103688935.0,103688935.0,,54.11,2937700000.0,0.0,284500000.0,1020700000.0,28.332,653300000.0
30,SJM,MRT,2013-12-31,2014-01-31,2014-01-31,2021-09-07,-94300000.0,8989000000.0,9075175000.0,1508100000.0,7480900000.0,0.63,49.504,-206900000.0,168600000.0,168600000.0,3645600000.0,577000000.0,2.479,0.727,2029400000.0,150000000.0,1879400000.0,2029400000.0,0.0,254600000.0,0.0,0.023,2.2,942600000.0,1197200000.0,0.209,1197200000.0,942600000.0,857800000.0,5.46,5.46,5.46,5204800000.0,5149150000.0,5204800000.0,12224377267.0,13.0,10.211,554400000.0,5.273,1.0,2070400000.0,0.362,6145100000.0,84800000.0,4096400000.0,4118450000.0,864800000.0,0.0,0.0,0.0,3784200000.0,608300000.0,3175900000.0,10134277267.0,-270200000.0,-101800000.0,-415000000.0,-50000000.0,-233700000.0,-699000000.0,-316600000.0,0.0,761300000.0,-15900000.0,577000000.0,577000000.0,577000000.0,0.0,0.0,0.101,1128800000.0,941600000.0,220200000.0,0.403,1.947,17.564,17.654,1185300000.0,0.0,96.39,1.773,1.773,365200000.0,1201000000.0,5716000000.0,5716000000.0,0.0,0.064,0.112,0.229,0.165,23500000.0,1004300000.0,1.0,105138264.0,105138264.0,,54.367,2843900000.0,0.0,280800000.0,1004400000.0,27.049,899800000.0
31,SJM,MRT,2013-09-30,2013-10-31,2013-10-31,2021-09-07,-83000000.0,9246000000.0,9124038500.0,1762300000.0,7483700000.0,0.637,49.159,-187300000.0,150500000.0,150500000.0,3748700000.0,564500000.0,1.967,0.789,2240600000.0,357000000.0,1883600000.0,2240600000.0,0.0,251000000.0,0.0,0.019,2.14,935500000.0,1186500000.0,0.204,1186500000.0,935500000.0,845300000.0,5.29,5.29,5.29,5167900000.0,5163009000.0,5167900000.0,13635683145.0,15.0,11.492,476900000.0,4.536,1.0,2061400000.0,0.355,6176900000.0,90200000.0,4263200000.0,4107578750.0,1023700000.0,0.0,0.0,0.0,4078100000.0,896000000.0,3182100000.0,11691083145.0,-53100000.0,-102000000.0,-352700000.0,157000000.0,-229000000.0,-424600000.0,-286500000.0,0.0,664200000.0,-6200000.0,564500000.0,564500000.0,564500000.0,0.0,0.0,0.097,1125000000.0,936400000.0,261600000.0,0.405,2.262,20.711,21.023,1163200000.0,0.0,111.21,2.012,2.012,464200000.0,1133200000.0,5810100000.0,5810100000.0,0.0,0.062,0.109,0.228,0.161,23100000.0,1005000000.0,1.0,105126186.0,105126186.0,,55.268,3069100000.0,0.0,280800000.0,999800000.0,29.194,866300000.0
32,SJM,MRT,2013-06-30,2013-07-31,2013-07-31,2021-09-07,-79300000.0,9033900000.0,9109726750.0,1629900000.0,7404000000.0,0.645,47.887,-192400000.0,157500000.0,157500000.0,3828200000.0,559900000.0,2.03,0.78,2102100000.0,235000000.0,1867100000.0,2102100000.0,0.0,249100000.0,0.0,0.018,2.08,933100000.0,1182200000.0,0.201,1182200000.0,933100000.0,839500000.0,5.19,5.19,5.19,5075100000.0,5159220750.0,5075100000.0,13686368505.0,15.0,11.577,568800000.0,5.367,1.0,2050700000.0,0.349,6115300000.0,93600000.0,4060100000.0,4080959500.0,1059300000.0,0.0,0.0,0.0,3958800000.0,803100000.0,3155700000.0,11924968505.0,-154000000.0,0.0,-523300000.0,35000000.0,-225400000.0,-712000000.0,-199600000.0,0.0,761200000.0,-3600000.0,559900000.0,559900000.0,559900000.0,0.0,0.0,0.095,1117500000.0,933200000.0,264800000.0,0.401,2.35,21.298,21.68,1139200000.0,0.0,112.52,2.028,2.028,357300000.0,1040800000.0,5878900000.0,5878900000.0,0.0,0.061,0.109,0.229,0.159,22600000.0,991900000.0,1.0,105980879.0,105980879.0,,55.471,2918600000.0,0.0,279600000.0,979800000.0,27.539,826800000.0
33,SJM,MRT,2013-03-31,2013-04-30,2013-04-30,2021-09-07,-76600000.0,9031800000.0,9166779250.0,1595200000.0,7436600000.0,0.643,48.004,-203200000.0,256400000.0,256400000.0,3870100000.0,544200000.0,2.673,0.754,2017800000.0,50000000.0,1967800000.0,2017800000.0,0.0,250900000.0,0.0,0.02,2.04,910700000.0,1161600000.0,0.197,1161600000.0,910700000.0,817300000.0,5.0,5.0,5.0,5148800000.0,5196309000.0,5148800000.0,12701921649.0,14.0,10.935,652600000.0,6.084,1.0,2027600000.0,0.344,6142300000.0,93400000.0,4054100000.0,4089627250.0,945500000.0,0.0,0.0,0.0,3883000000.0,596800000.0,3286200000.0,11072227649.0,26700000.0,0.0,-362000000.0,-50000000.0,-222800000.0,-641000000.0,-185600000.0,0.0,855800000.0,-2500000.0,544200000.0,544200000.0,544200000.0,0.0,0.0,0.092,1117200000.0,910400000.0,285800000.0,0.408,2.15,20.346,20.646,1142500000.0,0.0,103.23,1.877,1.877,313700000.0,1075500000.0,5897700000.0,5897700000.0,0.0,0.059,0.105,0.223,0.154,21300000.0,973900000.0,1.0,107257848.0,107257848.0,,54.986,2889500000.0,0.0,273100000.0,987200000.0,26.94,998400000.0
34,SJM,MRT,2012-12-31,2013-01-31,2013-01-31,2021-09-07,-74859000.0,9184454000.0,9187629250.0,1745945000.0,7438509000.0,0.644,48.498,-219493000.0,438814000.0,438814000.0,3915709000.0,517986000.0,2.942,0.746,2068508000.0,50000000.0,2018508000.0,2068508000.0,0.0,256270000.0,0.0,0.023,2.0,882069000.0,1138339000.0,0.193,1138339000.0,882069000.0,789438000.0,4.72,4.72,4.72,5260236000.0,5199959000.0,5260236000.0,11478786974.0,13.0,10.084,725768000.0,6.691,1.0,1997662000.0,0.338,6167770000.0,92631000.0,4052915000.0,4100477250.0,878156000.0,0.0,0.0,0.0,3924218000.0,593463000.0,3330755000.0,9613145974.0,68417000.0,-30813000.0,-397797000.0,40000.0,-220811000.0,-625053000.0,-252485000.0,0.0,945261000.0,694000.0,517986000.0,517986000.0,517986000.0,0.0,0.0,0.088,1115632000.0,882030000.0,251584000.0,0.424,1.828,18.559,18.778,1121615000.0,0.0,88.63,1.626,1.626,360205000.0,1111042000.0,5913371000.0,5913371000.0,0.0,0.056,0.1,0.215,0.149,20976000.0,954930000.0,1.0,108463793.0,108463793.0,,54.519,3016684000.0,0.0,271452000.0,999324000.0,27.813,1152482000.0
35,SJM,MRT,2012-09-30,2012-10-31,2012-10-31,2021-09-07,-80213000.0,9188753000.0,9200484250.0,1736062000.0,7452691000.0,0.633,47.077,-233296000.0,203555000.0,203555000.0,3894265000.0,480630000.0,2.459,0.783,2069196000.0,50000000.0,2019196000.0,2069196000.0,0.0,253483000.0,0.0,0.023,1.96,825103000.0,1078586000.0,0.185,1078586000.0,825103000.0,732673000.0,4.33,4.33,4.33,5152747000.0,5230935000.0,5152747000.0,11132034880.0,13.0,10.321,797270000.0,7.284,1.0,1927147000.0,0.331,6191605000.0,92430000.0,4156723000.0,4130954000.0,975427000.0,0.0,0.0,0.0,4036006000.0,706066000.0,3329940000.0,9373633880.0,-292643000.0,-410322000.0,-443426000.0,40000.0,-219075000.0,-667260000.0,-655868000.0,0.0,1030566000.0,-81000.0,480630000.0,480630000.0,480630000.0,0.0,0.0,0.083,1103051000.0,824096000.0,290054000.0,0.453,1.819,19.503,19.778,1113446000.0,0.0,85.64,1.61,1.61,469367000.0,1013241000.0,5821412000.0,5821412000.0,0.0,0.052,0.092,0.2,0.142,19646000.0,928946000.0,1.0,109453922.0,109453922.0,,53.186,2997148000.0,0.0,252043000.0,996874000.0,27.383,1029996000.0
36,SJM,MRT,2012-06-30,2012-07-31,2012-07-31,2021-09-07,-84386000.0,9262110000.0,9207151000.0,1800328000.0,7461782000.0,0.62,47.298,-248698000.0,311474000.0,311474000.0,3822701000.0,459077000.0,2.534,0.773,2069875000.0,50000000.0,2019875000.0,2069875000.0,0.0,252681000.0,0.0,0.025,1.92,789652000.0,1042333000.0,0.183,1042333000.0,789652000.0,701674000.0,4.09,4.09,4.09,5223453000.0,5283585500.0,5223453000.0,10322426168.0,13.0,9.903,717140000.0,6.494,1.0,1883916000.0,0.33,6215271000.0,87978000.0,4094771000.0,4154027000.0,1019339000.0,0.0,0.0,0.0,4038657000.0,710469000.0,3328188000.0,8481591168.0,209070000.0,-401054000.0,-311857000.0,441900000.0,-216341000.0,-98932000.0,-652434000.0,0.0,965838000.0,-5402000.0,459077000.0,459077000.0,459077000.0,0.0,0.0,0.08,1084519000.0,799397000.0,283201000.0,0.469,1.624,18.475,18.778,1101036000.0,0.0,76.8,1.486,1.486,390924000.0,1013831000.0,5706617000.0,5706617000.0,0.0,0.05,0.087,0.19,0.138,19968000.0,908348000.0,1.0,110437385.0,110437385.0,,51.673,3046839000.0,0.0,242597000.0,995391000.0,27.589,1089859000.0
37,SJM,MRT,2012-03-31,2012-04-30,2012-04-30,2021-09-07,-84000000.0,9115200000.0,9087129250.0,1643500000.0,7471700000.0,0.608,46.094,-270200000.0,229700000.0,229700000.0,3680600000.0,459700000.0,2.664,0.765,2070500000.0,50000000.0,2020500000.0,2070500000.0,0.0,247000000.0,0.0,0.024,1.88,781000000.0,1028000000.0,0.186,1028000000.0,781000000.0,701200000.0,4.06,4.06,4.06,5163400000.0,5314785750.0,5163400000.0,10620826266.0,14.0,10.332,460700000.0,4.113,1.0,1845200000.0,0.334,6241600000.0,79800000.0,4097500000.0,3978591500.0,961600000.0,0.0,0.0,0.0,3951800000.0,616900000.0,3334900000.0,8920052266.0,-90100000.0,-763900000.0,-313000000.0,748600000.0,-213700000.0,219600000.0,-1035900000.0,18600000.0,730900000.0,-4700000.0,459700000.0,459700000.0,459700000.0,0.0,0.0,0.083,1055600000.0,789600000.0,274700000.0,0.463,1.728,19.404,19.613,1096100000.0,0.0,79.63,1.614,1.614,347500000.0,961200000.0,5525800000.0,5525800000.0,0.0,0.051,0.086,0.196,0.141,21700000.0,892700000.0,1.0,112018740.0,112018740.0,,49.329,2873600000.0,0.0,241500000.0,992700000.0,25.653,1026600000.0
38,SJM,MRT,2011-12-31,2012-01-31,2012-01-31,2021-09-07,-32726000.0,9235874000.0,8889475500.0,1805993000.0,7429881000.0,0.603,47.493,-262276000.0,370428000.0,370428000.0,3541134000.0,450512000.0,3.653,0.715,2071202000.0,0.0,2071202000.0,2071202000.0,0.0,240679000.0,0.0,0.023,1.84,759595000.0,1000274000.0,0.187,1000274000.0,759595000.0,687202000.0,3.96,3.95,3.96,5384140000.0,5347026500.0,5384140000.0,10506612321.0,14.0,10.504,204183000.0,1.801,1.0,1816419000.0,0.339,6267491000.0,72393000.0,4174822000.0,3722553250.0,990815000.0,0.0,0.0,0.0,3851734000.0,494335000.0,3357399000.0,8931048321.0,-179230000.0,-733087000.0,-226043000.0,748560000.0,-210324000.0,312485000.0,-957748000.0,38637000.0,466459000.0,-426000.0,450512000.0,450512000.0,450512000.0,0.0,0.0,0.084,1046314000.0,770105000.0,232415000.0,0.465,1.659,19.824,19.894,1064299000.0,0.0,78.78,1.667,1.667,364724000.0,1018576000.0,5357553000.0,5357553000.0,0.0,0.051,0.084,0.204,0.142,22538000.0,900863000.0,1.0,113366950.0,113366950.0,,47.259,2968383000.0,0.0,236690000.0,1029921000.0,26.184,1311658000.0
39,SJM,MRT,2011-09-30,2011-10-31,2011-10-31,2021-09-07,-29851000.0,9215420000.0,8670194000.0,2193707000.0,7021713000.0,0.6,47.113,-247370000.0,496288000.0,496288000.0,3377115000.0,465663000.0,4.026,0.718,2071852000.0,0.0,2071852000.0,2071852000.0,0.0,244233000.0,0.0,0.023,1.76,772672000.0,1016905000.0,0.195,1016905000.0,772672000.0,705746000.0,4.05,4.03,4.05,5363349000.0,5341816750.0,5363349000.0,10290666410.0,13.0,10.12,184618000.0,1.622,1.0,1825148000.0,0.351,5997048000.0,66926000.0,4249015000.0,3409452500.0,1143951000.0,0.0,0.0,0.0,3852071000.0,544921000.0,3307150000.0,8767952410.0,8750000.0,-353578000.0,-415627000.0,748560000.0,-203492000.0,130064000.0,-555172000.0,48137000.0,431988000.0,1870000.0,465663000.0,465663000.0,465663000.0,0.0,0.0,0.09,1042447000.0,782701000.0,260653000.0,0.435,1.635,18.829,19.017,948225000.0,0.0,77.02,1.685,1.685,462169000.0,977704000.0,5202263000.0,5202263000.0,0.0,0.054,0.087,0.227,0.149,24286000.0,890172000.0,1.0,113839943.0,113839943.0,,45.698,3218372000.0,0.0,240083000.0,1031280000.0,28.271,1648786000.0
40,SJM,MRT,2011-06-30,2011-07-31,2011-07-31,2021-09-07,-7538000.0,8782023000.0,8504676500.0,1739772000.0,7042251000.0,0.584,46.759,-215146000.0,102475000.0,102475000.0,3146122000.0,488142000.0,1.988,0.642,1625189000.0,306700000.0,1318489000.0,1625189000.0,0.0,240509000.0,0.0,0.022,1.68,800255000.0,1040764000.0,0.21,1040764000.0,800255000.0,734272000.0,4.18,4.16,4.18,5348254000.0,5376981750.0,5348254000.0,9896529007.0,12.0,9.509,145454000.0,1.272,1.0,1821149000.0,0.367,6036474000.0,65983000.0,3393029000.0,3120242750.0,1213821000.0,0.0,0.0,0.0,3433769000.0,875234000.0,2558535000.0,8912335007.0,-420373000.0,-362846000.0,-376035000.0,296700000.0,-196565000.0,-267379000.0,-521013000.0,57137000.0,360600000.0,7419000.0,488142000.0,488142000.0,488142000.0,0.0,0.0,0.098,1021313000.0,799836000.0,288082000.0,0.402,1.666,18.258,18.641,925687000.0,0.0,77.92,1.794,1.794,350293000.0,922944000.0,4967271000.0,4967271000.0,0.0,0.057,0.091,0.256,0.161,24704000.0,876391000.0,1.0,114378016.0,114378016.0,,43.429,2745549000.0,0.0,246130000.0,1076694000.0,24.004,864538000.0
41,SJM,MRT,2011-03-31,2011-04-30,2011-04-30,2021-09-07,3629000.0,8324585000.0,8413946750.0,1636999000.0,6687586000.0,0.574,45.628,-174300000.0,319845000.0,319845000.0,3027200000.0,479500000.0,3.392,0.573,1304039000.0,0.0,1304039000.0,1304039000.0,0.0,239600000.0,0.0,0.022,1.64,784300000.0,1023900000.0,0.212,1023900000.0,784300000.0,717200000.0,4.06,4.05,4.06,5292363000.0,5388695250.0,5292363000.0,9457668966.0,12.0,9.237,217300000.0,1.873,1.0,1798500000.0,0.373,5752756000.0,67100000.0,3073347000.0,3006490500.0,863579000.0,0.0,0.0,0.0,3032222000.0,482676000.0,2549546000.0,8707251966.0,36200000.0,0.0,-374600000.0,390000000.0,-194000000.0,-170400000.0,-192900000.0,-18500000.0,391600000.0,7900000.0,479500000.0,479500000.0,479500000.0,0.0,0.0,0.099,1014200000.0,784300000.0,234916000.0,0.404,1.645,18.159,18.49,867882000.0,0.0,75.07,1.804,1.804,344410000.0,866933000.0,4825700000.0,4825700000.0,0.0,0.057,0.089,0.261,0.163,24000000.0,863100000.0,1.0,115988437.0,115988437.0,,41.605,2571829000.0,0.0,237700000.0,1042823000.0,22.173,1154323000.0
42,SJM,MRT,2010-12-31,2011-01-31,2011-01-31,2021-09-07,-10906000.0,8358748000.0,8326513750.0,1689060000.0,6669688000.0,0.565,45.049,-130257000.0,549583000.0,549583000.0,2900029000.0,505208000.0,3.995,0.559,1300000000.0,0.0,1300000000.0,1300000000.0,0.0,228855000.0,0.0,0.025,1.55,802319000.0,1031174000.0,0.219,1031174000.0,802319000.0,734616000.0,4.24,4.23,4.24,5363301000.0,5397184500.0,5363301000.0,8213047828.0,10.0,7.965,466027000.0,3.914,1.0,1807626000.0,0.384,5763989000.0,67703000.0,2922419000.0,2810189000.0,735275000.0,38599000.0,38599000.0,0.0,2995447000.0,422757000.0,2572690000.0,7400510828.0,424022000.0,19554000.0,-237395000.0,390000000.0,-184703000.0,-26996000.0,-149245000.0,-38537000.0,596284000.0,3979000.0,505208000.0,505208000.0,505208000.0,0.0,0.0,0.107,1022065000.0,785561000.0,174882000.0,0.366,1.38,14.648,14.66,841067000.0,0.0,62.16,1.572,1.572,289548000.0,887844000.0,4707655000.0,4707655000.0,0.0,0.061,0.094,0.286,0.17,25139000.0,870055000.0,1.0,119055837.0,119055837.0,,39.542,2594759000.0,23782000.0,229408000.0,1104498000.0,21.794,1266303000.0
43,SJM,MRT,2010-09-30,2010-10-31,2010-10-31,2021-09-07,-17787000.0,8553350000.0,8211684750.0,1854186000.0,6699164000.0,0.56,46.057,-109079000.0,487463000.0,487463000.0,2809727000.0,508692000.0,3.888,0.554,1300000000.0,0.0,1300000000.0,1300000000.0,0.0,212999000.0,0.0,0.023,1.5,799805000.0,1012804000.0,0.22,1012804000.0,799805000.0,735998000.0,4.26,4.26,4.26,5504009000.0,5366420250.0,5504009000.0,8468988795.0,11.0,8.362,436133000.0,3.65,1.0,1791516000.0,0.389,5796792000.0,63807000.0,3092176000.0,2671689000.0,822614000.0,48086000.0,48086000.0,0.0,3049341000.0,476919000.0,2572422000.0,7681761795.0,77755000.0,19554000.0,1350000.0,-160000000.0,-178564000.0,-333192000.0,-137471000.0,-48037000.0,545212000.0,3206000.0,508692000.0,508692000.0,508692000.0,0.0,0.0,0.111,1009051000.0,782465000.0,194194000.0,0.352,1.396,15.101,15.089,841095000.0,0.0,64.28,1.669,1.669,415826000.0,902528000.0,4601243000.0,4601243000.0,0.0,0.062,0.095,0.299,0.174,25119000.0,870141000.0,1.0,119504695.0,119504695.0,,38.503,2756558000.0,32028000.0,227306000.0,1103991000.0,23.067,1377267000.0
44,SJM,MRT,2010-06-30,2010-07-31,2010-07-31,2021-09-07,-19781000.0,8419104000.0,8182950750.0,1700628000.0,6718476000.0,0.562,45.158,-136163000.0,522773000.0,522773000.0,2811979000.0,498956000.0,3.744,0.561,1310000000.0,10000000.0,1300000000.0,1310000000.0,0.0,199414000.0,0.0,0.024,1.45,792048000.0,991462000.0,0.215,991462000.0,792048000.0,729273000.0,4.19,4.19,4.19,5395108000.0,5274256500.0,5395108000.0,7965567931.0,10.0,8.034,575925000.0,4.821,1.0,1789096000.0,0.389,5814075000.0,62775000.0,2938020000.0,2525904500.0,765927000.0,57075000.0,57075000.0,0.0,3023996000.0,454236000.0,2569760000.0,7339137931.0,233001000.0,19554000.0,807000.0,-150000000.0,-172411000.0,-318272000.0,-163069000.0,-45922000.0,712088000.0,2254000.0,498956000.0,498956000.0,498956000.0,0.0,0.0,0.108,1015461000.0,773635000.0,183600000.0,0.346,1.36,14.709,14.661,847192000.0,0.0,61.43,1.595,1.595,305418000.0,800571000.0,4601075000.0,4601075000.0,0.0,0.061,0.095,0.314,0.172,24865000.0,880305000.0,1.0,119471560.0,119471560.0,,38.512,2605029000.0,0.0,230317000.0,1104285000.0,21.805,1246392000.0
45,SJM,MRT,2010-03-31,2010-04-30,2010-04-30,2021-09-07,-20581000.0,7974853000.0,8136864500.0,1223630000.0,6751223000.0,0.566,44.713,-136778000.0,283570000.0,283570000.0,2818599000.0,494138000.0,2.555,0.497,910000000.0,10000000.0,900000000.0,910000000.0,0.0,185752000.0,0.0,0.023,1.4,795940000.0,981692000.0,0.213,981692000.0,795940000.0,730753000.0,4.15,4.15,4.15,5326320000.0,5184062000.0,5326320000.0,8059253067.0,10.0,8.21,576700000.0,4.841,1.0,1786690000.0,0.388,5834245000.0,65187000.0,2288141000.0,2419893000.0,654939000.0,0.0,0.0,0.0,2648533000.0,478897000.0,2169636000.0,7274814067.0,-173123000.0,19554000.0,844000.0,-625000000.0,-166224000.0,-788548000.0,-104443000.0,13519000.0,713478000.0,6390000.0,494138000.0,494138000.0,494138000.0,0.0,0.0,0.107,1009388000.0,777302000.0,179509000.0,0.337,1.366,14.722,14.716,858313000.0,0.0,61.07,1.58,1.58,238867000.0,746063000.0,4605289000.0,4605289000.0,0.0,0.061,0.095,0.329,0.173,25949000.0,878221000.0,1.0,119122549.0,119122549.0,,38.66,2140608000.0,0.0,236615000.0,1177483000.0,17.97,744733000.0
46,SJM,MRT,2009-12-31,2010-01-31,2010-01-31,2021-09-07,-30386000.0,7899432000.0,8191191500.0,1122826000.0,6776606000.0,0.562,44.026,-138438000.0,125561000.0,125561000.0,2848977000.0,467800000.0,2.398,0.507,910000000.0,10000000.0,900000000.0,910000000.0,0.0,175642000.0,0.0,0.023,1.37,773555000.0,949197000.0,0.206,949197000.0,773555000.0,704434000.0,3.97,3.97,3.97,5240244000.0,5087464750.0,5240244000.0,8200483561.0,11.0,8.639,531119000.0,4.462,1.0,1755773000.0,0.381,5847169000.0,69121000.0,2368419000.0,2428005500.0,663436000.0,0.0,0.0,0.0,2659188000.0,468283000.0,2190905000.0,7149944561.0,-234346000.0,-5186000.0,336000.0,-625000000.0,-162439000.0,-784704000.0,-130661000.0,15224000.0,669557000.0,11462000.0,467800000.0,467800000.0,467800000.0,0.0,0.0,0.102,987176000.0,768597000.0,150441000.0,0.345,1.364,15.284,15.131,867622000.0,0.0,60.07,1.553,1.553,281678000.0,673097000.0,4604750000.0,4604750000.0,0.0,0.057,0.092,0.319,0.168,28065000.0,830282000.0,1.0,119026878.0,119026878.0,,38.687,2052263000.0,0.0,236634000.0,1151769000.0,17.242,654543000.0
47,SJM,MRT,2009-09-30,2009-10-31,2009-10-31,2021-09-07,-32378000.0,8438414000.0,8277969250.0,1631338000.0,6807076000.0,0.553,43.173,-143779000.0,409708000.0,409708000.0,2882895000.0,410262000.0,1.474,0.643,1460247000.0,560247000.0,900000000.0,1460247000.0,0.0,173114000.0,0.0,0.025,1.34,698473000.0,871587000.0,0.19,871587000.0,698473000.0,621629000.0,3.51,3.51,3.51,5135354000.0,5006138750.0,5135354000.0,7443407636.0,11.0,8.54,482304000.0,4.055,1.0,1698510000.0,0.371,5872813000.0,76844000.0,2509038000.0,2421171250.0,762040000.0,0.0,0.0,0.0,3303060000.0,1107102000.0,2195958000.0,6272193636.0,243396000.0,-21259000.0,-4096000.0,-75000000.0,-158709000.0,-238328000.0,-151000000.0,15666000.0,626083000.0,6641000.0,410262000.0,410262000.0,410262000.0,0.0,0.0,0.09,1004320000.0,694190000.0,200094000.0,0.382,1.221,15.288,15.023,873086000.0,0.0,52.73,1.369,1.369,411239000.0,579325000.0,4581405000.0,4581405000.0,0.0,0.05,0.082,0.288,0.152,29168000.0,827504000.0,1.0,118949244.0,118949244.0,,38.516,2565601000.0,0.0,211367000.0,1150228000.0,21.569,524236000.0
48,SJM,MRT,2009-06-30,2009-07-31,2009-07-31,2021-09-07,-31296000.0,8234759000.0,7012451000.0,1442439000.0,6792320000.0,0.591,42.33,-114253000.0,289772000.0,289772000.0,2696123000.0,321725000.0,1.441,0.636,1460986000.0,550986000.0,910000000.0,1460986000.0,0.0,145414000.0,0.0,0.126,6.31,554537000.0,699951000.0,0.169,699951000.0,554537000.0,483852000.0,3.27,3.27,3.27,5034330000.0,4100371500.0,5034330000.0,7030079087.0,13.0,10.044,246716000.0,2.074,1.0,1449679000.0,0.35,5891246000.0,70685000.0,2513974000.0,2336689000.0,786842000.0,10511000.0,0.0,10511000.0,3200429000.0,1000753000.0,2199676000.0,5950046087.0,155034000.0,-21742000.0,-2997000.0,325000000.0,-408832000.0,-86279000.0,-125912000.0,4965000.0,360969000.0,6256000.0,321725000.0,321725000.0,321725000.0,0.0,0.0,0.078,900398000.0,549281000.0,196129000.0,1.93,1.182,18.494,15.3,838390000.0,0.0,50.03,1.435,1.435,307507000.0,481013000.0,4145802000.0,4145802000.0,0.0,0.046,0.078,0.237,0.134,25718000.0,744329000.0,1.0,118929564.0,118929564.0,,34.859,2343513000.0,0.0,162127000.0,1149669000.0,19.705,441686000.0
49,SJM,MRT,2009-03-31,2009-04-30,2009-04-30,2021-09-07,-57270000.0,8192161000.0,5761841500.0,1398891000.0,6793270000.0,0.652,41.712,-108107000.0,456693000.0,456693000.0,2506504000.0,265953000.0,1.318,0.658,1536726000.0,626726000.0,910000000.0,1536726000.0,0.0,118273000.0,0.0,0.159,6.28,458543000.0,576816000.0,0.153,576816000.0,458543000.0,396065000.0,3.11,3.11,3.11,4939931000.0,3296110250.0,4939931000.0,5843705176.0,13.0,10.131,338886000.0,2.861,1.0,1251429000.0,0.333,5890367000.0,62478000.0,2320591000.0,2131297000.0,603926000.0,0.0,0.0,0.0,3252230000.0,1061236000.0,2190994000.0,4666146176.0,285152000.0,-77335000.0,-2049000.0,400000000.0,-384876000.0,12601000.0,-176981000.0,3013000.0,446993000.0,2539000.0,265953000.0,265953000.0,265953000.0,0.0,0.0,0.071,799154000.0,452275000.0,198954000.0,2.019,0.945,17.545,12.669,838433000.0,0.0,39.4,1.242,1.242,266037000.0,424504000.0,3757933000.0,3757933000.0,0.0,0.046,0.081,0.215,0.122,22105000.0,673565000.0,1.0,118430106.0,118430106.0,,31.731,2301794000.0,0.0,130112000.0,1163498000.0,19.436,337655000.0
50,SJM,MRT,2008-12-31,2009-01-31,2009-01-31,2021-09-07,-24380000.0,8246543000.0,4496271500.0,1344297000.0,6902246000.0,0.729,41.5,-106820000.0,359907000.0,359907000.0,2244913000.0,208736000.0,1.196,0.678,1537466000.0,627466000.0,910000000.0,1537466000.0,0.0,92760000.0,0.0,0.139,6.26,362384000.0,455144000.0,0.139,455144000.0,362384000.0,307957000.0,3.05,3.06,3.05,4914940000.0,2511090750.0,4914940000.0,6369105205.0,18.0,13.994,183866000.0,1.553,1.0,1034478000.0,0.315,5959495000.0,54427000.0,2341082000.0,1991687000.0,658451000.0,0.0,0.0,0.0,3331603000.0,1123525000.0,2208078000.0,5347212205.0,30001000.0,-126135000.0,-67160000.0,400000000.0,-363619000.0,-32751000.0,-223479000.0,1983000.0,290686000.0,-4455000.0,208736000.0,208736000.0,208736000.0,0.0,0.0,0.064,679207000.0,355271000.0,176399000.0,2.052,1.088,25.617,14.803,841601000.0,0.0,45.15,1.631,1.631,259107000.0,371618000.0,3279391000.0,3279391000.0,0.0,0.046,0.083,0.182,0.111,15675000.0,610491000.0,1.0,118432164.0,118432164.0,,27.69,2287048000.0,0.0,99221000.0,1176563000.0,19.311,220772000.0
51,SJM,MRT,2008-09-30,2008-10-31,2008-10-31,2021-09-07,-17404000.0,3376341000.0,3225199000.0,1005360000.0,2370981000.0,0.856,27.587,-94327000.0,166312000.0,166312000.0,1933280000.0,173196000.0,2.151,1.233,1188205000.0,75000000.0,1113205000.0,1188205000.0,0.0,65377000.0,0.0,0.14,6.24,298954000.0,364331000.0,0.132,364331000.0,298954000.0,255761000.0,3.12,3.13,3.12,1512285000.0,1745006750.0,1512285000.0,3088985542.0,10.0,8.479,58001000.0,1.058,1.0,828890000.0,0.3,1759794000.0,43193000.0,2171109000.0,1825900750.0,500608000.0,0.0,0.0,0.0,1864056000.0,467331000.0,1396725000.0,2442739542.0,-119120000.0,-113531000.0,-149808000.0,400000000.0,-342991000.0,-94035000.0,-176542000.0,25091000.0,152328000.0,-871000.0,173196000.0,173196000.0,173196000.0,0.0,0.0,0.063,540440000.0,288450000.0,146799000.0,2.0,1.615,14.104,14.282,514002000.0,0.0,44.56,0.884,0.884,267498000.0,331634000.0,2762170000.0,2762170000.0,0.0,0.054,0.099,0.164,0.108,11593000.0,520242000.0,1.0,54819110.0,54819110.0,,50.387,1616547000.0,0.0,82565000.0,168226000.0,29.489,538029000.0
52,SJM,MRT,2008-06-30,2008-07-31,2008-07-31,2021-09-07,31325000.0,3232321000.0,3201965500.0,835080000.0,2397241000.0,0.82,33.182,-80929000.0,142699000.0,142699000.0,1822959000.0,171909000.0,2.068,0.779,788945000.0,75000000.0,713945000.0,788945000.0,0.0,64186000.0,0.0,0.025,1.22,297208000.0,361394000.0,0.138,361394000.0,297208000.0,254412000.0,3.06,3.06,3.06,1817285000.0,1846420750.0,1817285000.0,3274878607.0,11.0,9.062,152538000.0,2.785,1.0,803959000.0,0.306,1782408000.0,42796000.0,1692406000.0,1729390500.0,471768000.0,15494000.0,0.0,15494000.0,1415036000.0,403753000.0,1011283000.0,2669369607.0,-71346000.0,-143096000.0,-150697000.0,-33000000.0,-68511000.0,-254301000.0,-53379000.0,170958000.0,233467000.0,2867000.0,171909000.0,171909000.0,171909000.0,0.0,0.0,0.065,518132000.0,285827000.0,154942000.0,0.399,1.469,15.528,15.928,505919000.0,0.0,48.74,1.016,1.016,182693000.0,592086000.0,2626918000.0,2626918000.0,0.0,0.054,0.093,0.172,0.113,11504000.0,501793000.0,1.0,54767534.0,54767534.0,,47.965,1449913000.0,0.0,82503000.0,172149000.0,26.474,431327000.0
53,SJM,MRT,2008-03-31,2008-04-30,2008-04-30,2021-09-07,42612000.0,3129881000.0,3194443250.0,776207000.0,2353674000.0,0.79,32.379,-76295000.0,171541000.0,171541000.0,1742610000.0,170379000.0,3.242,0.739,789684000.0,0.0,789684000.0,789684000.0,0.0,62570000.0,0.0,0.024,1.2,296933000.0,359503000.0,0.142,359503000.0,296933000.0,254788000.0,3.01,3.0,3.01,1799853000.0,1853521750.0,1799853000.0,3235474576.0,11.0,9.0,106623000.0,1.918,1.0,782164000.0,0.31,1746476000.0,42145000.0,1762151000.0,1772868750.0,379608000.0,16043000.0,0.0,16043000.0,1330028000.0,239397000.0,1090631000.0,2772714576.0,-28000000.0,-217542000.0,-135274000.0,252000000.0,-68074000.0,49839000.0,-265883000.0,28131000.0,182918000.0,5126000.0,170379000.0,170379000.0,170379000.0,0.0,0.0,0.067,497990000.0,284174000.0,119844000.0,0.399,1.541,16.274,16.571,496296000.0,0.0,49.88,1.098,1.098,162426000.0,567419000.0,2524774000.0,2524774000.0,0.0,0.053,0.092,0.167,0.118,11531000.0,486592000.0,1.0,55587702.0,55587702.0,,45.42,1383405000.0,0.0,84409000.0,177114000.0,24.887,536810000.0
54,SJM,MRT,2007-12-31,2008-01-31,2008-01-31,2021-09-07,48907000.0,3162253000.0,3085428750.0,854317000.0,2307936000.0,0.787,32.166,-64464000.0,327664000.0,327664000.0,1648420000.0,175827000.0,3.502,0.709,790424000.0,0.0,790424000.0,790424000.0,0.0,61890000.0,0.0,0.025,1.18,305005000.0,366895000.0,0.151,366895000.0,305005000.0,267588000.0,3.11,3.08,3.11,1850604000.0,1852472750.0,1850604000.0,3195422016.0,10.0,8.709,177706000.0,3.089,1.0,779828000.0,0.321,1703153000.0,37417000.0,1677937000.0,1635809500.0,348277000.0,17202000.0,0.0,17202000.0,1311649000.0,243923000.0,1067726000.0,2691381016.0,177862000.0,-163556000.0,-60399000.0,252166000.0,-67290000.0,126704000.0,-198644000.0,30533000.0,242170000.0,7632000.0,175827000.0,175827000.0,175827000.0,0.0,0.0,0.072,490511000.0,289317000.0,114634000.0,0.379,1.454,15.307,15.042,489448000.0,0.0,46.78,1.108,1.108,141215000.0,585698000.0,2428248000.0,2428248000.0,0.0,0.057,0.095,0.186,0.126,11667000.0,477507000.0,1.0,57532728.0,57532728.0,,42.206,1459100000.0,0.0,91761000.0,158943000.0,25.361,610394000.0
55,SJM,MRT,2007-09-30,2007-10-31,2007-10-31,2021-09-07,60644000.0,3283407000.0,2958835000.0,943697000.0,2339710000.0,0.773,33.348,-60451000.0,287123000.0,287123000.0,1528614000.0,173853000.0,3.219,0.712,791164000.0,0.0,791164000.0,791164000.0,0.0,60090000.0,0.0,0.022,1.16,298224000.0,358314000.0,0.157,358314000.0,298224000.0,265876000.0,3.08,3.04,3.08,1917941000.0,1828669500.0,1917941000.0,3691186931.0,12.0,10.302,144410000.0,2.511,1.0,757342000.0,0.331,1709209000.0,32348000.0,1785068000.0,1520595500.0,399958000.0,40200000.0,0.0,40200000.0,1365466000.0,293171000.0,1072295000.0,3072945931.0,207855000.0,-156053000.0,10838000.0,252461000.0,-65939000.0,199954000.0,-201612000.0,15393000.0,204861000.0,4652000.0,173853000.0,173853000.0,173853000.0,0.0,0.0,0.076,472286000.0,285056000.0,133179000.0,0.377,1.602,17.676,17.347,492796000.0,0.0,53.43,1.344,1.344,223303000.0,607046000.0,2285956000.0,2285956000.0,0.0,0.059,0.095,0.196,0.13,11964000.0,464912000.0,1.0,57513493.0,57513493.0,,39.746,1574198000.0,0.0,92023000.0,159139000.0,27.371,650526000.0
56,SJM,MRT,2007-06-30,2007-07-31,2007-07-31,2021-09-07,23747000.0,3202232000.0,2810385000.0,915194000.0,2287038000.0,0.777,32.424,-57084000.0,206662000.0,206662000.0,1452976000.0,169256000.0,3.224,0.735,824903000.0,33000000.0,791903000.0,824903000.0,0.0,58597000.0,0.0,0.02,1.14,287991000.0,346588000.0,0.159,346588000.0,287991000.0,260636000.0,3.0,2.97,3.0,1845689000.0,1787862500.0,1845689000.0,3402430730.0,12.0,9.817,164705000.0,2.893,1.0,730045000.0,0.334,1670269000.0,27355000.0,1866319000.0,1395760250.0,389094000.0,186112000.0,144580000.0,41532000.0,1356543000.0,283885000.0,1072658000.0,3176906730.0,110068000.0,-87065000.0,-15761000.0,236253000.0,-64837000.0,160301000.0,-273217000.0,-128296000.0,221789000.0,1195000.0,169256000.0,169256000.0,169256000.0,0.0,0.0,0.078,454365000.0,275680000.0,108731000.0,0.38,1.721,18.77,18.603,480418000.0,0.0,55.81,1.455,1.455,148061000.0,574251000.0,2183021000.0,2183021000.0,0.0,0.06,0.095,0.206,0.132,11424000.0,449639000.0,1.0,56923611.0,56923611.0,,38.35,1531963000.0,0.0,91380000.0,154967000.0,26.913,631309000.0
57,SJM,MRT,2007-03-31,2007-04-30,2007-04-30,2021-09-07,17757000.0,2693823000.0,2689336500.0,639366000.0,2054457000.0,0.799,31.715,-54689000.0,200119000.0,200119000.0,1445962000.0,157219000.0,2.704,0.5,425643000.0,33000000.0,392643000.0,425643000.0,0.0,58874000.0,0.0,0.02,1.12,264367000.0,323241000.0,0.15,323241000.0,264367000.0,241004000.0,2.79,2.76,2.79,1795657000.0,1762822500.0,1795657000.0,3434684622.0,13.0,10.626,218281000.0,3.855,1.0,702055000.0,0.327,1468965000.0,23363000.0,1213914000.0,1273879500.0,286052000.0,44117000.0,0.0,44117000.0,898166000.0,236468000.0,661698000.0,3160469622.0,127709000.0,23566000.0,-26359000.0,-28144000.0,-63632000.0,-117625000.0,-27041000.0,6272000.0,272970000.0,-595000.0,157219000.0,157219000.0,157219000.0,0.0,0.0,0.073,447684000.0,254371000.0,93500000.0,0.401,1.76,20.102,20.007,454028000.0,0.0,55.82,1.471,1.471,124048000.0,553631000.0,2148017000.0,2148017000.0,0.0,0.058,0.089,0.208,0.123,11257000.0,441286000.0,1.0,56618947.0,56618947.0,,37.938,1224858000.0,0.0,83785000.0,165683000.0,21.633,402898000.0
58,SJM,MRT,2006-12-31,2007-01-31,2007-01-31,2021-09-07,14424000.0,2655878000.0,2678316750.0,581926000.0,2073952000.0,0.805,30.909,-60943000.0,152168000.0,152168000.0,1473209000.0,150421000.0,2.351,0.513,426383000.0,33000000.0,393383000.0,426383000.0,0.0,59008000.0,0.0,0.023,1.11,246726000.0,305734000.0,0.142,305734000.0,246726000.0,223135000.0,2.66,2.63,2.66,1755391000.0,1745923000.0,1755391000.0,3046459165.0,12.0,9.964,225208000.0,3.966,1.0,683014000.0,0.317,1465517000.0,23591000.0,1217081000.0,1316823000.0,277289000.0,46984000.0,0.0,46984000.0,900487000.0,247495000.0,652992000.0,2697038165.0,62922000.0,23566000.0,-83392000.0,-37579000.0,-63432000.0,-188009000.0,-32701000.0,5388000.0,286151000.0,-2519000.0,150421000.0,150421000.0,150421000.0,0.0,0.0,0.07,438047000.0,244967000.0,80619000.0,0.417,1.536,17.93,17.853,453274000.0,0.0,47.49,1.251,1.251,117619000.0,528180000.0,2156223000.0,2156223000.0,0.0,0.056,0.086,0.187,0.114,9648000.0,437472000.0,1.0,56791707.0,56791707.0,,37.967,1190361000.0,0.0,72714000.0,150632000.0,20.96,334431000.0
59,SJM,MRT,2006-09-30,2006-10-31,2006-10-31,2021-09-07,28615000.0,2689607000.0,2680923250.0,607003000.0,2082604000.0,0.809,30.585,-60538000.0,77701000.0,77701000.0,1495694000.0,141306000.0,2.134,0.533,427122000.0,33000000.0,394122000.0,427122000.0,0.0,61059000.0,0.0,0.022,1.1,236178000.0,297237000.0,0.137,297237000.0,236178000.0,212259000.0,2.48,2.46,2.48,1754713000.0,1742479000.0,1754713000.0,3191507450.0,14.0,10.737,186324000.0,3.248,1.0,673901000.0,0.311,1468888000.0,23919000.0,1285727000.0,1351633000.0,300127000.0,55463000.0,4989000.0,50474000.0,934894000.0,284413000.0,650481000.0,2811181450.0,35340000.0,28286000.0,-81280000.0,-41160000.0,-63177000.0,-189280000.0,-23049000.0,9697000.0,246862000.0,807000.0,141306000.0,141306000.0,141306000.0,0.0,0.0,0.065,445614000.0,228287000.0,94085000.0,0.444,1.602,19.894,19.758,457863000.0,0.0,49.0,1.296,1.296,178434000.0,511914000.0,2169595000.0,2169595000.0,0.0,0.053,0.081,0.175,0.109,7980000.0,432293000.0,1.0,57371050.0,57371050.0,,37.817,1220719000.0,0.0,70953000.0,153518000.0,21.278,322590000.0
60,SJM,MRT,2006-06-30,2006-07-31,2006-07-31,2021-09-07,26822000.0,2718038000.0,2688620750.0,676380000.0,2041658000.0,0.807,30.548,-60963000.0,96140000.0,96140000.0,1484771000.0,142181000.0,2.334,0.557,476466000.0,48604000.0,427862000.0,476466000.0,0.0,61972000.0,0.0,0.024,1.09,238202000.0,300174000.0,0.138,300174000.0,238202000.0,214182000.0,2.48,2.45,2.48,1745529000.0,1735863750.0,1745529000.0,2935444194.0,12.0,9.779,178346000.0,3.121,1.0,686133000.0,0.316,1429823000.0,24020000.0,1378796000.0,1372679750.0,305063000.0,57523000.0,4967000.0,52556000.0,972509000.0,289745000.0,682764000.0,2550178194.0,48653000.0,-10654000.0,-59631000.0,-4831000.0,-62758000.0,-131623000.0,-59823000.0,11490000.0,239309000.0,790000.0,142181000.0,142181000.0,142181000.0,0.0,0.0,0.065,454814000.0,231319000.0,95028000.0,0.44,1.461,17.936,17.996,456302000.0,0.0,44.63,1.175,1.175,144714000.0,501875000.0,2170904000.0,2170904000.0,0.0,0.053,0.082,0.174,0.11,7197000.0,436230000.0,1.0,57140448.0,57140448.0,,37.992,1288215000.0,0.0,72001000.0,153048000.0,22.545,386635000.0
61,SJM,MRT,2006-03-31,2006-04-30,2006-04-30,2021-09-07,27209000.0,2649744000.0,2680751000.0,642838000.0,2006906000.0,0.804,29.689,-59833000.0,71956000.0,71956000.0,1461874000.0,143354000.0,2.73,0.533,457222000.0,28620000.0,428602000.0,457222000.0,0.0,62642000.0,0.0,0.028,1.08,239596000.0,302238000.0,0.14,302238000.0,239596000.0,215570000.0,2.48,2.45,2.48,1728059000.0,1723022250.0,1728059000.0,2662958991.0,11.0,8.811,138856000.0,2.386,1.0,692852000.0,0.322,1413882000.0,24026000.0,1385688000.0,1360304500.0,279088000.0,48989000.0,14882000.0,34107000.0,921685000.0,235440000.0,686245000.0,2285114991.0,13871000.0,8754000.0,-77934000.0,-25434000.0,-62656000.0,-169129000.0,-16255000.0,26101000.0,198689000.0,566000.0,143354000.0,143354000.0,143354000.0,0.0,0.0,0.067,460727000.0,232125000.0,88963000.0,0.435,1.322,15.94,15.831,456554000.0,0.0,39.26,1.061,1.061,148014000.0,489067000.0,2154726000.0,2154726000.0,0.0,0.053,0.083,0.176,0.111,7255000.0,438457000.0,1.0,58204661.0,58204661.0,,37.02,1235862000.0,0.0,72216000.0,169163000.0,21.233,407398000.0
62,SJM,MRT,2005-12-31,2006-01-31,2006-01-31,2021-09-07,12215000.0,2666304000.0,2677288500.0,600837000.0,2065467000.0,0.801,29.836,-76068000.0,89246000.0,89246000.0,1462363000.0,129765000.0,2.266,0.531,467090000.0,37749000.0,429341000.0,467090000.0,0.0,61614000.0,0.0,0.024,1.06,228952000.0,290566000.0,0.135,290566000.0,228952000.0,204640000.0,2.22,2.22,2.22,1741615000.0,1713707500.0,1741615000.0,2966753248.0,13.0,10.21,77876000.0,1.334,1.0,682139000.0,0.318,1422730000.0,24312000.0,1356321000.0,1346504750.0,321484000.0,52150000.0,15176000.0,36974000.0,924689000.0,265097000.0,659592000.0,2539243248.0,33794000.0,41960000.0,-8620000.0,-30681000.0,-61582000.0,-113958000.0,-1516000.0,25389000.0,153944000.0,-4676000.0,129765000.0,129765000.0,129765000.0,4674000.0,0.0,0.061,463126000.0,219013000.0,80608000.0,0.477,1.458,19.568,19.595,524061000.0,0.0,43.5,1.184,1.184,122514000.0,492973000.0,2144502000.0,2144502000.0,0.0,0.048,0.076,0.17,0.107,7498000.0,429529000.0,1.0,58373408.0,58373408.0,,36.738,1243574000.0,0.0,74875000.0,135352000.0,21.304,335740000.0
63,SJM,MRT,2005-09-30,2005-10-31,2005-10-31,2021-09-07,6683000.0,2720397000.0,2668482500.0,647034000.0,2073363000.0,0.809,29.584,-84871000.0,42361000.0,42361000.0,1465800000.0,134561000.0,1.811,0.574,469871000.0,39790000.0,430081000.0,469871000.0,0.0,59357000.0,0.0,0.023,1.04,235652000.0,295009000.0,0.137,295009000.0,235652000.0,211170000.0,2.3,2.29,2.3,1728252000.0,1697947250.0,1728252000.0,3087967143.0,13.0,10.467,116008000.0,1.986,1.0,692483000.0,0.321,1420768000.0,24482000.0,1369914000.0,1331440500.0,348919000.0,65043000.0,19879000.0,45164000.0,992145000.0,357225000.0,634920000.0,2670319143.0,9852000.0,36789000.0,-16190000.0,-53737000.0,-60496000.0,-139489000.0,-44886000.0,-3117000.0,200879000.0,-4679000.0,134561000.0,134561000.0,134561000.0,4090000.0,0.0,0.062,461422000.0,231061000.0,141392000.0,0.452,1.545,19.845,19.874,527794000.0,0.0,45.71,1.237,1.237,187185000.0,482032000.0,2158283000.0,2158283000.0,0.0,0.05,0.079,0.177,0.109,6150000.0,432383000.0,1.0,58418708.0,58418708.0,,36.945,1299629000.0,0.0,76609000.0,110053000.0,22.247,289809000.0
64,SJM,MRT,2005-06-30,2005-07-31,2005-07-31,2021-09-07,1575000.0,2686559000.0,2702538250.0,618815000.0,2067744000.0,0.792,28.861,-84498000.0,47487000.0,47487000.0,1463000000.0,126122000.0,1.738,0.586,465135000.0,34314000.0,430821000.0,465135000.0,0.0,58472000.0,0.0,0.021,1.02,224327000.0,282799000.0,0.132,282799000.0,224327000.0,200088000.0,2.15,2.15,2.15,1694163000.0,1685642000.0,1694163000.0,3216212856.0,14.0,11.373,95448000.0,1.626,1.0,677941000.0,0.317,1418912000.0,24239000.0,1329295000.0,1333211250.0,344209000.0,69560000.0,20017000.0,49543000.0,992396000.0,356000000.0,636396000.0,2792359856.0,2328000.0,42128000.0,-11568000.0,-63245000.0,-59298000.0,-139717000.0,-64644000.0,-32374000.0,179946000.0,-3422000.0,126122000.0,126122000.0,126122000.0,6748000.0,0.0,0.059,455744000.0,222197000.0,123987000.0,0.474,1.648,22.14,22.126,521964000.0,0.0,47.57,1.304,1.304,161262000.0,453746000.0,2140941000.0,2140941000.0,0.0,0.047,0.075,0.168,0.105,4326000.0,427637000.0,1.0,58700018.0,58700018.0,,36.473,1267647000.0,0.0,73966000.0,110368000.0,21.595,262815000.0
65,SJM,MRT,2005-03-31,2005-04-30,2005-04-30,2021-09-07,-159000.0,2635894000.0,2721808500.0,555851000.0,2080043000.0,0.751,28.946,-85170000.0,58085000.0,58085000.0,1386461000.0,129073000.0,1.803,0.559,481938000.0,50378000.0,431560000.0,481938000.0,0.0,53437000.0,0.0,0.02,1.0,225782000.0,279219000.0,0.137,279219000.0,225782000.0,203227000.0,2.26,2.24,2.26,1690800000.0,1668004000.0,1690800000.0,3348652131.0,15.0,11.993,64594000.0,1.106,1.0,657416000.0,0.322,1420966000.0,22555000.0,1330489000.0,1338706250.0,284487000.0,76813000.0,17739000.0,59074000.0,945094000.0,308292000.0,636802000.0,2898411131.0,-46466000.0,-19496000.0,4633000.0,-17967000.0,-56057000.0,-72280000.0,-120817000.0,-21709000.0,149764000.0,-3133000.0,129073000.0,129073000.0,129073000.0,1387000.0,0.0,0.063,436647000.0,220769000.0,105290000.0,0.442,1.714,22.456,21.956,521101000.0,0.0,49.62,1.418,1.418,145734000.0,447831000.0,2043877000.0,2043877000.0,0.0,0.047,0.077,0.169,0.11,1609000.0,407839000.0,1.0,58412155.0,58412155.0,,34.991,1214928000.0,0.0,74154000.0,116115000.0,20.799,247559000.0
66,SJM,MRT,2004-12-31,2005-01-31,2005-01-31,2021-09-07,7192000.0,2631080000.0,2483866250.0,587577000.0,2043503000.0,0.751,28.722,-70156000.0,55452000.0,55452000.0,1253866000.0,129141000.0,1.54,0.567,505693000.0,73393000.0,432300000.0,505693000.0,0.0,46720000.0,0.0,0.021,0.98,219145000.0,265865000.0,0.143,265865000.0,219145000.0,201490000.0,2.33,2.3,2.33,1678574000.0,1547977250.0,1678574000.0,3224820835.0,15.0,12.13,84822000.0,1.451,1.0,610946000.0,0.328,1403774000.0,17655000.0,1296064000.0,1180698250.0,301463000.0,78962000.0,7686000.0,71276000.0,952506000.0,381483000.0,571023000.0,2726295835.0,-52121000.0,-61898000.0,-16869000.0,-3451000.0,-52977000.0,-60531000.0,-149090000.0,-15325000.0,154978000.0,691000.0,129141000.0,129141000.0,129141000.0,-4365000.0,0.0,0.069,402742000.0,208204000.0,100872000.0,0.421,1.624,21.111,20.021,507833000.0,0.0,46.65,1.462,1.462,129737000.0,441609000.0,1864812000.0,1864812000.0,0.0,0.052,0.083,0.186,0.118,0.0,381071000.0,1.0,58441497.0,58441497.0,,31.909,1227306000.0,0.0,72349000.0,71920000.0,21.001,206094000.0
67,SJM,MRT,2004-09-30,2004-10-31,2004-10-31,2021-09-07,13251000.0,2856620000.0,2245373750.0,620854000.0,2235766000.0,0.739,28.77,-70838000.0,32509000.0,32509000.0,1095092000.0,124351000.0,1.353,0.701,531034000.0,97994000.0,433040000.0,531034000.0,0.0,41740000.0,0.0,0.022,0.96,207817000.0,249557000.0,0.15,249557000.0,207817000.0,194944000.0,2.34,2.31,2.34,1679031000.0,1427402500.0,1679031000.0,3100267934.0,15.0,12.423,40475000.0,0.694,1.0,563274000.0,0.34,1519307000.0,12873000.0,1376997000.0,1028843250.0,329311000.0,63474000.0,0.0,63474000.0,1177589000.0,458841000.0,718748000.0,2597020934.0,-24288000.0,-65481000.0,0.0,22891000.0,-49878000.0,-16398000.0,-126032000.0,10959000.0,111313000.0,684000.0,124351000.0,124351000.0,124351000.0,-3979000.0,0.0,0.075,365319000.0,197955000.0,117727000.0,0.41,1.547,20.885,19.017,519632000.0,0.0,44.5,1.566,1.566,197802000.0,428982000.0,1658366000.0,1658366000.0,0.0,0.055,0.087,0.202,0.125,0.0,349563000.0,1.0,58360021.0,58360021.0,,28.416,1337313000.0,0.0,70593000.0,219723000.0,22.915,162013000.0
68,SJM,MRT,2004-06-30,2004-07-31,2004-07-31,2021-09-07,-5174000.0,2763640000.0,1945660500.0,573700000.0,2189940000.0,0.742,27.886,-78812000.0,45530000.0,45530000.0,936284000.0,118413000.0,1.406,0.702,548777000.0,97628000.0,451149000.0,548777000.0,0.0,39006000.0,0.0,0.022,0.94,193417000.0,232423000.0,0.161,232423000.0,193417000.0,184708000.0,2.33,2.3,2.33,1623611000.0,1300364000.0,1623611000.0,2462701254.0,13.0,10.596,30451000.0,0.523,1.0,507363000.0,0.351,1507582000.0,8709000.0,1351275000.0,862284750.0,328067000.0,39005000.0,0.0,39005000.0,1140029000.0,408030000.0,731999000.0,2434303254.0,-109045000.0,-70820000.0,0.0,45278000.0,-46802000.0,5805000.0,-194182000.0,-40013000.0,109263000.0,258000.0,118413000.0,118413000.0,118413000.0,-5985000.0,0.0,0.082,324980000.0,182383000.0,101919000.0,0.403,1.499,20.558,17.944,510629000.0,0.0,41.81,1.686,1.686,150124000.0,405572000.0,1443647000.0,1443647000.0,0.0,0.061,0.091,0.224,0.134,0.0,313059000.0,1.0,58222991.0,58222991.0,,24.795,1256058000.0,0.0,66295000.0,0.0,21.573,165670000.0
69,SJM,MRT,2004-03-31,2004-04-30,2004-04-30,2021-09-07,-4585000.0,1684125000.0,1664982750.0,450851000.0,1233274000.0,0.823,24.164,-88560000.0,104551000.0,104551000.0,886955000.0,111350000.0,2.573,0.391,135000000.0,0.0,135000000.0,135000000.0,0.0,38561000.0,0.0,0.018,0.92,183431000.0,221992000.0,0.162,221992000.0,183431000.0,177222000.0,2.24,2.21,2.24,1210693000.0,1179344000.0,1210693000.0,2637046137.0,14.0,11.879,48029000.0,0.959,1.0,482601000.0,0.352,840897000.0,6209000.0,698457000.0,669526250.0,179863000.0,56663000.0,15074000.0,41589000.0,473432000.0,175220000.0,298212000.0,2620366137.0,-65461000.0,-9196000.0,-1148000.0,0.0,-45724000.0,-40037000.0,-162539000.0,-57482000.0,136589000.0,526000.0,111350000.0,111350000.0,111350000.0,-52000.0,0.0,0.081,305582000.0,177019000.0,62232000.0,0.411,2.164,23.533,23.348,317521000.0,0.0,52.3,1.913,1.913,93617000.0,387065000.0,1369556000.0,1369556000.0,0.0,0.067,0.094,0.274,0.134,0.0,296954000.0,1.0,50102603.0,50102603.0,,27.335,843228000.0,0.0,65872000.0,139170000.0,16.83,275631000.0
70,SJM,MRT,2003-12-31,2004-01-31,2004-01-31,2021-09-07,-4054000.0,1677110000.0,1647803250.0,444010000.0,1233100000.0,0.818,23.901,-88302000.0,118320000.0,118320000.0,863763000.0,112415000.0,2.824,0.402,135000000.0,0.0,135000000.0,135000000.0,0.0,40888000.0,0.0,0.019,0.89,184093000.0,224981000.0,0.167,224981000.0,184093000.0,177672000.0,2.26,2.22,2.26,1196275000.0,1157713500.0,1196275000.0,2396742049.0,13.0,10.653,76295000.0,1.524,1.0,483501000.0,0.359,847936000.0,6421000.0,688644000.0,633801250.0,185157000.0,64975000.0,24253000.0,40722000.0,480835000.0,157210000.0,323625000.0,2331893049.0,-35752000.0,-104000.0,-1148000.0,0.0,-44173000.0,-40285000.0,-148533000.0,-65347000.0,164597000.0,885000.0,112415000.0,112415000.0,112415000.0,-2215000.0,0.0,0.083,304537000.0,178964000.0,56480000.0,0.394,1.949,20.744,20.615,311932000.0,0.0,46.59,1.731,1.731,91525000.0,377364000.0,1347264000.0,1347264000.0,0.0,0.068,0.097,0.29,0.137,0.0,296426000.0,1.0,50051364.0,50051364.0,,26.918,829174000.0,0.0,65257000.0,0.0,16.566,286800000.0
71,SJM,MRT,2003-09-30,2003-10-31,2003-10-31,2021-09-07,-7755000.0,1657767000.0,1622279500.0,426430000.0,1231337000.0,0.829,23.429,-78512000.0,70151000.0,70151000.0,864396000.0,109090000.0,2.596,0.416,135000000.0,0.0,135000000.0,135000000.0,0.0,40401000.0,0.0,0.02,0.86,180589000.0,220990000.0,0.164,220990000.0,180589000.0,173265000.0,2.19,2.16,2.19,1170877000.0,1136886250.0,1170877000.0,2154963968.0,12.0,9.751,87703000.0,1.755,1.0,479906000.0,0.357,847586000.0,7324000.0,710763000.0,598080500.0,194934000.0,75713000.0,29509000.0,46204000.0,486890000.0,164267000.0,322623000.0,2187431968.0,-34522000.0,-831000.0,-1148000.0,0.0,-43355000.0,-37772000.0,-149903000.0,-75844000.0,166215000.0,1695000.0,109090000.0,109090000.0,109090000.0,-2017000.0,0.0,0.081,300938000.0,178968000.0,62209000.0,0.393,1.868,20.052,19.986,304980000.0,0.0,43.77,1.627,1.627,112961000.0,357510000.0,1344302000.0,1344302000.0,0.0,0.067,0.096,0.302,0.134,0.0,293377000.0,1.0,49975599.0,49975599.0,,26.899,810181000.0,0.0,64175000.0,0.0,16.212,262163000.0
72,SJM,MRT,2003-06-30,2003-07-31,2003-07-31,2021-09-07,-16732000.0,1640929000.0,1599081250.0,480494000.0,1160435000.0,0.836,22.811,-62014000.0,167468000.0,167468000.0,863726000.0,106110000.0,2.651,0.44,135000000.0,0.0,135000000.0,135000000.0,0.0,38583000.0,0.0,0.021,0.83,176941000.0,215524000.0,0.161,215524000.0,176941000.0,168939000.0,2.14,2.11,2.14,1139531000.0,1116753000.0,1139531000.0,1953993620.0,11.0,9.066,127398000.0,2.55,1.0,473348000.0,0.354,846993000.0,8002000.0,580241000.0,570476000.0,194556000.0,0.0,0.0,0.0,501398000.0,181227000.0,320171000.0,2000218620.0,87615000.0,-1464000.0,-1148000.0,0.0,-41052000.0,-34873000.0,-57766000.0,0.0,189412000.0,1403000.0,106110000.0,106110000.0,106110000.0,-2669000.0,0.0,0.079,298280000.0,175068000.0,70064000.0,0.388,1.755,18.85,18.71,288684000.0,0.0,40.04,1.496,1.496,103253000.0,336890000.0,1337074000.0,1337074000.0,0.0,0.066,0.095,0.31,0.132,0.0,289550000.0,1.0,49955510.0,49955510.0,,26.765,793936000.0,0.0,62829000.0,0.0,15.893,299267000.0
73,SJM,MRT,2003-03-31,2003-04-30,2003-04-30,2021-09-07,-16184000.0,1615407000.0,1573164000.0,466660000.0,1148747000.0,0.807,22.589,-46933000.0,181225000.0,181225000.0,822799000.0,96342000.0,2.79,0.437,135000000.0,0.0,135000000.0,135000000.0,0.0,36388000.0,0.0,0.021,0.769,162215000.0,198603000.0,0.156,198603000.0,162215000.0,153840000.0,2.04,2.02,2.04,1124171000.0,1099188250.0,1124171000.0,1789696169.0,11.0,9.011,127875000.0,2.57,1.0,447299000.0,0.352,846351000.0,8375000.0,555557000.0,576610750.0,169127000.0,0.0,0.0,0.0,491236000.0,167274000.0,323962000.0,1805527169.0,85604000.0,-10767000.0,0.0,0.0,-33603000.0,-28419000.0,-51566000.0,0.0,174808000.0,1366000.0,96342000.0,96342000.0,96342000.0,-2130000.0,0.0,0.076,286232000.0,161067000.0,68704000.0,0.377,1.606,18.741,17.784,274986000.0,0.0,36.28,1.422,1.422,101364000.0,323064000.0,1270098000.0,1270098000.0,0.0,0.061,0.088,0.281,0.128,0.0,274440000.0,1.0,49766460.0,49766460.0,,25.521,769056000.0,0.0,57498000.0,152801000.0,15.453,299386000.0
74,SJM,MRT,2002-12-31,2003-01-31,2003-01-31,2021-09-07,-13700000.0,1575015000.0,1300535250.0,437198000.0,1137817000.0,0.891,22.38,-29574000.0,150831000.0,150831000.0,760172000.0,79750000.0,2.66,0.415,135000000.0,0.0,135000000.0,135000000.0,0.0,33318000.0,0.0,0.018,0.739,137808000.0,171126000.0,0.148,171126000.0,137808000.0,128427000.0,1.82,1.82,1.82,1112966000.0,888181500.0,1112966000.0,2025421080.0,15.0,11.836,114523000.0,2.303,1.0,398685000.0,0.344,849072000.0,9381000.0,545761000.0,547524500.0,176415000.0,0.0,0.0,0.0,462049000.0,164351000.0,297698000.0,1989246080.0,83391000.0,-10663000.0,1126000.0,0.0,-27641000.0,-24174000.0,-38536000.0,0.0,144097000.0,2004000.0,79750000.0,79750000.0,79750000.0,0.0,0.0,0.069,262193000.0,136492000.0,48833000.0,0.406,1.787,24.944,21.978,264653000.0,0.0,40.0,1.717,1.717,93853000.0,311220000.0,1158857000.0,1158857000.0,0.0,0.061,0.09,0.252,0.119,0.0,249195000.0,1.0,49731152.0,49731152.0,,23.302,725943000.0,0.0,48677000.0,0.0,14.597,272847000.0
75,SJM,MRT,2002-09-30,2002-10-31,2002-10-31,2021-09-07,-14933000.0,1564974000.0,1032606500.0,425185000.0,1139789000.0,0.955,21.994,-19475000.0,98825000.0,98825000.0,655668000.0,59704000.0,2.48,0.435,135000000.0,0.0,135000000.0,135000000.0,0.0,31529000.0,0.0,0.019,0.708,105485000.0,137014000.0,0.139,137014000.0,105485000.0,96306000.0,1.6,1.6,1.6,1090344000.0,676978750.0,1090344000.0,1875818659.0,18.0,13.691,85428000.0,1.723,1.0,330755000.0,0.335,829331000.0,9179000.0,600345000.0,522520750.0,188590000.0,0.0,0.0,0.0,474630000.0,171473000.0,303157000.0,1814913659.0,65607000.0,-10011000.0,539000.0,0.0,-20898000.0,-12561000.0,-27818000.0,0.0,104903000.0,1083000.0,59704000.0,59704000.0,59704000.0,0.0,0.0,0.061,229463000.0,101292000.0,67562000.0,0.443,1.665,30.399,22.881,279664000.0,0.0,36.61,1.84,1.84,120191000.0,293141000.0,986423000.0,986423000.0,0.0,0.058,0.088,0.202,0.107,0.0,217075000.0,1.0,49574260.0,49574260.0,,19.898,735643000.0,0.0,36602000.0,0.0,14.839,253712000.0
76,SJM,MRT,2002-06-30,2002-07-31,2002-07-31,2021-09-07,-14682000.0,1537260000.0,763464750.0,398011000.0,1139249000.0,1.038,21.576,-18409000.0,74095000.0,74095000.0,532129000.0,38321000.0,2.397,0.438,135000000.0,0.0,135000000.0,135000000.0,0.0,29550000.0,0.0,0.02,0.677,71259000.0,100809000.0,0.127,100809000.0,71259000.0,62020000.0,1.35,1.35,1.35,1069272000.0,467732000.0,1069272000.0,1703303991.0,24.0,16.896,44324000.0,0.894,1.0,260163000.0,0.328,827363000.0,9239000.0,604780000.0,489322250.0,195711000.0,0.0,0.0,0.0,467988000.0,166022000.0,301966000.0,1660217991.0,23103000.0,-15017000.0,0.0,0.0,-15642000.0,-8259000.0,-31787000.0,0.0,62733000.0,416000.0,38321000.0,38321000.0,38321000.0,0.0,0.0,0.048,193352000.0,66811000.0,71763000.0,0.501,1.553,43.324,24.815,280588000.0,0.0,33.5,2.095,2.095,111443000.0,273939000.0,792292000.0,792292000.0,0.0,0.05,0.082,0.146,0.09,0.0,183434000.0,1.0,49558746.0,49558746.0,,15.987,709897000.0,0.0,23699000.0,0.0,14.324,231989000.0
77,SJM,MRT,2002-03-31,2002-04-30,2002-04-30,2021-09-07,-15763000.0,524892000.0,500689500.0,279813000.0,245079000.0,1.372,11.926,-16404000.0,91914000.0,91914000.0,462157000.0,30851000.0,3.479,0.874,135000000.0,0.0,135000000.0,135000000.0,0.0,28557000.0,0.0,0.018,0.677,59405000.0,87962000.0,0.128,87962000.0,59405000.0,50198000.0,1.33,1.33,1.33,280144000.0,262930000.0,280144000.0,930132704.0,16.0,10.574,53395000.0,2.273,1.0,224991000.0,0.327,48335000.0,9207000.0,439212000.0,449541250.0,116539000.0,0.0,0.0,0.0,244748000.0,80431000.0,164317000.0,862572704.0,40789000.0,-5714000.0,0.0,0.0,-15568000.0,-8607000.0,-20510000.0,0.0,69799000.0,107000.0,30851000.0,30851000.0,30851000.0,0.0,0.0,0.045,170203000.0,54788000.0,32390000.0,0.509,3.079,27.959,27.609,162789000.0,0.0,36.72,1.255,1.255,57371000.0,267793000.0,687148000.0,687148000.0,0.0,0.062,0.117,0.132,0.086,0.0,165172000.0,1.0,23490813.0,23490813.0,,29.252,476557000.0,0.0,19347000.0,6183000.0,20.287,199382000.0
78,SJM,MRT,2001-12-31,2002-01-31,2002-01-31,2021-09-07,-17471000.0,503300000.0,489242500.0,259956000.0,243344000.0,1.375,11.575,-20306000.0,67440000.0,67440000.0,459921000.0,29590000.0,3.379,0.877,135000000.0,0.0,135000000.0,135000000.0,0.0,28841000.0,0.0,0.02,0.677,56637000.0,85478000.0,0.127,85478000.0,56637000.0,47198000.0,1.291,1.291,1.291,268155000.0,255590250.0,268155000.0,886733600.0,16.0,10.374,46844000.0,2.022,1.0,212556000.0,0.316,48181000.0,9439000.0,445746000.0,452058500.0,123343000.0,0.0,0.0,0.0,235145000.0,76933000.0,158212000.0,784951600.0,36652000.0,-5714000.0,-1125000.0,0.0,-15475000.0,-5209000.0,-24440000.0,0.0,67150000.0,-1186000.0,29590000.0,29590000.0,29590000.0,0.0,0.0,0.044,159457000.0,53099000.0,30580000.0,0.524,2.927,26.528,26.246,164975000.0,0.0,33.884,1.167,1.167,54424000.0,261405000.0,672477000.0,672477000.0,0.0,0.06,0.116,0.125,0.084,0.0,158543000.0,1.0,23166123.0,23166123.0,,29.028,455119000.0,0.0,17608000.0,0.0,19.646,183023000.0
79,SJM,MRT,2001-09-30,2001-10-31,2001-10-31,2021-09-07,-20126000.0,488407000.0,479392000.0,240642000.0,247765000.0,1.372,10.979,-25678000.0,33218000.0,33218000.0,447715000.0,28682000.0,3.045,0.928,135000000.0,0.0,135000000.0,135000000.0,0.0,28338000.0,0.0,0.019,0.677,54818000.0,83156000.0,0.126,83156000.0,54818000.0,45260000.0,1.258,1.258,1.258,253357000.0,249867750.0,253357000.0,900848771.0,16.0,10.833,40468000.0,1.754,1.0,209998000.0,0.319,43609000.0,9558000.0,467551000.0,454762250.0,132416000.0,0.0,0.0,0.0,235050000.0,79029000.0,156021000.0,816840771.0,24011000.0,-5639000.0,-1084000.0,0.0,-15429000.0,-11749000.0,-29765000.0,0.0,66146000.0,-621000.0,28682000.0,28682000.0,28682000.0,0.0,0.0,0.044,158447000.0,51551000.0,34111000.0,0.538,3.224,28.479,28.137,171086000.0,0.0,35.397,1.242,1.242,60627000.0,257437000.0,657713000.0,657713000.0,0.0,0.06,0.115,0.121,0.083,0.0,158447000.0,1.0,23076668.0,23076668.0,,28.501,444798000.0,0.0,16578000.0,0.0,19.275,161613000.0
80,SJM,MRT,2001-06-30,2001-07-31,2001-07-31,2021-09-07,-18228000.0,486159000.0,472817750.0,246681000.0,239478000.0,1.385,10.836,-26554000.0,50992000.0,50992000.0,446156000.0,27187000.0,3.086,0.944,135000000.0,0.0,135000000.0,135000000.0,0.0,27802000.0,0.0,0.024,0.677,51955000.0,79757000.0,0.122,79757000.0,51955000.0,42785000.0,1.183,1.183,1.183,250064000.0,246139250.0,250064000.0,746860461.0,14.0,9.364,56746000.0,2.459,1.0,208550000.0,0.319,44588000.0,9170000.0,445656000.0,455634750.0,129592000.0,0.0,0.0,0.0,236095000.0,79923000.0,156172000.0,662985461.0,25624000.0,0.0,-80964000.0,60000000.0,-16053000.0,-32011000.0,-25031000.0,0.0,83300000.0,-634000.0,27187000.0,27187000.0,27187000.0,0.0,0.0,0.042,159952000.0,48598000.0,34111000.0,0.572,2.651,24.386,24.286,171414000.0,0.0,28.73,1.013,1.013,54405000.0,253830000.0,654706000.0,654706000.0,0.0,0.057,0.11,0.114,0.079,0.0,157800000.0,1.0,23076290.0,23076290.0,,28.371,441571000.0,0.0,15598000.0,0.0,19.135,166758000.0
81,SJM,MRT,2001-03-31,2001-04-30,2001-04-30,2021-09-07,-16635000.0,479104000.0,473915500.0,235242000.0,243862000.0,1.374,10.939,-29107000.0,51125000.0,51125000.0,443948000.0,27206000.0,3.456,0.91,135000000.0,0.0,135000000.0,135000000.0,0.0,26921000.0,0.0,0.024,0.677,51287000.0,78208000.0,0.12,78208000.0,51287000.0,43500000.0,1.13,1.13,1.13,250785000.0,263250750.0,250785000.0,738871206.0,14.0,9.448,59089000.0,2.577,1.0,207294000.0,0.318,45636000.0,7787000.0,449281000.0,447507000.0,114175000.0,0.0,0.0,0.0,228319000.0,68062000.0,160257000.0,634659206.0,27352000.0,0.0,-80964000.0,60000000.0,-16686000.0,-32325000.0,-27612000.0,0.0,88196000.0,-907000.0,27206000.0,27206000.0,27206000.0,0.0,0.0,0.042,158125000.0,49169000.0,29967000.0,0.599,2.531,23.328,24.498,171570000.0,0.0,27.683,0.975,0.975,55986000.0,253226000.0,651242000.0,651242000.0,0.0,0.057,0.103,0.115,0.079,0.0,155973000.0,1.0,22926336.0,22926336.0,,28.406,433468000.0,0.0,16294000.0,7897000.0,18.907,167180000.0
82,SJM,MRT,2000-12-31,2001-01-31,2001-01-31,2021-09-07,-12555000.0,463898000.0,470653000.0,219612000.0,244286000.0,1.393,10.731,-33931000.0,30788000.0,30788000.0,451551000.0,22698000.0,3.397,0.891,135000000.0,0.0,135000000.0,135000000.0,0.0,26938000.0,0.0,0.026,0.667,42142000.0,69080000.0,0.105,69080000.0,42142000.0,36590000.0,0.878,0.878,0.878,245265000.0,278922750.0,245265000.0,721987316.0,17.0,10.451,52020000.0,2.276,1.0,204239000.0,0.311,46907000.0,5552000.0,456561000.0,437221000.0,122064000.0,0.0,0.0,0.0,218633000.0,64642000.0,153991000.0,596194316.0,10743000.0,-3758000.0,-84032000.0,60000000.0,-17081000.0,-37920000.0,-36223000.0,0.0,85951000.0,-728000.0,22698000.0,22698000.0,22698000.0,0.0,0.0,0.035,163309000.0,40930000.0,27626000.0,0.76,2.431,26.266,29.709,172385000.0,0.0,26.085,0.909,0.909,52459000.0,245732000.0,655790000.0,655790000.0,0.0,0.048,0.081,0.096,0.064,0.0,151470000.0,1.0,22856131.0,22856131.0,,28.692,416991000.0,0.0,13892000.0,0.0,18.244,154970000.0
83,SJM,MRT,2000-09-30,2000-10-31,2000-10-31,2021-09-07,-13866000.0,462110000.0,476712500.0,219010000.0,243100000.0,1.369,10.485,-31880000.0,9207000.0,9207000.0,446303000.0,20622000.0,3.152,0.938,135000000.0,0.0,135000000.0,135000000.0,0.0,26259000.0,0.0,0.028,0.656,37860000.0,64119000.0,0.098,64119000.0,37860000.0,33216000.0,0.751,0.751,0.751,238443000.0,298214500.0,238443000.0,585073377.0,15.0,9.125,50353000.0,2.214,1.0,206287000.0,0.316,47374000.0,4644000.0,471041000.0,425600250.0,132202000.0,0.0,0.0,0.0,223667000.0,69488000.0,154179000.0,535441377.0,-5984000.0,-9056000.0,-91556000.0,60000000.0,-17545000.0,-47395000.0,-39497000.0,0.0,82233000.0,-1325000.0,20622000.0,20622000.0,20622000.0,0.0,0.0,0.032,169860000.0,36427000.0,33557000.0,0.874,2.246,25.965,31.351,170905000.0,0.0,23.545,0.82,0.82,64416000.0,243162000.0,652590000.0,652590000.0,0.0,0.043,0.069,0.089,0.058,0.0,153216000.0,1.0,22741218.0,22741218.0,,28.696,414736000.0,0.0,12594000.0,0.0,18.237,149522000.0
84,SJM,MRT,2000-06-30,2000-07-31,2000-07-31,2021-09-07,-10164000.0,490550000.0,487538500.0,240599000.0,249951000.0,1.326,11.899,-31122000.0,25368000.0,25368000.0,439930000.0,23802000.0,3.096,0.54,75000000.0,0.0,75000000.0,75000000.0,0.0,32487000.0,0.0,0.034,0.646,41812000.0,74299000.0,0.115,74299000.0,41812000.0,38283000.0,0.835,0.835,0.835,318510000.0,320788000.0,318510000.0,551752040.0,13.0,7.426,24143000.0,0.902,1.0,206788000.0,0.32,49318000.0,3529000.0,413145000.0,412099000.0,134922000.0,0.0,0.0,0.0,172040000.0,77719000.0,94321000.0,509855040.0,-13733000.0,-9056000.0,-12423000.0,0.0,-17368000.0,-29564000.0,-38766000.0,0.0,55265000.0,-668000.0,23802000.0,23802000.0,23802000.0,0.0,0.0,0.037,166852000.0,39936000.0,36836000.0,0.774,1.601,21.421,22.812,178154000.0,0.0,19.048,0.788,0.788,63194000.0,316209000.0,646718000.0,646718000.0,0.0,0.049,0.074,0.101,0.065,0.0,152360000.0,1.0,26767390.0,26767390.0,,24.161,441232000.0,0.0,14481000.0,0.0,16.484,162880000.0
85,SJM,MRT,2000-03-31,2000-04-30,2000-04-30,2021-09-07,-9327000.0,466054000.0,494174500.0,219802000.0,246252000.0,1.299,11.702,-32149000.0,23773000.0,23773000.0,432993000.0,26273000.0,3.734,0.487,75000000.0,0.0,75000000.0,75000000.0,0.0,26198000.0,0.0,0.038,0.635,44510000.0,70708000.0,0.11,70708000.0,44510000.0,41399000.0,0.92,0.92,0.92,313473000.0,322397250.0,313473000.0,502515264.0,11.0,7.107,122000.0,0.005,1.0,208892000.0,0.325,50285000.0,3111000.0,408137000.0,405020000.0,121515000.0,0.0,0.0,0.0,152581000.0,58859000.0,93722000.0,453569264.0,23092000.0,-9056000.0,-17654000.0,66034000.0,-17212000.0,31254000.0,-39818000.0,0.0,32271000.0,-615000.0,26273000.0,26273000.0,26273000.0,0.0,0.0,0.041,167789000.0,41103000.0,23190000.0,0.69,1.447,17.264,18.403,174648000.0,0.0,16.931,0.707,0.707,62518000.0,310843000.0,641885000.0,641885000.0,0.0,0.053,0.081,0.11,0.069,0.0,153297000.0,1.0,26788935.0,26788935.0,,23.961,415769000.0,0.0,15126000.0,4908000.0,15.52,160943000.0
86,SJM,MRT,1999-12-31,2000-01-31,2000-01-31,2021-09-07,-6772000.0,488136000.0,486131750.0,234415000.0,253721000.0,1.321,11.772,-30935000.0,26054000.0,26054000.0,429595000.0,35428000.0,3.407,0.514,75000000.0,0.0,75000000.0,75000000.0,0.0,42344000.0,0.0,0.034,0.624,58769000.0,101113000.0,0.157,101113000.0,58769000.0,56485000.0,1.302,1.302,1.302,322432000.0,325111250.0,322432000.0,557193405.0,9.0,5.511,8645000.0,0.316,1.0,212789000.0,0.331,58198000.0,2284000.0,410078000.0,374462750.0,140247000.0,0.0,0.0,0.0,165704000.0,68806000.0,96898000.0,507212405.0,22504000.0,-4771000.0,-14587000.0,48288000.0,-17028000.0,17111000.0,-34675000.0,0.0,39580000.0,488000.0,35428000.0,35428000.0,35428000.0,0.0,0.0,0.055,157685000.0,55104000.0,33821000.0,0.479,1.573,14.317,14.223,173339000.0,0.0,18.519,0.79,0.79,55566000.0,317197000.0,642384000.0,642384000.0,0.0,0.073,0.109,0.157,0.091,0.0,152880000.0,1.0,27389470.0,27389470.0,,23.454,429938000.0,0.0,21057000.0,0.0,15.697,165609000.0
87,SJM,MRT,1999-09-30,1999-10-31,1999-10-31,2021-09-07,-7103000.0,505414000.0,472624750.0,250399000.0,255015000.0,1.339,11.992,-33268000.0,25019000.0,25019000.0,425375000.0,38710000.0,3.136,0.537,75000000.0,0.0,75000000.0,75000000.0,0.0,36388000.0,0.0,0.029,0.614,63826000.0,100214000.0,0.158,100214000.0,63826000.0,62574000.0,1.418,1.418,1.418,328737000.0,323357250.0,328737000.0,599250705.0,9.0,5.98,6132000.0,0.224,1.0,207353000.0,0.328,58517000.0,1252000.0,417036000.0,340020500.0,146395000.0,0.0,0.0,0.0,176677000.0,79842000.0,96835000.0,576704705.0,18345000.0,-16513000.0,-6517000.0,49543000.0,-16787000.0,26797000.0,-48444000.0,0.0,39400000.0,592000.0,38710000.0,38710000.0,38710000.0,0.0,0.0,0.061,146908000.0,60445000.0,42054000.0,0.433,1.754,14.898,14.836,171700000.0,0.0,21.037,0.911,0.911,66410000.0,324178000.0,632728000.0,632728000.0,0.0,0.082,0.12,0.188,0.101,0.0,146908000.0,1.0,27413780.0,27413780.0,,23.081,446897000.0,0.0,23864000.0,0.0,16.302,170557000.0
88,SJM,MRT,1999-06-30,1999-07-31,1999-07-31,2021-09-07,-6664000.0,517094000.0,454867000.0,266643000.0,250451000.0,1.371,11.838,-38699000.0,52454000.0,52454000.0,419487000.0,38384000.0,2.796,0.591,75000000.0,0.0,75000000.0,75000000.0,0.0,23394000.0,0.0,0.024,0.603,62693000.0,86087000.0,0.138,86087000.0,62693000.0,62038000.0,1.397,1.397,1.397,324947000.0,318883000.0,324947000.0,700869891.0,11.0,8.141,5905000.0,0.215,1.0,204170000.0,0.327,59440000.0,655000.0,384829000.0,306493250.0,141636000.0,0.0,0.0,0.0,192147000.0,95371000.0,96776000.0,700586891.0,40332000.0,-16689000.0,-6042000.0,71527000.0,-16524000.0,49737000.0,-54075000.0,0.0,44604000.0,66000.0,38384000.0,38384000.0,38384000.0,0.0,0.0,0.062,144482000.0,59688000.0,57634000.0,0.432,2.156,18.252,18.27,170544000.0,0.0,25.524,1.123,1.123,58178000.0,320341000.0,623657000.0,623657000.0,0.0,0.084,0.12,0.205,0.101,0.0,144482000.0,1.0,27448367.0,27448367.0,,22.721,457654000.0,0.0,23654000.0,0.0,16.673,171272000.0
89,SJM,MRT,1999-03-31,1999-04-30,1999-04-30,2021-09-07,-5698000.0,433883000.0,430986000.0,186142000.0,247741000.0,1.422,11.774,-37946000.0,8683000.0,8683000.0,412658000.0,37763000.0,2.124,0.338,8966000.0,8966000.0,0.0,8966000.0,0.0,23394000.0,0.0,0.026,0.593,61810000.0,85204000.0,0.139,85204000.0,61810000.0,61631000.0,1.376,1.376,1.376,324329000.0,314132500.0,324329000.0,620898098.0,10.0,7.287,5860000.0,0.213,1.0,200004000.0,0.326,60627000.0,179000.0,285908000.0,279119250.0,114200000.0,0.0,0.0,0.0,109554000.0,87631000.0,21923000.0,626722098.0,-27520000.0,-26590000.0,-811000.0,8966000.0,-16246000.0,-7729000.0,-63248000.0,0.0,43806000.0,-349000.0,37763000.0,37763000.0,37763000.0,0.0,0.0,0.062,141029000.0,58975000.0,40262000.0,0.431,1.932,16.596,16.534,166543000.0,0.0,22.751,1.023,1.023,51858000.0,318660000.0,612662000.0,612662000.0,0.0,0.088,0.12,0.221,0.101,0.0,141029000.0,1.0,27546622.0,27546622.0,,22.241,373256000.0,0.0,23868000.0,11707000.0,13.55,98511000.0
90,SJM,MRT,1998-12-31,1999-01-31,1999-01-31,2021-09-07,-8701000.0,434108000.0,424508500.0,193710000.0,240398000.0,1.386,11.462,-34944000.0,5824000.0,5824000.0,381779000.0,37464000.0,1.987,0.376,0.0,0.0,0.0,0.0,0.0,22539000.0,0.0,0.022,0.582,62798000.0,85337000.0,0.145,85337000.0,62798000.0,62261000.0,1.365,1.365,1.365,315416000.0,308594500.0,315416000.0,722886275.0,12.0,8.471,-306000.0,-0.011,1.0,206629000.0,0.351,58469000.0,537000.0,272309000.0,268687000.0,125918000.0,0.0,0.0,0.0,118692000.0,97506000.0,21186000.0,728015275.0,-19012000.0,-28523000.0,-2056000.0,26712000.0,-15950000.0,8965000.0,-61872000.0,0.0,34638000.0,-743000.0,37464000.0,37464000.0,37464000.0,0.0,0.0,0.064,147243000.0,59386000.0,33419000.0,0.426,2.308,19.432,19.381,164113000.0,0.0,26.455,1.237,1.237,49841000.0,312438000.0,588408000.0,588408000.0,0.0,0.088,0.121,0.234,0.107,0.0,147243000.0,1.0,27518977.0,27518977.0,,21.382,375639000.0,0.0,24797000.0,0.0,13.65,96204000.0
91,SJM,MRT,1998-09-30,1998-10-31,1998-10-31,2021-09-07,-7893000.0,434383000.0,413513500.0,210605000.0,223778000.0,1.398,11.293,-32270000.0,5129000.0,5129000.0,373488000.0,34294000.0,2.055,0.397,0.0,0.0,0.0,0.0,0.0,22539000.0,0.0,0.025,0.571,58974000.0,81513000.0,0.141,81513000.0,58974000.0,58659000.0,1.249,1.249,1.249,310840000.0,304460750.0,310840000.0,633732430.0,11.0,7.775,3458000.0,0.126,1.0,204806000.0,0.354,43836000.0,315000.0,282927000.0,263950000.0,138482000.0,0.0,0.0,0.0,123543000.0,102491000.0,21052000.0,640784430.0,-6693000.0,-11483000.0,-1968000.0,18198000.0,-15660000.0,926000.0,-42512000.0,0.0,35728000.0,-835000.0,34294000.0,34294000.0,34294000.0,0.0,0.0,0.059,146783000.0,58023000.0,38006000.0,0.457,2.061,18.685,18.639,160858000.0,0.0,23.28,1.108,1.108,53606000.0,308257000.0,578294000.0,578294000.0,0.0,0.083,0.113,0.223,0.102,0.0,146783000.0,1.0,27524604.0,27524604.0,,21.01,390547000.0,0.0,24365000.0,0.0,14.189,108114000.0
92,SJM,MRT,1998-06-30,1998-07-31,1998-07-31,2021-09-07,-8131000.0,421570000.0,406334250.0,203602000.0,217968000.0,1.399,11.107,-27563000.0,7052000.0,7052000.0,366258000.0,33833000.0,2.152,0.378,0.0,0.0,0.0,0.0,0.0,22539000.0,0.0,0.022,0.561,58556000.0,81095000.0,0.143,81095000.0,58556000.0,58412000.0,1.238,1.238,1.238,305945000.0,301041750.0,305945000.0,655810402.0,11.0,8.087,16698000.0,0.606,1.0,202329000.0,0.356,44584000.0,144000.0,275333000.0,259068750.0,137642000.0,0.0,0.0,0.0,115625000.0,94601000.0,21024000.0,692294402.0,-7902000.0,-11307000.0,-1241000.0,3377000.0,-15366000.0,-13318000.0,-37652000.0,0.0,44261000.0,-1193000.0,33833000.0,33833000.0,33833000.0,0.0,0.0,0.06,144751000.0,57578000.0,46379000.0,0.453,2.263,20.462,20.301,153414000.0,0.0,25.132,1.218,1.218,46276000.0,304036000.0,568587000.0,568587000.0,0.0,0.083,0.112,0.226,0.103,0.0,144751000.0,1.0,27546030.0,27546030.0,,20.641,376986000.0,0.0,24579000.0,0.0,13.686,109001000.0
93,SJM,MRT,1998-03-31,1998-04-30,1998-04-30,2021-09-07,-5991000.0,407973000.0,401925000.0,201506000.0,206467000.0,1.407,10.962,-28376000.0,36484000.0,36484000.0,365613000.0,33390000.0,2.373,0.35,0.0,0.0,0.0,0.0,0.0,22539000.0,0.0,0.021,0.55,57946000.0,80485000.0,0.142,80485000.0,57946000.0,57801000.0,1.217,1.217,1.217,302177000.0,298097750.0,302177000.0,689839192.0,12.0,8.571,32665000.0,1.185,1.0,199863000.0,0.353,42410000.0,145000.0,244179000.0,254216000.0,103465000.0,0.0,0.0,0.0,105796000.0,84900000.0,20896000.0,714675192.0,12393000.0,-1406000.0,-4465000.0,0.0,-15100000.0,-19165000.0,-28586000.0,0.0,61041000.0,-897000.0,33390000.0,33390000.0,33390000.0,0.0,0.0,0.059,142799000.0,57064000.0,41410000.0,0.452,2.365,21.404,21.303,143714000.0,0.0,25.926,1.264,1.264,48732000.0,298316000.0,565476000.0,565476000.0,0.0,0.083,0.112,0.228,0.102,0.0,142799000.0,1.0,27566043.0,27566043.0,,20.513,365563000.0,0.0,24411000.0,13535000.0,13.261,116606000.0
94,SJM,MRT,1997-12-31,1998-01-31,1998-01-31,2021-09-07,-4488000.0,390128000.0,396125000.0,185604000.0,204524000.0,1.412,10.849,-28878000.0,24836000.0,24836000.0,363919000.0,32745000.0,2.67,0.305,0.0,0.0,0.0,0.0,0.0,21839000.0,0.0,0.02,0.55,57561000.0,79400000.0,0.142,79400000.0,57561000.0,57483000.0,1.185,1.185,1.185,298881000.0,295526250.0,298881000.0,735079192.0,13.0,9.258,47944000.0,1.74,1.0,195246000.0,0.349,42417000.0,78000.0,253361000.0,253989500.0,109126000.0,0.0,0.0,0.0,91247000.0,69514000.0,21733000.0,746901192.0,12640000.0,-1332000.0,-3465000.0,-15600000.0,-15100000.0,-33189000.0,-28554000.0,0.0,76822000.0,-858000.0,32745000.0,32745000.0,32745000.0,0.0,0.0,0.059,137753000.0,57493000.0,26991000.0,0.464,2.499,22.81,22.879,141048000.0,0.0,27.111,1.336,1.336,42238000.0,292497000.0,559165000.0,559165000.0,0.0,0.083,0.111,0.227,0.103,0.0,137753000.0,1.0,27549634.0,27549634.0,,20.297,347711000.0,0.0,24738000.0,0.0,12.621,116090000.0
95,SJM,MRT,1997-09-30,1997-10-31,1997-10-31,2021-09-07,-3845000.0,405666000.0,393550750.0,193222000.0,212444000.0,1.394,10.79,-28193000.0,11822000.0,11822000.0,360876000.0,34203000.0,2.22,0.365,0.0,0.0,0.0,0.0,0.0,21839000.0,0.0,0.019,0.55,58686000.0,80525000.0,0.147,80525000.0,58686000.0,58267000.0,1.238,1.238,1.238,297164000.0,292473500.0,297164000.0,778774026.0,13.0,9.671,43438000.0,1.577,1.0,187882000.0,0.342,43417000.0,419000.0,263402000.0,261653750.0,117967000.0,0.0,0.0,0.0,108502000.0,87025000.0,21477000.0,793728026.0,28000.0,5105000.0,-3553000.0,-28941000.0,-15110000.0,-47159000.0,-21734000.0,0.0,71631000.0,-1129000.0,34203000.0,34203000.0,34203000.0,0.0,0.0,0.062,131610000.0,56272000.0,37338000.0,0.444,2.671,23.206,23.292,146876000.0,0.0,28.836,1.446,1.447,53293000.0,291227000.0,548758000.0,548758000.0,0.0,0.087,0.117,0.224,0.107,0.0,131610000.0,1.0,27525614.0,27540324.0,,19.926,362249000.0,0.0,24064000.0,0.0,13.153,106197000.0
96,SJM,MRT,1997-06-30,1997-07-31,1997-07-31,2021-09-07,-1899000.0,403933000.0,393806750.0,192378000.0,211555000.0,1.376,10.672,-22541000.0,14954000.0,14954000.0,359059000.0,33419000.0,2.174,0.373,0.0,0.0,0.0,0.0,0.0,21839000.0,0.0,0.022,0.55,58163000.0,80002000.0,0.148,80002000.0,58163000.0,57160000.0,1.196,1.196,1.196,294169000.0,289372250.0,294169000.0,679445260.0,12.0,8.493,44816000.0,1.626,1.0,182808000.0,0.337,44553000.0,1003000.0,255922000.0,276499000.0,115347000.0,0.0,0.0,0.0,109764000.0,88504000.0,21260000.0,703536260.0,2711000.0,19513000.0,-3469000.0,-43004000.0,-15128000.0,-60579000.0,-1970000.0,0.0,67357000.0,-516000.0,33419000.0,33419000.0,33419000.0,0.0,0.0,0.062,126827000.0,55981000.0,46899000.0,0.46,2.392,21.052,21.341,144822000.0,0.0,25.524,1.298,1.298,51417000.0,287697000.0,541867000.0,541867000.0,0.0,0.085,0.115,0.21,0.107,0.0,126827000.0,1.0,27563921.0,27563656.0,,19.659,359380000.0,0.0,23741000.0,0.0,13.038,103874000.0
97,SJM,MRT,1997-03-31,1997-04-30,1997-04-30,2021-09-07,-1032000.0,384773000.0,397589000.0,178472000.0,206301000.0,1.318,10.593,-15124000.0,24091000.0,24091000.0,348949000.0,30935000.0,2.478,0.318,0.0,0.0,0.0,0.0,0.0,21839000.0,0.0,0.03,0.55,54914000.0,76753000.0,0.146,76753000.0,54914000.0,53166000.0,1.122,1.122,1.122,291891000.0,285559000.0,291891000.0,513672780.0,9.0,6.693,44399000.0,1.611,1.0,175158000.0,0.334,45393000.0,1748000.0,243273000.0,294999000.0,94106000.0,0.0,0.0,0.0,92882000.0,72016000.0,20866000.0,510268780.0,6444000.0,39102000.0,-245000.0,-60800000.0,-15113000.0,-75794000.0,24745000.0,0.0,59523000.0,-172000.0,30935000.0,30935000.0,30935000.0,0.0,0.0,0.059,121954000.0,53204000.0,36582000.0,0.49,1.748,16.495,16.505,139635000.0,0.0,18.519,0.974,0.974,48140000.0,284605000.0,524107000.0,524107000.0,0.0,0.078,0.108,0.186,0.105,0.0,121954000.0,1.0,27554514.0,27554514.0,,19.021,339380000.0,0.0,22231000.0,11720000.0,12.317,106456000.0
98,SJM,MRT,1996-12-31,1997-01-31,1997-01-31,2021-09-07,-1016000.0,379831000.0,407633750.0,177642000.0,202189000.0,1.247,10.404,-11856000.0,12196000.0,12196000.0,342667000.0,25876000.0,3.132,0.325,15600000.0,0.0,15600000.0,15600000.0,0.0,17473000.0,0.0,0.03,0.55,47844000.0,65317000.0,0.128,65317000.0,47844000.0,46028000.0,0.931,0.931,0.931,286670000.0,281671500.0,286670000.0,534662040.0,11.0,8.186,32432000.0,1.177,1.0,165674000.0,0.326,42496000.0,1816000.0,284018000.0,323305000.0,105963000.0,13601000.0,0.0,13601000.0,93161000.0,56721000.0,36440000.0,510256040.0,-3465000.0,40434000.0,288000.0,-58500000.0,-15132000.0,-73316000.0,28578000.0,0.0,44288000.0,-142000.0,25876000.0,25876000.0,25876000.0,1542000.0,0.0,0.051,116246000.0,49428000.0,23006000.0,0.591,1.78,19.719,19.891,136865000.0,0.0,18.519,1.004,1.004,43234000.0,279286000.0,508341000.0,508341000.0,0.0,0.063,0.092,0.148,0.094,0.0,116246000.0,1.0,27553826.0,27554065.0,,18.449,337335000.0,0.0,20152000.0,0.0,12.243,120921000.0
99,SJM,MRT,1996-09-30,1996-10-31,1996-10-31,2021-09-07,19000.0,406690000.0,422499000.0,201936000.0,204754000.0,1.205,10.335,-13655000.0,11794000.0,11794000.0,338657000.0,25680000.0,3.102,0.428,36200000.0,0.0,36200000.0,36200000.0,0.0,17473000.0,0.0,0.032,0.55,48535000.0,66008000.0,0.13,66008000.0,48535000.0,46107000.0,0.931,0.931,0.931,284759000.0,278552250.0,284759000.0,511955552.0,11.0,7.756,36171000.0,1.313,1.0,170640000.0,0.335,43219000.0,2428000.0,322783000.0,320042250.0,120899000.0,13845000.0,0.0,13845000.0,121931000.0,65094000.0,56837000.0,481098552.0,-1625000.0,33997000.0,288000.0,-86600000.0,-18910000.0,-105047000.0,20821000.0,0.0,49826000.0,-187000.0,25680000.0,25680000.0,25680000.0,1061000.0,0.0,0.05,120774000.0,49866000.0,30925000.0,0.591,1.689,18.734,18.754,138133000.0,0.0,17.46,0.945,0.945,48023000.0,276537000.0,509297000.0,509297000.0,0.0,0.061,0.092,0.152,0.095,0.0,120774000.0,1.0,27553826.0,27553826.0,,18.484,363471000.0,0.0,20427000.0,0.0,13.191,136842000.0
100,SJM,MRT,1996-06-30,1996-07-31,1996-07-31,2021-09-07,-1485000.0,419062000.0,445838750.0,212236000.0,206826000.0,1.152,10.12,-18810000.0,12243000.0,12243000.0,337683000.0,27278000.0,2.772,0.502,43100000.0,0.0,43100000.0,43100000.0,0.0,17473000.0,0.0,0.029,0.55,44039000.0,61512000.0,0.12,61512000.0,44039000.0,41287000.0,0.995,0.995,0.995,278916000.0,276015250.0,278916000.0,560698412.0,13.0,9.115,26593000.0,0.965,1.0,175881000.0,0.342,43426000.0,2752000.0,329922000.0,319570250.0,113679000.0,13859000.0,0.0,13859000.0,140146000.0,76571000.0,63575000.0,517545412.0,-2221000.0,19589000.0,288000.0,-48500000.0,-15127000.0,-63011000.0,2273000.0,0.0,45403000.0,114000.0,27278000.0,27278000.0,27278000.0,280000.0,0.0,0.053,124416000.0,51465000.0,40388000.0,0.553,1.856,18.973,18.877,140833000.0,0.0,18.783,1.008,1.008,45614000.0,272501000.0,513564000.0,513564000.0,0.0,0.061,0.099,0.138,0.086,0.0,124416000.0,1.0,27553826.0,27561653.0,,18.633,375636000.0,0.0,14009000.0,0.0,13.629,135665000.0
101,SJM,MRT,1996-03-31,1996-04-30,1996-04-30,2021-09-07,-479000.0,424952000.0,457775000.0,214462000.0,210490000.0,1.131,10.025,-24863000.0,17647000.0,17647000.0,337095000.0,29313000.0,3.177,0.538,60800000.0,0.0,60800000.0,60800000.0,0.0,17473000.0,0.0,0.025,0.55,47048000.0,64521000.0,0.125,64521000.0,47048000.0,44655000.0,1.069,1.069,1.069,276341000.0,272218000.0,276341000.0,607408935.0,13.0,9.414,22948000.0,0.832,1.0,180737000.0,0.349,44098000.0,2393000.0,356497000.0,306440250.0,95495000.0,0.0,0.0,0.0,148611000.0,67510000.0,81101000.0,616069935.0,6403000.0,0.0,288000.0,-6300000.0,-15123000.0,-20031000.0,-23369000.0,0.0,47811000.0,91000.0,29313000.0,29313000.0,29313000.0,140000.0,0.0,0.057,126743000.0,53994000.0,37211000.0,0.514,2.229,21.017,20.907,143084000.0,0.0,22.349,1.19,1.19,40241000.0,269036000.0,517832000.0,517832000.0,0.0,0.064,0.108,0.154,0.091,0.0,126743000.0,1.0,27565629.0,27565629.0,,18.785,380854000.0,2998000.0,15342000.0,8488000.0,13.816,146952000.0
102,SJM,MRT,1995-12-31,1996-01-31,1996-01-31,2021-09-07,-2109000.0,439292000.0,453035750.0,207665000.0,231627000.0,0.933,9.948,-26210000.0,15661000.0,15661000.0,269347000.0,31350000.0,2.567,0.602,7000000.0,7000000.0,0.0,7000000.0,0.0,16164000.0,0.0,0.025,0.545,43827000.0,59991000.0,0.142,59991000.0,43827000.0,43666000.0,1.143,1.143,1.143,274193000.0,267630750.0,274193000.0,647412794.0,15.0,10.792,3254000.0,0.118,1.0,153174000.0,0.363,78753000.0,161000.0,270967000.0,305165000.0,123814000.0,0.0,0.0,0.0,165099000.0,80911000.0,84188000.0,605131794.0,5276000.0,0.0,34000.0,2843000.0,-14940000.0,-10947000.0,-23264000.0,0.0,29464000.0,-1000.0,31350000.0,31350000.0,31350000.0,-5244000.0,0.0,0.074,107143000.0,46031000.0,33936000.0,0.477,2.207,19.302,19.211,142963000.0,0.0,21.958,1.432,1.432,53702000.0,268889000.0,422521000.0,422521000.0,0.0,0.069,0.117,0.144,0.104,0.0,107143000.0,1.0,27559014.0,27563184.0,,15.329,360539000.0,0.0,12316000.0,0.0,13.08,126754000.0
103,SJM,MRT,1995-09-30,1995-10-31,1995-10-31,2021-09-07,-2243000.0,500049000.0,447278000.0,263259000.0,236790000.0,1.025,9.964,-25641000.0,13419000.0,13419000.0,293574000.0,33702000.0,1.857,0.821,55700000.0,55700000.0,0.0,55700000.0,0.0,16164000.0,0.0,0.026,0.54,47542000.0,63706000.0,0.139,63706000.0,47542000.0,47065000.0,1.228,1.228,1.228,274611000.0,262937250.0,274611000.0,582227362.0,12.0,9.139,34577000.0,1.255,1.0,165088000.0,0.36,79659000.0,477000.0,320895000.0,309417750.0,143181000.0,0.0,0.0,0.0,225438000.0,141776000.0,83662000.0,572191362.0,6820000.0,-6471000.0,34000.0,11943000.0,-11015000.0,2083000.0,-29961000.0,0.0,60218000.0,291000.0,33702000.0,33702000.0,33702000.0,-4763000.0,0.0,0.073,115594000.0,49494000.0,44742000.0,0.44,2.084,16.978,16.907,147021000.0,0.0,20.762,1.248,1.248,91946000.0,269861000.0,458662000.0,458662000.0,0.0,0.075,0.128,0.154,0.104,0.0,115594000.0,1.0,27559676.0,27559538.0,,16.643,420390000.0,0.0,13363000.0,3138000.0,15.254,121483000.0
104,SJM,MRT,1995-06-30,1995-07-31,1995-07-31,2021-09-07,-3535000.0,466807000.0,437387000.0,232239000.0,234568000.0,1.144,9.569,-22312000.0,14464000.0,14464000.0,320178000.0,36612000.0,1.943,0.77,24500000.0,24500000.0,0.0,24500000.0,0.0,16164000.0,0.0,0.017,0.402,60321000.0,76485000.0,0.153,76485000.0,60321000.0,59452000.0,1.333,1.333,1.333,263727000.0,256929000.0,263727000.0,693957275.0,12.0,9.073,33412000.0,1.212,1.0,180260000.0,0.36,79930000.0,869000.0,277402000.0,301755750.0,148808000.0,0.0,0.0,0.0,203080000.0,119511000.0,83569000.0,638101275.0,9001000.0,-6498000.0,34000.0,1042000.0,-14648000.0,-12880000.0,-28047000.0,0.0,55724000.0,53000.0,36612000.0,36612000.0,36612000.0,-3982000.0,0.0,0.073,125151000.0,55109000.0,50049000.0,0.302,2.42,17.429,17.369,144469000.0,0.0,23.153,1.275,1.275,55455000.0,260600000.0,500438000.0,500438000.0,0.0,0.084,0.142,0.2,0.121,0.0,125151000.0,1.0,27559676.0,27559676.0,,18.158,386877000.0,0.0,22840000.0,8317000.0,14.038,112728000.0
105,SJM,MRT,1995-03-31,1995-04-30,1995-04-30,2021-09-07,-3383000.0,405995000.0,430621750.0,176814000.0,229181000.0,1.186,9.36,-18383000.0,11244000.0,11244000.0,330287000.0,36303000.0,2.728,0.574,67100000.0,0.0,67100000.0,67100000.0,0.0,16164000.0,0.0,0.012,0.265,59940000.0,76104000.0,0.149,76104000.0,59940000.0,58722000.0,1.323,1.323,1.323,257992000.0,251155250.0,257992000.0,631907327.0,11.0,8.303,15166000.0,0.55,1.0,180601000.0,0.354,45634000.0,1218000.0,351396000.0,297537000.0,86061000.0,0.0,0.0,0.0,148003000.0,64821000.0,83182000.0,627094327.0,-2815000.0,-28780000.0,34000.0,18542000.0,-14503000.0,4421000.0,-46439000.0,0.0,33549000.0,127000.0,36303000.0,36303000.0,36303000.0,-3842000.0,0.0,0.071,126045000.0,54556000.0,32620000.0,0.2,2.431,17.274,17.197,140125000.0,0.0,22.751,1.227,1.227,43407000.0,254854000.0,510888000.0,510888000.0,0.0,0.084,0.145,0.201,0.117,0.0,126045000.0,1.0,27562983.0,27562983.0,,18.535,360361000.0,0.0,22419000.0,8881000.0,13.074,111993000.0
106,SJM,MRT,1994-12-31,1995-01-31,1995-01-31,2021-09-07,-3502000.0,416261000.0,423783250.0,186438000.0,229823000.0,1.429,9.267,-17847000.0,10385000.0,10385000.0,390492000.0,34012000.0,2.018,0.63,15198000.0,15198000.0,0.0,15198000.0,0.0,15051000.0,0.0,0.005,0.132,63445000.0,78496000.0,0.13,78496000.0,63445000.0,59995000.0,1.238,1.238,1.238,255419000.0,245257750.0,255419000.0,722659755.0,11.0,9.206,47343000.0,1.718,1.0,215014000.0,0.355,40721000.0,3450000.0,287978000.0,278215750.0,121512000.0,0.0,0.0,0.0,160842000.0,92375000.0,68467000.0,674460755.0,-14908000.0,-113122000.0,-2027000.0,70370000.0,-14239000.0,50500000.0,-132006000.0,0.0,65190000.0,80000.0,34012000.0,34012000.0,34012000.0,1433000.0,0.0,0.056,154497000.0,60517000.0,30308000.0,0.107,2.641,19.83,19.762,138303000.0,0.0,24.466,1.114,1.114,46297000.0,252638000.0,605506000.0,605506000.0,0.0,0.08,0.139,0.228,0.105,0.0,154497000.0,1.0,27567708.0,27563445.0,,21.968,375540000.0,0.0,25983000.0,4023000.0,13.625,94063000.0
107,SJM,MRT,1994-09-30,1994-10-31,1994-10-31,2021-09-07,-2883000.0,460485000.0,395096250.0,235864000.0,224621000.0,1.427,9.09,-17596000.0,6599000.0,6599000.0,364600000.0,32710000.0,1.667,0.838,54798000.0,54798000.0,0.0,54798000.0,0.0,15051000.0,0.0,0.0,0.0,60157000.0,75208000.0,0.133,75208000.0,60157000.0,57890000.0,1.196,1.196,1.196,250578000.0,240388750.0,250578000.0,729376227.0,12.0,9.698,13609000.0,0.494,1.0,199174000.0,0.353,76986000.0,2267000.0,290247000.0,256184750.0,139447000.0,0.0,0.0,0.0,209907000.0,141451000.0,68456000.0,692839227.0,-3418000.0,-106592000.0,-2436000.0,109970000.0,-13943000.0,88927000.0,-124930000.0,0.0,31205000.0,52000.0,32710000.0,32710000.0,32710000.0,1433000.0,0.0,0.058,141677000.0,57497000.0,33750000.0,0.0,2.765,21.181,21.014,138116000.0,0.0,25.132,1.229,1.229,82247000.0,247694000.0,563774000.0,563774000.0,0.0,0.083,0.136,0.235,0.107,0.0,141677000.0,1.0,27567708.0,27567709.0,,20.451,383499000.0,0.0,25180000.0,4646000.0,13.911,94413000.0
108,SJM,MRT,1994-06-30,1994-07-31,1994-07-31,2021-09-07,-3749000.0,439746000.0,,214581000.0,225165000.0,,8.741,-18751000.0,5463000.0,5463000.0,328757000.0,30806000.0,1.552,0.827,42000000.0,42000000.0,0.0,42000000.0,0.0,15051000.0,0.0,,0.0,55526000.0,70577000.0,0.138,70577000.0,55526000.0,54606000.0,1.122,1.122,1.122,240632000.0,,240632000.0,,,,28682000.0,1.042,1.0,181652000.0,0.356,77516000.0,920000.0,260527000.0,,149757000.0,0.0,0.0,0.0,199114000.0,138240000.0,60874000.0,,-8079000.0,-106616000.0,-2132000.0,89671000.0,-13653000.0,68902000.0,-125635000.0,0.0,47433000.0,-107000.0,30806000.0,30806000.0,30806000.0,1433000.0,0.0,0.06,127633000.0,54019000.0,47652000.0,0.0,,,,138402000.0,0.0,,,,52455000.0,238993000.0,510409000.0,510409000.0,0.0,,,,0.109,0.0,127633000.0,1.0,27567708.0,27529498.0,,18.54,362230000.0,0.0,23800000.0,0.0,13.158,76341000.0
109,SJM,MRT,1994-03-31,1994-04-30,1994-04-30,2021-09-07,-4310000.0,378641000.0,336726000.0,171685000.0,206956000.0,1.42,8.507,-18016000.0,14059000.0,14059000.0,305988000.0,30498000.0,2.064,0.615,52885000.0,4327000.0,48558000.0,52885000.0,0.0,15051000.0,0.0,,0.0,54095000.0,69146000.0,0.145,69146000.0,54095000.0,53858000.0,1.111,1.111,1.111,234402000.0,227435500.0,234402000.0,,,,35828000.0,1.3,1.0,172240000.0,0.36,60161000.0,237000.0,274111000.0,222664000.0,103236000.0,0.0,0.0,0.0,144239000.0,83195000.0,61044000.0,,-36386000.0,-100195000.0,-2027000.0,47671000.0,-13360000.0,27485000.0,-118783000.0,0.0,53844000.0,-260000.0,30498000.0,30498000.0,30498000.0,1433000.0,0.0,0.064,119405000.0,52835000.0,37322000.0,0.0,,,,137506000.0,0.0,,,,47828000.0,233420000.0,478228000.0,478228000.0,0.0,0.091,0.134,0.243,0.113,0.0,119405000.0,1.0,27553401.0,27553401.0,,17.356,318480000.0,0.0,23360000.0,4593000.0,11.559,88490000.0
110,SJM,MRT,1993-12-31,1994-01-31,1994-01-31,2021-09-07,-3518000.0,301513000.0,,160533000.0,140980000.0,,8.562,-17728000.0,25293000.0,25293000.0,286572000.0,37043000.0,3.352,0.278,0.0,0.0,0.0,0.0,0.0,13052000.0,0.0,,0.0,61273000.0,74325000.0,0.164,74325000.0,61273000.0,60927000.0,1.344,1.344,1.344,235943000.0,,235943000.0,,,,30972000.0,1.124,1.0,165332000.0,0.366,28477000.0,346000.0,199854000.0,,90027000.0,0.0,0.0,0.0,65570000.0,47889000.0,17681000.0,,-4021000.0,-17951000.0,-1861000.0,2060000.0,-13105000.0,-16447000.0,-36304000.0,0.0,48700000.0,30000.0,37043000.0,37043000.0,37043000.0,0.0,0.0,0.082,104577000.0,60755000.0,22183000.0,0.0,,,,104022000.0,0.0,,,,39651000.0,234320000.0,451904000.0,451904000.0,0.0,,,,0.136,0.0,104577000.0,1.0,27553401.0,27558511.0,,16.398,273036000.0,0.0,23884000.0,1851000.0,9.908,112644000.0
111,SJM,MRT,1993-09-30,1993-10-31,1993-10-31,2021-09-07,,,,,,,,,,,281672000.0,36953000.0,,,,,,,,,,,0.0,61392000.0,,,,61392000.0,61041000.0,1.333,1.333,1.333,,,,,,,,,1.0,164983000.0,0.369,,351000.0,,,,,,,,,,,,,,,,,,,,,36953000.0,36953000.0,36953000.0,0.0,0.0,0.083,104578000.0,60405000.0,,0.0,,,,,0.0,,,,,,446655000.0,446655000.0,0.0,,,,0.137,,104578000.0,1.0,,27599645.0,,16.183,,,24088000.0,,,
112,SJM,MRT,1993-06-30,1993-07-31,1993-07-31,2021-09-07,,,,,,,,,,,,,,,,,,,,,,,0.0,,,,,,,,,,,,,,,,,,1.0,,,,,,,,,,,,,,,,,,,,,,,,,,,,,,,,,,,,,,,,,,,,,,,,,,,,,,1.0,,27598471.0,,,,,,,,
113,SJM,MRT,1993-03-31,1993-04-30,1993-04-30,2021-09-07,-2341000.0,294811000.0,,168399000.0,126412000.0,,,-20164000.0,50445000.0,50445000.0,295000000.0,32945000.0,2.978,0.337,5318000.0,4431000.0,887000.0,5318000.0,0.0,13052000.0,0.0,,0.0,57394000.0,70446000.0,0.152,70446000.0,57394000.0,57016000.0,1.185,1.185,1.185,220469000.0,,220469000.0,,,,36818000.0,,1.0,167160000.0,0.362,21924000.0,378000.0,171217000.0,,71863000.0,0.0,0.0,0.0,74342000.0,56543000.0,17799000.0,,14177000.0,-2098000.0,-1861000.0,-440000.0,-12364000.0,-17165000.0,-25615000.0,0.0,56982000.0,-25000.0,32945000.0,32945000.0,32945000.0,0.0,0.0,0.071,106077000.0,61083000.0,27433000.0,0.0,,,,96326000.0,0.0,,,,40354000.0,218952000.0,462160000.0,462160000.0,0.0,,,,0.124,0.0,106077000.0,1.0,,,,,272887000.0,0.0,24071000.0,5463000.0,,111856000.0
114,SJM,MRT,1992-12-31,1993-01-31,1993-01-31,2021-09-07,,,,,,,,,,,,,,,,,,,,,,,0.0,,,,,,,,,,,,,,,,,,1.0,,,,,,,,,,,,,,,,,,,,,,,,,,,,,,,,,,,,,,,,,,,,,,,,,,,,,,1.0,,27984234.0,,,,,,,,
115,SJM,MRT,1992-03-31,1992-04-30,1992-04-30,2021-09-07,,,,,,,,-16205000.0,,,314133000.0,34118000.0,,,,,,,,12808000.0,,,0.0,56529000.0,69337000.0,0.143,69337000.0,56529000.0,56083000.0,1.228,1.228,1.228,,,,,,,25215000.0,,1.0,169339000.0,0.35,,446000.0,,,,,,,,,,,11755000.0,0.0,51000.0,-440000.0,-11223000.0,-12839000.0,-16827000.0,0.0,41420000.0,1000.0,34118000.0,34118000.0,34118000.0,0.0,0.0,0.071,114888000.0,54451000.0,,0.0,,,,,0.0,,,,,,483472000.0,483472000.0,0.0,,,,0.117,0.0,114888000.0,1.0,,,,,,,21965000.0,,,
