None,ticker,dimension,calendardate,datekey,reportperiod,lastupdated,accoci,assets,assetsavg,assetsc,assetsnc,assetturnover,bvps,capex,cashneq,cashnequsd,cor,consolinc,currentratio,de,debt,debtc,debtnc,debtusd,deferredrev,depamor,deposits,divyield,dps,ebit,ebitda,ebitdamargin,ebitdausd,ebitusd,ebt,eps,epsdil,epsusd,equity,equityavg,equityusd,ev,evebit,evebitda,fcf,fcfps,fxusd,gp,grossmargin,intangibles,intexp,invcap,invcapavg,inventory,investments,investmentsc,investmentsnc,liabilities,liabilitiesc,liabilitiesnc,marketcap,ncf,ncfbus,ncfcommon,ncfdebt,ncfdiv,ncff,ncfi,ncfinv,ncfo,ncfx,netinc,netinccmn,netinccmnusd,netincdis,netincnci,netmargin,opex,opinc,payables,payoutratio,pb,pe,pe1,ppnenet,prefdivis,price,ps,ps1,receivables,retearn,revenue,revenueusd,rnd,roa,roe,roic,ros,sbcomp,sgna,sharefactor,sharesbas,shareswa,shareswadil,sps,tangibles,taxassets,taxexp,taxliabilities,tbvps,workingcapital
0,WU,MRY,2020-12-31,2020-12-31,2020-12-31,2021-08-04,-159500000.0,9496300000.0,8848975000.0,,,0.546,0.453,-107400000.0,1428200000.0,1428200000.0,2826500000.0,744300000.0,,49.891,3067200000.0,,,3067200000.0,0.0,225600000.0,0.0,0.041,0.9,973600000.0,1199200000.0,0.248,1199200000.0,973600000.0,855100000.0,1.81,1.79,1.81,186600000.0,7650000.0,186600000.0,10805089277.0,11.0,9.01,770100000.0,1.868,1.0,2008500000.0,0.415,3071600000.0,118500000.0,8063700000.0,7635450000.0,0.0,0.0,,,9309700000.0,,,9019989277.0,-9400000.0,0.0,-237500000.0,-165000000.0,-370300000.0,-773500000.0,-113400000.0,-4000000.0,877500000.0,0.0,744300000.0,744300000.0,744300000.0,0.0,0.0,0.154,1041200000.0,967300000.0,4322300000.0,0.497,48.339,12.119,12.122,150400000.0,0.0,21.94,1.866,1.871,3821400000.0,-543100000.0,4835000000.0,4835000000.0,0.0,0.084,97.294,0.128,0.201,0.0,1041200000.0,1.0,411120751.0,412300000.0,415200000.0,11.727,6424700000.0,0.0,110800000.0,1117800000.0,15.583,
1,WU,MRY,2019-12-31,2019-12-31,2019-12-31,2021-08-04,-209000000.0,8758500000.0,9009375000.0,,,0.587,-0.092,-127700000.0,1450500000.0,1450500000.0,3086500000.0,1058300000.0,,-222.734,3229300000.0,,,3229300000.0,0.0,257700000.0,0.0,0.03,0.8,1473400000.0,1731100000.0,0.327,1731100000.0,1473400000.0,1321400000.0,2.47,2.46,2.47,-39500000.0,-100800000.0,-39500000.0,13084774528.0,9.0,7.559,786900000.0,1.84,1.0,2205600000.0,0.417,3061500000.0,152000000.0,7475800000.0,7926175000.0,0.0,0.0,,,8798000000.0,,,11227674528.0,477100000.0,711700000.0,-515900000.0,-209000000.0,-340800000.0,-1069800000.0,632300000.0,48300000.0,914600000.0,0.0,1058300000.0,1058300000.0,1058300000.0,0.0,0.0,0.2,1271600000.0,934000000.0,3898600000.0,0.324,-284.245,10.609,10.842,186900000.0,0.0,26.78,2.122,2.164,3296700000.0,-675900000.0,5292100000.0,5292100000.0,0.0,0.117,-10.499,0.186,0.278,0.0,1271600000.0,1.0,419255957.0,427600000.0,430900000.0,12.376,5697000000.0,0.0,263100000.0,1171800000.0,13.323,
2,WU,MRY,2018-12-31,2018-12-31,2018-12-31,2021-08-04,-231000000.0,8996800000.0,9072500000.0,,,0.616,-0.686,-339000000.0,973400000.0,973400000.0,3300800000.0,851900000.0,,-30.041,3433700000.0,,,3433700000.0,0.0,264700000.0,0.0,0.045,0.76,1141000000.0,1405700000.0,0.251,1405700000.0,1141000000.0,991400000.0,1.89,1.87,1.89,-309800000.0,-388050000.0,-309800000.0,10081689365.0,9.0,7.172,482300000.0,1.068,1.0,2289100000.0,0.41,3323200000.0,149600000.0,8133900000.0,8165050000.0,0.0,0.0,,,9306600000.0,,,7554289365.0,135300000.0,0.0,-402300000.0,396000000.0,-341700000.0,-357200000.0,-328800000.0,10200000.0,821300000.0,0.0,851900000.0,851900000.0,851900000.0,0.0,0.0,0.152,1167000000.0,1122100000.0,4378700000.0,0.402,-24.384,8.868,9.026,270400000.0,0.0,17.06,1.351,1.379,3813800000.0,-838800000.0,5589900000.0,5589900000.0,0.0,0.094,-2.195,0.14,0.204,0.0,1167000000.0,1.0,442807114.0,451800000.0,454400000.0,12.373,5673600000.0,0.0,139500000.0,1215100000.0,12.558,
3,WU,MRY,2017-12-31,2017-12-31,2017-12-31,2021-08-04,-227900000.0,9231400000.0,9499800000.0,,,0.582,-1.05,-177100000.0,838200000.0,838200000.0,3353000000.0,-557100000.0,,-19.786,3033600000.0,,,3033600000.0,0.0,262900000.0,0.0,0.037,0.7,489600000.0,752500000.0,0.136,752500000.0,489600000.0,347500000.0,-1.19,-1.19,-1.19,-491400000.0,407375000.0,-491400000.0,11229848847.0,23.0,14.923,564900000.0,1.207,1.0,2171300000.0,0.393,3314200000.0,142100000.0,8112600000.0,8190875000.0,0.0,0.0,,,9722800000.0,,,8731148847.0,-33100000.0,-24900000.0,-489800000.0,246200000.0,-325600000.0,-570500000.0,-204600000.0,-2600000.0,742000000.0,0.0,-557100000.0,-557100000.0,-557100000.0,0.0,0.0,-0.101,1695500000.0,475800000.0,4907400000.0,-0.588,-17.768,-15.672,-15.975,214200000.0,0.0,19.01,1.58,1.61,4188900000.0,-965900000.0,5524300000.0,5524300000.0,0.0,-0.059,-1.368,0.06,0.089,0.0,1231500000.0,1.0,459292417.0,467900000.0,467900000.0,11.807,5917200000.0,0.0,904600000.0,1425000000.0,12.646,
4,WU,MRY,2016-12-31,2016-12-31,2016-12-31,2021-08-04,-162800000.0,9419600000.0,9437875000.0,,,0.575,1.84,-122500000.0,877500000.0,877500000.0,3266700000.0,253200000.0,,9.441,2786100000.0,,,2786100000.0,0.0,263200000.0,0.0,0.029,0.64,494200000.0,757400000.0,0.14,757400000.0,494200000.0,341700000.0,0.52,0.51,0.52,902200000.0,1210800000.0,902200000.0,12475154292.0,25.0,16.471,919400000.0,1.876,1.0,2156200000.0,0.398,3826200000.0,152500000.0,7502000000.0,7582550000.0,0.0,0.0,,,8517400000.0,,,10531054292.0,-438400000.0,0.0,-465200000.0,-430400000.0,-312200000.0,-1209200000.0,-271100000.0,-41300000.0,1041900000.0,0.0,253200000.0,253200000.0,253200000.0,0.0,0.0,0.047,1669200000.0,487000000.0,4878700000.0,1.231,11.673,41.592,41.769,220500000.0,0.0,21.72,1.942,1.963,3749100000.0,419300000.0,5422900000.0,5422900000.0,0.0,0.027,0.209,0.065,0.091,0.0,1669200000.0,1.0,484855170.0,490200000.0,493500000.0,11.063,5593400000.0,0.0,88500000.0,493200000.0,11.41,
5,WU,MRY,2015-12-31,2015-12-31,2015-12-31,2021-08-04,-143900000.0,9449200000.0,9920475000.0,,,0.553,2.741,-143700000.0,1315900000.0,1315900000.0,3199400000.0,837800000.0,,5.726,3215900000.0,,,3215900000.0,0.0,270200000.0,0.0,0.035,0.62,1109700000.0,1379900000.0,0.252,1379900000.0,1109700000.0,941800000.0,1.63,1.62,1.63,1404900000.0,1352350000.0,1404900000.0,11118982871.0,10.0,8.058,927400000.0,1.809,1.0,2284300000.0,0.417,3868800000.0,167900000.0,7480400000.0,8016900000.0,0.0,0.0,,,8044300000.0,,,9049582871.0,-467300000.0,0.0,-435500000.0,-500000000.0,-316500000.0,-1252000000.0,-286400000.0,-19900000.0,1071100000.0,0.0,837800000.0,837800000.0,837800000.0,0.0,0.0,0.153,1174900000.0,1109400000.0,3915300000.0,0.38,6.441,10.802,10.988,231800000.0,0.0,17.91,1.65,1.674,3308700000.0,977300000.0,5483700000.0,5483700000.0,0.0,0.084,0.62,0.138,0.202,0.0,1174900000.0,1.0,505281009.0,512600000.0,516700000.0,10.698,5580400000.0,0.0,104000000.0,484100000.0,10.886,
6,WU,MRY,2014-12-31,2014-12-31,2014-12-31,2021-08-04,-118900000.0,9890400000.0,9883550000.0,,,0.567,2.438,-105900000.0,1783200000.0,1783200000.0,3297400000.0,852400000.0,,6.606,3720400000.0,,,3720400000.0,0.0,271900000.0,0.0,0.028,0.5,1144800000.0,1416700000.0,0.253,1416700000.0,1144800000.0,968200000.0,1.6,1.59,1.6,1300400000.0,1154500000.0,1300400000.0,11407050806.0,10.0,8.052,940000000.0,1.762,1.0,2309800000.0,0.412,3917300000.0,176600000.0,7910300000.0,7997225000.0,0.0,0.0,,,8590000000.0,,,9360250806.0,-289900000.0,-10600000.0,-481200000.0,-500000000.0,-265200000.0,-1246400000.0,-89400000.0,100200000.0,1045900000.0,0.0,852400000.0,852400000.0,852400000.0,0.0,0.0,0.152,1169300000.0,1140500000.0,3914100000.0,0.312,7.198,10.981,11.194,206400000.0,0.0,17.91,1.669,1.704,3313700000.0,968700000.0,5607200000.0,5607200000.0,0.0,0.086,0.738,0.143,0.204,0.0,1169300000.0,1.0,522627069.0,533400000.0,536800000.0,10.512,5973100000.0,0.0,115800000.0,471300000.0,11.198,
7,WU,MRY,2013-12-31,2013-12-31,2013-12-31,2021-08-04,-169000000.0,10121300000.0,9753325000.0,,,0.568,1.985,-122000000.0,2073100000.0,2073100000.0,3235000000.0,798400000.0,,8.162,4213000000.0,,,4213000000.0,0.0,262800000.0,0.0,0.029,0.5,1122500000.0,1385300000.0,0.25,1385300000.0,1122500000.0,926900000.0,1.43,1.43,1.43,1104700000.0,1000300000.0,1104700000.0,11752337271.0,10.0,8.484,966600000.0,1.737,1.0,2307000000.0,0.416,4005800000.0,195600000.0,8255400000.0,7961300000.0,0.0,0.0,,,9016600000.0,,,9526337271.0,296600000.0,0.0,-370800000.0,197300000.0,-277200000.0,-450700000.0,-341300000.0,-100000000.0,1088600000.0,0.0,798400000.0,798400000.0,798400000.0,0.0,0.0,0.144,1199600000.0,1107400000.0,3909300000.0,0.35,8.623,11.932,12.063,209900000.0,0.0,17.25,1.719,1.732,3270400000.0,877300000.0,5542000000.0,5542000000.0,0.0,0.082,0.798,0.141,0.203,0.0,1199600000.0,1.0,552251436.0,556600000.0,559700000.0,9.957,6115500000.0,0.0,128500000.0,536100000.0,10.987,
8,WU,MRY,2012-12-31,2012-12-31,2012-12-31,2021-08-04,-152600000.0,9465700000.0,9296150000.0,,,0.609,1.555,-93300000.0,1776500000.0,1776500000.0,3194200000.0,1025900000.0,,9.063,4029200000.0,,,4029200000.0,0.0,246100000.0,0.0,0.031,0.425,1348400000.0,1594500000.0,0.281,1594500000.0,1348400000.0,1168800000.0,1.7,1.69,1.7,940600000.0,1026875000.0,940600000.0,10119440244.0,8.0,6.346,1092000000.0,1.805,1.0,2470600000.0,0.436,4058600000.0,179600000.0,7659800000.0,7442825000.0,0.0,0.0,,,8525100000.0,,,8119440244.0,405600000.0,10000000.0,-713100000.0,445800000.0,-254200000.0,-521500000.0,-258200000.0,0.0,1185300000.0,0.0,1025900000.0,1025900000.0,1025900000.0,0.0,0.0,0.181,1140600000.0,1330000000.0,3670800000.0,0.25,8.632,7.914,8.006,196100000.0,0.0,13.61,1.433,1.453,3114600000.0,754700000.0,5664800000.0,5664800000.0,0.0,0.11,0.999,0.181,0.238,0.0,1140600000.0,1.0,596579004.0,604900000.0,607400000.0,9.365,5407100000.0,0.0,142900000.0,570400000.0,8.939,
9,WU,MRY,2011-12-31,2011-12-31,2011-12-31,2021-08-04,-118500000.0,9069900000.0,8446700000.0,,,0.65,1.419,-65800000.0,1370900000.0,1370900000.0,3102000000.0,1165400000.0,,9.136,3583200000.0,,,3583200000.0,0.0,192600000.0,0.0,0.017,0.31,1456500000.0,1649100000.0,0.3,1649100000.0,1456500000.0,1274600000.0,1.85,1.84,1.85,894800000.0,514025000.0,894800000.0,12617152266.0,9.0,7.651,1109100000.0,1.759,1.0,2389400000.0,0.435,4046300000.0,181900000.0,7235900000.0,6980225000.0,0.0,0.0,,,8175100000.0,,,11305452266.0,-786500000.0,-1218600000.0,-703900000.0,297000000.0,-194200000.0,-601100000.0,-1360300000.0,20800000.0,1174900000.0,0.0,1165400000.0,1165400000.0,1165400000.0,0.0,0.0,0.212,1004400000.0,1385000000.0,3626200000.0,0.168,12.635,9.701,9.87,198100000.0,0.0,18.26,2.059,2.097,3091200000.0,760000000.0,5491400000.0,5491400000.0,0.0,0.138,2.267,0.209,0.265,0.0,1004400000.0,1.0,619137583.0,630600000.0,634200000.0,8.708,5023600000.0,0.0,109200000.0,692100000.0,7.966,
10,WU,MRY,2010-12-31,2010-12-31,2010-12-31,2021-08-04,-132800000.0,7929200000.0,7472075000.0,,,0.695,0.874,-78700000.0,2157400000.0,2157400000.0,2978400000.0,909900000.0,,12.608,3289900000.0,,,3289900000.0,0.0,175900000.0,0.0,0.013,0.25,1315100000.0,1491000000.0,0.287,1491000000.0,1315100000.0,1145200000.0,1.37,1.36,1.37,582700000.0,450200000.0,582700000.0,13479255297.0,10.0,9.04,915700000.0,1.374,1.0,2214300000.0,0.426,2589700000.0,169900000.0,6472000000.0,6232500000.0,0.0,0.0,,,7346500000.0,,,12179455297.0,472200000.0,-4700000.0,-539300000.0,247000000.0,-165300000.0,-457600000.0,-64600000.0,53800000.0,994400000.0,0.0,909900000.0,909900000.0,909900000.0,0.0,0.0,0.175,914200000.0,1300100000.0,3155600000.0,0.182,20.902,13.385,13.555,196500000.0,0.0,18.57,2.345,2.384,2635200000.0,591600000.0,5192700000.0,5192700000.0,0.0,0.122,2.021,0.211,0.253,0.0,914200000.0,1.0,655867275.0,666500000.0,668900000.0,7.791,5339500000.0,0.0,235300000.0,646500000.0,8.011,
11,WU,MRY,2009-12-31,2009-12-31,2009-12-31,2021-08-04,-127300000.0,7353400000.0,6270200000.0,,,0.811,0.506,-71600000.0,1685200000.0,1685200000.0,2874900000.0,848800000.0,,19.802,3048500000.0,,,3048500000.0,0.0,154200000.0,0.0,0.003,0.06,1289400000.0,1443600000.0,0.284,1443600000.0,1289400000.0,1131500000.0,1.21,1.21,1.21,353500000.0,270150000.0,353500000.0,14473248750.0,11.0,10.026,1146500000.0,1.64,1.0,2208700000.0,0.434,2632600000.0,157900000.0,6084100000.0,5222725000.0,0.0,0.0,,,6999900000.0,,,13046248750.0,389600000.0,-515900000.0,-377000000.0,-86200000.0,-41200000.0,-504400000.0,-324100000.0,290700000.0,1218100000.0,0.0,848800000.0,848800000.0,848800000.0,0.0,0.0,0.167,926000000.0,1282700000.0,2890300000.0,0.05,36.906,15.37,15.579,204300000.0,0.0,18.85,2.566,2.592,2389100000.0,433200000.0,5083600000.0,5083600000.0,0.0,0.135,3.142,0.247,0.254,31900000.0,926000000.0,1.0,692108687.0,698900000.0,701000000.0,7.274,4720800000.0,0.0,282700000.0,787900000.0,6.755,
12,WU,MRY,2008-12-31,2008-12-31,2008-12-31,2021-08-04,-30000000.0,5578300000.0,5769900000.0,,,0.915,-0.011,-70900000.0,1295600000.0,1295600000.0,3093000000.0,919000000.0,,-689.679,3143500000.0,,,3143500000.0,0.0,144000000.0,0.0,0.003,0.04,1409900000.0,1553900000.0,0.294,1553900000.0,1409900000.0,1238700000.0,1.26,1.24,1.26,-8100000.0,-16350000.0,-8100000.0,12214227130.0,9.0,7.86,1183000000.0,1.62,1.0,2189000000.0,0.414,2024800000.0,171200000.0,5401400000.0,5468125000.0,0.0,0.0,,,5586400000.0,,,10261327130.0,-497500000.0,-43800000.0,-1014000000.0,-255300000.0,-28400000.0,-1297700000.0,-453700000.0,-256200000.0,1253900000.0,0.0,919000000.0,919000000.0,919000000.0,0.0,0.0,0.174,834000000.0,1355000000.0,1593200000.0,0.032,-1266.831,11.166,11.381,192300000.0,0.0,14.34,1.943,1.982,1207500000.0,29200000.0,5282000000.0,5282000000.0,0.0,0.159,-56.208,0.258,0.267,26300000.0,834000000.0,1.0,715573719.0,730100000.0,738200000.0,7.235,3553500000.0,0.0,319700000.0,651700000.0,4.867,
13,WU,MRY,2007-12-31,2007-12-31,2007-12-31,2021-08-04,-68800000.0,5784200000.0,5537775000.0,,,0.885,0.067,-111200000.0,1793100000.0,1793100000.0,2808400000.0,857300000.0,,113.087,3338000000.0,,,3338000000.0,0.0,123900000.0,0.0,0.002,0.04,1411400000.0,1535300000.0,0.313,1535300000.0,1411400000.0,1222400000.0,1.13,1.11,1.13,50700000.0,-88525000.0,50700000.0,19835874472.0,14.0,12.92,992300000.0,1.305,1.0,2091800000.0,0.427,1973600000.0,189000000.0,5355500000.0,5226450000.0,0.0,0.0,,,5733500000.0,,,18232274472.0,371400000.0,-6100000.0,-510700000.0,10600000.0,-30000000.0,-530100000.0,-202000000.0,-3800000.0,1103500000.0,0.0,857300000.0,857300000.0,857300000.0,0.0,0.0,0.175,769800000.0,1322000000.0,1669300000.0,0.035,359.611,21.267,21.487,200300000.0,0.0,24.28,3.721,3.767,1319200000.0,453100000.0,4900200000.0,4900200000.0,0.0,0.155,-9.684,0.27,0.288,50200000.0,769800000.0,1.0,750917400.0,760200000.0,772900000.0,6.446,3810600000.0,0.0,365100000.0,543300000.0,5.013,
14,WU,MRY,2006-12-31,2006-12-31,2006-12-31,2021-08-04,-73500000.0,5321100000.0,4997125000.0,,,0.895,-0.412,-78200000.0,1421700000.0,1421700000.0,2430500000.0,914000000.0,,-17.903,3323500000.0,,,3323500000.0,0.0,103500000.0,0.0,0.0,0.01,1388500000.0,1492000000.0,0.334,1492000000.0,1388500000.0,1335100000.0,1.2,1.19,1.2,-314800000.0,1344900000.0,-314800000.0,19355947219.0,14.0,12.973,1030700000.0,1.348,1.0,2039700000.0,0.456,1935700000.0,53400000.0,5287200000.0,3857100000.0,0.0,0.0,,,5635900000.0,,,17183947219.0,911500000.0,-206500000.0,60900000.0,2159100000.0,-7700000.0,187300000.0,-384700000.0,24100000.0,1108900000.0,0.0,914000000.0,914000000.0,914000000.0,0.0,0.0,0.204,728300000.0,1311400000.0,1594900000.0,0.008,-54.587,18.801,18.683,176100000.0,0.0,22.42,3.844,3.834,1284200000.0,208000000.0,4470200000.0,4470200000.0,0.0,0.183,0.68,0.36,0.311,23300000.0,728300000.0,1.0,766456165.0,764500000.0,768600000.0,5.847,3385400000.0,0.0,421100000.0,517200000.0,4.428,
15,WU,MRY,2005-12-31,2005-12-31,2005-12-31,2021-08-04,2811800000.0,4591700000.0,3960950000.0,,,1.007,3.681,-42500000.0,510200000.0,510200000.0,2118900000.0,927400000.0,,0.633,163500000.0,,,163500000.0,0.0,79500000.0,0.0,,0.0,1345800000.0,1425300000.0,0.357,1425300000.0,1345800000.0,1344100000.0,1.21,1.21,1.21,2811800000.0,2373150000.0,2811800000.0,,,,960300000.0,1.257,1.0,1869000000.0,0.469,1798400000.0,1700000.0,2446600000.0,1921800000.0,0.0,0.0,,,1779900000.0,,,,40500000.0,-357500000.0,0.0,153600000.0,0.0,-533900000.0,-428400000.0,-5900000.0,1002800000.0,0.0,927400000.0,927400000.0,927400000.0,0.0,0.0,0.233,599800000.0,1269200000.0,1150600000.0,0.0,,,,82400000.0,0.0,,,,1858700000.0,0.0,3987900000.0,3987900000.0,0.0,0.234,0.391,0.7,0.337,0.0,599800000.0,1.0,,763900000.0,763900000.0,5.22,2793300000.0,0.0,416700000.0,248100000.0,3.657,
16,WU,MRY,2004-12-31,2004-12-31,2004-12-31,2021-08-04,1934500000.0,3330200000.0,,,,,2.532,-42200000.0,469700000.0,469700000.0,1859400000.0,751600000.0,,0.721,0.0,,,0.0,0.0,79200000.0,0.0,,0.0,1100300000.0,1179500000.0,0.332,1179500000.0,1100300000.0,1098600000.0,0.98,0.98,0.98,1934500000.0,,1934500000.0,,,,888000000.0,1.162,1.0,1688200000.0,0.476,1463500000.0,1700000.0,1397000000.0,,0.0,0.0,,,1395700000.0,,,,135000000.0,-28700000.0,0.0,0.0,0.0,-651800000.0,-143400000.0,-65200000.0,930200000.0,0.0,751600000.0,751600000.0,751600000.0,0.0,0.0,0.212,576100000.0,1112100000.0,939100000.0,0.0,,,,70700000.0,0.0,,,,1037700000.0,,3547600000.0,3547600000.0,0.0,,,,0.31,0.0,576100000.0,1.0,,763900000.0,763900000.0,4.644,1866700000.0,0.0,347000000.0,204500000.0,2.444,
17,WU,MRY,2003-12-31,2003-12-31,2003-12-31,2021-08-04,,,,,,,,-42100000.0,,,1618600000.0,633700000.0,,,,,,,,78400000.0,,,0.0,962600000.0,1041000000.0,0.33,1041000000.0,962600000.0,962600000.0,,,,,,,,,,750700000.0,,1.0,1533000000.0,0.486,,0.0,,,,,,,,,,,-10700000.0,-43700000.0,0.0,9900000.0,0.0,-629200000.0,-174300000.0,-30800000.0,792800000.0,0.0,633700000.0,633700000.0,633700000.0,0.0,0.0,0.201,530000000.0,1003000000.0,,,,,,,0.0,,,,,,3151600000.0,3151600000.0,0.0,,,,0.305,0.0,530000000.0,1.0,,,,,,,328900000.0,,,
0,WU,MRQ,2021-06-30,2021-06-30,2021-06-30,2021-08-04,-139300000.0,8978100000.0,,,,,0.699,-48400000.0,1061400000.0,1061400000.0,755000000.0,222500000.0,,30.359,2996800000.0,,,2996800000.0,0.0,55600000.0,0.0,0.04,0.235,285700000.0,341300000.0,0.265,341300000.0,285700000.0,260100000.0,0.54,0.54,0.54,286300000.0,,286300000.0,11128423424.0,11.0,8.884,125300000.0,0.306,1.0,534700000.0,0.415,3066300000.0,25600000.0,7847200000.0,,0.0,0.0,,,8691800000.0,,,9400523424.0,-443000000.0,-149100000.0,-72500000.0,-250200000.0,-96800000.0,-415600000.0,-201100000.0,400000.0,173700000.0,0.0,222500000.0,222500000.0,222500000.0,0.0,0.0,0.173,279800000.0,254900000.0,4136700000.0,0.435,32.835,11.606,11.66,141400000.0,0.0,22.97,1.869,1.869,3636800000.0,-498000000.0,1289700000.0,1289700000.0,0.0,,,,,0.0,279800000.0,1.0,409252217.0,409300000.0,411500000.0,3.151,5911800000.0,0.0,37600000.0,1048900000.0,14.444,
1,WU,MRQ,2021-03-31,2021-03-31,2021-03-31,2021-08-04,-141100000.0,9281000000.0,,,,,0.531,-96900000.0,1502600000.0,1502600000.0,706000000.0,181800000.0,,41.418,3230500000.0,,,3230500000.0,0.0,53400000.0,0.0,0.037,0.235,231300000.0,284700000.0,0.235,284700000.0,231300000.0,202900000.0,0.44,0.44,0.44,218800000.0,,218800000.0,11772324387.0,12.0,9.885,78900000.0,0.192,1.0,504000000.0,0.417,3089600000.0,28400000.0,7919300000.0,,0.0,0.0,,,9062200000.0,,,10133324387.0,69200000.0,0.0,-76400000.0,162600000.0,-96700000.0,-10400000.0,-96200000.0,-400000.0,175800000.0,0.0,181800000.0,181800000.0,181800000.0,0.0,0.0,0.15,271200000.0,232800000.0,4151500000.0,0.534,46.313,13.522,13.549,144900000.0,0.0,24.66,2.087,2.091,3638200000.0,-548200000.0,1210000000.0,1210000000.0,0.0,,,,,0.0,271200000.0,1.0,410921508.0,411700000.0,414300000.0,2.939,6191400000.0,0.0,21100000.0,1120300000.0,15.039,
2,WU,MRQ,2020-12-31,2020-12-31,2020-12-31,2021-08-04,-159500000.0,9496300000.0,,,,,0.453,-45300000.0,1428200000.0,1428200000.0,759200000.0,177100000.0,,49.891,3067200000.0,,,3067200000.0,0.0,56100000.0,0.0,0.041,0.225,227100000.0,283200000.0,0.223,283200000.0,227100000.0,199000000.0,0.43,0.42,0.43,186600000.0,,186600000.0,10805089277.0,11.0,9.01,246600000.0,0.599,1.0,512600000.0,0.403,3071600000.0,28100000.0,8063700000.0,,0.0,0.0,,,9309700000.0,,,9019989277.0,183500000.0,0.0,-1200000.0,30000000.0,-92500000.0,-63700000.0,-44700000.0,0.0,291900000.0,0.0,177100000.0,177100000.0,177100000.0,0.0,0.0,0.139,285500000.0,227100000.0,4322300000.0,0.523,48.339,12.119,12.122,150400000.0,0.0,21.94,1.866,1.871,3821400000.0,-543100000.0,1271800000.0,1271800000.0,0.0,,,,,0.0,285500000.0,1.0,411120751.0,411700000.0,414300000.0,3.089,6424700000.0,0.0,21900000.0,1117800000.0,15.605,
3,WU,MRQ,2020-09-30,2020-09-30,2020-09-30,2021-08-04,-186600000.0,8827200000.0,,,,,0.163,-22100000.0,1251400000.0,1251400000.0,721700000.0,228600000.0,,130.553,3036500000.0,,,3036500000.0,0.0,54200000.0,0.0,0.041,0.225,289200000.0,343400000.0,0.273,343400000.0,289200000.0,261000000.0,0.56,0.55,0.56,67100000.0,,67100000.0,10712014991.0,11.0,8.795,215700000.0,0.524,1.0,536800000.0,0.427,3015900000.0,28200000.0,7596400000.0,,0.0,0.0,,,8760100000.0,,,8807814991.0,70300000.0,0.0,-100000.0,-50000000.0,-92900000.0,-143000000.0,-24500000.0,-2400000.0,237800000.0,0.0,228600000.0,228600000.0,228600000.0,0.0,0.0,0.182,251600000.0,285200000.0,4046600000.0,0.402,131.264,12.536,12.532,156000000.0,0.0,21.43,1.808,1.811,3589400000.0,-625300000.0,1258500000.0,1258500000.0,0.0,,,,,0.0,251600000.0,1.0,411003966.0,411600000.0,414600000.0,3.058,5811300000.0,0.0,32400000.0,1098200000.0,14.119,
4,WU,MRQ,2020-06-30,2020-06-30,2020-06-30,2021-08-04,-177800000.0,8707000000.0,,,,,-0.178,-48500000.0,1181600000.0,1181600000.0,662200000.0,161900000.0,,-119.624,3085800000.0,,,3085800000.0,0.0,57100000.0,0.0,0.039,0.225,222500000.0,279600000.0,0.251,279600000.0,222500000.0,193200000.0,0.39,0.39,0.39,-73400000.0,,-73400000.0,10881062014.0,12.0,9.594,186900000.0,0.454,1.0,452500000.0,0.406,3040500000.0,29300000.0,7570700000.0,,0.0,0.0,,,8780400000.0,,,8883762014.0,104800000.0,0.0,-100000.0,15000000.0,-92500000.0,-77600000.0,-53000000.0,-300000.0,235400000.0,0.0,161900000.0,161900000.0,161900000.0,0.0,0.0,0.145,230700000.0,221800000.0,3989200000.0,0.577,-121.032,14.587,14.707,167500000.0,0.0,21.62,1.806,1.809,3522300000.0,-760200000.0,1114700000.0,1114700000.0,0.0,,,,,0.0,230700000.0,1.0,410904811.0,411500000.0,413600000.0,2.709,5666500000.0,0.0,31300000.0,1173400000.0,13.77,
5,WU,MRQ,2020-03-31,2020-03-31,2020-03-31,2021-08-04,-180300000.0,8365400000.0,,,,,-0.361,8500000.0,1072800000.0,1072800000.0,683400000.0,176700000.0,,-56.881,3070100000.0,,,3070100000.0,0.0,58200000.0,0.0,0.046,0.225,234800000.0,293000000.0,0.246,293000000.0,234800000.0,201900000.0,0.43,0.42,0.43,-149700000.0,,-149700000.0,9268709130.0,6.0,5.441,120900000.0,0.292,1.0,506600000.0,0.426,3051700000.0,32900000.0,7311000000.0,,0.0,0.0,,,8515100000.0,,,7489909130.0,-368000000.0,0.0,-236100000.0,-160000000.0,-92400000.0,-489200000.0,8800000.0,300000.0,112400000.0,0.0,176700000.0,176700000.0,176700000.0,0.0,0.0,0.148,273400000.0,233200000.0,3626200000.0,0.523,-50.033,7.053,7.223,173700000.0,0.0,18.13,1.456,1.46,3134600000.0,-828200000.0,1190000000.0,1190000000.0,0.0,,,,,0.0,273400000.0,1.0,413122401.0,414300000.0,418300000.0,2.872,5313700000.0,0.0,25200000.0,1167100000.0,12.826,
6,WU,MRQ,2019-12-31,2019-12-31,2019-12-31,2021-08-04,-209000000.0,8758500000.0,,,,,-0.094,-34200000.0,1450500000.0,1450500000.0,756500000.0,135400000.0,,-222.734,3229300000.0,,,3229300000.0,0.0,67000000.0,0.0,0.03,0.2,235000000.0,302000000.0,0.231,302000000.0,235000000.0,197500000.0,0.33,0.33,0.33,-39500000.0,,-39500000.0,13084774528.0,9.0,7.559,215100000.0,0.513,1.0,551200000.0,0.422,3061500000.0,37500000.0,7475800000.0,,0.0,0.0,,,8798000000.0,,,11227674528.0,58600000.0,0.0,-60100000.0,-19000000.0,-83700000.0,-166000000.0,-24700000.0,9500000.0,249300000.0,0.0,135400000.0,135400000.0,135400000.0,0.0,0.0,0.104,324700000.0,226500000.0,3898600000.0,0.606,-284.245,10.609,10.842,186900000.0,0.0,26.78,2.122,2.164,3296700000.0,-675900000.0,1307700000.0,1307700000.0,0.0,,,,,0.0,324700000.0,1.0,419255957.0,419500000.0,424600000.0,3.117,5697000000.0,0.0,62100000.0,1171800000.0,13.58,
7,WU,MRQ,2019-09-30,2019-09-30,2019-09-30,2021-08-04,-183100000.0,8803700000.0,,,,,-0.047,-18500000.0,1390900000.0,1390900000.0,768600000.0,135000000.0,,-447.888,3248000000.0,,,3248000000.0,0.0,61100000.0,0.0,0.034,0.2,198400000.0,259500000.0,0.199,259500000.0,198400000.0,162200000.0,0.32,0.32,0.32,-19700000.0,,-19700000.0,11691554771.0,8.0,6.602,244200000.0,0.577,1.0,538300000.0,0.412,3081100000.0,36200000.0,7579700000.0,,0.0,0.0,,,8823400000.0,,,9821554771.0,180700000.0,-20900000.0,-134700000.0,167000000.0,-84200000.0,-52000000.0,-30000000.0,9400000.0,262700000.0,0.0,135000000.0,135000000.0,135000000.0,0.0,0.0,0.103,340900000.0,197400000.0,3872000000.0,0.625,-498.556,8.653,8.81,212200000.0,0.0,23.17,1.824,1.821,3297300000.0,-659400000.0,1306900000.0,1306900000.0,0.0,,,,,0.0,340900000.0,1.0,423891013.0,423300000.0,426800000.0,3.087,5722600000.0,0.0,27200000.0,1169600000.0,13.519,
8,WU,MRQ,2019-06-30,2019-06-30,2019-06-30,2021-08-04,-205700000.0,9043300000.0,,,,,0.07,-37400000.0,1210200000.0,1210200000.0,776400000.0,614800000.0,,298.447,3080200000.0,,,3080200000.0,0.0,64800000.0,0.0,0.039,0.2,784200000.0,849000000.0,0.633,849000000.0,784200000.0,745600000.0,1.43,1.42,1.43,30200000.0,,30200000.0,11103992304.0,7.0,5.907,125600000.0,0.292,1.0,564100000.0,0.421,3102100000.0,38600000.0,7811200000.0,,0.0,0.0,,,9013100000.0,,,8566792304.0,337200000.0,732600000.0,-151300000.0,-292000000.0,-85500000.0,-529500000.0,703700000.0,8500000.0,163000000.0,0.0,614800000.0,614800000.0,614800000.0,0.0,0.0,0.459,305200000.0,258900000.0,4195600000.0,0.14,283.669,7.088,7.155,224100000.0,0.0,19.89,1.567,1.564,3728400000.0,-569700000.0,1340500000.0,1340500000.0,0.0,,,,,0.0,305200000.0,1.0,430708512.0,430000000.0,432300000.0,3.117,5941200000.0,0.0,130800000.0,1242500000.0,13.817,
9,WU,MRQ,2019-03-31,2019-03-31,2019-03-31,2021-08-04,-211600000.0,9432000000.0,,,,,-0.855,-37600000.0,833100000.0,833100000.0,785000000.0,173100000.0,,-26.206,3370300000.0,,,3370300000.0,0.0,64800000.0,0.0,0.042,0.2,255800000.0,320600000.0,0.24,320600000.0,255800000.0,216100000.0,0.4,0.39,0.4,-374200000.0,,-374200000.0,10511203427.0,9.0,7.564,202000000.0,0.462,1.0,552000000.0,0.413,3131200000.0,39700000.0,8838000000.0,,0.0,0.0,,,9806200000.0,,,8050903427.0,-99400000.0,0.0,-169800000.0,-65000000.0,-87400000.0,-322300000.0,-16700000.0,20900000.0,239600000.0,0.0,173100000.0,173100000.0,173100000.0,0.0,0.0,0.129,300800000.0,251200000.0,3968800000.0,0.5,-21.515,9.922,10.093,229000000.0,0.0,18.47,1.454,1.46,3497500000.0,-938000000.0,1337000000.0,1337000000.0,0.0,,,,,0.0,300800000.0,1.0,435890819.0,437700000.0,439900000.0,3.055,6300800000.0,0.0,43000000.0,1250400000.0,14.395,
10,WU,MRQ,2018-12-31,2018-12-31,2018-12-31,2021-08-04,-231000000.0,8996800000.0,,,,,-0.7,-200400000.0,973400000.0,973400000.0,833800000.0,212100000.0,,-30.041,3433700000.0,,,3433700000.0,0.0,68700000.0,0.0,0.045,0.19,273200000.0,341900000.0,0.244,341900000.0,273200000.0,235000000.0,0.48,0.47,0.48,-309800000.0,,-309800000.0,10081689365.0,9.0,7.172,102400000.0,0.231,1.0,567800000.0,0.405,3323200000.0,38200000.0,8133900000.0,,0.0,0.0,,,9306600000.0,,,7554289365.0,203000000.0,0.0,-51000000.0,136700000.0,-83900000.0,-800000.0,-99000000.0,-8100000.0,302800000.0,0.0,212100000.0,212100000.0,212100000.0,0.0,0.0,0.151,296800000.0,271000000.0,4378700000.0,0.396,-24.384,8.868,9.026,270400000.0,0.0,17.06,1.351,1.379,3813800000.0,-838800000.0,1401600000.0,1401600000.0,0.0,,,,,0.0,296800000.0,1.0,442807114.0,442800000.0,445400000.0,3.165,5673600000.0,0.0,22900000.0,1215100000.0,12.813,
11,WU,MRQ,2018-09-30,2018-09-30,2018-09-30,2021-08-04,-246600000.0,8989600000.0,,,,,-0.929,-67300000.0,767600000.0,767600000.0,812400000.0,208600000.0,,-22.646,3295000000.0,,,3295000000.0,0.0,63600000.0,0.0,0.039,0.19,304800000.0,368400000.0,0.265,368400000.0,304800000.0,266400000.0,0.47,0.46,0.47,-415300000.0,,-415300000.0,10918097427.0,18.0,12.431,152500000.0,0.341,1.0,575400000.0,0.415,3329500000.0,38400000.0,8187500000.0,,0.0,0.0,,,9404900000.0,,,8524597427.0,-173300000.0,0.0,-107600000.0,-38500000.0,-84500000.0,-232000000.0,-161100000.0,-3500000.0,219800000.0,0.0,208600000.0,208600000.0,208600000.0,0.0,0.0,0.15,272800000.0,302600000.0,4612200000.0,0.404,-20.526,-17.719,-19.449,266800000.0,0.0,19.06,1.515,1.514,4018800000.0,-916800000.0,1387800000.0,1387800000.0,0.0,,,,,0.0,272800000.0,1.0,447250652.0,446800000.0,449000000.0,3.106,5660100000.0,0.0,57800000.0,1233000000.0,12.668,
12,WU,MRQ,2018-06-30,2018-06-30,2018-06-30,2021-08-04,-248000000.0,9115600000.0,,,,,-0.987,-44400000.0,938300000.0,938300000.0,829200000.0,217600000.0,,-21.199,3331800000.0,,,3331800000.0,0.0,65700000.0,0.0,0.036,0.19,293000000.0,358700000.0,0.254,358700000.0,293000000.0,255500000.0,0.48,0.47,0.48,-451300000.0,,-451300000.0,11575692047.0,20.0,13.59,121600000.0,0.266,1.0,581900000.0,0.412,3271500000.0,37500000.0,8237600000.0,,0.0,0.0,,,9566900000.0,,,9366592047.0,-3700000.0,0.0,-235900000.0,187800000.0,-85800000.0,-133900000.0,-35800000.0,17500000.0,166000000.0,0.0,217600000.0,217600000.0,217600000.0,0.0,0.0,0.154,298300000.0,283600000.0,4599000000.0,0.396,-20.755,-20.627,-21.628,241800000.0,0.0,20.33,1.66,1.647,4011800000.0,-939900000.0,1411100000.0,1411100000.0,0.0,,,,,0.0,298300000.0,1.0,460727597.0,457200000.0,459600000.0,3.086,5844100000.0,0.0,37900000.0,1330600000.0,12.782,
13,WU,MRQ,2018-03-31,2018-03-31,2018-03-31,2021-08-04,-276000000.0,9188000000.0,,,,,-0.816,-26900000.0,934300000.0,934300000.0,825400000.0,213600000.0,,-25.449,3143400000.0,,,3143400000.0,0.0,66700000.0,0.0,0.037,0.19,270000000.0,336700000.0,0.242,336700000.0,270000000.0,234500000.0,0.46,0.46,0.46,-375800000.0,,-375800000.0,11027713078.0,21.0,14.167,105800000.0,0.23,1.0,564000000.0,0.406,3295900000.0,35500000.0,8101200000.0,,0.0,0.0,,,9563800000.0,,,8832313078.0,109300000.0,0.0,-7800000.0,110000000.0,-87500000.0,9500000.0,-32900000.0,4300000.0,132700000.0,0.0,213600000.0,213600000.0,213600000.0,0.0,0.0,0.154,299100000.0,264900000.0,4620600000.0,0.413,-23.503,-17.483,-17.972,215700000.0,0.0,19.23,1.574,1.577,4026500000.0,-819800000.0,1389400000.0,1389400000.0,0.0,,,,,0.0,299100000.0,1.0,459298652.0,460300000.0,463600000.0,3.018,5892100000.0,0.0,20900000.0,1436200000.0,12.801,
14,WU,MRQ,2017-12-31,2017-12-31,2017-12-31,2021-08-04,-227900000.0,9231400000.0,,,,,-1.069,-100800000.0,838200000.0,838200000.0,870300000.0,-1120900000.0,,-19.786,3033600000.0,,,3033600000.0,0.0,65800000.0,0.0,0.037,0.175,-251300000.0,-185500000.0,-0.129,-185500000.0,-251300000.0,-289200000.0,-2.39,-2.38,-2.39,-491400000.0,,-491400000.0,11229848847.0,23.0,14.923,218100000.0,0.474,1.0,568000000.0,0.395,3314200000.0,37900000.0,8112600000.0,,0.0,0.0,,,9722800000.0,,,8731148847.0,-190300000.0,-24900000.0,-8900000.0,-500200000.0,-80300000.0,-590700000.0,81500000.0,161000000.0,318900000.0,0.0,-1120900000.0,-1120900000.0,-1120900000.0,0.0,0.0,-0.779,819900000.0,-251900000.0,4907400000.0,-0.073,-17.768,-15.672,-15.975,214200000.0,0.0,19.01,1.58,1.61,4188900000.0,-965900000.0,1438300000.0,1438300000.0,0.0,,,,,0.0,355900000.0,1.0,459292417.0,459800000.0,450800000.0,3.128,5917200000.0,0.0,831700000.0,1425000000.0,12.869,
15,WU,MRQ,2017-09-30,2017-09-30,2017-09-30,2021-08-04,-228300000.0,9873600000.0,,,,,1.533,-21500000.0,1034700000.0,1034700000.0,840500000.0,235600000.0,,12.918,3533400000.0,,,3533400000.0,0.0,65500000.0,0.0,0.036,0.175,276400000.0,341900000.0,0.243,341900000.0,276400000.0,239200000.0,0.51,0.51,0.51,709400000.0,,709400000.0,11476901754.0,27.0,16.523,425600000.0,0.92,1.0,564200000.0,0.402,3762200000.0,37200000.0,8610100000.0,,0.0,0.0,,,9164200000.0,,,8908701754.0,-24500000.0,0.0,-101500000.0,-94800000.0,-80500000.0,-276800000.0,-194800000.0,-147600000.0,447100000.0,0.0,235600000.0,235600000.0,235600000.0,0.0,0.0,0.168,292000000.0,272200000.0,4537500000.0,0.343,12.558,42.666,40.0,211900000.0,0.0,19.2,1.632,1.628,3947000000.0,247900000.0,1404700000.0,1404700000.0,0.0,,,,,0.0,292000000.0,1.0,463994883.0,462800000.0,465400000.0,3.035,6111400000.0,0.0,3600000.0,605400000.0,13.205,
16,WU,MRQ,2017-06-30,2017-06-30,2017-06-30,2021-08-04,-209400000.0,9408200000.0,,,,,1.409,-35200000.0,1059200000.0,1059200000.0,842300000.0,166500000.0,,13.229,3627400000.0,,,3627400000.0,0.0,65200000.0,0.0,0.035,0.175,220100000.0,285300000.0,0.207,285300000.0,220100000.0,184400000.0,0.35,0.35,0.35,661200000.0,,661200000.0,11144992110.0,25.0,15.91,-145500000.0,-0.31,1.0,536600000.0,0.389,3777600000.0,35700000.0,8198800000.0,,0.0,0.0,,,8747000000.0,,,8977392110.0,-264100000.0,0.0,-165900000.0,134300000.0,-81500000.0,-113100000.0,-40700000.0,8200000.0,-110300000.0,0.0,166500000.0,166500000.0,166500000.0,0.0,0.0,0.121,321200000.0,215400000.0,4170200000.0,0.5,13.577,47.225,45.357,215300000.0,0.0,19.05,1.653,1.647,3646400000.0,193900000.0,1378900000.0,1378900000.0,0.0,,,,,0.0,321200000.0,1.0,471254179.0,469400000.0,472000000.0,2.938,5630600000.0,0.0,17900000.0,539500000.0,11.995,
17,WU,MRQ,2017-03-31,2017-03-31,2017-03-31,2021-08-04,-173800000.0,9486000000.0,,,,,1.564,-19600000.0,1323300000.0,1323300000.0,799900000.0,161700000.0,,11.643,3490900000.0,,,3490900000.0,0.0,66400000.0,0.0,0.032,0.175,244400000.0,310800000.0,0.239,310800000.0,244400000.0,213100000.0,0.34,0.33,0.34,750300000.0,,750300000.0,11694988423.0,24.0,15.706,66700000.0,0.139,1.0,502500000.0,0.386,3811600000.0,31300000.0,7842000000.0,,0.0,0.0,,,8735700000.0,,,9786388423.0,445800000.0,0.0,-213500000.0,706900000.0,-83300000.0,410100000.0,-50600000.0,-24200000.0,86300000.0,0.0,161700000.0,161700000.0,161700000.0,0.0,0.0,0.124,262400000.0,240100000.0,4425700000.0,0.515,13.043,42.698,41.531,209300000.0,0.0,20.35,1.803,1.799,3452000000.0,259700000.0,1302400000.0,1302400000.0,0.0,,,,,0.0,262400000.0,1.0,480903608.0,479800000.0,483400000.0,2.714,5674400000.0,0.0,51400000.0,537800000.0,11.827,
18,WU,MRQ,2016-12-31,2016-12-31,2016-12-31,2021-08-04,-162800000.0,9419600000.0,,,,,1.866,-31400000.0,877500000.0,877500000.0,842500000.0,-355000000.0,,9.441,2786100000.0,,,2786100000.0,0.0,65300000.0,0.0,0.029,0.16,-308700000.0,-243400000.0,-0.177,-243400000.0,-308700000.0,-338300000.0,-0.72,-0.72,-0.72,902200000.0,,902200000.0,12475154292.0,25.0,16.471,188600000.0,0.39,1.0,529200000.0,0.386,3826200000.0,29600000.0,7502000000.0,,0.0,0.0,,,8517400000.0,,,10531054292.0,-403200000.0,0.0,-77100000.0,-430400000.0,-77100000.0,-586000000.0,-37200000.0,15600000.0,220000000.0,0.0,-355000000.0,-355000000.0,-355000000.0,0.0,0.0,-0.259,839400000.0,-310200000.0,4878700000.0,-0.222,11.673,41.592,41.769,220500000.0,0.0,21.72,1.942,1.963,3749100000.0,419300000.0,1371700000.0,1371700000.0,0.0,,,,,0.0,839400000.0,1.0,484855170.0,483600000.0,487500000.0,2.836,5593400000.0,0.0,16700000.0,493200000.0,11.566,
19,WU,MRQ,2016-09-30,2016-09-30,2016-09-30,2021-08-04,-176900000.0,9518700000.0,,,,,2.849,-42400000.0,1280700000.0,1280700000.0,822900000.0,216900000.0,,5.86,3224800000.0,,,3224800000.0,0.0,66400000.0,0.0,0.03,0.16,281400000.0,347800000.0,0.252,347800000.0,281400000.0,240000000.0,0.45,0.44,0.45,1387600000.0,,1387600000.0,12220512032.0,11.0,9.069,293900000.0,0.603,1.0,554900000.0,0.403,3855700000.0,41400000.0,7607100000.0,,0.0,0.0,,,8131100000.0,,,10154612032.0,118100000.0,0.0,-63700000.0,0.0,-77700000.0,-141400000.0,-76800000.0,-8500000.0,336300000.0,0.0,216900000.0,216900000.0,216900000.0,0.0,0.0,0.157,276600000.0,278300000.0,3946400000.0,0.356,7.318,12.376,12.542,224400000.0,0.0,20.82,1.87,1.867,3389000000.0,930900000.0,1377800000.0,1377800000.0,0.0,,,,,0.0,276600000.0,1.0,487733527.0,487000000.0,490300000.0,2.829,5663000000.0,0.0,23100000.0,508600000.0,11.628,
20,WU,MRQ,2016-06-30,2016-06-30,2016-06-30,2021-08-04,-165000000.0,9394900000.0,,,,,2.681,-21000000.0,1162600000.0,1162600000.0,821900000.0,205600000.0,,6.148,3228500000.0,,,3228500000.0,0.0,65900000.0,0.0,0.033,0.16,263500000.0,329400000.0,0.239,329400000.0,263500000.0,222500000.0,0.42,0.42,0.42,1314400000.0,,1314400000.0,11485700774.0,10.0,8.313,251900000.0,0.514,1.0,553800000.0,0.403,3863900000.0,41000000.0,7596900000.0,,0.0,0.0,,,8080500000.0,,,9420000774.0,2600000.0,0.0,-98400000.0,0.0,-78100000.0,-176500000.0,-93800000.0,-33000000.0,272900000.0,0.0,205600000.0,205600000.0,205600000.0,0.0,0.0,0.149,293500000.0,260300000.0,3869500000.0,0.381,7.167,11.269,11.485,221700000.0,0.0,19.18,1.728,1.725,3357100000.0,877200000.0,1375700000.0,1375700000.0,0.0,,,,,0.0,293500000.0,1.0,491136641.0,490300000.0,493000000.0,2.806,5531000000.0,0.0,16900000.0,481300000.0,11.281,
21,WU,MRQ,2016-03-31,2016-03-31,2016-03-31,2021-08-04,-179100000.0,9418300000.0,,,,,2.478,-27700000.0,1160000000.0,1160000000.0,779400000.0,185700000.0,,6.602,3225700000.0,,,3225700000.0,0.0,65600000.0,0.0,0.032,0.16,258000000.0,323600000.0,0.249,323600000.0,258000000.0,217500000.0,0.37,0.37,0.37,1239000000.0,,1239000000.0,11591628564.0,11.0,8.491,185000000.0,0.37,1.0,518300000.0,0.399,3859800000.0,40500000.0,7624200000.0,,0.0,0.0,,,8179300000.0,,,9681928564.0,-155900000.0,0.0,-226000000.0,0.0,-79300000.0,-305300000.0,-63300000.0,-15400000.0,212700000.0,0.0,185700000.0,185700000.0,185700000.0,0.0,0.0,0.143,259700000.0,258600000.0,3905100000.0,0.432,7.814,11.813,11.907,226300000.0,0.0,19.29,1.773,1.766,3326100000.0,827900000.0,1297700000.0,1297700000.0,0.0,,,,,0.0,259700000.0,1.0,501914389.0,500000000.0,503200000.0,2.595,5558500000.0,0.0,31800000.0,498900000.0,11.117,
22,WU,MRQ,2015-12-31,2015-12-31,2015-12-31,2021-08-04,-143900000.0,9449200000.0,,,,,2.785,-47500000.0,1315900000.0,1315900000.0,811000000.0,212300000.0,,5.726,3215900000.0,,,3215900000.0,0.0,69000000.0,0.0,0.035,0.155,277700000.0,346700000.0,0.251,346700000.0,277700000.0,236900000.0,0.42,0.42,0.42,1404900000.0,,1404900000.0,11118982871.0,10.0,8.058,219400000.0,0.435,1.0,569000000.0,0.412,3868800000.0,40800000.0,7480400000.0,,0.0,0.0,,,8044300000.0,,,9049582871.0,-98500000.0,0.0,-68900000.0,-250000000.0,-78000000.0,-396900000.0,31500000.0,91300000.0,266900000.0,0.0,212300000.0,212300000.0,212300000.0,0.0,0.0,0.154,287200000.0,281800000.0,3915300000.0,0.369,6.441,10.802,10.988,231800000.0,0.0,17.91,1.65,1.674,3308700000.0,977300000.0,1380000000.0,1380000000.0,0.0,,,,,0.0,287200000.0,1.0,505281009.0,504500000.0,508600000.0,2.735,5580400000.0,0.0,24600000.0,484100000.0,11.061,
23,WU,MRQ,2015-09-30,2015-09-30,2015-09-30,2021-08-04,-126300000.0,9815900000.0,,,,,2.644,-48500000.0,1414400000.0,1414400000.0,817200000.0,232300000.0,,6.286,3483800000.0,,,3483800000.0,0.0,74400000.0,0.0,0.032,0.155,307600000.0,382000000.0,0.273,382000000.0,307600000.0,265400000.0,0.46,0.45,0.46,1347200000.0,,1347200000.0,11485182450.0,10.0,8.317,290000000.0,0.569,1.0,582000000.0,0.416,3906100000.0,42200000.0,7979200000.0,,0.0,0.0,,,8468700000.0,,,9389882450.0,-216100000.0,0.0,-130600000.0,-250000000.0,-78500000.0,-459100000.0,-95500000.0,-11200000.0,338500000.0,0.0,232300000.0,232300000.0,232300000.0,0.0,0.0,0.166,277500000.0,304500000.0,4017900000.0,0.337,6.97,11.086,11.127,224800000.0,0.0,18.36,1.703,1.697,3369900000.0,912300000.0,1399200000.0,1399200000.0,0.0,,,,,0.0,277500000.0,1.0,511431506.0,509600000.0,513200000.0,2.746,5909800000.0,0.0,33100000.0,513400000.0,11.597,
24,WU,MRQ,2015-06-30,2015-06-30,2015-06-30,2021-08-04,-123500000.0,10063800000.0,,,,,2.538,-20500000.0,1630500000.0,1630500000.0,799400000.0,189300000.0,,6.698,3725800000.0,,,3725800000.0,0.0,62900000.0,0.0,0.028,0.155,250000000.0,312900000.0,0.226,312900000.0,250000000.0,206900000.0,0.37,0.36,0.37,1307400000.0,,1307400000.0,12469904134.0,11.0,9.024,233400000.0,0.453,1.0,584200000.0,0.422,3936600000.0,43100000.0,8222500000.0,,0.0,0.0,,,8756400000.0,,,10496604134.0,-124800000.0,0.0,-121200000.0,0.0,-79500000.0,-200700000.0,-178000000.0,-100000000.0,253900000.0,0.0,189300000.0,189300000.0,189300000.0,0.0,0.0,0.137,333400000.0,250800000.0,4078200000.0,0.419,8.029,12.366,12.472,201200000.0,0.0,20.33,1.889,1.885,3490400000.0,884200000.0,1383600000.0,1383600000.0,0.0,,,,,0.0,333400000.0,1.0,516311074.0,515200000.0,519800000.0,2.686,6127200000.0,0.0,17600000.0,486900000.0,11.893,
25,WU,MRQ,2015-03-31,2015-03-31,2015-03-31,2021-08-04,-78100000.0,10353000000.0,,,,,2.591,-27200000.0,1755300000.0,1755300000.0,771800000.0,203900000.0,,6.669,3728600000.0,,,3728600000.0,0.0,63900000.0,0.0,0.025,0.155,274400000.0,338300000.0,0.256,338300000.0,274400000.0,232600000.0,0.39,0.39,0.39,1349900000.0,,1349900000.0,12788471969.0,11.0,9.052,184600000.0,0.354,1.0,549100000.0,0.416,3940800000.0,41800000.0,8385500000.0,,0.0,0.0,,,9003100000.0,,,10851271969.0,-27900000.0,0.0,-114800000.0,0.0,-80500000.0,-195300000.0,-44400000.0,0.0,211800000.0,0.0,203900000.0,203900000.0,203900000.0,0.0,0.0,0.154,276800000.0,272300000.0,4052500000.0,0.397,8.039,12.717,12.846,202600000.0,0.0,20.81,1.946,1.944,3472100000.0,931900000.0,1320900000.0,1320900000.0,0.0,,,,,0.0,276800000.0,1.0,521445073.0,521000000.0,525200000.0,2.535,6412200000.0,0.0,28700000.0,503500000.0,12.307,
26,WU,MRQ,2014-12-31,2014-12-31,2014-12-31,2021-08-04,-118900000.0,9890400000.0,,,,,2.488,-25600000.0,1783200000.0,1783200000.0,831900000.0,221500000.0,,6.606,3720400000.0,,,3720400000.0,0.0,69500000.0,0.0,0.028,0.125,278300000.0,347800000.0,0.247,347800000.0,278300000.0,235900000.0,0.43,0.42,0.43,1300400000.0,,1300400000.0,11407050806.0,10.0,8.052,245000000.0,0.469,1.0,578000000.0,0.41,3917300000.0,42400000.0,7910300000.0,,0.0,0.0,,,8590000000.0,,,9360250806.0,115800000.0,0.0,-39800000.0,0.0,-65300000.0,-105100000.0,-49700000.0,0.0,270600000.0,0.0,221500000.0,221500000.0,221500000.0,0.0,0.0,0.157,301900000.0,276100000.0,3914100000.0,0.291,7.198,10.981,11.194,206400000.0,0.0,17.91,1.669,1.704,3313700000.0,968700000.0,1409900000.0,1409900000.0,0.0,,,,,0.0,301900000.0,1.0,522627069.0,522600000.0,526900000.0,2.698,5973100000.0,0.0,14400000.0,471300000.0,11.43,
27,WU,MRQ,2014-09-30,2014-09-30,2014-09-30,2021-08-04,-110900000.0,9846600000.0,,,,,2.235,-28400000.0,1667400000.0,1667400000.0,840500000.0,234100000.0,,7.347,3714200000.0,,,3714200000.0,0.0,66800000.0,0.0,0.031,0.125,316000000.0,382800000.0,0.266,382800000.0,316000000.0,272800000.0,0.44,0.44,0.44,1179700000.0,,1179700000.0,10646907287.0,10.0,7.735,296800000.0,0.562,1.0,600400000.0,0.417,3938400000.0,43200000.0,7955000000.0,,0.0,0.0,,,8666900000.0,,,8497507287.0,62700000.0,0.0,-129000000.0,-35000000.0,-65500000.0,-229500000.0,-33000000.0,0.0,325200000.0,0.0,234100000.0,234100000.0,234100000.0,0.0,0.0,0.162,286300000.0,314100000.0,4061900000.0,0.284,7.203,10.565,10.838,205700000.0,0.0,16.04,1.512,1.507,3465800000.0,856200000.0,1440900000.0,1440900000.0,0.0,,,,,0.0,286300000.0,1.0,529769781.0,527800000.0,531200000.0,2.73,5908200000.0,0.0,38700000.0,497500000.0,11.194,
28,WU,MRQ,2014-06-30,2014-06-30,2014-06-30,2021-08-04,-162500000.0,9874600000.0,,,,,1.993,-22900000.0,1604700000.0,1604700000.0,827800000.0,193800000.0,,8.227,3754100000.0,,,3754100000.0,0.0,68400000.0,0.0,0.029,0.125,275500000.0,343900000.0,0.245,343900000.0,275500000.0,232100000.0,0.36,0.36,0.36,1070200000.0,,1070200000.0,11495040218.0,11.0,8.435,230400000.0,0.429,1.0,577800000.0,0.411,3969000000.0,43400000.0,8055000000.0,,0.0,0.0,,,8804400000.0,,,9344940218.0,-89300000.0,-400000.0,-129700000.0,-95000000.0,-66800000.0,-291500000.0,-51100000.0,0.0,253300000.0,0.0,193800000.0,193800000.0,193800000.0,0.0,0.0,0.138,299500000.0,278300000.0,4157300000.0,0.347,8.732,11.91,12.126,208500000.0,0.0,17.34,1.673,1.667,3603700000.0,810100000.0,1405600000.0,1405600000.0,0.0,,,,,0.0,299500000.0,1.0,538923888.0,537100000.0,539900000.0,2.617,5905600000.0,0.0,38300000.0,511200000.0,10.995,
29,WU,MRQ,2014-03-31,2014-03-31,2014-03-31,2021-08-04,-170000000.0,9922600000.0,,,,,1.956,-29000000.0,1694000000.0,1694000000.0,797200000.0,203000000.0,,8.293,3844100000.0,,,3844100000.0,0.0,67200000.0,0.0,0.031,0.125,275000000.0,342200000.0,0.253,342200000.0,275000000.0,227400000.0,0.37,0.37,0.37,1067700000.0,,1067700000.0,11104143120.0,10.0,8.132,167800000.0,0.307,1.0,553600000.0,0.41,4004100000.0,47600000.0,8068600000.0,,0.0,0.0,,,8854900000.0,,,8964243120.0,-379100000.0,-10200000.0,-182700000.0,-370000000.0,-67600000.0,-620300000.0,44400000.0,100200000.0,196800000.0,0.0,203000000.0,203000000.0,203000000.0,0.0,0.0,0.15,281600000.0,272000000.0,4090300000.0,0.338,8.396,11.356,11.441,214000000.0,0.0,16.36,1.61,1.604,3515900000.0,827100000.0,1350800000.0,1350800000.0,0.0,,,,,0.0,281600000.0,1.0,547936621.0,545900000.0,549200000.0,2.474,5918500000.0,0.0,24400000.0,528900000.0,10.842,
30,WU,MRQ,2013-12-31,2013-12-31,2013-12-31,2021-08-04,-169000000.0,10121300000.0,,,,,2.005,-24700000.0,2073100000.0,2073100000.0,845700000.0,173400000.0,,8.162,4213000000.0,,,4213000000.0,0.0,64900000.0,0.0,0.029,0.125,242700000.0,307600000.0,0.216,307600000.0,242700000.0,192800000.0,0.31,0.32,0.31,1104700000.0,,1104700000.0,11752337271.0,10.0,8.484,253000000.0,0.459,1.0,576200000.0,0.405,4005800000.0,49900000.0,8255400000.0,,0.0,0.0,,,9016600000.0,,,9526337271.0,330400000.0,0.0,-51600000.0,248000000.0,-68600000.0,127800000.0,-75100000.0,0.0,277700000.0,0.0,173400000.0,173400000.0,173400000.0,0.0,0.0,0.122,337800000.0,238400000.0,3909300000.0,0.403,8.623,11.932,12.063,209900000.0,0.0,17.25,1.719,1.732,3270400000.0,877300000.0,1421900000.0,1421900000.0,0.0,,,,,0.0,337800000.0,1.0,552251436.0,550900000.0,554900000.0,2.581,6115500000.0,0.0,19400000.0,536100000.0,11.101,
31,WU,MRQ,2013-09-30,2013-09-30,2013-09-30,2021-08-04,-165300000.0,9940900000.0,,,,,1.902,-32700000.0,1742700000.0,1742700000.0,818200000.0,214400000.0,,8.465,3968700000.0,,,3968700000.0,0.0,68600000.0,0.0,0.027,0.125,300500000.0,369100000.0,0.262,369100000.0,300500000.0,251700000.0,0.39,0.39,0.39,1050300000.0,,1050300000.0,12621021002.0,11.0,8.826,300700000.0,0.545,1.0,590600000.0,0.419,4044100000.0,48800000.0,8122800000.0,,0.0,0.0,,,8890600000.0,,,10299121002.0,347300000.0,0.0,-6900000.0,249300000.0,-69000000.0,173400000.0,-159500000.0,-100000000.0,333400000.0,0.0,214400000.0,214400000.0,214400000.0,0.0,0.0,0.152,295300000.0,295300000.0,4007100000.0,0.321,9.806,11.935,12.196,208600000.0,0.0,18.66,1.857,1.858,3408000000.0,832000000.0,1408800000.0,1408800000.0,0.0,,,,,0.0,295300000.0,1.0,551935745.0,552100000.0,555800000.0,2.552,5896800000.0,0.0,37300000.0,542000000.0,10.681,
32,WU,MRQ,2013-06-30,2013-06-30,2013-06-30,2021-08-04,-138300000.0,9589400000.0,,,,,1.671,-38500000.0,1395400000.0,1395400000.0,811700000.0,198600000.0,,9.327,3717300000.0,,,3717300000.0,0.0,66400000.0,0.0,0.028,0.125,280200000.0,346600000.0,0.25,346600000.0,280200000.0,232200000.0,0.36,0.36,0.36,928600000.0,,928600000.0,11841876841.0,10.0,7.945,201700000.0,0.363,1.0,574200000.0,0.414,4073900000.0,48000000.0,7837400000.0,,0.0,0.0,,,8660800000.0,,,9532176841.0,-21700000.0,0.0,-123800000.0,0.0,-69300000.0,-193100000.0,-68800000.0,0.0,240200000.0,0.0,198600000.0,198600000.0,198600000.0,0.0,0.0,0.143,297400000.0,276800000.0,4004300000.0,0.347,10.265,10.384,10.761,203600000.0,0.0,17.11,1.715,1.711,3462800000.0,707400000.0,1385900000.0,1385900000.0,0.0,,,,,0.0,297400000.0,1.0,557111446.0,555700000.0,558300000.0,2.494,5515500000.0,0.0,33600000.0,561200000.0,9.925,
33,WU,MRQ,2013-03-31,2013-03-31,2013-03-31,2021-08-04,-133700000.0,9361700000.0,,,,,1.617,-26100000.0,1417100000.0,1417100000.0,759400000.0,212000000.0,,9.202,3726800000.0,,,3726800000.0,0.0,62900000.0,0.0,0.03,0.125,299100000.0,362000000.0,0.273,362000000.0,299100000.0,250200000.0,0.37,0.37,0.37,917600000.0,,917600000.0,10806959320.0,8.0,6.936,211200000.0,0.372,1.0,566000000.0,0.427,4041800000.0,48900000.0,7629600000.0,,0.0,0.0,,,8444100000.0,,,8554259320.0,-359400000.0,0.0,-188500000.0,-300000000.0,-70300000.0,-558800000.0,-37900000.0,0.0,237300000.0,0.0,212000000.0,212000000.0,212000000.0,0.0,0.0,0.16,269100000.0,296900000.0,3843400000.0,0.338,9.322,8.635,9.006,198700000.0,0.0,15.04,1.528,1.525,3319200000.0,702800000.0,1325400000.0,1325400000.0,0.0,,,,,0.0,269100000.0,1.0,568767242.0,567600000.0,569700000.0,2.335,5319900000.0,0.0,38200000.0,582500000.0,9.373,
34,WU,MRQ,2012-12-31,2012-12-31,2012-12-31,2021-08-04,-152600000.0,9465700000.0,,,,,1.599,-27300000.0,1776500000.0,1776500000.0,817400000.0,237900000.0,,9.063,4029200000.0,,,4029200000.0,0.0,62000000.0,0.0,0.031,0.125,290300000.0,352300000.0,0.247,352300000.0,290300000.0,244800000.0,0.41,0.4,0.41,940600000.0,,940600000.0,10119440244.0,8.0,6.346,298400000.0,0.507,1.0,607300000.0,0.426,4058600000.0,45500000.0,7659800000.0,,0.0,0.0,,,8525100000.0,,,8119440244.0,343500000.0,-9300000.0,-348700000.0,592800000.0,-131900000.0,112200000.0,-94400000.0,0.0,325700000.0,0.0,237900000.0,237900000.0,237900000.0,0.0,0.0,0.167,321300000.0,286000000.0,3670800000.0,0.305,8.632,7.914,8.006,196100000.0,0.0,13.61,1.433,1.453,3114600000.0,754700000.0,1424700000.0,1424700000.0,0.0,,,,,0.0,321300000.0,1.0,596579004.0,588100000.0,590300000.0,2.423,5407100000.0,0.0,6900000.0,570400000.0,9.194,
35,WU,MRQ,2012-09-30,2012-09-30,2012-09-30,2021-08-04,-124500000.0,9355100000.0,,,,,1.906,-23000000.0,1433000000.0,1433000000.0,796300000.0,269500000.0,,7.158,3433000000.0,,,3433000000.0,0.0,61200000.0,0.0,0.021,0.1,368400000.0,429600000.0,0.302,429600000.0,368400000.0,323800000.0,0.45,0.45,0.45,1146700000.0,,1146700000.0,13244890530.0,9.0,7.801,390900000.0,0.65,1.0,625300000.0,0.44,4034200000.0,44600000.0,7320900000.0,,0.0,0.0,,,8208400000.0,,,10975590530.0,29200000.0,24100000.0,-107000000.0,-240000000.0,0.0,-347000000.0,-37700000.0,0.0,413900000.0,0.0,269500000.0,269500000.0,269500000.0,0.0,0.0,0.19,259700000.0,365600000.0,3905700000.0,0.222,9.571,8.849,9.02,196700000.0,0.0,18.22,1.935,1.932,3326600000.0,940300000.0,1421600000.0,1421600000.0,0.0,,,,,0.0,259700000.0,1.0,602392455.0,601500000.0,604200000.0,2.363,5320900000.0,0.0,54300000.0,611100000.0,8.846,
36,WU,MRQ,2012-06-30,2012-06-30,2012-06-30,2021-08-04,-107000000.0,9166000000.0,,,,,1.723,-23000000.0,1403800000.0,1403800000.0,797500000.0,271200000.0,,7.706,3673100000.0,,,3673100000.0,0.0,59000000.0,0.0,0.021,0.1,355200000.0,414200000.0,0.291,414200000.0,355200000.0,310100000.0,0.44,0.44,0.44,1052800000.0,,1052800000.0,12559901475.0,9.0,7.5,207700000.0,0.34,1.0,627600000.0,0.44,4035700000.0,45100000.0,7399600000.0,,0.0,0.0,,,8113200000.0,,,10322101475.0,7900000.0,-4800000.0,-151800000.0,40000000.0,-60700000.0,-172500000.0,-50300000.0,0.0,230700000.0,0.0,271200000.0,271200000.0,271200000.0,0.0,0.0,0.19,281700000.0,345900000.0,3599300000.0,0.227,9.804,8.527,8.636,196400000.0,0.0,16.84,1.823,1.817,3103300000.0,842800000.0,1425100000.0,1425100000.0,0.0,,,,,0.0,281700000.0,1.0,612951394.0,610900000.0,613100000.0,2.333,5130300000.0,0.0,38900000.0,578400000.0,8.398,
37,WU,MRQ,2012-03-31,2012-03-31,2012-03-31,2021-08-04,-132500000.0,9197800000.0,,,,,1.563,-20000000.0,1395900000.0,1395900000.0,783000000.0,247300000.0,,8.508,3633700000.0,,,3633700000.0,0.0,63900000.0,0.0,0.019,0.1,334500000.0,398400000.0,0.286,398400000.0,334500000.0,290100000.0,0.4,0.4,0.4,967400000.0,,967400000.0,13130176851.0,9.0,7.794,195000000.0,0.315,1.0,610400000.0,0.438,4044600000.0,44400000.0,7391000000.0,,0.0,0.0,,,8230400000.0,,,10917876851.0,25000000.0,0.0,-105600000.0,53000000.0,-61600000.0,-114200000.0,-75800000.0,0.0,215000000.0,0.0,247300000.0,247300000.0,247300000.0,0.0,0.0,0.177,277900000.0,332500000.0,3683400000.0,0.25,11.286,9.079,9.119,196300000.0,0.0,17.6,1.949,1.945,3185100000.0,794900000.0,1393400000.0,1393400000.0,0.0,,,,,0.0,277900000.0,1.0,620333912.0,619100000.0,621900000.0,2.251,5153200000.0,0.0,42800000.0,651600000.0,8.324,
38,WU,MRQ,2011-12-31,2011-12-31,2011-12-31,2021-08-04,-118500000.0,9069900000.0,,,,,1.444,-17800000.0,1370900000.0,1370900000.0,792400000.0,452300000.0,,9.136,3583200000.0,,,3583200000.0,0.0,55400000.0,0.0,0.017,0.08,400200000.0,455600000.0,0.318,455600000.0,400200000.0,352600000.0,0.73,0.72,0.73,894800000.0,,894800000.0,12617152266.0,9.0,7.651,274300000.0,0.443,1.0,638900000.0,0.446,4046300000.0,47600000.0,7235900000.0,,0.0,0.0,,,8175100000.0,,,11305452266.0,-1300200000.0,-1081700000.0,5800000.0,-399800000.0,-99200000.0,-493200000.0,-1099100000.0,20800000.0,292100000.0,0.0,452300000.0,452300000.0,452300000.0,0.0,0.0,0.316,280500000.0,358400000.0,3626200000.0,0.11,12.635,9.701,9.87,198100000.0,0.0,18.26,2.059,2.097,3091200000.0,760000000.0,1431300000.0,1431300000.0,0.0,,,,,0.0,280500000.0,1.0,619137583.0,619500000.0,621900000.0,2.31,5023600000.0,0.0,-99700000.0,692100000.0,8.109,
39,WU,MRQ,2011-09-30,2011-09-30,2011-09-30,2021-08-04,-94700000.0,8819700000.0,,,,,0.803,-17400000.0,2671100000.0,2671100000.0,800000000.0,239700000.0,,16.573,3982800000.0,,,3982800000.0,0.0,45900000.0,0.0,0.02,0.08,360600000.0,406500000.0,0.288,406500000.0,360600000.0,313900000.0,0.38,0.38,0.38,501900000.0,,501900000.0,11093371118.0,8.0,7.055,359100000.0,0.575,1.0,610800000.0,0.433,2813900000.0,46700000.0,7317500000.0,,0.0,0.0,,,8317800000.0,,,9597571118.0,581400000.0,-1200000.0,-142800000.0,397800000.0,0.0,255000000.0,-50100000.0,0.0,376500000.0,0.0,239700000.0,239700000.0,239700000.0,0.0,0.0,0.17,247800000.0,363000000.0,3324500000.0,0.211,19.122,10.042,10.262,193500000.0,0.0,15.29,1.772,1.764,2757000000.0,357300000.0,1410800000.0,1410800000.0,0.0,,,,,0.0,247800000.0,1.0,627702493.0,624900000.0,627100000.0,2.258,6005800000.0,0.0,74200000.0,774700000.0,9.611,
40,WU,MRQ,2011-06-30,2011-06-30,2011-06-30,2021-08-04,-156500000.0,8009500000.0,,,,,0.601,-15800000.0,2089700000.0,2089700000.0,764200000.0,263200000.0,,20.128,3585500000.0,,,3585500000.0,0.0,46600000.0,0.0,0.014,0.08,377600000.0,424200000.0,0.31,424200000.0,377600000.0,333400000.0,0.42,0.41,0.42,379100000.0,,379100000.0,14031750143.0,10.0,8.971,238900000.0,0.379,1.0,602100000.0,0.441,2812600000.0,44200000.0,6692700000.0,,0.0,0.0,,,7630400000.0,,,12664250143.0,-126100000.0,-135700000.0,-140800000.0,-500000.0,-50300000.0,-191600000.0,-189200000.0,0.0,254700000.0,0.0,263200000.0,263200000.0,263200000.0,0.0,0.0,0.193,251400000.0,350700000.0,3068500000.0,0.19,33.406,13.269,13.626,196400000.0,0.0,20.03,2.373,2.369,2585300000.0,307700000.0,1366300000.0,1366300000.0,0.0,,,,,0.0,251400000.0,1.0,632264111.0,631100000.0,635800000.0,2.165,5196900000.0,0.0,70200000.0,711200000.0,8.235,
41,WU,MRQ,2011-03-31,2011-03-31,2011-03-31,2021-08-04,-153400000.0,7887700000.0,,,,,0.433,-14800000.0,2215800000.0,2215800000.0,745400000.0,210200000.0,,27.14,3583300000.0,,,3583300000.0,0.0,44700000.0,0.0,0.013,0.07,318100000.0,362800000.0,0.283,362800000.0,318100000.0,274700000.0,0.32,0.32,0.32,280300000.0,,280300000.0,14566061551.0,11.0,9.73,236800000.0,0.366,1.0,537600000.0,0.419,2580400000.0,43400000.0,6674800000.0,,0.0,0.0,,,7607400000.0,,,13433561551.0,58400000.0,0.0,-426100000.0,299500000.0,-44700000.0,-171300000.0,-21900000.0,0.0,251600000.0,0.0,210200000.0,210200000.0,210200000.0,0.0,0.0,0.164,224700000.0,312900000.0,3062100000.0,0.219,47.926,14.727,15.051,194100000.0,0.0,20.77,2.562,2.563,2533600000.0,230200000.0,1283000000.0,1283000000.0,0.0,,,,,0.0,224700000.0,1.0,646777157.0,646900000.0,652100000.0,1.983,5307300000.0,0.0,64500000.0,684800000.0,8.204,
42,WU,MRQ,2010-12-31,2010-12-31,2010-12-31,2021-08-04,-132800000.0,7929200000.0,,,,,0.889,-18400000.0,2157400000.0,2157400000.0,783500000.0,242600000.0,,12.608,3289900000.0,,,3289900000.0,0.0,45400000.0,0.0,0.013,0.07,333500000.0,378900000.0,0.279,378900000.0,333500000.0,288300000.0,0.37,0.37,0.37,582700000.0,,582700000.0,13479255297.0,10.0,9.04,266100000.0,0.406,1.0,573500000.0,0.423,2589700000.0,45200000.0,6472000000.0,,0.0,0.0,,,7346500000.0,,,12179455297.0,160700000.0,-2400000.0,-47100000.0,-100000.0,-85200000.0,-132400000.0,8600000.0,36900000.0,284500000.0,0.0,242600000.0,242600000.0,242600000.0,0.0,0.0,0.179,251400000.0,322100000.0,3155600000.0,0.189,20.902,13.385,13.555,196500000.0,0.0,18.57,2.345,2.384,2635200000.0,591600000.0,1357000000.0,1357000000.0,0.0,,,,,-29200000.0,251400000.0,1.0,655867275.0,655700000.0,658400000.0,2.07,5339500000.0,0.0,45700000.0,646500000.0,8.143,
43,WU,MRQ,2010-09-30,2010-09-30,2010-09-30,2021-08-04,-121800000.0,7570400000.0,,,,,0.664,-29700000.0,1996700000.0,1996700000.0,752600000.0,238400000.0,,16.292,3296500000.0,,,3296500000.0,0.0,44900000.0,0.0,0.014,0.06,353400000.0,398300000.0,0.3,398300000.0,353400000.0,308600000.0,0.36,0.36,0.36,437800000.0,,437800000.0,13214021849.0,10.0,8.942,354100000.0,0.537,1.0,577000000.0,0.434,2608100000.0,44800000.0,6262100000.0,,0.0,0.0,,,7132600000.0,,,11664321849.0,249900000.0,-2300000.0,-87000000.0,-400000.0,0.0,-87400000.0,-46500000.0,0.0,383800000.0,0.0,238400000.0,238400000.0,238400000.0,0.0,0.0,0.179,225800000.0,351200000.0,2967900000.0,0.167,26.643,13.091,13.489,195200000.0,0.0,17.67,2.265,2.262,2393400000.0,465300000.0,1329600000.0,1329600000.0,0.0,,,,,8600000.0,225800000.0,1.0,660120082.0,659100000.0,661300000.0,2.017,4962300000.0,0.0,70200000.0,618700000.0,7.529,
44,WU,MRQ,2010-06-30,2010-06-30,2010-06-30,2021-08-04,-45000000.0,7347700000.0,,,,,0.597,-19600000.0,1746800000.0,1746800000.0,727700000.0,221000000.0,,17.383,3296500000.0,,,3296500000.0,0.0,43600000.0,0.0,0.012,0.06,313400000.0,357000000.0,0.28,357000000.0,313400000.0,272300000.0,0.33,0.33,0.33,399700000.0,,399700000.0,11539881354.0,9.0,8.22,232100000.0,0.347,1.0,545700000.0,0.429,2628300000.0,41100000.0,6269100000.0,,0.0,0.0,,,6948000000.0,,,10021681354.0,217000000.0,0.0,-213700000.0,247500000.0,-39600000.0,-5800000.0,-28900000.0,0.0,251700000.0,0.0,221000000.0,221000000.0,221000000.0,0.0,0.0,0.174,234700000.0,311000000.0,2810600000.0,0.182,25.073,12.022,12.322,196100000.0,0.0,14.91,1.952,1.944,2341300000.0,364900000.0,1273400000.0,1273400000.0,0.0,,,,,10200000.0,234700000.0,1.0,672144960.0,669300000.0,671600000.0,1.903,4719400000.0,0.0,51300000.0,582300000.0,7.051,
45,WU,MRQ,2010-03-31,2010-03-31,2010-03-31,2021-08-04,-86300000.0,7041000000.0,,,,,0.558,-11000000.0,1529800000.0,1529800000.0,714600000.0,207900000.0,,17.5,3048000000.0,,,3048000000.0,0.0,42000000.0,0.0,0.007,0.06,314800000.0,356800000.0,0.289,356800000.0,314800000.0,276000000.0,0.3,0.3,0.3,380600000.0,,380600000.0,12943066327.0,10.0,9.118,63400000.0,0.093,1.0,518100000.0,0.42,2632400000.0,38800000.0,5926800000.0,,0.0,0.0,,,6660400000.0,,,11579766327.0,-155400000.0,0.0,-191500000.0,0.0,-40500000.0,-232000000.0,2200000.0,16900000.0,74400000.0,0.0,207900000.0,207900000.0,207900000.0,0.0,0.0,0.169,202300000.0,315800000.0,2753100000.0,0.2,30.425,13.905,14.252,196000000.0,0.0,16.96,2.264,2.261,2287600000.0,400500000.0,1232700000.0,1232700000.0,0.0,,,,,10400000.0,202300000.0,1.0,682769241.0,681900000.0,684200000.0,1.808,4408600000.0,0.0,68100000.0,599800000.0,6.465,
46,WU,MRQ,2009-12-31,2009-12-31,2009-12-31,2021-08-04,-127300000.0,7353400000.0,,,,,0.513,-22900000.0,1685200000.0,1685200000.0,762900000.0,223700000.0,,19.802,3048500000.0,,,3048500000.0,0.0,42700000.0,0.0,0.003,0.06,322900000.0,365600000.0,0.278,365600000.0,322900000.0,284100000.0,0.32,0.32,0.32,353500000.0,,353500000.0,14473248750.0,11.0,10.026,237200000.0,0.344,1.0,551100000.0,0.419,2632600000.0,38800000.0,6084100000.0,,0.0,0.0,,,6999900000.0,,,13046248750.0,59800000.0,-1000000.0,-164500000.0,0.0,-41200000.0,-205700000.0,5400000.0,38400000.0,260100000.0,0.0,223700000.0,223700000.0,223700000.0,0.0,0.0,0.17,232500000.0,318600000.0,2890300000.0,0.188,36.906,15.37,15.579,204300000.0,0.0,18.85,2.566,2.592,2389100000.0,433200000.0,1314000000.0,1314000000.0,0.0,,,,,7000000.0,232500000.0,1.0,692108687.0,689600000.0,692300000.0,1.905,4720800000.0,0.0,60400000.0,787900000.0,6.846,
47,WU,MRQ,2009-09-30,2009-09-30,2009-09-30,2021-08-04,-128100000.0,6214200000.0,,,,,0.469,-14300000.0,1625400000.0,1625400000.0,742600000.0,181000000.0,,17.969,3052400000.0,,,3052400000.0,0.0,38700000.0,0.0,0.002,0.0,285800000.0,324500000.0,0.247,324500000.0,285800000.0,246500000.0,0.26,0.26,0.26,327600000.0,,327600000.0,14540667935.0,11.0,9.94,337400000.0,0.483,1.0,571500000.0,0.435,2652100000.0,39300000.0,4989100000.0,,0.0,0.0,,,5886600000.0,,,13273267935.0,-157000000.0,-369700000.0,-118300000.0,0.0,0.0,-118300000.0,-390400000.0,6300000.0,351700000.0,0.0,181000000.0,181000000.0,181000000.0,0.0,0.0,0.138,290000000.0,281500000.0,1768400000.0,0.0,40.517,15.35,15.382,198300000.0,0.0,18.92,2.623,2.611,1256100000.0,425600000.0,1314100000.0,1314100000.0,0.0,,,,,8700000.0,290000000.0,1.0,701546931.0,698400000.0,701600000.0,1.882,3562100000.0,0.0,65500000.0,787700000.0,5.1,
48,WU,MRQ,2009-06-30,2009-06-30,2009-06-30,2021-08-04,-102400000.0,5859200000.0,,,,,0.408,-21800000.0,1782400000.0,1782400000.0,700300000.0,220200000.0,,19.515,3049800000.0,,,3049800000.0,0.0,37100000.0,0.0,0.002,0.0,335500000.0,372600000.0,0.297,372600000.0,335500000.0,295700000.0,0.31,0.31,0.31,285600000.0,,285600000.0,13047718034.0,9.0,8.422,227900000.0,0.325,1.0,554000000.0,0.442,2254800000.0,39800000.0,4871800000.0,,0.0,0.0,,,5573600000.0,,,11501118034.0,272400000.0,-1600000.0,1400000.0,0.0,0.0,1400000.0,21300000.0,47000000.0,249700000.0,0.0,220200000.0,220200000.0,220200000.0,0.0,0.0,0.176,212300000.0,341700000.0,1591100000.0,0.0,40.27,12.44,12.615,194000000.0,0.0,16.4,2.244,2.242,1219700000.0,373200000.0,1254300000.0,1254300000.0,0.0,,,,,7800000.0,212300000.0,1.0,701287685.0,700600000.0,702700000.0,1.79,3604400000.0,0.0,75500000.0,711200000.0,5.145,
49,WU,MRQ,2009-03-31,2009-03-31,2009-03-31,2021-08-04,-44700000.0,5654000000.0,,,,,0.161,-12600000.0,1510000000.0,1510000000.0,669100000.0,223900000.0,,48.64,3056600000.0,,,3056600000.0,0.0,35700000.0,0.0,0.003,0.0,345200000.0,380900000.0,0.317,380900000.0,345200000.0,305200000.0,0.32,0.32,0.32,113900000.0,,113900000.0,10772523901.0,8.0,6.886,344000000.0,0.486,1.0,532100000.0,0.443,2254700000.0,40000000.0,4945900000.0,,0.0,0.0,,,5540100000.0,,,8924623901.0,214400000.0,-143600000.0,-95600000.0,-86200000.0,0.0,-181800000.0,39600000.0,199000000.0,356600000.0,0.0,223900000.0,223900000.0,223900000.0,0.0,0.0,0.186,191200000.0,340900000.0,1572200000.0,0.0,78.355,9.537,9.669,192400000.0,0.0,12.57,1.711,1.704,1182200000.0,153100000.0,1201200000.0,1201200000.0,0.0,,,,,8400000.0,191200000.0,1.0,709993946.0,707100000.0,708000000.0,1.699,3399300000.0,0.0,81300000.0,722600000.0,4.807,
50,WU,MRQ,2008-12-31,2008-12-31,2008-12-31,2021-08-04,-30000000.0,5578300000.0,,,,,-0.011,-14700000.0,1295600000.0,1295600000.0,749400000.0,239600000.0,,-689.679,3143500000.0,,,3143500000.0,0.0,37100000.0,0.0,0.003,0.04,347700000.0,384800000.0,0.298,384800000.0,347700000.0,305200000.0,0.34,0.33,0.34,-8100000.0,,-8100000.0,12214227130.0,9.0,7.86,313900000.0,0.441,1.0,542200000.0,0.42,2024800000.0,42500000.0,5401400000.0,,0.0,0.0,,,5586400000.0,,,10261327130.0,166000000.0,-24600000.0,-104800000.0,900000.0,-28400000.0,-132300000.0,-30300000.0,23000000.0,328600000.0,0.0,239600000.0,239600000.0,239600000.0,0.0,0.0,0.186,207900000.0,334300000.0,1593200000.0,0.118,-1266.831,11.166,11.381,192300000.0,0.0,14.34,1.943,1.982,1207500000.0,29200000.0,1291600000.0,1291600000.0,0.0,,,,,26300000.0,207900000.0,1.0,715573719.0,712400000.0,710000000.0,1.813,3553500000.0,0.0,65600000.0,651700000.0,4.988,
51,WU,MRQ,2008-09-30,2008-09-30,2008-09-30,2021-08-04,700000.0,5504200000.0,,,,,-0.124,-16400000.0,1129600000.0,1129600000.0,785600000.0,240800000.0,,-62.022,3082500000.0,,,3082500000.0,0.0,37600000.0,0.0,0.002,0.0,373400000.0,411000000.0,0.298,411000000.0,373400000.0,333000000.0,0.33,0.33,0.33,-90200000.0,,-90200000.0,19481858402.0,13.0,12.306,348600000.0,0.481,1.0,591800000.0,0.43,2004200000.0,40400000.0,5452900000.0,,0.0,0.0,,,5594400000.0,,,17987758402.0,-745000000.0,-18200000.0,-467400000.0,-287000000.0,0.0,-754400000.0,-355600000.0,-292900000.0,365000000.0,0.0,240800000.0,240800000.0,240800000.0,0.0,0.0,0.175,216600000.0,375200000.0,1707400000.0,0.0,-199.421,19.495,19.736,194600000.0,0.0,24.67,3.394,3.375,1292200000.0,-72900000.0,1377400000.0,1377400000.0,0.0,,,,,-13500000.0,216600000.0,1.0,729134917.0,724900000.0,737200000.0,1.9,3500000000.0,0.0,92200000.0,683600000.0,4.828,
52,WU,MRQ,2008-06-30,2008-06-30,2008-06-30,2021-08-04,-77800000.0,6024300000.0,,,,,0.035,-23400000.0,1874600000.0,1874600000.0,799400000.0,231500000.0,,235.247,3368700000.0,,,3368700000.0,0.0,36500000.0,0.0,0.002,0.0,351300000.0,387800000.0,0.288,387800000.0,351300000.0,308000000.0,0.31,0.31,0.31,25500000.0,,25500000.0,19776027468.0,14.0,12.701,218900000.0,0.297,1.0,547700000.0,0.407,1989900000.0,43300000.0,5528500000.0,,0.0,0.0,,,5998800000.0,,,18292127468.0,-20800000.0,-700000.0,-205900000.0,-7700000.0,0.0,-213600000.0,-49500000.0,8200000.0,242300000.0,0.0,231500000.0,231500000.0,231500000.0,0.0,0.0,0.172,211500000.0,336200000.0,1849100000.0,0.0,717.338,20.365,20.43,199500000.0,0.0,24.72,3.532,3.515,1442400000.0,209500000.0,1347100000.0,1347100000.0,0.0,,,,,5800000.0,211500000.0,1.0,739972794.0,736500000.0,747500000.0,1.829,4034400000.0,0.0,76500000.0,583300000.0,5.478,
53,WU,MRQ,2008-03-31,2008-03-31,2008-03-31,2021-08-04,-91100000.0,5972800000.0,,,,,0.01,-16400000.0,1895400000.0,1895400000.0,758600000.0,207100000.0,,806.135,3379300000.0,,,3379300000.0,0.0,32800000.0,0.0,0.002,0.0,337500000.0,370300000.0,0.293,370300000.0,337500000.0,292500000.0,0.28,0.27,0.28,7400000.0,,7400000.0,17489832751.0,12.0,11.32,301600000.0,0.404,1.0,507300000.0,0.401,1967000000.0,45000000.0,5489700000.0,,0.0,0.0,,,5965400000.0,,,15944932751.0,102300000.0,-300000.0,-235900000.0,38500000.0,0.0,-197400000.0,-18300000.0,5500000.0,318000000.0,0.0,207100000.0,207100000.0,207100000.0,0.0,0.0,0.164,198000000.0,309300000.0,1769900000.0,0.0,2154.721,18.302,18.179,197800000.0,0.0,21.27,3.167,3.154,1382400000.0,363000000.0,1265900000.0,1265900000.0,0.0,,,,,7700000.0,198000000.0,1.0,749644229.0,746700000.0,756800000.0,1.695,4005800000.0,0.0,85400000.0,603600000.0,5.365,
54,WU,MRQ,2007-12-31,2007-12-31,2007-12-31,2021-08-04,-68800000.0,5784200000.0,,,,,0.068,-25000000.0,1793100000.0,1793100000.0,752700000.0,243300000.0,,113.087,3338000000.0,,,3338000000.0,0.0,31700000.0,0.0,0.002,0.04,382300000.0,414000000.0,0.316,414000000.0,382300000.0,335200000.0,0.33,0.32,0.33,50700000.0,,50700000.0,19835874472.0,14.0,12.92,195200000.0,0.26,1.0,556400000.0,0.425,1973600000.0,47100000.0,5355500000.0,,0.0,0.0,,,5733500000.0,,,18232274472.0,124100000.0,-200000.0,-39400000.0,63300000.0,-30000000.0,-6100000.0,-90000000.0,-20000000.0,220200000.0,0.0,243300000.0,243300000.0,243300000.0,0.0,0.0,0.186,191800000.0,364600000.0,1669300000.0,0.121,359.611,21.267,21.487,200300000.0,0.0,24.28,3.721,3.767,1319200000.0,453100000.0,1309100000.0,1309100000.0,0.0,,,,,4600000.0,191800000.0,1.0,750917400.0,750000000.0,761800000.0,1.745,3810600000.0,0.0,91900000.0,543300000.0,5.081,
55,WU,MRQ,2007-09-30,2007-09-30,2007-09-30,2021-08-04,-88200000.0,5685300000.0,,,,,-0.193,-27200000.0,1669000000.0,1669000000.0,722200000.0,216300000.0,,-39.834,3272600000.0,,,3272600000.0,0.0,30900000.0,0.0,0.0,0.0,354000000.0,384900000.0,0.306,384900000.0,354000000.0,306900000.0,0.29,0.28,0.29,-146400000.0,,-146400000.0,17870647256.0,13.0,11.854,369000000.0,0.487,1.0,535000000.0,0.426,1947900000.0,47100000.0,5341000000.0,,0.0,0.0,,,5831700000.0,,,16202647256.0,181200000.0,-300000.0,-281300000.0,114900000.0,0.0,-166400000.0,-48600000.0,5300000.0,396200000.0,0.0,216300000.0,216300000.0,216300000.0,0.0,0.0,0.172,204900000.0,330100000.0,2068900000.0,0.0,-110.674,19.493,19.064,199200000.0,0.0,20.97,3.401,3.334,1411500000.0,776200000.0,1257200000.0,1257200000.0,0.0,,,,,29700000.0,204900000.0,1.0,772658429.0,757500000.0,767400000.0,1.66,3737400000.0,0.0,90600000.0,258800000.0,4.934,
56,WU,MRQ,2007-06-30,2007-06-30,2007-06-30,2021-08-04,-67600000.0,5327700000.0,,,,,-0.112,-25500000.0,1487800000.0,1487800000.0,687900000.0,204500000.0,,-62.95,3155800000.0,,,3155800000.0,0.0,30900000.0,0.0,0.0,0.0,345000000.0,375900000.0,0.312,375900000.0,345000000.0,298200000.0,0.27,0.26,0.27,-86000000.0,,-86000000.0,17812275076.0,13.0,11.643,174500000.0,0.228,1.0,515000000.0,0.428,1930400000.0,46800000.0,5065300000.0,,0.0,0.0,,,5413700000.0,,,16094475076.0,-73200000.0,0.0,-125600000.0,-122900000.0,0.0,-248500000.0,-24700000.0,6100000.0,200000000.0,0.0,204500000.0,204500000.0,204500000.0,0.0,0.0,0.17,192300000.0,322700000.0,1792800000.0,0.0,-187.145,18.436,18.113,192900000.0,0.0,20.83,3.463,3.428,1250300000.0,570700000.0,1202900000.0,1202900000.0,0.0,,,,,7100000.0,192300000.0,1.0,772658429.0,764800000.0,779000000.0,1.573,3397300000.0,0.0,93700000.0,263800000.0,4.442,
57,WU,MRQ,2007-03-31,2007-03-31,2007-03-31,2021-08-04,-68100000.0,5353900000.0,,,,,-0.224,-33500000.0,1561000000.0,1561000000.0,645600000.0,193200000.0,,-32.055,3278800000.0,,,3278800000.0,0.0,30400000.0,0.0,0.0,0.0,330100000.0,360500000.0,0.319,360500000.0,330100000.0,282100000.0,0.25,0.25,0.25,-172400000.0,,-172400000.0,18846385172.0,14.0,12.543,253600000.0,0.33,1.0,485400000.0,0.429,1927700000.0,48000000.0,5144000000.0,,0.0,0.0,,,5526300000.0,,,16944585172.0,139300000.0,-5600000.0,-64400000.0,-44700000.0,0.0,-109100000.0,-38700000.0,4800000.0,287100000.0,0.0,193200000.0,193200000.0,193200000.0,0.0,0.0,0.171,180800000.0,304600000.0,1792800000.0,0.0,-98.286,19.095,18.761,187900000.0,0.0,21.95,3.717,3.699,1203300000.0,385200000.0,1131000000.0,1131000000.0,0.0,,,,,8800000.0,180800000.0,1.0,771962878.0,768200000.0,783300000.0,1.472,3426200000.0,0.0,88900000.0,259500000.0,4.46,
58,WU,MRQ,2006-12-31,2006-12-31,2006-12-31,2021-08-04,-73500000.0,5321100000.0,,,,,-0.411,-27300000.0,1421700000.0,1421700000.0,651100000.0,217200000.0,,-17.903,3323500000.0,,,3323500000.0,0.0,28300000.0,0.0,0.0,0.01,358000000.0,386300000.0,0.329,386300000.0,358000000.0,306500000.0,0.29,0.28,0.29,-314800000.0,,-314800000.0,19355947219.0,14.0,12.973,304000000.0,0.397,1.0,522100000.0,0.445,1935700000.0,51500000.0,5287200000.0,,0.0,0.0,,,5635900000.0,,,17183947219.0,94100000.0,-66500000.0,60900000.0,-186400000.0,-7700000.0,-133200000.0,-104000000.0,7200000.0,331300000.0,0.0,217200000.0,217200000.0,217200000.0,0.0,0.0,0.185,186900000.0,335200000.0,1594900000.0,0.034,-54.587,18.801,18.683,176100000.0,0.0,22.42,3.844,3.834,1284200000.0,208000000.0,1173200000.0,1173200000.0,0.0,,,,,7000000.0,186900000.0,1.0,766456165.0,766300000.0,782700000.0,1.531,3385400000.0,0.0,89300000.0,517200000.0,4.418,
59,WU,MRQ,2006-09-30,2006-09-30,2006-09-30,2021-08-04,-55400000.0,5038600000.0,,,,,-0.752,-16400000.0,1327600000.0,1327600000.0,626000000.0,258100000.0,,-9.769,3499600000.0,,,3499600000.0,0.0,26100000.0,0.0,,0.0,381100000.0,407200000.0,0.357,407200000.0,381100000.0,379900000.0,0.34,0.34,0.34,-574600000.0,,-574600000.0,,,,279300000.0,0.366,1.0,514400000.0,0.451,1861000000.0,1200000.0,5349600000.0,,0.0,0.0,,,5613200000.0,,,,671800000.0,0.0,0.0,2445500000.0,0.0,410300000.0,-34200000.0,9000000.0,295700000.0,0.0,258100000.0,258100000.0,258100000.0,0.0,0.0,0.226,177300000.0,337100000.0,1635100000.0,0.0,,,,157800000.0,0.0,,,,1218300000.0,-1500000.0,1140400000.0,1140400000.0,0.0,,,,,16300000.0,177300000.0,1.0,766456165.0,763900000.0,764000000.0,1.493,3177600000.0,0.0,121800000.0,268800000.0,4.16,
60,WU,MRQ,2006-06-30,2006-06-30,2006-06-30,2021-08-04,3253500000.0,4995600000.0,,,,,4.259,-13500000.0,655800000.0,655800000.0,595600000.0,218900000.0,,0.535,0.0,,,0.0,0.0,24500000.0,0.0,,0.0,324100000.0,348600000.0,0.313,348600000.0,324100000.0,323800000.0,0.29,0.29,0.29,3253500000.0,,3253500000.0,,,,262900000.0,0.344,1.0,518000000.0,0.465,1832200000.0,300000.0,2507600000.0,,0.0,0.0,,,1742100000.0,,,,161300000.0,0.0,0.0,-1200000.0,0.0,-91000000.0,-24100000.0,300000.0,276400000.0,0.0,218900000.0,218900000.0,218900000.0,0.0,0.0,0.197,191600000.0,326400000.0,1264900000.0,0.0,,,,89400000.0,0.0,,,,1928100000.0,,1113600000.0,1113600000.0,0.0,,,,,0.0,191600000.0,1.0,766456165.0,763900000.0,763900000.0,1.458,3163400000.0,0.0,104900000.0,269500000.0,4.141,
61,WU,MRQ,2006-03-31,2006-03-31,2006-03-31,2021-08-04,3015500000.0,4633200000.0,,,,,3.948,-21000000.0,494500000.0,494500000.0,557800000.0,219800000.0,,0.536,0.0,,,0.0,0.0,24600000.0,0.0,,0.0,325300000.0,349900000.0,0.335,349900000.0,325300000.0,324900000.0,0.29,0.29,0.29,3015500000.0,,3015500000.0,,,,184500000.0,0.242,1.0,485200000.0,0.465,1854700000.0,400000.0,2284000000.0,,0.0,0.0,,,1617700000.0,,,,-15700000.0,-140000000.0,0.0,-98800000.0,0.0,1200000.0,-222400000.0,7600000.0,205500000.0,0.0,219800000.0,219800000.0,219800000.0,0.0,0.0,0.211,172500000.0,312700000.0,1148700000.0,0.0,,,,91200000.0,0.0,,,,1713000000.0,,1043000000.0,1043000000.0,0.0,,,,,0.0,172500000.0,1.0,766456165.0,763900000.0,763900000.0,1.365,2778500000.0,0.0,105100000.0,251600000.0,3.637,
62,WU,MRQ,2005-12-31,2005-12-31,2005-12-31,2021-08-04,2811800000.0,4591700000.0,,,,,3.681,-12300000.0,510200000.0,510200000.0,595100000.0,233900000.0,,0.633,163500000.0,,,163500000.0,0.0,21600000.0,0.0,,0.0,339900000.0,361500000.0,0.338,361500000.0,339900000.0,338200000.0,0.3,0.3,0.3,2811800000.0,,2811800000.0,,,,279500000.0,0.366,1.0,473100000.0,0.443,1798400000.0,1700000.0,2446600000.0,,0.0,0.0,,,1779900000.0,,,,255800000.0,-349100000.0,0.0,117800000.0,0.0,330700000.0,-366700000.0,7800000.0,291800000.0,0.0,233900000.0,233900000.0,233900000.0,0.0,0.0,0.219,159200000.0,313900000.0,1150600000.0,0.0,,,,82400000.0,0.0,,,,1858700000.0,0.0,1068200000.0,1068200000.0,0.0,,,,,0.0,159200000.0,1.0,,763900000.0,763900000.0,1.398,2793300000.0,0.0,104300000.0,248100000.0,3.657,
63,WU,MRQ,2005-09-30,2005-09-30,2005-09-30,2021-08-04,,,,,,,,-14200000.0,,,528500000.0,241900000.0,,,,,,,,18900000.0,,,0.0,351300000.0,370200000.0,0.363,370200000.0,351300000.0,351300000.0,0.32,0.32,0.32,,,,,,,228900000.0,0.3,1.0,490800000.0,0.482,,0.0,,,,,,,,,,,-338100000.0,-4000000.0,0.0,35800000.0,0.0,-556700000.0,-24500000.0,-600000.0,243100000.0,0.0,241900000.0,241900000.0,241900000.0,0.0,0.0,0.237,148100000.0,342700000.0,,0.0,,,,,0.0,,,,,,1019300000.0,1019300000.0,0.0,,,,,0.0,148100000.0,1.0,,763900000.0,763900000.0,1.334,,,109400000.0,,,
64,WU,MRQ,2005-06-30,2005-06-30,2005-06-30,2021-08-04,,,,,,,,-8400000.0,,,511700000.0,245700000.0,,,,,,,,19200000.0,,,0.0,355800000.0,375000000.0,0.381,375000000.0,355800000.0,355800000.0,,,,,,,,,,227400000.0,,1.0,473200000.0,0.48,,0.0,,,,,,,,,,,115900000.0,0.0,0.0,0.0,0.0,-102000000.0,-17900000.0,-7700000.0,235800000.0,0.0,245700000.0,245700000.0,245700000.0,0.0,0.0,0.249,152100000.0,321100000.0,,,,,,,0.0,,,,,,984900000.0,984900000.0,0.0,,,,,0.0,152100000.0,1.0,,,,,,,110100000.0,,,
65,WU,MRQ,2005-03-31,2005-03-31,2005-03-31,2021-08-04,,,,,,,,-7600000.0,,,483600000.0,205900000.0,,,,,,,,19800000.0,,,0.0,298800000.0,318600000.0,0.348,318600000.0,298800000.0,298800000.0,,,,,,,,,,224500000.0,,1.0,431900000.0,0.472,,0.0,,,,,,,,,,,6900000.0,-4400000.0,0.0,0.0,0.0,-205900000.0,-19300000.0,-5400000.0,232100000.0,0.0,205900000.0,205900000.0,205900000.0,0.0,0.0,0.225,140400000.0,291500000.0,,,,,,,0.0,,,,,,915500000.0,915500000.0,0.0,,,,,0.0,140400000.0,1.0,,,,,,,92900000.0,,,
66,WU,MRQ,2004-12-31,2004-12-31,2004-12-31,2021-08-04,1934500000.0,3330200000.0,,,,,2.532,,469700000.0,469700000.0,,,,0.721,0.0,,,0.0,0.0,,0.0,,0.0,,,,,,,,,,1934500000.0,,1934500000.0,,,,,,1.0,,,1463500000.0,,1397000000.0,,0.0,0.0,,,1395700000.0,,,,,,,,,,,,,,,,,,,,,,939100000.0,,,,,70700000.0,,,,,1037700000.0,,,,,,,,,,,1.0,,763900000.0,,,1866700000.0,0.0,,204500000.0,2.444,
0,WU,MRT,2021-06-30,2021-06-30,2021-06-30,2021-08-04,-139300000.0,8978100000.0,9145650000.0,,,0.55,0.699,-212700000.0,1061400000.0,1061400000.0,2941900000.0,810000000.0,,30.359,2996800000.0,,,2996800000.0,0.0,219300000.0,0.0,0.04,0.92,1033300000.0,1252600000.0,0.249,1252600000.0,1033300000.0,923000000.0,1.97,1.95,1.97,286300000.0,189700000.0,286300000.0,11128423424.0,11.0,8.884,666500000.0,1.628,1.0,2088100000.0,0.415,3066300000.0,110300000.0,7847200000.0,7856650000.0,0.0,0.0,,,8691800000.0,,,9400523424.0,-120000000.0,-149100000.0,-150200000.0,-107600000.0,-378900000.0,-632700000.0,-366500000.0,-2400000.0,879200000.0,0.0,810000000.0,810000000.0,810000000.0,0.0,0.0,0.161,1088100000.0,1000000000.0,4136700000.0,0.467,32.835,11.606,11.66,141400000.0,0.0,22.97,1.869,1.869,3636800000.0,-498000000.0,5030000000.0,5030000000.0,0.0,0.089,4.27,0.132,0.205,0.0,1088100000.0,1.0,409252217.0,409300000.0,411500000.0,12.289,5911800000.0,0.0,113000000.0,1048900000.0,14.444,
1,WU,MRT,2021-03-31,2021-03-31,2021-03-31,2021-08-04,-141100000.0,9281000000.0,9077875000.0,,,0.535,0.531,-212800000.0,1502600000.0,1502600000.0,2849100000.0,749400000.0,,41.418,3230500000.0,,,3230500000.0,0.0,220800000.0,0.0,0.037,0.91,970100000.0,1190900000.0,0.245,1190900000.0,970100000.0,856100000.0,1.82,1.8,1.82,218800000.0,99775000.0,218800000.0,11772324387.0,12.0,9.885,728100000.0,1.769,1.0,2005900000.0,0.413,3089600000.0,114000000.0,7919300000.0,7787525000.0,0.0,0.0,,,9062200000.0,,,10133324387.0,427800000.0,0.0,-77800000.0,157600000.0,-374600000.0,-294700000.0,-218400000.0,-3100000.0,940900000.0,0.0,749400000.0,749400000.0,749400000.0,0.0,0.0,0.154,1039000000.0,966900000.0,4151500000.0,0.5,46.313,13.522,13.549,144900000.0,0.0,24.66,2.087,2.091,3638200000.0,-548200000.0,4855000000.0,4855000000.0,0.0,0.083,7.511,0.125,0.2,0.0,1039000000.0,1.0,410921508.0,411700000.0,414300000.0,11.793,6191400000.0,0.0,106700000.0,1120300000.0,15.039,
2,WU,MRT,2020-12-31,2020-12-31,2020-12-31,2021-08-04,-159500000.0,9496300000.0,8848975000.0,,,0.546,0.453,-107400000.0,1428200000.0,1428200000.0,2826500000.0,744300000.0,,49.891,3067200000.0,,,3067200000.0,0.0,225600000.0,0.0,0.041,0.9,973600000.0,1199200000.0,0.248,1199200000.0,973600000.0,855100000.0,1.81,1.79,1.81,186600000.0,7650000.0,186600000.0,10805089277.0,11.0,9.01,770100000.0,1.868,1.0,2008500000.0,0.415,3071600000.0,118500000.0,8063700000.0,7635450000.0,0.0,0.0,,,9309700000.0,,,9019989277.0,-9400000.0,0.0,-237500000.0,-165000000.0,-370300000.0,-773500000.0,-113400000.0,-4000000.0,877500000.0,0.0,744300000.0,744300000.0,744300000.0,0.0,0.0,0.154,1041200000.0,967300000.0,4322300000.0,0.497,48.339,12.119,12.122,150400000.0,0.0,21.94,1.866,1.871,3821400000.0,-543100000.0,4835000000.0,4835000000.0,0.0,0.084,97.294,0.128,0.201,0.0,1041200000.0,1.0,411120751.0,412300000.0,415200000.0,11.727,6424700000.0,0.0,110800000.0,1117800000.0,15.583,
3,WU,MRT,2020-09-30,2020-09-30,2020-09-30,2021-08-04,-186600000.0,8827200000.0,8664525000.0,,,0.562,0.163,-96300000.0,1251400000.0,1251400000.0,2823800000.0,702600000.0,,130.553,3036500000.0,,,3036500000.0,0.0,236500000.0,0.0,0.041,0.875,981500000.0,1218000000.0,0.25,1218000000.0,981500000.0,853600000.0,1.71,1.69,1.71,67100000.0,-48875000.0,67100000.0,10712014991.0,11.0,8.795,738600000.0,1.794,1.0,2047100000.0,0.42,3015900000.0,127900000.0,7596400000.0,7488475000.0,0.0,0.0,,,8760100000.0,,,8807814991.0,-134300000.0,0.0,-296400000.0,-214000000.0,-361500000.0,-875800000.0,-93400000.0,7100000.0,834900000.0,0.0,702600000.0,702600000.0,702600000.0,0.0,0.0,0.144,1080400000.0,966700000.0,4046600000.0,0.512,131.264,12.536,12.532,156000000.0,0.0,21.43,1.808,1.811,3589400000.0,-625300000.0,4870900000.0,4870900000.0,0.0,0.081,-14.375,0.131,0.202,0.0,1080400000.0,1.0,411003966.0,411600000.0,414600000.0,11.834,5811300000.0,0.0,151000000.0,1098200000.0,14.119,
4,WU,MRT,2020-06-30,2020-06-30,2020-06-30,2021-08-04,-177800000.0,8707000000.0,8658650000.0,,,0.568,-0.178,-92700000.0,1181600000.0,1181600000.0,2870700000.0,609000000.0,,-119.624,3085800000.0,,,3085800000.0,0.0,243400000.0,0.0,0.039,0.85,890700000.0,1134100000.0,0.231,1134100000.0,890700000.0,754800000.0,1.47,1.46,1.47,-73400000.0,-70575000.0,-73400000.0,10881062014.0,12.0,9.594,767100000.0,1.864,1.0,2048600000.0,0.416,3040500000.0,135900000.0,7570700000.0,7484300000.0,0.0,0.0,,,8780400000.0,,,8883762014.0,-23900000.0,-20900000.0,-431000000.0,3000000.0,-352800000.0,-784800000.0,-98900000.0,18900000.0,859800000.0,0.0,609000000.0,609000000.0,609000000.0,0.0,0.0,0.124,1169700000.0,878900000.0,3989200000.0,0.578,-121.032,14.587,14.707,167500000.0,0.0,21.62,1.806,1.809,3522300000.0,-760200000.0,4919300000.0,4919300000.0,0.0,0.07,-8.629,0.119,0.181,0.0,1169700000.0,1.0,410904811.0,411500000.0,413600000.0,11.955,5666500000.0,0.0,145800000.0,1173400000.0,13.77,
5,WU,MRT,2020-03-31,2020-03-31,2020-03-31,2021-08-04,-180300000.0,8365400000.0,8742725000.0,,,0.589,-0.361,-81600000.0,1072800000.0,1072800000.0,2984900000.0,1061900000.0,,-56.881,3070100000.0,,,3070100000.0,0.0,251100000.0,0.0,0.046,0.825,1452400000.0,1703500000.0,0.331,1703500000.0,1452400000.0,1307200000.0,2.51,2.49,2.51,-149700000.0,-44675000.0,-149700000.0,9268709130.0,6.0,5.441,705800000.0,1.704,1.0,2160200000.0,0.42,3051700000.0,145200000.0,7311000000.0,7544425000.0,0.0,0.0,,,8515100000.0,,,7489909130.0,208500000.0,711700000.0,-582200000.0,-304000000.0,-345800000.0,-1236700000.0,657800000.0,27700000.0,787400000.0,0.0,1061900000.0,1061900000.0,1061900000.0,0.0,0.0,0.206,1244200000.0,916000000.0,3626200000.0,0.329,-50.033,7.053,7.223,173700000.0,0.0,18.13,1.456,1.46,3134600000.0,-828200000.0,5145100000.0,5145100000.0,0.0,0.121,-23.769,0.193,0.282,0.0,1244200000.0,1.0,413122401.0,414300000.0,418300000.0,12.419,5313700000.0,0.0,245300000.0,1167100000.0,12.826,
6,WU,MRT,2019-12-31,2019-12-31,2019-12-31,2021-08-04,-209000000.0,8758500000.0,9009375000.0,,,0.587,-0.092,-127700000.0,1450500000.0,1450500000.0,3086500000.0,1058300000.0,,-222.734,3229300000.0,,,3229300000.0,0.0,257700000.0,0.0,0.03,0.8,1473400000.0,1731100000.0,0.327,1731100000.0,1473400000.0,1321400000.0,2.47,2.46,2.47,-39500000.0,-100800000.0,-39500000.0,13084774528.0,9.0,7.559,786900000.0,1.84,1.0,2205600000.0,0.417,3061500000.0,152000000.0,7475800000.0,7926175000.0,0.0,0.0,,,8798000000.0,,,11227674528.0,477100000.0,711700000.0,-515900000.0,-209000000.0,-340800000.0,-1069800000.0,632300000.0,48300000.0,914600000.0,0.0,1058300000.0,1058300000.0,1058300000.0,0.0,0.0,0.2,1271600000.0,934000000.0,3898600000.0,0.324,-284.245,10.609,10.842,186900000.0,0.0,26.78,2.122,2.164,3296700000.0,-675900000.0,5292100000.0,5292100000.0,0.0,0.117,-10.499,0.186,0.278,0.0,1271600000.0,1.0,419255957.0,427600000.0,430900000.0,12.376,5697000000.0,0.0,263100000.0,1171800000.0,13.323,
7,WU,MRT,2019-09-30,2019-09-30,2019-09-30,2021-08-04,-183100000.0,8803700000.0,9068950000.0,,,0.594,-0.047,-293900000.0,1390900000.0,1390900000.0,3163800000.0,1135000000.0,,-447.888,3248000000.0,,,3248000000.0,0.0,259400000.0,0.0,0.034,0.79,1511600000.0,1771000000.0,0.329,1771000000.0,1511600000.0,1358900000.0,2.63,2.6,2.63,-19700000.0,-168375000.0,-19700000.0,11691554771.0,8.0,6.602,674200000.0,1.593,1.0,2222200000.0,0.413,3081100000.0,152700000.0,7579700000.0,8090700000.0,0.0,0.0,,,8823400000.0,,,9821554771.0,621500000.0,711700000.0,-506800000.0,-53300000.0,-341000000.0,-904600000.0,558000000.0,30700000.0,968100000.0,0.0,1135000000.0,1135000000.0,1135000000.0,0.0,0.0,0.211,1243700000.0,978500000.0,3872000000.0,0.3,-498.556,8.653,8.81,212200000.0,0.0,23.17,1.824,1.821,3297300000.0,-659400000.0,5386000000.0,5386000000.0,0.0,0.125,-6.741,0.187,0.281,0.0,1243700000.0,1.0,423891013.0,423300000.0,426800000.0,12.724,5722600000.0,0.0,223900000.0,1169600000.0,13.519,
8,WU,MRT,2019-06-30,2019-06-30,2019-06-30,2021-08-04,-205700000.0,9043300000.0,9115425000.0,,,0.6,0.07,-342700000.0,1210200000.0,1210200000.0,3207600000.0,1208600000.0,,298.447,3080200000.0,,,3080200000.0,0.0,261900000.0,0.0,0.039,0.78,1618000000.0,1879900000.0,0.344,1879900000.0,1618000000.0,1463100000.0,2.78,2.74,2.78,30200000.0,-267275000.0,30200000.0,11103992304.0,7.0,5.907,582500000.0,1.355,1.0,2259300000.0,0.413,3102100000.0,154900000.0,7811200000.0,8242650000.0,0.0,0.0,,,9013100000.0,,,8566792304.0,267500000.0,732600000.0,-479700000.0,-258800000.0,-341300000.0,-1084600000.0,426900000.0,17800000.0,925200000.0,0.0,1208600000.0,1208600000.0,1208600000.0,0.0,0.0,0.221,1175600000.0,1083700000.0,4195600000.0,0.281,283.669,7.088,7.155,224100000.0,0.0,19.89,1.567,1.564,3728400000.0,-569700000.0,5466900000.0,5466900000.0,0.0,0.133,-4.522,0.196,0.296,0.0,1175600000.0,1.0,430708512.0,430000000.0,432300000.0,12.714,5941200000.0,0.0,254500000.0,1242500000.0,13.817,
9,WU,MRT,2019-03-31,2019-03-31,2019-03-31,2021-08-04,-211600000.0,9432000000.0,9133500000.0,,,0.606,-0.855,-349700000.0,833100000.0,833100000.0,3260400000.0,811400000.0,,-26.206,3370300000.0,,,3370300000.0,0.0,262800000.0,0.0,0.042,0.77,1126800000.0,1389600000.0,0.251,1389600000.0,1126800000.0,973000000.0,1.83,1.79,1.83,-374200000.0,-387650000.0,-374200000.0,10511203427.0,9.0,7.564,578500000.0,1.322,1.0,2277100000.0,0.411,3131200000.0,153800000.0,8838000000.0,8349250000.0,0.0,0.0,,,9806200000.0,,,8050903427.0,-73400000.0,0.0,-564300000.0,221000000.0,-341600000.0,-689000000.0,-312600000.0,26800000.0,928200000.0,0.0,811400000.0,811400000.0,811400000.0,0.0,0.0,0.147,1168700000.0,1108400000.0,3968800000.0,0.421,-21.515,9.922,10.093,229000000.0,0.0,18.47,1.454,1.46,3497500000.0,-938000000.0,5537500000.0,5537500000.0,0.0,0.089,-2.093,0.135,0.203,0.0,1168700000.0,1.0,435890819.0,437700000.0,439900000.0,12.651,6300800000.0,0.0,161600000.0,1250400000.0,14.395,
10,WU,MRT,2018-12-31,2018-12-31,2018-12-31,2021-08-04,-231000000.0,8996800000.0,9072500000.0,,,0.616,-0.686,-339000000.0,973400000.0,973400000.0,3300800000.0,851900000.0,,-30.041,3433700000.0,,,3433700000.0,0.0,264700000.0,0.0,0.045,0.76,1141000000.0,1405700000.0,0.251,1405700000.0,1141000000.0,991400000.0,1.89,1.87,1.89,-309800000.0,-388050000.0,-309800000.0,10081689365.0,9.0,7.172,482300000.0,1.068,1.0,2289100000.0,0.41,3323200000.0,149600000.0,8133900000.0,8165050000.0,0.0,0.0,,,9306600000.0,,,7554289365.0,135300000.0,0.0,-402300000.0,396000000.0,-341700000.0,-357200000.0,-328800000.0,10200000.0,821300000.0,0.0,851900000.0,851900000.0,851900000.0,0.0,0.0,0.152,1167000000.0,1122100000.0,4378700000.0,0.402,-24.384,8.868,9.026,270400000.0,0.0,17.06,1.351,1.379,3813800000.0,-838800000.0,5589900000.0,5589900000.0,0.0,0.094,-2.195,0.14,0.204,0.0,1167000000.0,1.0,442807114.0,451800000.0,454400000.0,12.373,5673600000.0,0.0,139500000.0,1215100000.0,12.558,
11,WU,MRT,2018-09-30,2018-09-30,2018-09-30,2021-08-04,-246600000.0,8989600000.0,9131150000.0,,,0.616,-0.929,-239400000.0,767600000.0,767600000.0,3337300000.0,-481100000.0,,-22.646,3295000000.0,,,3295000000.0,0.0,261800000.0,0.0,0.039,0.745,616500000.0,878300000.0,0.156,878300000.0,616500000.0,467200000.0,-0.98,-0.99,-0.98,-415300000.0,-433450000.0,-415300000.0,10918097427.0,18.0,12.431,598000000.0,1.338,1.0,2289300000.0,0.407,3329500000.0,149300000.0,8187500000.0,8159725000.0,0.0,0.0,,,9404900000.0,,,8524597427.0,-258000000.0,-24900000.0,-360200000.0,-240900000.0,-338100000.0,-947100000.0,-148300000.0,179300000.0,837400000.0,0.0,-481100000.0,-481100000.0,-481100000.0,0.0,0.0,-0.086,1690100000.0,599200000.0,4612200000.0,-0.76,-20.526,-17.719,-19.449,266800000.0,0.0,19.06,1.515,1.514,4018800000.0,-916800000.0,5626600000.0,5626600000.0,0.0,-0.053,1.11,0.076,0.11,0.0,1226100000.0,1.0,447250652.0,446800000.0,449000000.0,12.593,5660100000.0,0.0,948300000.0,1233000000.0,12.668,
12,WU,MRT,2018-06-30,2018-06-30,2018-06-30,2021-08-04,-248000000.0,9115600000.0,9352150000.0,,,0.603,-0.987,-193600000.0,938300000.0,938300000.0,3365400000.0,-454100000.0,,-21.199,3331800000.0,,,3331800000.0,0.0,263700000.0,0.0,0.036,0.73,588100000.0,851800000.0,0.151,851800000.0,588100000.0,440000000.0,-0.94,-0.94,-0.94,-451300000.0,-152275000.0,-451300000.0,11575692047.0,20.0,13.59,871100000.0,1.905,1.0,2278100000.0,0.404,3271500000.0,148100000.0,8237600000.0,8265375000.0,0.0,0.0,,,9566900000.0,,,9366592047.0,-109200000.0,-24900000.0,-354100000.0,-297200000.0,-334100000.0,-991900000.0,-182000000.0,35200000.0,1064700000.0,0.0,-454100000.0,-454100000.0,-454100000.0,0.0,0.0,-0.08,1709300000.0,568800000.0,4599000000.0,-0.777,-20.755,-20.627,-21.628,241800000.0,0.0,20.33,1.66,1.647,4011800000.0,-939900000.0,5643500000.0,5643500000.0,0.0,-0.049,2.982,0.071,0.104,0.0,1245300000.0,1.0,460727597.0,457200000.0,459600000.0,12.344,5844100000.0,0.0,894100000.0,1330600000.0,12.782,
13,WU,MRT,2018-03-31,2018-03-31,2018-03-31,2021-08-04,-276000000.0,9188000000.0,9425300000.0,,,0.595,-0.816,-184400000.0,934300000.0,934300000.0,3378500000.0,-505200000.0,,-25.449,3143400000.0,,,3143400000.0,0.0,263200000.0,0.0,0.037,0.715,515200000.0,778400000.0,0.139,778400000.0,515200000.0,368900000.0,-1.07,-1.06,-1.07,-375800000.0,125850000.0,-375800000.0,11027713078.0,21.0,14.167,604000000.0,1.312,1.0,2232800000.0,0.398,3295900000.0,146300000.0,8101200000.0,8255675000.0,0.0,0.0,,,9563800000.0,,,8832313078.0,-369600000.0,-24900000.0,-284100000.0,-350700000.0,-329800000.0,-971100000.0,-186900000.0,25900000.0,788400000.0,0.0,-505200000.0,-505200000.0,-505200000.0,0.0,0.0,-0.09,1732200000.0,500600000.0,4620600000.0,-0.668,-23.503,-17.483,-17.972,215700000.0,0.0,19.23,1.574,1.577,4026500000.0,-819800000.0,5611300000.0,5611300000.0,0.0,-0.054,-4.014,0.062,0.092,0.0,1268200000.0,1.0,459298652.0,460300000.0,463600000.0,12.191,5892100000.0,0.0,874100000.0,1436200000.0,12.801,
14,WU,MRT,2017-12-31,2017-12-31,2017-12-31,2021-08-04,-227900000.0,9231400000.0,9499800000.0,,,0.582,-1.05,-177100000.0,838200000.0,838200000.0,3353000000.0,-557100000.0,,-19.786,3033600000.0,,,3033600000.0,0.0,262900000.0,0.0,0.037,0.7,489600000.0,752500000.0,0.136,752500000.0,489600000.0,347500000.0,-1.19,-1.19,-1.19,-491400000.0,407375000.0,-491400000.0,11229848847.0,23.0,14.923,564900000.0,1.207,1.0,2171300000.0,0.393,3314200000.0,142100000.0,8112600000.0,8190875000.0,0.0,0.0,,,9722800000.0,,,8731148847.0,-33100000.0,-24900000.0,-489800000.0,246200000.0,-325600000.0,-570500000.0,-204600000.0,-2600000.0,742000000.0,0.0,-557100000.0,-557100000.0,-557100000.0,0.0,0.0,-0.101,1695500000.0,475800000.0,4907400000.0,-0.588,-17.768,-15.672,-15.975,214200000.0,0.0,19.01,1.58,1.61,4188900000.0,-965900000.0,5524300000.0,5524300000.0,0.0,-0.059,-1.368,0.06,0.089,0.0,1231500000.0,1.0,459292417.0,467900000.0,467900000.0,11.807,5917200000.0,0.0,904600000.0,1425000000.0,12.646,
15,WU,MRT,2017-09-30,2017-09-30,2017-09-30,2021-08-04,-228300000.0,9873600000.0,9546850000.0,,,0.572,1.533,-107700000.0,1034700000.0,1034700000.0,3325200000.0,208800000.0,,12.918,3533400000.0,,,3533400000.0,0.0,262400000.0,0.0,0.036,0.685,432200000.0,694600000.0,0.127,694600000.0,432200000.0,298400000.0,0.48,0.47,0.48,709400000.0,755775000.0,709400000.0,11476901754.0,27.0,16.523,535400000.0,1.157,1.0,2132500000.0,0.391,3762200000.0,133800000.0,8610100000.0,8038225000.0,0.0,0.0,,,9164200000.0,,,8908701754.0,-246000000.0,0.0,-558000000.0,316000000.0,-322400000.0,-565800000.0,-323300000.0,-148000000.0,643100000.0,0.0,208800000.0,208800000.0,208800000.0,0.0,0.0,0.038,1715000000.0,417500000.0,4537500000.0,1.427,12.558,42.666,40.0,211900000.0,0.0,19.2,1.632,1.628,3947000000.0,247900000.0,5457700000.0,5457700000.0,0.0,0.022,0.276,0.054,0.079,0.0,1715000000.0,1.0,463994883.0,462800000.0,465400000.0,11.793,6111400000.0,0.0,89600000.0,605400000.0,13.205,
16,WU,MRT,2017-06-30,2017-06-30,2017-06-30,2021-08-04,-209400000.0,9408200000.0,9458125000.0,,,0.574,1.409,-128600000.0,1059200000.0,1059200000.0,3307600000.0,190100000.0,,13.229,3627400000.0,,,3627400000.0,0.0,263300000.0,0.0,0.035,0.67,437200000.0,700500000.0,0.129,700500000.0,437200000.0,299200000.0,0.42,0.4,0.42,661200000.0,925325000.0,661200000.0,11144992110.0,25.0,15.91,403700000.0,0.86,1.0,2123200000.0,0.391,3777600000.0,138000000.0,8198800000.0,7787475000.0,0.0,0.0,,,8747000000.0,,,8977392110.0,-103400000.0,0.0,-520200000.0,410800000.0,-319600000.0,-430400000.0,-205300000.0,-8900000.0,532300000.0,0.0,190100000.0,190100000.0,190100000.0,0.0,0.0,0.035,1699600000.0,423600000.0,4170200000.0,1.595,13.577,47.225,45.357,215300000.0,0.0,19.05,1.653,1.647,3646400000.0,193900000.0,5430800000.0,5430800000.0,0.0,0.02,0.205,0.056,0.081,0.0,1699600000.0,1.0,471254179.0,469400000.0,472000000.0,11.57,5630600000.0,0.0,109100000.0,539500000.0,11.995,
17,WU,MRT,2017-03-31,2017-03-31,2017-03-31,2021-08-04,-173800000.0,9486000000.0,9454800000.0,,,0.574,1.564,-114400000.0,1323300000.0,1323300000.0,3287200000.0,229200000.0,,11.643,3490900000.0,,,3490900000.0,0.0,264000000.0,0.0,0.032,0.655,480600000.0,744600000.0,0.137,744600000.0,480600000.0,337300000.0,0.49,0.47,0.49,750300000.0,1088625000.0,750300000.0,11694988423.0,24.0,15.706,801100000.0,1.67,1.0,2140400000.0,0.394,3811600000.0,143300000.0,7842000000.0,7637000000.0,0.0,0.0,,,8735700000.0,,,9786388423.0,163300000.0,0.0,-452700000.0,276500000.0,-316200000.0,-493800000.0,-258400000.0,-50100000.0,915500000.0,0.0,229200000.0,229200000.0,229200000.0,0.0,0.0,0.042,1671900000.0,468500000.0,4425700000.0,1.337,13.043,42.698,41.531,209300000.0,0.0,20.35,1.803,1.799,3452000000.0,259700000.0,5427600000.0,5427600000.0,0.0,0.024,0.211,0.063,0.089,0.0,1671900000.0,1.0,480903608.0,479800000.0,483400000.0,11.312,5674400000.0,0.0,108100000.0,537800000.0,11.827,
18,WU,MRT,2016-12-31,2016-12-31,2016-12-31,2021-08-04,-162800000.0,9419600000.0,9437875000.0,,,0.575,1.84,-122500000.0,877500000.0,877500000.0,3266700000.0,253200000.0,,9.441,2786100000.0,,,2786100000.0,0.0,263200000.0,0.0,0.029,0.64,494200000.0,757400000.0,0.14,757400000.0,494200000.0,341700000.0,0.52,0.51,0.52,902200000.0,1210800000.0,902200000.0,12475154292.0,25.0,16.471,919400000.0,1.876,1.0,2156200000.0,0.398,3826200000.0,152500000.0,7502000000.0,7582550000.0,0.0,0.0,,,8517400000.0,,,10531054292.0,-438400000.0,0.0,-465200000.0,-430400000.0,-312200000.0,-1209200000.0,-271100000.0,-41300000.0,1041900000.0,0.0,253200000.0,253200000.0,253200000.0,0.0,0.0,0.047,1669200000.0,487000000.0,4878700000.0,1.231,11.673,41.592,41.769,220500000.0,0.0,21.72,1.942,1.963,3749100000.0,419300000.0,5422900000.0,5422900000.0,0.0,0.027,0.209,0.065,0.091,0.0,1669200000.0,1.0,484855170.0,490200000.0,493500000.0,11.063,5593400000.0,0.0,88500000.0,493200000.0,11.41,
19,WU,MRT,2016-09-30,2016-09-30,2016-09-30,2021-08-04,-176900000.0,9518700000.0,9445275000.0,,,0.575,2.849,-138600000.0,1280700000.0,1280700000.0,3235200000.0,820500000.0,,5.86,3224800000.0,,,3224800000.0,0.0,266900000.0,0.0,0.03,0.635,1080600000.0,1347500000.0,0.248,1347500000.0,1080600000.0,916900000.0,1.66,1.65,1.66,1387600000.0,1336475000.0,1387600000.0,12220512032.0,11.0,9.069,950200000.0,1.951,1.0,2196000000.0,0.404,3855700000.0,163700000.0,7607100000.0,7577150000.0,0.0,0.0,,,8131100000.0,,,10154612032.0,-133700000.0,0.0,-457000000.0,-250000000.0,-313100000.0,-1020100000.0,-202400000.0,34400000.0,1088800000.0,0.0,820500000.0,820500000.0,820500000.0,0.0,0.0,0.151,1117000000.0,1079000000.0,3946400000.0,0.383,7.318,12.376,12.542,224400000.0,0.0,20.82,1.87,1.867,3389000000.0,930900000.0,5431200000.0,5431200000.0,0.0,0.087,0.614,0.143,0.199,0.0,1117000000.0,1.0,487733527.0,487000000.0,490300000.0,11.152,5663000000.0,0.0,96400000.0,508600000.0,11.628,
20,WU,MRT,2016-06-30,2016-06-30,2016-06-30,2021-08-04,-165000000.0,9394900000.0,9519575000.0,,,0.573,2.681,-144700000.0,1162600000.0,1162600000.0,3229500000.0,835900000.0,,6.148,3228500000.0,,,3228500000.0,0.0,274900000.0,0.0,0.033,0.63,1106800000.0,1381700000.0,0.253,1381700000.0,1106800000.0,942300000.0,1.67,1.66,1.67,1314400000.0,1326375000.0,1314400000.0,11485700774.0,10.0,8.313,946300000.0,1.93,1.0,2223100000.0,0.408,3863900000.0,164500000.0,7596900000.0,7670175000.0,0.0,0.0,,,8080500000.0,,,9420000774.0,-467900000.0,0.0,-523900000.0,-500000000.0,-313900000.0,-1337800000.0,-221100000.0,31700000.0,1091000000.0,0.0,835900000.0,835900000.0,835900000.0,0.0,0.0,0.153,1117900000.0,1105200000.0,3869500000.0,0.377,7.167,11.269,11.485,221700000.0,0.0,19.18,1.728,1.725,3357100000.0,877200000.0,5452600000.0,5452600000.0,0.0,0.088,0.63,0.144,0.203,0.0,1117900000.0,1.0,491136641.0,490300000.0,493000000.0,11.121,5531000000.0,0.0,106400000.0,481300000.0,11.281,
21,WU,MRT,2016-03-31,2016-03-31,2016-03-31,2021-08-04,-179100000.0,9418300000.0,9686800000.0,,,0.564,2.478,-144200000.0,1160000000.0,1160000000.0,3207000000.0,819600000.0,,6.602,3225700000.0,,,3225700000.0,0.0,271900000.0,0.0,0.032,0.625,1093300000.0,1365200000.0,0.25,1365200000.0,1093300000.0,926700000.0,1.62,1.6,1.62,1239000000.0,1324625000.0,1239000000.0,11591628564.0,11.0,8.491,927800000.0,1.856,1.0,2253500000.0,0.413,3859800000.0,166600000.0,7624200000.0,7826575000.0,0.0,0.0,,,8179300000.0,,,9681928564.0,-595300000.0,0.0,-546700000.0,-500000000.0,-315300000.0,-1362000000.0,-305300000.0,-35300000.0,1072000000.0,0.0,819600000.0,819600000.0,819600000.0,0.0,0.0,0.15,1157800000.0,1095700000.0,3905100000.0,0.386,7.814,11.813,11.907,226300000.0,0.0,19.29,1.773,1.766,3326100000.0,827900000.0,5460500000.0,5460500000.0,0.0,0.085,0.619,0.14,0.2,0.0,1157800000.0,1.0,501914389.0,500000000.0,503200000.0,10.921,5558500000.0,0.0,107100000.0,498900000.0,11.117,
22,WU,MRT,2015-12-31,2015-12-31,2015-12-31,2021-08-04,-143900000.0,9449200000.0,9920475000.0,,,0.553,2.741,-143700000.0,1315900000.0,1315900000.0,3199400000.0,837800000.0,,5.726,3215900000.0,,,3215900000.0,0.0,270200000.0,0.0,0.035,0.62,1109700000.0,1379900000.0,0.252,1379900000.0,1109700000.0,941800000.0,1.63,1.62,1.63,1404900000.0,1352350000.0,1404900000.0,11118982871.0,10.0,8.058,927400000.0,1.809,1.0,2284300000.0,0.417,3868800000.0,167900000.0,7480400000.0,8016900000.0,0.0,0.0,,,8044300000.0,,,9049582871.0,-467300000.0,0.0,-435500000.0,-500000000.0,-316500000.0,-1252000000.0,-286400000.0,-19900000.0,1071100000.0,0.0,837800000.0,837800000.0,837800000.0,0.0,0.0,0.153,1174900000.0,1109400000.0,3915300000.0,0.38,6.441,10.802,10.988,231800000.0,0.0,17.91,1.65,1.674,3308700000.0,977300000.0,5483700000.0,5483700000.0,0.0,0.084,0.62,0.138,0.202,0.0,1174900000.0,1.0,505281009.0,512600000.0,516700000.0,10.698,5580400000.0,0.0,104000000.0,484100000.0,10.886,
23,WU,MRT,2015-09-30,2015-09-30,2015-09-30,2021-08-04,-126300000.0,9815900000.0,10030775000.0,,,0.55,2.644,-121800000.0,1414400000.0,1414400000.0,3220300000.0,847000000.0,,6.286,3483800000.0,,,3483800000.0,0.0,270700000.0,0.0,0.032,0.59,1110300000.0,1381000000.0,0.25,1381000000.0,1110300000.0,940800000.0,1.65,1.62,1.65,1347200000.0,1326225000.0,1347200000.0,11485182450.0,10.0,8.317,953000000.0,1.87,1.0,2293300000.0,0.416,3906100000.0,169500000.0,7979200000.0,8124375000.0,0.0,0.0,,,8468700000.0,,,9389882450.0,-253000000.0,0.0,-406400000.0,-250000000.0,-303800000.0,-960200000.0,-367600000.0,-111200000.0,1074800000.0,0.0,847000000.0,847000000.0,847000000.0,0.0,0.0,0.154,1189600000.0,1103700000.0,4017900000.0,0.358,6.97,11.086,11.127,224800000.0,0.0,18.36,1.703,1.697,3369900000.0,912300000.0,5513600000.0,5513600000.0,0.0,0.084,0.639,0.137,0.201,0.0,1189600000.0,1.0,511431506.0,509600000.0,513200000.0,10.819,5909800000.0,0.0,93800000.0,513400000.0,11.597,
24,WU,MRT,2015-06-30,2015-06-30,2015-06-30,2021-08-04,-123500000.0,10063800000.0,10038450000.0,,,0.553,2.538,-101700000.0,1630500000.0,1630500000.0,3243600000.0,848800000.0,,6.698,3725800000.0,,,3725800000.0,0.0,263100000.0,0.0,0.028,0.56,1118700000.0,1381800000.0,0.249,1381800000.0,1118700000.0,948200000.0,1.63,1.61,1.63,1307400000.0,1284350000.0,1307400000.0,12469904134.0,11.0,9.024,959800000.0,1.863,1.0,2311700000.0,0.416,3936600000.0,170500000.0,8222500000.0,8118325000.0,0.0,0.0,,,8756400000.0,,,10496604134.0,25800000.0,0.0,-404800000.0,-35000000.0,-290800000.0,-730600000.0,-305100000.0,-100000000.0,1061500000.0,0.0,848800000.0,848800000.0,848800000.0,0.0,0.0,0.153,1198400000.0,1113300000.0,4078200000.0,0.344,8.029,12.366,12.472,201200000.0,0.0,20.33,1.889,1.885,3490400000.0,884200000.0,5555300000.0,5555300000.0,0.0,0.085,0.661,0.138,0.201,0.0,1198400000.0,1.0,516311074.0,515200000.0,519800000.0,10.783,6127200000.0,0.0,99400000.0,486900000.0,11.893,
25,WU,MRT,2015-03-31,2015-03-31,2015-03-31,2021-08-04,-78100000.0,10353000000.0,9991150000.0,,,0.558,2.591,-104100000.0,1755300000.0,1755300000.0,3272000000.0,853300000.0,,6.669,3728600000.0,,,3728600000.0,0.0,268600000.0,0.0,0.025,0.53,1144200000.0,1412800000.0,0.253,1412800000.0,1144200000.0,973400000.0,1.62,1.61,1.62,1349900000.0,1225050000.0,1349900000.0,12788471969.0,11.0,9.052,956800000.0,1.836,1.0,2305300000.0,0.413,3940800000.0,170800000.0,8385500000.0,8076450000.0,0.0,0.0,,,9003100000.0,,,10851271969.0,61300000.0,-400000.0,-413300000.0,-130000000.0,-278100000.0,-821400000.0,-178200000.0,0.0,1060900000.0,0.0,853300000.0,853300000.0,853300000.0,0.0,0.0,0.153,1164500000.0,1140800000.0,4052500000.0,0.327,8.039,12.717,12.846,202600000.0,0.0,20.81,1.946,1.944,3472100000.0,931900000.0,5577300000.0,5577300000.0,0.0,0.085,0.697,0.142,0.205,0.0,1164500000.0,1.0,521445073.0,521000000.0,525200000.0,10.705,6412200000.0,0.0,120100000.0,503500000.0,12.307,
26,WU,MRT,2014-12-31,2014-12-31,2014-12-31,2021-08-04,-118900000.0,9890400000.0,9883550000.0,,,0.567,2.438,-105900000.0,1783200000.0,1783200000.0,3297400000.0,852400000.0,,6.606,3720400000.0,,,3720400000.0,0.0,271900000.0,0.0,0.028,0.5,1144800000.0,1416700000.0,0.253,1416700000.0,1144800000.0,968200000.0,1.6,1.59,1.6,1300400000.0,1154500000.0,1300400000.0,11407050806.0,10.0,8.052,940000000.0,1.762,1.0,2309800000.0,0.412,3917300000.0,176600000.0,7910300000.0,7997225000.0,0.0,0.0,,,8590000000.0,,,9360250806.0,-289900000.0,-10600000.0,-481200000.0,-500000000.0,-265200000.0,-1246400000.0,-89400000.0,100200000.0,1045900000.0,0.0,852400000.0,852400000.0,852400000.0,0.0,0.0,0.152,1169300000.0,1140500000.0,3914100000.0,0.312,7.198,10.981,11.194,206400000.0,0.0,17.91,1.669,1.704,3313700000.0,968700000.0,5607200000.0,5607200000.0,0.0,0.086,0.738,0.143,0.204,0.0,1169300000.0,1.0,522627069.0,533400000.0,536800000.0,10.512,5973100000.0,0.0,115800000.0,471300000.0,11.198,
27,WU,MRT,2014-09-30,2014-09-30,2014-09-30,2021-08-04,-110900000.0,9846600000.0,9941275000.0,,,0.565,2.235,-105000000.0,1667400000.0,1667400000.0,3311200000.0,804300000.0,,7.347,3714200000.0,,,3714200000.0,0.0,267300000.0,0.0,0.031,0.5,1109200000.0,1376500000.0,0.245,1376500000.0,1109200000.0,925100000.0,1.48,1.49,1.48,1179700000.0,1105575000.0,1179700000.0,10646907287.0,10.0,7.735,948000000.0,1.796,1.0,2308000000.0,0.411,3938400000.0,184100000.0,7955000000.0,8083500000.0,0.0,0.0,,,8666900000.0,,,8497507287.0,-75300000.0,-10600000.0,-493000000.0,-252000000.0,-268500000.0,-1013500000.0,-114800000.0,100200000.0,1053000000.0,0.0,804300000.0,804300000.0,804300000.0,0.0,0.0,0.143,1205200000.0,1102800000.0,4061900000.0,0.338,7.203,10.565,10.838,205700000.0,0.0,16.04,1.512,1.507,3465800000.0,856200000.0,5619200000.0,5619200000.0,0.0,0.081,0.727,0.137,0.197,0.0,1205200000.0,1.0,529769781.0,527800000.0,531200000.0,10.646,5908200000.0,0.0,120800000.0,497500000.0,11.194,
28,WU,MRT,2014-06-30,2014-06-30,2014-06-30,2021-08-04,-162500000.0,9874600000.0,9964850000.0,,,0.561,1.993,-109300000.0,1604700000.0,1604700000.0,3288900000.0,784600000.0,,8.227,3754100000.0,,,3754100000.0,0.0,269100000.0,0.0,0.029,0.5,1093700000.0,1362800000.0,0.244,1362800000.0,1093700000.0,904000000.0,1.43,1.44,1.43,1070200000.0,1073225000.0,1070200000.0,11495040218.0,11.0,8.435,951900000.0,1.772,1.0,2298200000.0,0.411,3969000000.0,189700000.0,8055000000.0,8125450000.0,0.0,0.0,,,8804400000.0,,,9344940218.0,209300000.0,-10600000.0,-370900000.0,32300000.0,-272000000.0,-610600000.0,-241300000.0,200000.0,1061200000.0,0.0,784600000.0,784600000.0,784600000.0,0.0,0.0,0.14,1214200000.0,1084000000.0,4157300000.0,0.35,8.732,11.91,12.126,208500000.0,0.0,17.34,1.673,1.667,3603700000.0,810100000.0,5587100000.0,5587100000.0,0.0,0.079,0.731,0.135,0.196,0.0,1214200000.0,1.0,538923888.0,537100000.0,539900000.0,10.402,5905600000.0,0.0,119400000.0,511200000.0,10.995,
29,WU,MRT,2014-03-31,2014-03-31,2014-03-31,2021-08-04,-170000000.0,9922600000.0,9893550000.0,,,0.563,1.956,-124900000.0,1694000000.0,1694000000.0,3272800000.0,789400000.0,,8.293,3844100000.0,,,3844100000.0,0.0,267100000.0,0.0,0.031,0.5,1098400000.0,1365500000.0,0.245,1365500000.0,1098400000.0,904100000.0,1.43,1.44,1.43,1067700000.0,1037825000.0,1067700000.0,11104143120.0,10.0,8.132,923200000.0,1.691,1.0,2294600000.0,0.412,4004100000.0,194300000.0,8068600000.0,8071050000.0,0.0,0.0,,,8854900000.0,,,8964243120.0,276900000.0,-10200000.0,-365000000.0,127300000.0,-274500000.0,-512200000.0,-259000000.0,200000.0,1048100000.0,0.0,789400000.0,789400000.0,789400000.0,0.0,0.0,0.142,1212100000.0,1082500000.0,4090300000.0,0.35,8.396,11.356,11.441,214000000.0,0.0,16.36,1.61,1.604,3515900000.0,827100000.0,5567400000.0,5567400000.0,0.0,0.08,0.761,0.136,0.197,0.0,1212100000.0,1.0,547936621.0,545900000.0,549200000.0,10.199,5918500000.0,0.0,114700000.0,528900000.0,10.842,
30,WU,MRT,2013-12-31,2013-12-31,2013-12-31,2021-08-04,-169000000.0,10121300000.0,9753325000.0,,,0.568,1.985,-122000000.0,2073100000.0,2073100000.0,3235000000.0,798400000.0,,8.162,4213000000.0,,,4213000000.0,0.0,262800000.0,0.0,0.029,0.5,1122500000.0,1385300000.0,0.25,1385300000.0,1122500000.0,926900000.0,1.43,1.43,1.43,1104700000.0,1000300000.0,1104700000.0,11752337271.0,10.0,8.484,966600000.0,1.737,1.0,2307000000.0,0.416,4005800000.0,195600000.0,8255400000.0,7961300000.0,0.0,0.0,,,9016600000.0,,,9526337271.0,296600000.0,0.0,-370800000.0,197300000.0,-277200000.0,-450700000.0,-341300000.0,-100000000.0,1088600000.0,0.0,798400000.0,798400000.0,798400000.0,0.0,0.0,0.144,1199600000.0,1107400000.0,3909300000.0,0.35,8.623,11.932,12.063,209900000.0,0.0,17.25,1.719,1.732,3270400000.0,877300000.0,5542000000.0,5542000000.0,0.0,0.082,0.798,0.141,0.203,0.0,1199600000.0,1.0,552251436.0,556600000.0,559700000.0,9.957,6115500000.0,0.0,128500000.0,536100000.0,10.987,
31,WU,MRT,2013-09-30,2013-09-30,2013-09-30,2021-08-04,-165300000.0,9940900000.0,9589425000.0,,,0.578,1.902,-124600000.0,1742700000.0,1742700000.0,3206700000.0,862900000.0,,8.465,3968700000.0,,,3968700000.0,0.0,259900000.0,0.0,0.027,0.5,1170100000.0,1430000000.0,0.258,1430000000.0,1170100000.0,978900000.0,1.53,1.52,1.53,1050300000.0,959275000.0,1050300000.0,12621021002.0,11.0,8.826,1012000000.0,1.833,1.0,2338100000.0,0.422,4044100000.0,191200000.0,8122800000.0,7812400000.0,0.0,0.0,,,8890600000.0,,,10299121002.0,309700000.0,-9300000.0,-667900000.0,542100000.0,-340500000.0,-466300000.0,-360600000.0,-100000000.0,1136600000.0,0.0,862900000.0,862900000.0,862900000.0,0.0,0.0,0.156,1183100000.0,1155000000.0,4007100000.0,0.327,9.806,11.935,12.196,208600000.0,0.0,18.66,1.857,1.858,3408000000.0,832000000.0,5544800000.0,5544800000.0,0.0,0.09,0.9,0.15,0.211,0.0,1183100000.0,1.0,551935745.0,552100000.0,555800000.0,10.043,5896800000.0,0.0,116000000.0,542000000.0,10.681,
32,WU,MRT,2013-06-30,2013-06-30,2013-06-30,2021-08-04,-138300000.0,9589400000.0,9442975000.0,,,0.589,1.671,-114900000.0,1395400000.0,1395400000.0,3184800000.0,918000000.0,,9.327,3717300000.0,,,3717300000.0,0.0,252500000.0,0.0,0.028,0.475,1238000000.0,1490500000.0,0.268,1490500000.0,1238000000.0,1051000000.0,1.59,1.58,1.59,928600000.0,983375000.0,928600000.0,11841876841.0,10.0,7.945,1102200000.0,1.983,1.0,2372800000.0,0.427,4073900000.0,187000000.0,7837400000.0,7611925000.0,0.0,0.0,,,8660800000.0,,,9532176841.0,-8400000.0,14800000.0,-768000000.0,52800000.0,-271500000.0,-986700000.0,-238800000.0,0.0,1217100000.0,0.0,918000000.0,918000000.0,918000000.0,0.0,0.0,0.165,1147500000.0,1225300000.0,4004300000.0,0.299,10.265,10.384,10.761,203600000.0,0.0,17.11,1.715,1.711,3462800000.0,707400000.0,5557600000.0,5557600000.0,0.0,0.097,0.934,0.163,0.223,0.0,1147500000.0,1.0,557111446.0,555700000.0,558300000.0,10.001,5515500000.0,0.0,133000000.0,561200000.0,9.925,
33,WU,MRT,2013-03-31,2013-03-31,2013-03-31,2021-08-04,-133700000.0,9361700000.0,9337125000.0,,,0.599,1.617,-99400000.0,1417100000.0,1417100000.0,3170600000.0,990600000.0,,9.202,3726800000.0,,,3726800000.0,0.0,245100000.0,0.0,0.03,0.45,1313000000.0,1558100000.0,0.278,1558100000.0,1313000000.0,1128900000.0,1.67,1.66,1.67,917600000.0,1014425000.0,917600000.0,10806959320.0,8.0,6.936,1108200000.0,1.952,1.0,2426200000.0,0.433,4041800000.0,184100000.0,7629600000.0,7502475000.0,0.0,0.0,,,8444100000.0,,,8554259320.0,21200000.0,10000000.0,-796000000.0,92800000.0,-262900000.0,-966100000.0,-220300000.0,0.0,1207600000.0,0.0,990600000.0,990600000.0,990600000.0,0.0,0.0,0.177,1131800000.0,1294400000.0,3843400000.0,0.269,9.322,8.635,9.006,198700000.0,0.0,15.04,1.528,1.525,3319200000.0,702800000.0,5596800000.0,5596800000.0,0.0,0.106,0.977,0.175,0.235,0.0,1131800000.0,1.0,568767242.0,567600000.0,569700000.0,9.86,5319900000.0,0.0,138300000.0,582500000.0,9.373,
34,WU,MRT,2012-12-31,2012-12-31,2012-12-31,2021-08-04,-152600000.0,9465700000.0,9296150000.0,,,0.609,1.555,-93300000.0,1776500000.0,1776500000.0,3194200000.0,1025900000.0,,9.063,4029200000.0,,,4029200000.0,0.0,246100000.0,0.0,0.031,0.425,1348400000.0,1594500000.0,0.281,1594500000.0,1348400000.0,1168800000.0,1.7,1.69,1.7,940600000.0,1026875000.0,940600000.0,10119440244.0,8.0,6.346,1092000000.0,1.805,1.0,2470600000.0,0.436,4058600000.0,179600000.0,7659800000.0,7442825000.0,0.0,0.0,,,8525100000.0,,,8119440244.0,405600000.0,10000000.0,-713100000.0,445800000.0,-254200000.0,-521500000.0,-258200000.0,0.0,1185300000.0,0.0,1025900000.0,1025900000.0,1025900000.0,0.0,0.0,0.181,1140600000.0,1330000000.0,3670800000.0,0.25,8.632,7.914,8.006,196100000.0,0.0,13.61,1.433,1.453,3114600000.0,754700000.0,5664800000.0,5664800000.0,0.0,0.11,0.999,0.181,0.238,0.0,1140600000.0,1.0,596579004.0,604900000.0,607400000.0,9.365,5407100000.0,0.0,142900000.0,570400000.0,8.939,
35,WU,MRT,2012-09-30,2012-09-30,2012-09-30,2021-08-04,-124500000.0,9355100000.0,9197200000.0,,,0.617,1.906,-83800000.0,1433000000.0,1433000000.0,3169200000.0,1240300000.0,,7.158,3433000000.0,,,3433000000.0,0.0,239500000.0,0.0,0.021,0.38,1458300000.0,1697800000.0,0.299,1697800000.0,1458300000.0,1276600000.0,2.02,2.01,2.02,1146700000.0,1015425000.0,1146700000.0,13244890530.0,9.0,7.801,1067900000.0,1.775,1.0,2502200000.0,0.441,4034200000.0,181700000.0,7320900000.0,7336850000.0,0.0,0.0,,,8208400000.0,,,10975590530.0,-1238100000.0,-1062400000.0,-358600000.0,-546800000.0,-221500000.0,-1126900000.0,-1262900000.0,20800000.0,1151700000.0,0.0,1240300000.0,1240300000.0,1240300000.0,0.0,0.0,0.219,1099800000.0,1402400000.0,3905700000.0,0.188,9.571,8.849,9.02,196700000.0,0.0,18.22,1.935,1.932,3326600000.0,940300000.0,5671400000.0,5671400000.0,0.0,0.135,1.221,0.199,0.257,0.0,1099800000.0,1.0,602392455.0,601500000.0,604200000.0,9.429,5320900000.0,0.0,36300000.0,611100000.0,8.846,
36,WU,MRT,2012-06-30,2012-06-30,2012-06-30,2021-08-04,-107000000.0,9166000000.0,9063350000.0,,,0.625,1.723,-78200000.0,1403800000.0,1403800000.0,3172900000.0,1210500000.0,,7.706,3673100000.0,,,3673100000.0,0.0,224200000.0,0.0,0.021,0.36,1450500000.0,1674700000.0,0.296,1674700000.0,1450500000.0,1266700000.0,1.95,1.94,1.95,1052800000.0,854225000.0,1052800000.0,12559901475.0,9.0,7.5,1036100000.0,1.696,1.0,2487700000.0,0.439,4035700000.0,183800000.0,7399600000.0,7336000000.0,0.0,0.0,,,8113200000.0,,,10322101475.0,-685900000.0,-1087700000.0,-394400000.0,91000000.0,-221500000.0,-524900000.0,-1275300000.0,20800000.0,1114300000.0,0.0,1210500000.0,1210500000.0,1210500000.0,0.0,0.0,0.214,1087900000.0,1399800000.0,3599300000.0,0.185,9.804,8.527,8.636,196400000.0,0.0,16.84,1.823,1.817,3103300000.0,842800000.0,5660600000.0,5660600000.0,0.0,0.134,1.417,0.198,0.256,0.0,1087900000.0,1.0,612951394.0,610900000.0,613100000.0,9.266,5130300000.0,0.0,56200000.0,578400000.0,8.398,
37,WU,MRT,2012-03-31,2012-03-31,2012-03-31,2021-08-04,-132500000.0,9197800000.0,8774225000.0,,,0.638,1.563,-71000000.0,1395900000.0,1395900000.0,3139600000.0,1202500000.0,,8.508,3633700000.0,,,3633700000.0,0.0,211800000.0,0.0,0.019,0.34,1472900000.0,1684700000.0,0.301,1684700000.0,1472900000.0,1290000000.0,1.93,1.91,1.93,967400000.0,685800000.0,967400000.0,13130176851.0,9.0,7.794,1067300000.0,1.724,1.0,2462200000.0,0.44,4044600000.0,182900000.0,7391000000.0,7159275000.0,0.0,0.0,,,8230400000.0,,,10917876851.0,-819900000.0,-1218600000.0,-383400000.0,50500000.0,-211100000.0,-544000000.0,-1414200000.0,20800000.0,1138300000.0,0.0,1202500000.0,1202500000.0,1202500000.0,0.0,0.0,0.215,1057600000.0,1404600000.0,3683400000.0,0.176,11.286,9.079,9.119,196300000.0,0.0,17.6,1.949,1.945,3185100000.0,794900000.0,5601800000.0,5601800000.0,0.0,0.137,1.753,0.206,0.263,0.0,1057600000.0,1.0,620333912.0,619100000.0,621900000.0,9.048,5153200000.0,0.0,87500000.0,651600000.0,8.324,
38,WU,MRT,2011-12-31,2011-12-31,2011-12-31,2021-08-04,-118500000.0,9069900000.0,8446700000.0,,,0.65,1.419,-65800000.0,1370900000.0,1370900000.0,3102000000.0,1165400000.0,,9.136,3583200000.0,,,3583200000.0,0.0,192600000.0,0.0,0.017,0.31,1456500000.0,1649100000.0,0.3,1649100000.0,1456500000.0,1274600000.0,1.85,1.84,1.85,894800000.0,514025000.0,894800000.0,12617152266.0,9.0,7.651,1109100000.0,1.759,1.0,2389400000.0,0.435,4046300000.0,181900000.0,7235900000.0,6980225000.0,0.0,0.0,,,8175100000.0,,,11305452266.0,-786500000.0,-1218600000.0,-703900000.0,297000000.0,-194200000.0,-601100000.0,-1360300000.0,20800000.0,1174900000.0,0.0,1165400000.0,1165400000.0,1165400000.0,0.0,0.0,0.212,1004400000.0,1385000000.0,3626200000.0,0.168,12.635,9.701,9.87,198100000.0,0.0,18.26,2.059,2.097,3091200000.0,760000000.0,5491400000.0,5491400000.0,0.0,0.138,2.267,0.209,0.265,0.0,1004400000.0,1.0,619137583.0,630600000.0,634200000.0,8.708,5023600000.0,0.0,109200000.0,692100000.0,7.966,
39,WU,MRT,2011-09-30,2011-09-30,2011-09-30,2021-08-04,-94700000.0,8819700000.0,8161525000.0,,,0.664,0.803,-66400000.0,2671100000.0,2671100000.0,3093100000.0,955700000.0,,16.573,3982800000.0,,,3982800000.0,0.0,182600000.0,0.0,0.02,0.3,1389800000.0,1572400000.0,0.29,1572400000.0,1389800000.0,1210300000.0,1.49,1.48,1.49,501900000.0,436000000.0,501900000.0,11093371118.0,8.0,7.055,1100900000.0,1.762,1.0,2324000000.0,0.429,2813900000.0,179500000.0,7317500000.0,6789250000.0,0.0,0.0,,,8317800000.0,,,9597571118.0,674400000.0,-139300000.0,-756800000.0,696700000.0,-180200000.0,-240300000.0,-252600000.0,36900000.0,1167300000.0,0.0,955700000.0,955700000.0,955700000.0,0.0,0.0,0.176,975300000.0,1348700000.0,3324500000.0,0.201,19.122,10.042,10.262,193500000.0,0.0,15.29,1.772,1.764,2757000000.0,357300000.0,5417100000.0,5417100000.0,0.0,0.117,2.192,0.205,0.257,-29200000.0,975300000.0,1.0,627702493.0,624900000.0,627100000.0,8.669,6005800000.0,0.0,254600000.0,774700000.0,9.611,
40,WU,MRT,2011-06-30,2011-06-30,2011-06-30,2021-08-04,-156500000.0,8009500000.0,7849200000.0,,,0.68,0.601,-78700000.0,2089700000.0,2089700000.0,3045700000.0,954400000.0,,20.128,3585500000.0,,,3585500000.0,0.0,181600000.0,0.0,0.014,0.28,1382600000.0,1564200000.0,0.293,1564200000.0,1382600000.0,1205000000.0,1.47,1.46,1.47,379100000.0,419975000.0,379100000.0,14031750143.0,10.0,8.971,1095900000.0,1.736,1.0,2290200000.0,0.429,2812600000.0,177600000.0,6692700000.0,6525400000.0,0.0,0.0,,,7630400000.0,,,12664250143.0,342900000.0,-140400000.0,-701000000.0,298500000.0,-180200000.0,-582700000.0,-249000000.0,36900000.0,1174600000.0,0.0,954400000.0,954400000.0,954400000.0,0.0,0.0,0.179,953300000.0,1336900000.0,3068500000.0,0.19,33.406,13.269,13.626,196400000.0,0.0,20.03,2.373,2.369,2585300000.0,307700000.0,5335900000.0,5335900000.0,0.0,0.122,2.273,0.212,0.259,-20600000.0,953300000.0,1.0,632264111.0,631100000.0,635800000.0,8.455,5196900000.0,0.0,250600000.0,711200000.0,8.235,
41,WU,MRT,2011-03-31,2011-03-31,2011-03-31,2021-08-04,-153400000.0,7887700000.0,7683750000.0,,,0.682,0.433,-82500000.0,2215800000.0,2215800000.0,3009200000.0,912200000.0,,27.14,3583300000.0,,,3583300000.0,0.0,178600000.0,0.0,0.013,0.26,1318400000.0,1497000000.0,0.286,1497000000.0,1318400000.0,1143900000.0,1.38,1.38,1.38,280300000.0,425125000.0,280300000.0,14566061551.0,11.0,9.73,1089100000.0,1.684,1.0,2233800000.0,0.426,2580400000.0,174500000.0,6674800000.0,6419500000.0,0.0,0.0,,,7607400000.0,,,13433561551.0,686000000.0,-4700000.0,-773900000.0,546500000.0,-169500000.0,-396900000.0,-88700000.0,36900000.0,1171600000.0,0.0,912200000.0,912200000.0,912200000.0,0.0,0.0,0.174,936600000.0,1297200000.0,3062100000.0,0.188,47.926,14.727,15.051,194100000.0,0.0,20.77,2.562,2.563,2533600000.0,230200000.0,5243000000.0,5243000000.0,0.0,0.119,2.146,0.205,0.251,-10400000.0,936600000.0,1.0,646777157.0,646900000.0,652100000.0,8.105,5307300000.0,0.0,231700000.0,684800000.0,8.204,
42,WU,MRT,2010-12-31,2010-12-31,2010-12-31,2021-08-04,-132800000.0,7929200000.0,7472075000.0,,,0.695,0.874,-78700000.0,2157400000.0,2157400000.0,2978400000.0,909900000.0,,12.608,3289900000.0,,,3289900000.0,0.0,175900000.0,0.0,0.013,0.25,1315100000.0,1491000000.0,0.287,1491000000.0,1315100000.0,1145200000.0,1.37,1.36,1.37,582700000.0,450200000.0,582700000.0,13479255297.0,10.0,9.04,915700000.0,1.374,1.0,2214300000.0,0.426,2589700000.0,169900000.0,6472000000.0,6232500000.0,0.0,0.0,,,7346500000.0,,,12179455297.0,472200000.0,-4700000.0,-539300000.0,247000000.0,-165300000.0,-457600000.0,-64600000.0,53800000.0,994400000.0,0.0,909900000.0,909900000.0,909900000.0,0.0,0.0,0.175,914200000.0,1300100000.0,3155600000.0,0.182,20.902,13.385,13.555,196500000.0,0.0,18.57,2.345,2.384,2635200000.0,591600000.0,5192700000.0,5192700000.0,0.0,0.122,2.021,0.211,0.253,0.0,914200000.0,1.0,655867275.0,666500000.0,668900000.0,7.791,5339500000.0,0.0,235300000.0,646500000.0,8.011,
43,WU,MRT,2010-09-30,2010-09-30,2010-09-30,2021-08-04,-121800000.0,7570400000.0,7328125000.0,,,0.703,0.664,-83200000.0,1996700000.0,1996700000.0,2957800000.0,891000000.0,,16.292,3296500000.0,,,3296500000.0,0.0,173200000.0,0.0,0.014,0.24,1304500000.0,1477700000.0,0.287,1477700000.0,1304500000.0,1141000000.0,1.31,1.31,1.31,437800000.0,392900000.0,437800000.0,13214021849.0,10.0,8.942,886800000.0,1.345,1.0,2191900000.0,0.426,2608100000.0,163500000.0,6262100000.0,6135525000.0,0.0,0.0,,,7132600000.0,,,11664321849.0,371300000.0,-3300000.0,-656700000.0,247100000.0,-121300000.0,-530900000.0,-67800000.0,55300000.0,970000000.0,0.0,891000000.0,891000000.0,891000000.0,0.0,0.0,0.173,895300000.0,1296600000.0,2967900000.0,0.183,26.643,13.091,13.489,195200000.0,0.0,17.67,2.265,2.262,2393400000.0,465300000.0,5149700000.0,5149700000.0,0.0,0.122,2.268,0.213,0.253,36200000.0,895300000.0,1.0,660120082.0,659100000.0,661300000.0,7.813,4962300000.0,0.0,250000000.0,618700000.0,7.529,
44,WU,MRT,2010-06-30,2010-06-30,2010-06-30,2021-08-04,-45000000.0,7347700000.0,6989075000.0,,,0.735,0.597,-67800000.0,1746800000.0,1746800000.0,2947800000.0,833600000.0,,17.383,3296500000.0,,,3296500000.0,0.0,167000000.0,0.0,0.012,0.18,1236900000.0,1403900000.0,0.273,1403900000.0,1236900000.0,1078900000.0,1.21,1.21,1.21,399700000.0,365350000.0,399700000.0,11539881354.0,9.0,8.22,870100000.0,1.3,1.0,2186400000.0,0.426,2628300000.0,158000000.0,6269100000.0,5817275000.0,0.0,0.0,,,6948000000.0,,,10021681354.0,-35600000.0,-370700000.0,-688000000.0,247500000.0,-121300000.0,-561800000.0,-411700000.0,61600000.0,937900000.0,0.0,833600000.0,833600000.0,833600000.0,0.0,0.0,0.162,959500000.0,1226900000.0,2810600000.0,0.149,25.073,12.022,12.322,196100000.0,0.0,14.91,1.952,1.944,2341300000.0,364900000.0,5134200000.0,5134200000.0,0.0,0.119,2.282,0.213,0.241,36300000.0,959500000.0,1.0,672144960.0,669300000.0,671600000.0,7.671,4719400000.0,0.0,245300000.0,582300000.0,7.051,
45,WU,MRT,2010-03-31,2010-03-31,2010-03-31,2021-08-04,-86300000.0,7041000000.0,6616950000.0,,,0.773,0.558,-70000000.0,1529800000.0,1529800000.0,2920400000.0,832800000.0,,17.5,3048000000.0,,,3048000000.0,0.0,160500000.0,0.0,0.007,0.12,1259000000.0,1419500000.0,0.278,1419500000.0,1259000000.0,1102300000.0,1.19,1.19,1.19,380600000.0,336825000.0,380600000.0,12943066327.0,10.0,9.118,865900000.0,1.27,1.0,2194700000.0,0.429,2632400000.0,156700000.0,5926800000.0,5467950000.0,0.0,0.0,,,6660400000.0,,,11579766327.0,19800000.0,-372300000.0,-472900000.0,0.0,-81700000.0,-554600000.0,-361500000.0,108600000.0,935900000.0,0.0,832800000.0,832800000.0,832800000.0,0.0,0.0,0.163,937100000.0,1257600000.0,2753100000.0,0.101,30.425,13.905,14.252,196000000.0,0.0,16.96,2.264,2.261,2287600000.0,400500000.0,5115100000.0,5115100000.0,0.0,0.126,2.473,0.23,0.246,33900000.0,937100000.0,1.0,682769241.0,681900000.0,684200000.0,7.501,4408600000.0,0.0,269500000.0,599800000.0,6.465,
46,WU,MRT,2009-12-31,2009-12-31,2009-12-31,2021-08-04,-127300000.0,7353400000.0,6270200000.0,,,0.811,0.506,-71600000.0,1685200000.0,1685200000.0,2874900000.0,848800000.0,,19.802,3048500000.0,,,3048500000.0,0.0,154200000.0,0.0,0.003,0.06,1289400000.0,1443600000.0,0.284,1443600000.0,1289400000.0,1131500000.0,1.21,1.21,1.21,353500000.0,270150000.0,353500000.0,14473248750.0,11.0,10.026,1146500000.0,1.64,1.0,2208700000.0,0.434,2632600000.0,157900000.0,6084100000.0,5222725000.0,0.0,0.0,,,6999900000.0,,,13046248750.0,389600000.0,-515900000.0,-377000000.0,-86200000.0,-41200000.0,-504400000.0,-324100000.0,290700000.0,1218100000.0,0.0,848800000.0,848800000.0,848800000.0,0.0,0.0,0.167,926000000.0,1282700000.0,2890300000.0,0.05,36.906,15.37,15.579,204300000.0,0.0,18.85,2.566,2.592,2389100000.0,433200000.0,5083600000.0,5083600000.0,0.0,0.135,3.142,0.247,0.254,31900000.0,926000000.0,1.0,692108687.0,698900000.0,701000000.0,7.274,4720800000.0,0.0,282700000.0,787900000.0,6.755,
47,WU,MRT,2009-09-30,2009-09-30,2009-09-30,2021-08-04,-128100000.0,6214200000.0,5826425000.0,,,0.869,0.469,-63400000.0,1625400000.0,1625400000.0,2861400000.0,864700000.0,,17.969,3052400000.0,,,3052400000.0,0.0,148600000.0,0.0,0.002,0.04,1314200000.0,1462800000.0,0.289,1462800000.0,1314200000.0,1152600000.0,1.23,1.22,1.23,327600000.0,179750000.0,327600000.0,14540667935.0,11.0,9.94,1223200000.0,1.751,1.0,2199800000.0,0.435,2652100000.0,161600000.0,4989100000.0,5052050000.0,0.0,0.0,,,5886600000.0,,,13273267935.0,495800000.0,-539500000.0,-317300000.0,-85300000.0,-28400000.0,-431000000.0,-359800000.0,275300000.0,1286600000.0,0.0,864700000.0,864700000.0,864700000.0,0.0,0.0,0.171,901400000.0,1298400000.0,1768400000.0,0.033,40.517,15.35,15.382,198300000.0,0.0,18.92,2.623,2.611,1256100000.0,425600000.0,5061200000.0,5061200000.0,0.0,0.148,4.811,0.26,0.26,51200000.0,901400000.0,1.0,701546931.0,698400000.0,701600000.0,7.247,3562100000.0,0.0,287900000.0,787700000.0,5.1,
48,WU,MRT,2009-06-30,2009-06-30,2009-06-30,2021-08-04,-102400000.0,5859200000.0,5648925000.0,,,0.907,0.408,-65500000.0,1782400000.0,1782400000.0,2904400000.0,924500000.0,,19.515,3049800000.0,,,3049800000.0,0.0,147500000.0,0.0,0.002,0.04,1401800000.0,1549300000.0,0.302,1549300000.0,1401800000.0,1239100000.0,1.3,1.29,1.3,285600000.0,75300000.0,285600000.0,13047718034.0,9.0,8.422,1234400000.0,1.762,1.0,2220100000.0,0.433,2254800000.0,162700000.0,4871800000.0,5168000000.0,0.0,0.0,,,5573600000.0,,,11501118034.0,-92200000.0,-188000000.0,-666400000.0,-372300000.0,-28400000.0,-1067100000.0,-325000000.0,-23900000.0,1299900000.0,0.0,924500000.0,924500000.0,924500000.0,0.0,0.0,0.18,828000000.0,1392100000.0,1591100000.0,0.031,40.27,12.44,12.615,194000000.0,0.0,16.4,2.244,2.242,1219700000.0,373200000.0,5124500000.0,5124500000.0,0.0,0.164,12.278,0.271,0.274,29000000.0,828000000.0,1.0,701287685.0,700600000.0,702700000.0,7.314,3604400000.0,0.0,314600000.0,711200000.0,5.145,
49,WU,MRT,2009-03-31,2009-03-31,2009-03-31,2021-08-04,-44700000.0,5654000000.0,5690200000.0,,,0.917,0.161,-67100000.0,1510000000.0,1510000000.0,3003500000.0,935800000.0,,48.64,3056600000.0,,,3056600000.0,0.0,146900000.0,0.0,0.003,0.04,1417600000.0,1564500000.0,0.3,1564500000.0,1417600000.0,1251400000.0,1.3,1.29,1.3,113900000.0,10275000.0,113900000.0,10772523901.0,8.0,6.886,1225400000.0,1.733,1.0,2213800000.0,0.424,2254700000.0,166200000.0,4945900000.0,5332175000.0,0.0,0.0,,,5540100000.0,,,8924623901.0,-385400000.0,-187100000.0,-873700000.0,-380000000.0,-28400000.0,-1282100000.0,-395800000.0,-62700000.0,1292500000.0,0.0,935800000.0,935800000.0,935800000.0,0.0,0.0,0.179,827200000.0,1386600000.0,1572200000.0,0.031,78.355,9.537,9.669,192400000.0,0.0,12.57,1.711,1.704,1182200000.0,153100000.0,5217300000.0,5217300000.0,0.0,0.164,91.075,0.266,0.272,27000000.0,827200000.0,1.0,709993946.0,707100000.0,708000000.0,7.378,3399300000.0,0.0,315600000.0,722600000.0,4.807,
50,WU,MRT,2008-12-31,2008-12-31,2008-12-31,2021-08-04,-30000000.0,5578300000.0,5769900000.0,,,0.915,-0.011,-70900000.0,1295600000.0,1295600000.0,3093000000.0,919000000.0,,-689.679,3143500000.0,,,3143500000.0,0.0,144000000.0,0.0,0.003,0.04,1409900000.0,1553900000.0,0.294,1553900000.0,1409900000.0,1238700000.0,1.26,1.24,1.26,-8100000.0,-16350000.0,-8100000.0,12214227130.0,9.0,7.86,1183000000.0,1.62,1.0,2189000000.0,0.414,2024800000.0,171200000.0,5401400000.0,5468125000.0,0.0,0.0,,,5586400000.0,,,10261327130.0,-497500000.0,-43800000.0,-1014000000.0,-255300000.0,-28400000.0,-1297700000.0,-453700000.0,-256200000.0,1253900000.0,0.0,919000000.0,919000000.0,919000000.0,0.0,0.0,0.174,834000000.0,1355000000.0,1593200000.0,0.032,-1266.831,11.166,11.381,192300000.0,0.0,14.34,1.943,1.982,1207500000.0,29200000.0,5282000000.0,5282000000.0,0.0,0.159,-56.208,0.258,0.267,26300000.0,834000000.0,1.0,715573719.0,730100000.0,738200000.0,7.235,3553500000.0,0.0,319700000.0,651700000.0,4.867,
51,WU,MRT,2008-09-30,2008-09-30,2008-09-30,2021-08-04,700000.0,5504200000.0,5821375000.0,,,0.91,-0.124,-81200000.0,1129600000.0,1129600000.0,3096300000.0,922700000.0,,-62.022,3082500000.0,,,3082500000.0,0.0,138600000.0,0.0,0.002,0.04,1444500000.0,1583100000.0,0.299,1583100000.0,1444500000.0,1268700000.0,1.25,1.23,1.25,-90200000.0,-1650000.0,-90200000.0,19481858402.0,13.0,12.306,1064300000.0,1.468,1.0,2203200000.0,0.416,2004200000.0,175800000.0,5452900000.0,5456650000.0,0.0,0.0,,,5594400000.0,,,17987758402.0,-539400000.0,-19400000.0,-948600000.0,-192900000.0,-30000000.0,-1171500000.0,-513400000.0,-299200000.0,1145500000.0,0.0,922700000.0,922700000.0,922700000.0,0.0,0.0,0.174,817900000.0,1385300000.0,1707400000.0,0.032,-199.421,19.495,19.736,194600000.0,0.0,24.67,3.394,3.375,1292200000.0,-72900000.0,5299500000.0,5299500000.0,0.0,0.159,-559.212,0.265,0.273,4600000.0,817900000.0,1.0,729134917.0,724900000.0,737200000.0,7.311,3500000000.0,0.0,346000000.0,683600000.0,4.828,
52,WU,MRT,2008-06-30,2008-06-30,2008-06-30,2021-08-04,-77800000.0,6024300000.0,5866650000.0,,,0.883,0.035,-92000000.0,1874600000.0,1874600000.0,3032900000.0,898200000.0,,235.247,3368700000.0,,,3368700000.0,0.0,131900000.0,0.0,0.002,0.04,1425100000.0,1557000000.0,0.301,1557000000.0,1425100000.0,1242600000.0,1.21,1.18,1.21,25500000.0,-15700000.0,25500000.0,19776027468.0,14.0,12.701,1084700000.0,1.473,1.0,2146400000.0,0.414,1989900000.0,182500000.0,5528500000.0,5428675000.0,0.0,0.0,,,5998800000.0,,,18292127468.0,386800000.0,-1500000.0,-762500000.0,209000000.0,-30000000.0,-583500000.0,-206400000.0,-1000000.0,1176700000.0,0.0,898200000.0,898200000.0,898200000.0,0.0,0.0,0.173,806200000.0,1340200000.0,1849100000.0,0.033,717.338,20.365,20.43,199500000.0,0.0,24.72,3.532,3.515,1442400000.0,209500000.0,5179300000.0,5179300000.0,0.0,0.153,-57.21,0.263,0.275,47800000.0,806200000.0,1.0,739972794.0,736500000.0,747500000.0,7.032,4034400000.0,0.0,344400000.0,583300000.0,5.478,
53,WU,MRT,2008-03-31,2008-03-31,2008-03-31,2021-08-04,-91100000.0,5972800000.0,5692500000.0,,,0.885,0.01,-94100000.0,1895400000.0,1895400000.0,2921400000.0,871200000.0,,806.135,3379300000.0,,,3379300000.0,0.0,126300000.0,0.0,0.002,0.04,1418800000.0,1545100000.0,0.307,1545100000.0,1418800000.0,1232800000.0,1.17,1.13,1.17,7400000.0,-43575000.0,7400000.0,17489832751.0,12.0,11.32,1040300000.0,1.393,1.0,2113700000.0,0.42,1967000000.0,186000000.0,5489700000.0,5312875000.0,0.0,0.0,,,5965400000.0,,,15944932751.0,334400000.0,-800000.0,-682200000.0,93800000.0,-30000000.0,-618400000.0,-181600000.0,-3100000.0,1134400000.0,0.0,871200000.0,871200000.0,871200000.0,0.0,0.0,0.173,787000000.0,1326700000.0,1769900000.0,0.034,2154.721,18.302,18.179,197800000.0,0.0,21.27,3.167,3.154,1382400000.0,363000000.0,5035100000.0,5035100000.0,0.0,0.153,-19.993,0.267,0.282,49100000.0,787000000.0,1.0,749644229.0,746700000.0,756800000.0,6.743,4005800000.0,0.0,361600000.0,603600000.0,5.365,
54,WU,MRT,2007-12-31,2007-12-31,2007-12-31,2021-08-04,-68800000.0,5784200000.0,5537775000.0,,,0.885,0.067,-111200000.0,1793100000.0,1793100000.0,2808400000.0,857300000.0,,113.087,3338000000.0,,,3338000000.0,0.0,123900000.0,0.0,0.002,0.04,1411400000.0,1535300000.0,0.313,1535300000.0,1411400000.0,1222400000.0,1.13,1.11,1.13,50700000.0,-88525000.0,50700000.0,19835874472.0,14.0,12.92,992300000.0,1.305,1.0,2091800000.0,0.427,1973600000.0,189000000.0,5355500000.0,5226450000.0,0.0,0.0,,,5733500000.0,,,18232274472.0,371400000.0,-6100000.0,-510700000.0,10600000.0,-30000000.0,-530100000.0,-202000000.0,-3800000.0,1103500000.0,0.0,857300000.0,857300000.0,857300000.0,0.0,0.0,0.175,769800000.0,1322000000.0,1669300000.0,0.035,359.611,21.267,21.487,200300000.0,0.0,24.28,3.721,3.767,1319200000.0,453100000.0,4900200000.0,4900200000.0,0.0,0.155,-9.684,0.27,0.288,50200000.0,769800000.0,1.0,750917400.0,760200000.0,772900000.0,6.446,3810600000.0,0.0,365100000.0,543300000.0,5.013,
55,WU,MRT,2007-09-30,2007-09-30,2007-09-30,2021-08-04,-88200000.0,5685300000.0,5422000000.0,,,0.879,-0.193,-113500000.0,1669000000.0,1669000000.0,2706800000.0,831200000.0,,-39.834,3272600000.0,,,3272600000.0,0.0,120500000.0,0.0,0.0,0.01,1387100000.0,1507600000.0,0.316,1507600000.0,1387100000.0,1193700000.0,1.1,1.07,1.1,-146400000.0,-179900000.0,-146400000.0,17870647256.0,13.0,11.854,1101100000.0,1.454,1.0,2057500000.0,0.432,1947900000.0,193400000.0,5341000000.0,5209375000.0,0.0,0.0,,,5831700000.0,,,16202647256.0,341400000.0,-72400000.0,-410400000.0,-239100000.0,-7700000.0,-657200000.0,-216000000.0,23400000.0,1214600000.0,0.0,831200000.0,831200000.0,831200000.0,0.0,0.0,0.174,764900000.0,1292600000.0,2068900000.0,0.009,-110.674,19.493,19.064,199200000.0,0.0,20.97,3.401,3.334,1411500000.0,776200000.0,4764300000.0,4764300000.0,0.0,0.153,-4.62,0.266,0.291,52600000.0,764900000.0,1.0,772658429.0,757500000.0,767400000.0,6.29,3737400000.0,0.0,362500000.0,258800000.0,4.934,
56,WU,MRT,2007-06-30,2007-06-30,2007-06-30,2021-08-04,-67600000.0,5327700000.0,5260325000.0,,,0.884,-0.112,-102700000.0,1487800000.0,1487800000.0,2610600000.0,873000000.0,,-62.95,3155800000.0,,,3155800000.0,0.0,115700000.0,0.0,0.0,0.01,1414200000.0,1529900000.0,0.329,1529900000.0,1414200000.0,1266700000.0,1.15,1.13,1.15,-86000000.0,-286950000.0,-86000000.0,17812275076.0,13.0,11.643,1011400000.0,1.322,1.0,2036900000.0,0.438,1930400000.0,147500000.0,5065300000.0,5211525000.0,0.0,0.0,,,5413700000.0,,,16094475076.0,832000000.0,-72100000.0,-129100000.0,2091500000.0,-7700000.0,-80500000.0,-201600000.0,27100000.0,1114100000.0,0.0,873000000.0,873000000.0,873000000.0,0.0,0.0,0.188,737300000.0,1299600000.0,1792800000.0,0.009,-187.145,18.436,18.113,192900000.0,0.0,20.83,3.463,3.428,1250300000.0,570700000.0,4647500000.0,4647500000.0,0.0,0.166,-3.042,0.271,0.304,39200000.0,737300000.0,1.0,772658429.0,764800000.0,779000000.0,6.077,3397300000.0,0.0,393700000.0,263800000.0,4.442,
57,WU,MRT,2007-03-31,2007-03-31,2007-03-31,2021-08-04,-68100000.0,5353900000.0,5177300000.0,,,0.88,-0.224,-90700000.0,1561000000.0,1561000000.0,2518300000.0,887400000.0,,-32.055,3278800000.0,,,3278800000.0,0.0,109300000.0,0.0,0.0,0.01,1393300000.0,1502600000.0,0.33,1502600000.0,1393300000.0,1292300000.0,1.17,1.16,1.17,-172400000.0,547925000.0,-172400000.0,18846385172.0,14.0,12.543,1099800000.0,1.432,1.0,2039900000.0,0.448,1927700000.0,101000000.0,5144000000.0,4572100000.0,0.0,0.0,,,5526300000.0,,,16944585172.0,1066500000.0,-72100000.0,-3500000.0,2213200000.0,-7700000.0,77000000.0,-201000000.0,21300000.0,1190500000.0,0.0,887400000.0,887400000.0,887400000.0,0.0,0.0,0.195,736600000.0,1303300000.0,1792800000.0,0.009,-98.286,19.095,18.761,187900000.0,0.0,21.95,3.717,3.699,1203300000.0,385200000.0,4558200000.0,4558200000.0,0.0,0.171,1.62,0.305,0.306,32100000.0,736600000.0,1.0,771962878.0,768200000.0,783300000.0,5.934,3426200000.0,0.0,404900000.0,259500000.0,4.46,
58,WU,MRT,2006-12-31,2006-12-31,2006-12-31,2021-08-04,-73500000.0,5321100000.0,4997125000.0,,,0.895,-0.412,-78200000.0,1421700000.0,1421700000.0,2430500000.0,914000000.0,,-17.903,3323500000.0,,,3323500000.0,0.0,103500000.0,0.0,0.0,0.01,1388500000.0,1492000000.0,0.334,1492000000.0,1388500000.0,1335100000.0,1.2,1.19,1.2,-314800000.0,1344900000.0,-314800000.0,19355947219.0,14.0,12.973,1030700000.0,1.348,1.0,2039700000.0,0.456,1935700000.0,53400000.0,5287200000.0,3857100000.0,0.0,0.0,,,5635900000.0,,,17183947219.0,911500000.0,-206500000.0,60900000.0,2159100000.0,-7700000.0,187300000.0,-384700000.0,24100000.0,1108900000.0,0.0,914000000.0,914000000.0,914000000.0,0.0,0.0,0.204,728300000.0,1311400000.0,1594900000.0,0.008,-54.587,18.801,18.683,176100000.0,0.0,22.42,3.844,3.834,1284200000.0,208000000.0,4470200000.0,4470200000.0,0.0,0.183,0.68,0.36,0.311,23300000.0,728300000.0,1.0,766456165.0,764500000.0,768600000.0,5.847,3385400000.0,0.0,421100000.0,517200000.0,4.428,
59,WU,MRT,2006-09-30,2006-09-30,2006-09-30,2021-08-04,-55400000.0,5038600000.0,4814775000.0,,,0.907,-0.752,-63200000.0,1327600000.0,1327600000.0,2374500000.0,930700000.0,,-9.769,3499600000.0,,,3499600000.0,0.0,96800000.0,0.0,,0.0,1370400000.0,1467200000.0,0.336,1467200000.0,1370400000.0,1366800000.0,1.22,1.22,1.22,-574600000.0,2126550000.0,-574600000.0,,,,1006200000.0,1.317,1.0,1990700000.0,0.456,1861000000.0,3600000.0,5349600000.0,3146950000.0,0.0,0.0,,,5613200000.0,,,,1073200000.0,-489100000.0,0.0,2463300000.0,0.0,651200000.0,-647400000.0,24700000.0,1069400000.0,0.0,930700000.0,930700000.0,930700000.0,0.0,0.0,0.213,700600000.0,1290100000.0,1635100000.0,0.0,,,,157800000.0,0.0,,,,1218300000.0,-1500000.0,4365200000.0,4365200000.0,0.0,0.193,0.438,0.435,0.314,16300000.0,700600000.0,1.0,766456165.0,763900000.0,764000000.0,5.714,3177600000.0,0.0,436100000.0,268800000.0,4.16,
60,WU,MRT,2006-06-30,2006-06-30,2006-06-30,2021-08-04,3253500000.0,4995600000.0,,,,,4.259,-61000000.0,655800000.0,655800000.0,2277000000.0,914500000.0,,0.535,0.0,,,0.0,0.0,89600000.0,0.0,,0.0,1340600000.0,1430200000.0,0.337,1430200000.0,1340600000.0,1338200000.0,1.2,1.2,1.2,3253500000.0,,3253500000.0,,,,955800000.0,1.251,1.0,1967100000.0,0.463,1832200000.0,2400000.0,2507600000.0,,0.0,0.0,,,1742100000.0,,,,63300000.0,-493100000.0,0.0,53600000.0,0.0,-315800000.0,-637700000.0,15100000.0,1016800000.0,0.0,914500000.0,914500000.0,914500000.0,0.0,0.0,0.215,671400000.0,1295700000.0,1264900000.0,0.0,,,,89400000.0,0.0,,,,1928100000.0,,4244100000.0,4244100000.0,0.0,,,,0.316,0.0,671400000.0,1.0,766456165.0,763900000.0,763900000.0,5.556,3163400000.0,0.0,423700000.0,269500000.0,4.141,
61,WU,MRT,2006-03-31,2006-03-31,2006-03-31,2021-08-04,3015500000.0,4633200000.0,,,,,3.948,-55900000.0,494500000.0,494500000.0,2193100000.0,941300000.0,,0.536,0.0,,,0.0,0.0,84300000.0,0.0,,0.0,1372300000.0,1456600000.0,0.354,1456600000.0,1372300000.0,1370200000.0,,,,3015500000.0,,3015500000.0,,,,920300000.0,1.205,1.0,1922300000.0,0.467,1854700000.0,2100000.0,2284000000.0,,0.0,0.0,,,1617700000.0,,,,17900000.0,-493100000.0,0.0,54800000.0,0.0,-326800000.0,-631500000.0,7100000.0,976200000.0,0.0,941300000.0,941300000.0,941300000.0,0.0,0.0,0.229,631900000.0,1290400000.0,1148700000.0,,,,,91200000.0,0.0,,,,1713000000.0,,4115400000.0,4115400000.0,0.0,,,,0.333,0.0,631900000.0,1.0,766456165.0,763900000.0,,5.387,2778500000.0,0.0,428900000.0,251600000.0,3.637,
62,WU,MRT,2005-12-31,2005-12-31,2005-12-31,2021-08-04,2811800000.0,4591700000.0,3960950000.0,,,1.007,3.681,-42500000.0,510200000.0,510200000.0,2118900000.0,927400000.0,,0.633,163500000.0,,,163500000.0,0.0,79500000.0,0.0,,0.0,1345800000.0,1425300000.0,0.357,1425300000.0,1345800000.0,1344100000.0,1.21,1.21,1.21,2811800000.0,2373150000.0,2811800000.0,,,,960300000.0,1.257,1.0,1869000000.0,0.469,1798400000.0,1700000.0,2446600000.0,1921800000.0,0.0,0.0,,,1779900000.0,,,,40500000.0,-357500000.0,0.0,153600000.0,0.0,-533900000.0,-428400000.0,-5900000.0,1002800000.0,0.0,927400000.0,927400000.0,927400000.0,0.0,0.0,0.233,599800000.0,1269200000.0,1150600000.0,0.0,,,,82400000.0,0.0,,,,1858700000.0,0.0,3987900000.0,3987900000.0,0.0,0.234,0.391,0.7,0.337,0.0,599800000.0,1.0,,763900000.0,763900000.0,5.22,2793300000.0,0.0,416700000.0,248100000.0,3.657,
63,WU,MRT,2005-09-30,2005-09-30,2005-09-30,2021-08-04,,,,,,,,,,,,,,,,,,,,,,,0.0,,,,,,,,,,,,,,,,,,1.0,,,,,,,,,,,,,,,,,,,,,,,,,,,,,,,,,,,,,,,,,,,,,,,,,,,,,,1.0,,763900000.0,,,,,,,,
64,WU,MRT,2005-06-30,2005-06-30,2005-06-30,2021-08-04,,,,,,,,,,,,,,,,,,,,,,,0.0,,,,,,,,,,,,,,,,,,1.0,,,,,,,,,,,,,,,,,,,,,,,,,,,,,,,,,,,,,,,,,,,,,,,,,,,,,,1.0,,,,,,,,,,
65,WU,MRT,2005-03-31,2005-03-31,2005-03-31,2021-08-04,,,,,,,,,,,,,,,,,,,,,,,0.0,,,,,,,,,,,,,,,,,,1.0,,,,,,,,,,,,,,,,,,,,,,,,,,,,,,,,,,,,,,,,,,,,,,,,,,,,,,1.0,,,,,,,,,,
66,WU,MRT,2004-12-31,2004-12-31,2004-12-31,2021-08-04,1934500000.0,3330200000.0,,,,,2.532,-42200000.0,469700000.0,469700000.0,1859400000.0,751600000.0,,0.721,0.0,,,0.0,0.0,79200000.0,0.0,,0.0,1100300000.0,1179500000.0,0.332,1179500000.0,1100300000.0,1098600000.0,0.98,0.98,0.98,1934500000.0,,1934500000.0,,,,888000000.0,1.162,1.0,1688200000.0,0.476,1463500000.0,1700000.0,1397000000.0,,0.0,0.0,,,1395700000.0,,,,135000000.0,-28700000.0,0.0,0.0,0.0,-651800000.0,-143400000.0,-65200000.0,930200000.0,0.0,751600000.0,751600000.0,751600000.0,0.0,0.0,0.212,576100000.0,1112100000.0,939100000.0,0.0,,,,70700000.0,0.0,,,,1037700000.0,,3547600000.0,3547600000.0,0.0,,,,0.31,0.0,576100000.0,1.0,,763900000.0,763900000.0,4.644,1866700000.0,0.0,347000000.0,204500000.0,2.444,
67,WU,MRT,2003-12-31,2003-12-31,2003-12-31,2021-08-04,,,,,,,,-42100000.0,,,1618600000.0,633700000.0,,,,,,,,78400000.0,,,0.0,962600000.0,1041000000.0,0.33,1041000000.0,962600000.0,962600000.0,,,,,,,,,,750700000.0,,1.0,1533000000.0,0.486,,0.0,,,,,,,,,,,-10700000.0,-43700000.0,0.0,9900000.0,0.0,-629200000.0,-174300000.0,-30800000.0,792800000.0,0.0,633700000.0,633700000.0,633700000.0,0.0,0.0,0.201,530000000.0,1003000000.0,,,,,,,0.0,,,,,,3151600000.0,3151600000.0,0.0,,,,0.305,0.0,530000000.0,1.0,,,,,,,328900000.0,,,
