None,ticker,dimension,calendardate,datekey,reportperiod,lastupdated,accoci,assets,assetsavg,assetsc,assetsnc,assetturnover,bvps,capex,cashneq,cashnequsd,cor,consolinc,currentratio,de,debt,debtc,debtnc,debtusd,deferredrev,depamor,deposits,divyield,dps,ebit,ebitda,ebitdamargin,ebitdausd,ebitusd,ebt,eps,epsdil,epsusd,equity,equityavg,equityusd,ev,evebit,evebitda,fcf,fcfps,fxusd,gp,grossmargin,intangibles,intexp,invcap,invcapavg,inventory,investments,investmentsc,investmentsnc,liabilities,liabilitiesc,liabilitiesnc,marketcap,ncf,ncfbus,ncfcommon,ncfdebt,ncfdiv,ncff,ncfi,ncfinv,ncfo,ncfx,netinc,netinccmn,netinccmnusd,netincdis,netincnci,netmargin,opex,opinc,payables,payoutratio,pb,pe,pe1,ppnenet,prefdivis,price,ps,ps1,receivables,retearn,revenue,revenueusd,rnd,roa,roe,roic,ros,sbcomp,sgna,sharefactor,sharesbas,shareswa,shareswadil,sps,tangibles,taxassets,taxexp,taxliabilities,tbvps,workingcapital
0,MO,MRY,2020-12-31,2020-12-31,2020-12-31,2021-08-25,-4341000000.0,47414000000.0,49220750000.0,7117000000.0,40297000000.0,0.531,1.528,-231000000.0,4945000000.0,4945000000.0,13130000000.0,4454000000.0,0.785,15.657,29471000000.0,1500000000.0,27971000000.0,29471000000.0,0.0,257000000.0,0.0,0.083,3.4,8112000000.0,8369000000.0,0.32,8369000000.0,8112000000.0,6903000000.0,2.4,2.4,2.4,2839000000.0,4552250000.0,2839000000.0,101327185765.0,12.0,12.107,8154000000.0,4.388,1.0,13023000000.0,0.498,17792000000.0,1209000000.0,45085000000.0,46482750000.0,1966000000.0,19529000000.0,0.0,19529000000.0,44449000000.0,9063000000.0,35386000000.0,76195185765.0,2846000000.0,0.0,0.0,993000000.0,-6290000000.0,-5396000000.0,-143000000.0,0.0,8385000000.0,0.0,4467000000.0,4467000000.0,4467000000.0,0.0,-13000000.0,0.171,2150000000.0,10873000000.0,380000000.0,1.417,26.839,17.057,17.083,2012000000.0,0.0,41.0,2.913,2.913,137000000.0,34679000000.0,26153000000.0,26153000000.0,0.0,0.091,0.981,0.175,0.31,0.0,2154000000.0,1.0,1858419165.0,1858419165.0,,14.073,29622000000.0,0.0,2436000000.0,4532000000.0,15.939,-1946000000.0
1,MO,MRY,2019-12-31,2019-12-31,2019-12-31,2021-08-25,-2864000000.0,49271000000.0,54729500000.0,4824000000.0,44447000000.0,0.459,3.331,-246000000.0,2117000000.0,2117000000.0,12399000000.0,-1298000000.0,0.59,6.897,28042000000.0,1000000000.0,27042000000.0,28042000000.0,0.0,226000000.0,0.0,0.066,3.28,2051000000.0,2277000000.0,0.091,2277000000.0,2051000000.0,771000000.0,-0.7,-0.7,-0.7,6222000000.0,11327500000.0,6222000000.0,119537194114.0,58.0,52.498,7591000000.0,4.063,1.0,12711000000.0,0.506,17864000000.0,1280000000.0,49158000000.0,54907750000.0,2293000000.0,23581000000.0,0.0,23581000000.0,42914000000.0,8174000000.0,34740000000.0,93238194114.0,727000000.0,-2325000000.0,-845000000.0,2321000000.0,-6069000000.0,-4712000000.0,-2398000000.0,0.0,7837000000.0,0.0,-1293000000.0,-1293000000.0,-1293000000.0,0.0,-5000000.0,-0.051,2385000000.0,10326000000.0,325000000.0,-4.686,14.985,-72.11,-71.3,1999000000.0,0.0,49.91,3.713,3.713,152000000.0,36539000000.0,25110000000.0,25110000000.0,0.0,-0.024,-0.114,0.037,0.082,0.0,2226000000.0,1.0,1868126510.0,1868126510.0,,13.441,31407000000.0,0.0,2064000000.0,5083000000.0,16.812,-3350000000.0
2,MO,MRY,2018-12-31,2018-12-31,2018-12-31,2021-08-25,-2547000000.0,55459000000.0,46622000000.0,4299000000.0,51160000000.0,0.544,7.869,-238000000.0,1333000000.0,1333000000.0,13110000000.0,6967000000.0,0.203,2.748,25746000000.0,13848000000.0,11898000000.0,25746000000.0,0.0,227000000.0,0.0,0.061,3.0,10002000000.0,10229000000.0,0.403,10229000000.0,10002000000.0,9337000000.0,3.69,3.68,3.69,14787000000.0,15367750000.0,14787000000.0,104316056307.0,10.0,10.198,8153000000.0,4.339,1.0,12254000000.0,0.483,17475000000.0,665000000.0,41204000000.0,33074750000.0,2331000000.0,30496000000.0,0.0,30496000000.0,40631000000.0,21193000000.0,19438000000.0,92806056307.0,119000000.0,-12815000000.0,-1673000000.0,11936000000.0,-5415000000.0,4716000000.0,-12988000000.0,0.0,8391000000.0,0.0,6963000000.0,6963000000.0,6963000000.0,0.0,4000000.0,0.275,3139000000.0,9115000000.0,399000000.0,0.813,6.276,13.328,13.385,1938000000.0,0.0,49.39,3.659,3.659,142000000.0,43962000000.0,25364000000.0,25364000000.0,0.0,0.149,0.453,0.302,0.394,0.0,2756000000.0,1.0,1879045481.0,1879045481.0,,13.498,37984000000.0,167000000.0,2374000000.0,4993000000.0,20.215,-16894000000.0
3,MO,MRY,2017-12-31,2017-12-31,2017-12-31,2021-08-25,-1897000000.0,43202000000.0,44315750000.0,4344000000.0,38858000000.0,0.577,8.058,-199000000.0,1253000000.0,1253000000.0,13613000000.0,10227000000.0,0.64,1.807,13894000000.0,864000000.0,13030000000.0,13894000000.0,0.0,209000000.0,0.0,0.036,2.54,10528000000.0,10737000000.0,0.42,10737000000.0,10528000000.0,9823000000.0,5.31,5.31,5.31,15377000000.0,13055250000.0,15377000000.0,147571824906.0,14.0,13.744,4702000000.0,2.464,1.0,11963000000.0,0.468,17707000000.0,705000000.0,31344000000.0,30985750000.0,2225000000.0,17952000000.0,0.0,17952000000.0,27784000000.0,6792000000.0,20992000000.0,136263824906.0,-3337000000.0,-415000000.0,-2917000000.0,0.0,-4807000000.0,-7771000000.0,-467000000.0,0.0,4901000000.0,0.0,10222000000.0,10222000000.0,10222000000.0,0.0,5000000.0,0.4,2370000000.0,9593000000.0,374000000.0,0.478,8.862,13.33,13.448,1914000000.0,0.0,71.41,5.328,5.328,142000000.0,42251000000.0,25576000000.0,25576000000.0,0.0,0.231,0.783,0.34,0.412,0.0,2338000000.0,1.0,1908189678.0,1908189678.0,,13.403,25495000000.0,461000000.0,-399000000.0,5247000000.0,13.361,-2448000000.0
4,MO,MRY,2016-12-31,2016-12-31,2016-12-31,2021-08-25,-2052000000.0,45932000000.0,36063250000.0,7260000000.0,38672000000.0,0.714,6.548,-189000000.0,4569000000.0,4569000000.0,14172000000.0,14244000000.0,0.984,2.594,13881000000.0,0.0,13881000000.0,13881000000.0,0.0,204000000.0,0.0,0.035,2.35,22594000000.0,22798000000.0,0.886,22798000000.0,22594000000.0,21847000000.0,7.28,7.28,7.28,12770000000.0,5399750000.0,12770000000.0,143457307168.0,6.0,6.293,3637000000.0,1.865,1.0,11572000000.0,0.45,17321000000.0,747000000.0,30548000000.0,22128000000.0,2051000000.0,18880000000.0,0.0,18880000000.0,33121000000.0,7375000000.0,25746000000.0,131877307168.0,2205000000.0,3150000000.0,-1030000000.0,1043000000.0,-4512000000.0,-5329000000.0,3708000000.0,741000000.0,3826000000.0,0.0,14239000000.0,14239000000.0,14239000000.0,0.0,5000000.0,0.553,2811000000.0,8761000000.0,425000000.0,0.323,10.327,9.262,9.288,1958000000.0,0.0,67.62,5.123,5.123,151000000.0,36906000000.0,25744000000.0,25744000000.0,0.0,0.395,2.637,1.021,0.878,0.0,2662000000.0,1.0,1950270736.0,1950270736.0,,13.2,28611000000.0,269000000.0,7608000000.0,8416000000.0,14.67,-115000000.0
5,MO,MRY,2015-12-31,2015-12-31,2015-12-31,2021-08-25,-3280000000.0,31459000000.0,32384750000.0,4911000000.0,26548000000.0,0.785,1.469,-229000000.0,2369000000.0,2369000000.0,14320000000.0,5243000000.0,0.695,9.913,12847000000.0,4000000.0,12843000000.0,12847000000.0,0.0,225000000.0,0.0,0.037,2.17,8893000000.0,9118000000.0,0.358,9118000000.0,8893000000.0,8076000000.0,2.67,2.67,2.67,2880000000.0,2769750000.0,2880000000.0,125145150261.0,14.0,13.725,5614000000.0,2.863,1.0,11114000000.0,0.437,17313000000.0,817000000.0,17554000000.0,18994500000.0,2031000000.0,6722000000.0,0.0,6722000000.0,28549000000.0,7070000000.0,21479000000.0,114131150261.0,-952000000.0,0.0,-554000000.0,-1793000000.0,-4179000000.0,-6780000000.0,-15000000.0,222000000.0,5843000000.0,0.0,5241000000.0,5241000000.0,5241000000.0,0.0,2000000.0,0.206,2712000000.0,8402000000.0,400000000.0,0.813,39.629,21.777,21.801,1982000000.0,0.0,58.21,4.487,4.487,124000000.0,27257000000.0,25434000000.0,25434000000.0,0.0,0.162,1.892,0.468,0.35,0.0,2708000000.0,1.0,1960679441.0,1960679441.0,,12.972,14146000000.0,0.0,2835000000.0,4667000000.0,7.215,-2159000000.0
6,MO,MRY,2014-12-31,2014-12-31,2014-12-31,2021-08-25,-2682000000.0,34475000000.0,34311250000.0,6878000000.0,27597000000.0,0.715,1.525,-163000000.0,3321000000.0,3321000000.0,14362000000.0,5070000000.0,0.896,10.428,14693000000.0,1000000000.0,13693000000.0,14693000000.0,0.0,208000000.0,0.0,0.041,2.0,8582000000.0,8790000000.0,0.358,8790000000.0,8582000000.0,7774000000.0,2.56,2.56,2.56,3014000000.0,3954500000.0,3014000000.0,109132679955.0,13.0,12.416,4500000000.0,2.277,1.0,10160000000.0,0.414,17334000000.0,808000000.0,20840000000.0,21656750000.0,2040000000.0,7797000000.0,0.0,7797000000.0,31430000000.0,7673000000.0,23757000000.0,97380679955.0,146000000.0,-102000000.0,-939000000.0,174000000.0,-3892000000.0,-4694000000.0,177000000.0,369000000.0,4663000000.0,0.0,5070000000.0,5070000000.0,5070000000.0,0.0,0.0,0.207,2540000000.0,7620000000.0,416000000.0,0.781,32.309,19.207,19.246,1983000000.0,0.0,49.27,3.971,3.971,124000000.0,26277000000.0,24522000000.0,24522000000.0,0.0,0.148,1.282,0.396,0.35,0.0,2539000000.0,1.0,1976470062.0,1976470062.0,,12.407,17141000000.0,1143000000.0,2704000000.0,6088000000.0,8.673,-795000000.0
7,MO,MRY,2013-12-31,2013-12-31,2013-12-31,2021-08-25,-1378000000.0,34859000000.0,35313750000.0,6590000000.0,28269000000.0,0.693,2.059,-131000000.0,3175000000.0,3175000000.0,14009000000.0,4535000000.0,0.934,7.455,14517000000.0,525000000.0,13992000000.0,14517000000.0,0.0,212000000.0,0.0,0.048,1.84,7991000000.0,8203000000.0,0.335,8203000000.0,7991000000.0,6942000000.0,2.26,2.26,2.26,4119000000.0,3808500000.0,4119000000.0,87445568556.0,11.0,10.66,4244000000.0,2.122,1.0,10457000000.0,0.427,17232000000.0,1049000000.0,21911000000.0,21186750000.0,1879000000.0,8452000000.0,0.0,8452000000.0,30706000000.0,7058000000.0,23648000000.0,76780568556.0,275000000.0,0.0,-634000000.0,620000000.0,-3612000000.0,-4702000000.0,602000000.0,716000000.0,4375000000.0,0.0,4535000000.0,4535000000.0,4535000000.0,0.0,0.0,0.185,2373000000.0,8084000000.0,409000000.0,0.814,18.641,16.931,16.987,2028000000.0,0.0,38.39,3.138,3.138,115000000.0,25168000000.0,24466000000.0,24466000000.0,0.0,0.128,1.191,0.377,0.327,0.0,2340000000.0,1.0,2000014810.0,2000014810.0,,12.233,17627000000.0,1100000000.0,2407000000.0,6854000000.0,8.813,-468000000.0
8,MO,MRY,2012-12-31,2012-12-31,2012-12-31,2021-08-25,-2040000000.0,35329000000.0,35682250000.0,6315000000.0,29014000000.0,0.69,1.564,-124000000.0,2900000000.0,2900000000.0,15055000000.0,4183000000.0,0.765,10.14,13878000000.0,1459000000.0,12419000000.0,13878000000.0,0.0,225000000.0,0.0,0.054,1.7,7600000000.0,7825000000.0,0.318,7825000000.0,7600000000.0,6474000000.0,2.06,2.06,2.06,3168000000.0,3752000000.0,3168000000.0,75361335344.0,10.0,9.631,3761000000.0,1.857,1.0,9563000000.0,0.388,17252000000.0,1126000000.0,20796000000.0,22146500000.0,1746000000.0,9218000000.0,0.0,9218000000.0,32125000000.0,8259000000.0,23866000000.0,63669335344.0,-370000000.0,0.0,-1082000000.0,187000000.0,-3400000000.0,-5175000000.0,920000000.0,1049000000.0,3885000000.0,0.0,4180000000.0,4180000000.0,4180000000.0,0.0,3000000.0,0.17,2310000000.0,7253000000.0,451000000.0,0.825,20.098,15.232,15.262,2102000000.0,0.0,31.44,2.586,2.586,193000000.0,24316000000.0,24618000000.0,24618000000.0,0.0,0.117,1.114,0.343,0.309,0.0,2301000000.0,1.0,2025106086.0,2025106086.0,,12.156,18077000000.0,1216000000.0,2294000000.0,6652000000.0,8.926,-1944000000.0
9,MO,MRY,2011-12-31,2011-12-31,2011-12-31,2021-08-25,-1887000000.0,36751000000.0,37342000000.0,6920000000.0,29831000000.0,0.637,1.79,-105000000.0,3270000000.0,3270000000.0,14861000000.0,3393000000.0,0.931,8.977,13689000000.0,600000000.0,13089000000.0,13689000000.0,0.0,253000000.0,0.0,0.053,1.58,6795000000.0,7048000000.0,0.296,7048000000.0,6795000000.0,5579000000.0,1.64,1.64,1.64,3680000000.0,4546250000.0,3680000000.0,71617929675.0,11.0,10.161,3476000000.0,1.69,1.0,8939000000.0,0.376,17272000000.0,1216000000.0,22466000000.0,23490500000.0,1779000000.0,9068000000.0,0.0,9068000000.0,33036000000.0,7432000000.0,25604000000.0,60972929675.0,956000000.0,0.0,-1298000000.0,1494000000.0,-3222000000.0,-3012000000.0,387000000.0,490000000.0,3581000000.0,0.0,3390000000.0,3390000000.0,3390000000.0,0.0,3000000.0,0.142,2871000000.0,6068000000.0,503000000.0,0.963,16.569,17.986,18.079,2216000000.0,0.0,29.65,2.562,2.562,268000000.0,23583000000.0,23800000000.0,23800000000.0,0.0,0.091,0.746,0.289,0.286,0.0,2643000000.0,1.0,2056422586.0,2056422586.0,,11.573,19479000000.0,1207000000.0,2189000000.0,7562000000.0,9.472,-512000000.0
10,MO,MRY,2010-12-31,2010-12-31,2010-12-31,2021-08-25,-1484000000.0,37402000000.0,36939000000.0,5981000000.0,31421000000.0,0.66,2.487,-168000000.0,2314000000.0,2314000000.0,15175000000.0,3907000000.0,0.874,6.197,12194000000.0,0.0,12194000000.0,12194000000.0,0.0,276000000.0,0.0,0.059,1.46,6854000000.0,7130000000.0,0.293,7130000000.0,6854000000.0,5721000000.0,1.87,1.87,1.87,5192000000.0,4781500000.0,5192000000.0,61896310539.0,9.0,8.681,2599000000.0,1.245,1.0,9188000000.0,0.377,17292000000.0,1133000000.0,23150000000.0,22838500000.0,1803000000.0,9869000000.0,0.0,9869000000.0,32175000000.0,6840000000.0,25335000000.0,51402310539.0,443000000.0,0.0,104000000.0,232000000.0,-2958000000.0,-2583000000.0,259000000.0,312000000.0,2767000000.0,0.0,3905000000.0,3905000000.0,3905000000.0,0.0,2000000.0,0.16,2960000000.0,6228000000.0,529000000.0,0.781,9.9,13.163,13.166,2380000000.0,0.0,24.62,2.11,2.11,85000000.0,23459000000.0,24363000000.0,24363000000.0,0.0,0.106,0.817,0.3,0.281,0.0,2735000000.0,1.0,2087827398.0,2087827398.0,,11.669,20110000000.0,1165000000.0,1816000000.0,8729000000.0,9.632,-859000000.0
11,MO,MRY,2009-12-31,2009-12-31,2009-12-31,2021-08-25,-1561000000.0,36677000000.0,36760500000.0,5773000000.0,30904000000.0,0.641,1.964,-273000000.0,1871000000.0,1871000000.0,14722000000.0,3208000000.0,0.722,8.005,11960000000.0,775000000.0,11185000000.0,11960000000.0,0.0,291000000.0,0.0,0.067,1.32,6060000000.0,6351000000.0,0.27,6351000000.0,6060000000.0,4875000000.0,1.55,1.54,1.55,4069000000.0,3477750000.0,4069000000.0,51606508231.0,9.0,8.126,3170000000.0,1.53,1.0,8834000000.0,0.375,17312000000.0,1185000000.0,21462000000.0,22422000000.0,1810000000.0,9783000000.0,0.0,9783000000.0,32573000000.0,7992000000.0,24581000000.0,40677508231.0,-6045000000.0,-10244000000.0,89000000.0,3141000000.0,-2693000000.0,276000000.0,-9764000000.0,793000000.0,3443000000.0,0.0,3206000000.0,3206000000.0,3206000000.0,0.0,2000000.0,0.136,3372000000.0,5462000000.0,494000000.0,0.852,9.997,12.688,12.665,2684000000.0,0.0,19.63,1.727,1.727,96000000.0,22599000000.0,23556000000.0,23556000000.0,0.0,0.087,0.922,0.27,0.257,0.0,2843000000.0,1.0,2072211321.0,2072211321.0,,11.368,19365000000.0,1336000000.0,1669000000.0,8881000000.0,9.345,-2219000000.0
12,MO,MRY,2008-12-31,2008-12-31,2008-12-31,2021-08-25,-2181000000.0,27215000000.0,23645750000.0,11076000000.0,16139000000.0,0.819,1.373,284000000.0,7916000000.0,7916000000.0,11669000000.0,4991000000.0,1.551,8.623,7474000000.0,135000000.0,7339000000.0,7474000000.0,0.0,215000000.0,0.0,0.112,1.68,6796000000.0,7011000000.0,0.362,7011000000.0,6796000000.0,6629000000.0,2.37,2.36,2.37,2828000000.0,3912000000.0,2828000000.0,30999589166.0,5.0,4.422,5165000000.0,2.507,1.0,7687000000.0,0.397,3116000000.0,167000000.0,16515000000.0,12375750000.0,1069000000.0,9712000000.0,0.0,9712000000.0,24387000000.0,7142000000.0,17245000000.0,31029589166.0,3074000000.0,0.0,-1077000000.0,2681000000.0,-4428000000.0,-2585000000.0,479000000.0,403000000.0,4881000000.0,-126000000.0,4930000000.0,4930000000.0,4930000000.0,-1901000000.0,61000000.0,0.255,2805000000.0,4882000000.0,510000000.0,0.709,10.972,6.294,6.354,2199000000.0,0.0,15.06,1.603,1.603,44000000.0,22131000000.0,19356000000.0,19356000000.0,0.0,0.208,1.26,0.549,0.351,0.0,2753000000.0,1.0,2060397687.0,2060397687.0,,9.394,24099000000.0,1690000000.0,1699000000.0,5093000000.0,11.696,3934000000.0
13,MO,MRY,2007-12-31,2007-12-31,2007-12-31,2021-08-25,111000000.0,57746000000.0,50894500000.0,22890000000.0,34856000000.0,0.367,8.974,-386000000.0,4842000000.0,4842000000.0,11279000000.0,10137000000.0,1.219,2.055,4739000000.0,2354000000.0,2385000000.0,4739000000.0,0.0,232000000.0,0.0,0.04,3.05,11538000000.0,11770000000.0,0.631,11770000000.0,11538000000.0,11333000000.0,4.64,4.62,4.64,18902000000.0,16710000000.0,18902000000.0,159911662426.0,14.0,13.586,9930000000.0,4.714,1.0,7385000000.0,0.396,3125000000.0,205000000.0,35736000000.0,29521500000.0,1254000000.0,10524000000.0,0.0,10524000000.0,38844000000.0,18782000000.0,20062000000.0,159195662426.0,1737000000.0,-2898000000.0,0.0,-1115000000.0,-6652000000.0,-3679000000.0,-5255000000.0,486000000.0,10316000000.0,347000000.0,9786000000.0,9786000000.0,9786000000.0,0.0,351000000.0,0.524,3012000000.0,4373000000.0,868000000.0,0.657,8.422,16.268,16.289,2422000000.0,0.0,75.58,8.53,8.53,83000000.0,34426000000.0,18664000000.0,18664000000.0,0.0,0.192,0.586,0.391,0.618,0.0,2784000000.0,1.0,2106319958.0,2106319958.0,,8.861,54621000000.0,1713000000.0,1547000000.0,6320000000.0,25.932,4108000000.0
14,MO,MRY,2006-12-31,2006-12-31,2006-12-31,2021-08-25,-3808000000.0,104270000000.0,105906750000.0,26152000000.0,78118000000.0,0.177,18.903,-399000000.0,4781000000.0,4781000000.0,11004000000.0,12022000000.0,1.029,1.632,8485000000.0,1068000000.0,7417000000.0,8485000000.0,0.0,255000000.0,0.0,0.039,3.32,13818000000.0,14073000000.0,0.749,14073000000.0,13818000000.0,13593000000.0,5.76,5.71,5.76,39619000000.0,39661000000.0,39619000000.0,193809470689.0,14.0,13.772,13187000000.0,6.292,1.0,7786000000.0,0.414,8105000000.0,225000000.0,74442000000.0,58899000000.0,8680000000.0,10414000000.0,0.0,10414000000.0,64651000000.0,25427000000.0,39224000000.0,179868470689.0,-1628000000.0,0.0,0.0,-3066000000.0,-6815000000.0,-14366000000.0,-618000000.0,357000000.0,13586000000.0,34000000.0,12022000000.0,12022000000.0,12022000000.0,-8840000000.0,0.0,0.64,3268000000.0,4518000000.0,1414000000.0,0.576,4.54,14.962,14.899,7581000000.0,0.0,85.82,9.573,9.573,2808000000.0,59879000000.0,18790000000.0,18790000000.0,0.0,0.114,0.303,0.235,0.735,0.0,3113000000.0,1.0,2095880572.0,2095880572.0,,8.965,96165000000.0,0.0,1571000000.0,11323000000.0,45.883,725000000.0
15,MO,MRY,2005-12-31,2005-12-31,2005-12-31,2021-08-25,-1853000000.0,107949000000.0,106131000000.0,25781000000.0,82168000000.0,0.601,17.147,-1035000000.0,6258000000.0,6258000000.0,43853000000.0,10435000000.0,0.986,2.023,24134000000.0,6266000000.0,17868000000.0,24134000000.0,0.0,796000000.0,0.0,0.041,3.06,14365000000.0,15161000000.0,0.238,15161000000.0,14365000000.0,13844000000.0,5.04,4.99,5.04,35707000000.0,34002500000.0,35707000000.0,174119605927.0,12.0,11.485,10025000000.0,4.814,1.0,19888000000.0,0.312,43415000000.0,521000000.0,56252000000.0,57477000000.0,10584000000.0,7189000000.0,0.0,7189000000.0,72242000000.0,26158000000.0,46084000000.0,155594605927.0,480000000.0,-4932000000.0,0.0,3115000000.0,-6191000000.0,-5134000000.0,-4885000000.0,476000000.0,11060000000.0,-523000000.0,10435000000.0,10435000000.0,10435000000.0,-2265000000.0,0.0,0.164,8048000000.0,11840000000.0,3645000000.0,0.607,4.358,14.911,14.825,16678000000.0,0.0,74.72,2.441,2.441,5361000000.0,54666000000.0,63741000000.0,63741000000.0,0.0,0.098,0.307,0.25,0.225,0.0,7664000000.0,1.0,2082368923.0,2082368923.0,,30.61,64534000000.0,0.0,3409000000.0,18493000000.0,30.991,-377000000.0
16,MO,MRY,2004-12-31,2004-12-31,2004-12-31,2021-08-25,-1141000000.0,101648000000.0,98844500000.0,25901000000.0,75747000000.0,0.907,14.964,-1913000000.0,5744000000.0,5744000000.0,59606000000.0,9416000000.0,1.099,2.31,23092000000.0,4297000000.0,18795000000.0,23092000000.0,0.0,1607000000.0,0.0,0.046,2.82,15132000000.0,16739000000.0,0.187,16739000000.0,15132000000.0,13956000000.0,4.6,4.56,4.6,30714000000.0,28603000000.0,30714000000.0,142626604945.0,9.0,8.521,8977000000.0,4.374,1.0,30004000000.0,0.335,39112000000.0,1176000000.0,56310000000.0,56769000000.0,10041000000.0,7827000000.0,0.0,7827000000.0,70934000000.0,23574000000.0,47360000000.0,125412604945.0,1967000000.0,-161000000.0,0.0,-2040000000.0,-5672000000.0,-7982000000.0,-1416000000.0,644000000.0,10890000000.0,475000000.0,9416000000.0,9416000000.0,9416000000.0,4000000.0,0.0,0.105,14824000000.0,15180000000.0,3466000000.0,0.613,4.083,13.319,13.283,16305000000.0,0.0,61.1,1.4,1.4,5754000000.0,50595000000.0,89610000000.0,89610000000.0,0.0,0.095,0.329,0.267,0.169,0.0,13665000000.0,1.0,2052579459.0,2052579459.0,,43.657,62536000000.0,0.0,4540000000.0,18063000000.0,30.467,2327000000.0
17,MO,MRY,2003-12-31,2003-12-31,2003-12-31,2021-08-25,-2125000000.0,96175000000.0,93663250000.0,21382000000.0,74793000000.0,0.868,12.346,-1974000000.0,3777000000.0,3777000000.0,52701000000.0,9204000000.0,0.999,2.835,24539000000.0,3376000000.0,21163000000.0,24539000000.0,0.0,1440000000.0,0.0,0.049,2.68,15451000000.0,16891000000.0,0.208,16891000000.0,15451000000.0,14301000000.0,4.54,4.52,4.54,25077000000.0,22573250000.0,25077000000.0,131212407341.0,8.0,7.768,8842000000.0,4.353,1.0,28619000000.0,0.352,39545000000.0,1150000000.0,55999000000.0,55273250000.0,9540000000.0,8393000000.0,0.0,8393000000.0,71098000000.0,21393000000.0,49705000000.0,110536407341.0,3212000000.0,-945000000.0,-777000000.0,640000000.0,-5285000000.0,-5459000000.0,-2427000000.0,507000000.0,10816000000.0,282000000.0,9204000000.0,9204000000.0,9204000000.0,-83000000.0,0.0,0.113,12860000000.0,15759000000.0,3198000000.0,0.59,4.408,12.01,11.987,16067000000.0,0.0,54.42,1.359,1.359,5256000000.0,47008000000.0,81320000000.0,81320000000.0,0.0,0.098,0.408,0.28,0.19,0.0,12525000000.0,1.0,2031172498.0,2031172498.0,,40.036,56630000000.0,0.0,5097000000.0,16751000000.0,27.88,-11000000.0
18,MO,MRY,2002-12-31,2002-12-31,2002-12-31,2021-08-25,-3956000000.0,87540000000.0,85813000000.0,17441000000.0,70099000000.0,0.931,9.416,-2009000000.0,565000000.0,565000000.0,50717000000.0,11102000000.0,0.914,3.494,23320000000.0,1965000000.0,21355000000.0,23320000000.0,0.0,1331000000.0,0.0,0.06,2.44,18604000000.0,19935000000.0,0.249,19935000000.0,18604000000.0,17470000000.0,5.26,5.21,5.26,19478000000.0,20261500000.0,19478000000.0,103076544313.0,6.0,5.171,8603000000.0,4.159,1.0,29216000000.0,0.366,37871000000.0,1134000000.0,53342000000.0,50288000000.0,9127000000.0,9075000000.0,0.0,9075000000.0,68062000000.0,19082000000.0,48980000000.0,83841544313.0,112000000.0,74000000.0,-6220000000.0,2756000000.0,-5068000000.0,-8165000000.0,-2471000000.0,360000000.0,10612000000.0,136000000.0,11102000000.0,11102000000.0,11102000000.0,-81000000.0,0.0,0.139,12768000000.0,16448000000.0,3088000000.0,0.464,4.304,7.552,7.705,14846000000.0,0.0,40.53,1.049,1.049,5139000000.0,43259000000.0,79933000000.0,79933000000.0,0.0,0.129,0.548,0.37,0.233,0.0,12217000000.0,1.0,2068629270.0,2068629270.0,,38.641,49669000000.0,0.0,6368000000.0,14471000000.0,24.011,-1641000000.0
19,MO,MRY,2001-12-31,2001-12-31,2001-12-31,2021-08-25,-3373000000.0,84968000000.0,81068000000.0,17275000000.0,67693000000.0,0.998,9.055,-1922000000.0,453000000.0,453000000.0,51109000000.0,8560000000.0,0.858,3.331,22102000000.0,2939000000.0,19163000000.0,22102000000.0,0.0,2337000000.0,0.0,0.036,1.64,15385000000.0,17722000000.0,0.219,17722000000.0,15385000000.0,13967000000.0,3.92,3.87,3.92,19620000000.0,18466500000.0,19620000000.0,118621936177.0,8.0,6.693,6971000000.0,3.217,1.0,29770000000.0,0.368,37548000000.0,1418000000.0,48928000000.0,70693750000.0,8923000000.0,8691000000.0,0.0,8691000000.0,65348000000.0,20141000000.0,45207000000.0,99342936177.0,-484000000.0,-430000000.0,-3960000000.0,-6772000000.0,-4769000000.0,-6440000000.0,-2916000000.0,257000000.0,8893000000.0,-21000000.0,8560000000.0,8560000000.0,8560000000.0,0.0,0.0,0.106,14076000000.0,15694000000.0,3600000000.0,0.418,5.063,11.605,11.696,15137000000.0,0.0,45.85,1.228,1.228,5148000000.0,37269000000.0,80879000000.0,80879000000.0,0.0,0.106,0.464,0.218,0.19,0.0,12461000000.0,1.0,2166694355.0,2166694355.0,,37.328,47420000000.0,0.0,5407000000.0,13159000000.0,21.886,-2866000000.0
20,MO,MRY,2000-12-31,2000-12-31,2000-12-31,2021-08-25,-2950000000.0,79067000000.0,64944750000.0,17238000000.0,61829000000.0,1.132,6.748,-1682000000.0,937000000.0,937000000.0,46957000000.0,8510000000.0,0.664,4.269,29122000000.0,8941000000.0,20181000000.0,29122000000.0,0.0,1717000000.0,0.0,0.046,2.02,14679000000.0,16396000000.0,0.223,16396000000.0,14679000000.0,13960000000.0,3.77,3.75,3.77,15005000000.0,15025000000.0,15005000000.0,106009512808.0,7.0,6.466,9362000000.0,4.21,1.0,26546000000.0,0.361,33090000000.0,719000000.0,48213000000.0,50598250000.0,8765000000.0,8118000000.0,0.0,8118000000.0,64062000000.0,25949000000.0,38113000000.0,97835512808.0,-4163000000.0,-15143000000.0,-3597000000.0,10936000000.0,-4500000000.0,2658000000.0,-17506000000.0,156000000.0,11044000000.0,-359000000.0,8510000000.0,8510000000.0,8510000000.0,0.0,0.0,0.116,12014000000.0,14532000000.0,3787000000.0,0.536,6.52,11.497,11.671,15303000000.0,0.0,44.0,1.331,1.331,5019000000.0,33481000000.0,73503000000.0,73503000000.0,0.0,0.131,0.566,0.29,0.2,0.0,11423000000.0,1.0,2223534382.0,2223534382.0,,33.057,45977000000.0,0.0,5450000000.0,9015000000.0,20.677,-8711000000.0
21,MO,MRY,1999-12-31,1999-12-31,1999-12-31,2021-08-25,-2108000000.0,61381000000.0,60734000000.0,20895000000.0,40486000000.0,1.294,6.468,-1749000000.0,5100000000.0,5100000000.0,46406000000.0,7675000000.0,1.16,3.011,14468000000.0,2242000000.0,12226000000.0,14468000000.0,0.0,1702000000.0,0.0,0.08,1.84,13490000000.0,15192000000.0,0.193,15192000000.0,13490000000.0,12695000000.0,3.21,3.19,3.21,15305000000.0,15745500000.0,15305000000.0,63276191710.0,5.0,4.165,9626000000.0,4.068,1.0,32190000000.0,0.41,0.0,795000000.0,52732000000.0,53223000000.0,9028000000.0,7527000000.0,0.0,7527000000.0,46076000000.0,18017000000.0,28059000000.0,54421191710.0,1019000000.0,-347000000.0,0.0,231000000.0,0.0,-7497000000.0,-2682000000.0,59000000.0,11375000000.0,-177000000.0,7675000000.0,7675000000.0,7675000000.0,0.0,0.0,0.098,18574000000.0,13616000000.0,3351000000.0,0.573,3.556,7.091,7.165,12271000000.0,0.0,23.0,0.692,0.692,4313000000.0,29556000000.0,78596000000.0,78596000000.0,0.0,0.126,0.487,0.253,0.172,0.0,17992000000.0,1.0,2366138770.0,2366138770.0,,33.217,61381000000.0,0.0,5020000000.0,8323000000.0,25.941,2878000000.0
22,MO,MRY,1998-12-31,1998-12-31,1998-12-31,2021-08-25,-1106000000.0,59920000000.0,59379000000.0,20230000000.0,39690000000.0,1.253,6.653,-1804000000.0,4081000000.0,4081000000.0,43398000000.0,5372000000.0,1.235,2.699,14662000000.0,2047000000.0,12615000000.0,14662000000.0,0.0,1690000000.0,0.0,0.031,1.68,9977000000.0,11667000000.0,0.157,11667000000.0,9977000000.0,9087000000.0,2.21,2.2,2.21,16197000000.0,16173750000.0,16197000000.0,140326778232.0,14.0,12.028,6316000000.0,2.594,1.0,30993000000.0,0.417,0.0,890000000.0,54122000000.0,54432250000.0,9445000000.0,6324000000.0,0.0,6324000000.0,43723000000.0,16379000000.0,27344000000.0,130254778232.0,1799000000.0,-1000000.0,-42000000.0,332000000.0,-3984000000.0,-3894000000.0,-2554000000.0,141000000.0,8120000000.0,127000000.0,5372000000.0,5372000000.0,5372000000.0,0.0,0.0,0.072,21016000000.0,9977000000.0,3359000000.0,0.76,8.042,24.247,24.208,12335000000.0,0.0,53.5,1.751,1.751,4691000000.0,26261000000.0,74391000000.0,74391000000.0,0.0,0.09,0.332,0.183,0.134,0.0,17051000000.0,1.0,2434668752.0,2434668752.0,,30.555,59920000000.0,0.0,3715000000.0,7632000000.0,24.611,3851000000.0
23,MO,MRY,1997-12-31,1997-12-31,1997-12-31,2021-08-25,-1109000000.0,55947000000.0,55409000000.0,17440000000.0,38507000000.0,1.3,6.145,-1874000000.0,2282000000.0,2282000000.0,42630000000.0,6310000000.0,1.157,2.75,14103000000.0,1673000000.0,12430000000.0,14103000000.0,0.0,1629000000.0,0.0,0.035,1.6,11663000000.0,13292000000.0,0.184,13292000000.0,11663000000.0,10611000000.0,2.61,2.58,2.61,14920000000.0,14569000000.0,14920000000.0,,,,6466000000.0,2.663,1.0,29425000000.0,0.408,0.0,1052000000.0,52697000000.0,53850500000.0,9039000000.0,5712000000.0,0.0,5712000000.0,41027000000.0,15071000000.0,25956000000.0,109863638694.0,2042000000.0,1578000000.0,-600000000.0,-962000000.0,-3885000000.0,-5521000000.0,-619000000.0,287000000.0,8340000000.0,-158000000.0,6310000000.0,6310000000.0,6310000000.0,0.0,0.0,0.088,17762000000.0,11663000000.0,3318000000.0,0.613,7.364,17.411,17.337,11621000000.0,0.0,45.25,1.525,1.525,4294000000.0,24924000000.0,72055000000.0,72055000000.0,0.0,0.114,0.433,0.217,0.162,0.0,15720000000.0,1.0,2427925717.0,2427925717.0,,29.678,55947000000.0,0.0,4301000000.0,6862000000.0,23.043,2369000000.0
24,MO,MRY,1996-12-31,1996-12-31,1996-12-31,2021-08-25,192000000.0,54871000000.0,,15190000000.0,39681000000.0,,,-1782000000.0,240000000.0,240000000.0,41211000000.0,6303000000.0,1.022,2.859,15240000000.0,2106000000.0,13134000000.0,15240000000.0,0.0,1631000000.0,0.0,0.039,1.467,11769000000.0,13400000000.0,0.194,13400000000.0,11769000000.0,10683000000.0,2.57,2.54,2.57,14218000000.0,,14218000000.0,,,,5852000000.0,,1.0,27993000000.0,0.404,0.0,1086000000.0,55004000000.0,,9002000000.0,5345000000.0,0.0,5345000000.0,40653000000.0,14867000000.0,25786000000.0,,-898000000.0,-4000000.0,-2322000000.0,-534000000.0,-3462000000.0,-6406000000.0,-2055000000.0,217000000.0,7634000000.0,-71000000.0,6303000000.0,6303000000.0,6303000000.0,0.0,0.0,0.091,16224000000.0,11769000000.0,3409000000.0,0.571,,,14.656,11751000000.0,0.0,37.667,,,4466000000.0,22478000000.0,69204000000.0,69204000000.0,0.0,,,,0.17,0.0,15630000000.0,1.0,,,,,54871000000.0,0.0,4380000000.0,6967000000.0,,323000000.0
25,MO,MRY,1995-12-31,1995-12-31,1995-12-31,2021-08-25,,,,,,,,-1621000000.0,,,39617000000.0,5450000000.0,,,,,,,,1671000000.0,,0.04,1.217,10498000000.0,12169000000.0,0.184,12169000000.0,10498000000.0,9319000000.0,2.17,2.15,2.17,,,,,,,5066000000.0,,1.0,26454000000.0,0.4,,1179000000.0,,,,,,,,,,,954000000.0,1985000000.0,-1829000000.0,-831000000.0,-2939000000.0,-5627000000.0,-109000000.0,-490000000.0,6687000000.0,3000000.0,5450000000.0,5450000000.0,5450000000.0,0.0,0.0,0.082,15928000000.0,10526000000.0,,0.561,,,13.863,,0.0,30.083,,,,,66071000000.0,66071000000.0,0.0,,,,0.159,0.0,15337000000.0,1.0,,,,,,,3869000000.0,,,
0,MO,MRQ,2021-06-30,2021-06-30,2021-06-30,2021-08-25,-3602000000.0,44388000000.0,,4184000000.0,40204000000.0,,1.76,-27000000.0,1877000000.0,1877000000.0,3204000000.0,2150000000.0,0.723,12.615,28241000000.0,0.0,28241000000.0,28241000000.0,0.0,65000000.0,0.0,0.072,0.86,3203000000.0,3268000000.0,0.471,3268000000.0,3203000000.0,2908000000.0,1.16,1.16,1.16,3257000000.0,,3257000000.0,112126418600.0,14.0,13.107,-388000000.0,-0.21,1.0,3732000000.0,0.538,17757000000.0,295000000.0,47212000000.0,,1794000000.0,19831000000.0,0.0,19831000000.0,41088000000.0,5783000000.0,35305000000.0,88238418600.0,-3918000000.0,0.0,-325000000.0,-1500000000.0,-1595000000.0,-3577000000.0,20000000.0,0.0,-361000000.0,0.0,2149000000.0,2149000000.0,2149000000.0,0.0,1000000.0,0.31,546000000.0,3186000000.0,260000000.0,0.741,27.092,19.414,19.461,1933000000.0,0.0,47.68,3.342,3.342,132000000.0,35065000000.0,6936000000.0,6936000000.0,0.0,,,,,0.0,546000000.0,1.0,1850637974.0,1850637974.0,,3.748,26631000000.0,0.0,759000000.0,4779000000.0,14.39,-1599000000.0
1,MO,MRQ,2021-03-31,2021-03-31,2021-03-31,2021-08-25,-3774000000.0,48776000000.0,,8029000000.0,40747000000.0,,1.567,-26000000.0,5792000000.0,5792000000.0,2764000000.0,1421000000.0,0.803,15.702,29680000000.0,1500000000.0,28180000000.0,29680000000.0,0.0,63000000.0,0.0,0.067,0.86,2248000000.0,2311000000.0,0.383,2311000000.0,2248000000.0,1940000000.0,0.77,0.77,0.77,2913000000.0,,2913000000.0,119616562699.0,15.0,14.534,3014000000.0,1.622,1.0,3272000000.0,0.542,17775000000.0,308000000.0,44885000000.0,,1948000000.0,20133000000.0,0.0,20133000000.0,45741000000.0,10004000000.0,35737000000.0,95090562699.0,839000000.0,0.0,-325000000.0,430000000.0,-1601000000.0,-2172000000.0,-29000000.0,0.0,3040000000.0,0.0,1424000000.0,1424000000.0,1424000000.0,0.0,-3000000.0,0.236,582000000.0,2690000000.0,271000000.0,1.117,32.644,21.915,21.957,1982000000.0,0.0,51.16,3.681,3.681,142000000.0,34507000000.0,6036000000.0,6036000000.0,0.0,,,,,0.0,582000000.0,1.0,1858689654.0,1858689654.0,,3.247,31001000000.0,0.0,516000000.0,4727000000.0,16.679,-1975000000.0
2,MO,MRQ,2020-12-31,2020-12-31,2020-12-31,2021-08-25,-4341000000.0,47414000000.0,,7117000000.0,40297000000.0,,1.528,-69000000.0,4945000000.0,4945000000.0,3158000000.0,1922000000.0,0.785,15.657,29471000000.0,1500000000.0,27971000000.0,29471000000.0,0.0,65000000.0,0.0,0.083,0.86,2859000000.0,2924000000.0,0.464,2924000000.0,2859000000.0,2543000000.0,1.03,1.04,1.03,2839000000.0,,2839000000.0,101327185765.0,12.0,12.107,2472000000.0,1.33,1.0,3146000000.0,0.499,17792000000.0,316000000.0,45085000000.0,,1966000000.0,19529000000.0,0.0,19529000000.0,44449000000.0,9063000000.0,35386000000.0,76195185765.0,822000000.0,0.0,0.0,0.0,-1600000000.0,-1683000000.0,-36000000.0,0.0,2541000000.0,0.0,1924000000.0,1924000000.0,1924000000.0,0.0,-2000000.0,0.305,565000000.0,2581000000.0,380000000.0,0.835,26.839,17.057,17.083,2012000000.0,0.0,41.0,2.913,2.913,137000000.0,34679000000.0,6304000000.0,6304000000.0,0.0,,,,,0.0,569000000.0,1.0,1858419165.0,1858419165.0,,3.392,29622000000.0,0.0,619000000.0,4532000000.0,15.939,-1946000000.0
3,MO,MRQ,2020-09-30,2020-09-30,2020-09-30,2021-08-25,-3781000000.0,46651000000.0,,6399000000.0,40252000000.0,,1.689,-56000000.0,4123000000.0,4123000000.0,3406000000.0,-956000000.0,0.772,13.82,29255000000.0,1500000000.0,27755000000.0,29255000000.0,0.0,62000000.0,0.0,0.087,0.86,-10000000.0,52000000.0,0.007,52000000.0,-10000000.0,-320000000.0,-0.51,-0.51,-0.51,3139000000.0,,3139000000.0,96024467885.0,22.0,20.961,842000000.0,0.453,1.0,3717000000.0,0.522,17810000000.0,310000000.0,45683000000.0,,1862000000.0,19408000000.0,0.0,19408000000.0,43380000000.0,8290000000.0,35090000000.0,71808467885.0,-710000000.0,0.0,0.0,0.0,-1564000000.0,-1564000000.0,-44000000.0,0.0,898000000.0,0.0,-952000000.0,-952000000.0,-952000000.0,0.0,-4000000.0,-0.134,557000000.0,3160000000.0,348000000.0,-1.686,22.876,97.832,99.077,2009000000.0,0.0,38.64,2.777,2.777,151000000.0,34356000000.0,7123000000.0,7123000000.0,0.0,,,,,0.0,557000000.0,1.0,1858397202.0,1858397202.0,,3.833,28841000000.0,0.0,632000000.0,4724000000.0,15.519,-1891000000.0
4,MO,MRQ,2020-06-30,2020-06-30,2020-06-30,2021-08-25,-3774000000.0,50200000000.0,,7004000000.0,43196000000.0,,3.061,-54000000.0,4826000000.0,4826000000.0,3080000000.0,1938000000.0,0.745,7.802,29042000000.0,1500000000.0,27542000000.0,29042000000.0,0.0,65000000.0,0.0,0.086,0.84,2878000000.0,2943000000.0,0.462,2943000000.0,2878000000.0,2570000000.0,1.04,1.04,1.04,5688000000.0,,5688000000.0,97295946276.0,39.0,35.342,1763000000.0,0.949,1.0,3287000000.0,0.516,17827000000.0,308000000.0,47189000000.0,,1914000000.0,22319000000.0,0.0,22319000000.0,44376000000.0,9400000000.0,34976000000.0,72940946276.0,-770000000.0,0.0,0.0,-1007000000.0,-1563000000.0,-2576000000.0,-11000000.0,0.0,1817000000.0,0.0,1943000000.0,1943000000.0,1943000000.0,0.0,-5000000.0,0.305,491000000.0,2796000000.0,273000000.0,0.808,12.824,-79.804,-80.102,2002000000.0,0.0,39.25,2.85,2.85,140000000.0,36908000000.0,6367000000.0,6367000000.0,0.0,,,,,0.0,491000000.0,1.0,1858368058.0,1858368058.0,,3.426,32373000000.0,0.0,627000000.0,7238000000.0,17.42,-2396000000.0
5,MO,MRQ,2020-03-31,2020-03-31,2020-03-31,2021-08-25,-2533000000.0,52618000000.0,,7935000000.0,44683000000.0,,3.521,-52000000.0,5616000000.0,5616000000.0,3486000000.0,1550000000.0,0.711,7.022,29971000000.0,3000000000.0,26971000000.0,29971000000.0,0.0,65000000.0,0.0,0.086,0.84,2385000000.0,2450000000.0,0.385,2450000000.0,2385000000.0,2110000000.0,0.83,0.83,0.83,6543000000.0,,6543000000.0,97788044311.0,39.0,35.239,3077000000.0,1.656,1.0,2873000000.0,0.452,17845000000.0,275000000.0,47974000000.0,,2006000000.0,23861000000.0,0.0,23861000000.0,45943000000.0,11154000000.0,34789000000.0,71863044311.0,3504000000.0,0.0,0.0,2000000000.0,-1563000000.0,427000000.0,-52000000.0,0.0,3129000000.0,0.0,1552000000.0,1552000000.0,1552000000.0,0.0,-2000000.0,0.244,537000000.0,2336000000.0,278000000.0,1.012,10.983,-83.465,-84.065,1997000000.0,0.0,38.67,2.781,2.781,147000000.0,36528000000.0,6359000000.0,6359000000.0,0.0,,,,,0.0,537000000.0,1.0,1858366804.0,1858366804.0,,3.422,34773000000.0,0.0,558000000.0,5584000000.0,18.712,-3219000000.0
6,MO,MRQ,2019-12-31,2019-12-31,2019-12-31,2021-08-25,-2864000000.0,49271000000.0,,4824000000.0,44447000000.0,,3.331,-86000000.0,2117000000.0,2117000000.0,2923000000.0,-1814000000.0,0.59,6.897,28042000000.0,1000000000.0,27042000000.0,28042000000.0,0.0,63000000.0,0.0,0.066,0.84,-927000000.0,-864000000.0,-0.144,-864000000.0,-927000000.0,-1218000000.0,-0.97,-0.97,-0.97,6222000000.0,,6222000000.0,119537194114.0,58.0,52.498,2477000000.0,1.326,1.0,3084000000.0,0.513,17864000000.0,291000000.0,49158000000.0,,2293000000.0,23581000000.0,0.0,23581000000.0,42914000000.0,8174000000.0,34740000000.0,93238194114.0,515000000.0,-41000000.0,-499000000.0,0.0,-1571000000.0,-2062000000.0,14000000.0,0.0,2563000000.0,0.0,-1809000000.0,-1809000000.0,-1809000000.0,0.0,-5000000.0,-0.301,657000000.0,2427000000.0,325000000.0,-0.866,14.985,-72.11,-71.3,1999000000.0,0.0,49.91,3.713,3.713,152000000.0,36539000000.0,6007000000.0,6007000000.0,0.0,,,,,0.0,572000000.0,1.0,1868126510.0,1868126510.0,,3.216,31407000000.0,0.0,591000000.0,5083000000.0,16.812,-3350000000.0
7,MO,MRQ,2019-09-30,2019-09-30,2019-09-30,2021-08-25,-2402000000.0,52913000000.0,,4291000000.0,48622000000.0,,5.645,-81000000.0,1604000000.0,1604000000.0,3359000000.0,-2602000000.0,0.56,4.005,27903000000.0,1000000000.0,26903000000.0,27903000000.0,0.0,57000000.0,0.0,0.079,0.84,-1833000000.0,-1776000000.0,-0.259,-1776000000.0,-1833000000.0,-2126000000.0,-1.39,-1.39,-1.39,10545000000.0,,10545000000.0,103849121860.0,21.0,20.479,2801000000.0,1.499,1.0,3497000000.0,0.51,17950000000.0,293000000.0,53600000000.0,,2188000000.0,27346000000.0,0.0,27346000000.0,42237000000.0,7662000000.0,34575000000.0,76405121860.0,-191000000.0,-452000000.0,0.0,-1144000000.0,-1497000000.0,-2637000000.0,-436000000.0,0.0,2882000000.0,0.0,-2600000000.0,-2600000000.0,-2600000000.0,0.0,-2000000.0,-0.379,553000000.0,2944000000.0,246000000.0,-0.604,7.246,43.265,43.053,1962000000.0,0.0,40.9,3.03,3.03,165000000.0,39910000000.0,6856000000.0,6856000000.0,0.0,,,,,0.0,552000000.0,1.0,1868095889.0,1868095889.0,,3.67,34963000000.0,15000000.0,474000000.0,5240000000.0,18.716,-3371000000.0
8,MO,MRQ,2019-06-30,2019-06-30,2019-06-30,2021-08-25,-2646000000.0,57501000000.0,,4483000000.0,53018000000.0,,7.731,-41000000.0,1796000000.0,1796000000.0,3300000000.0,1997000000.0,0.564,2.973,29240000000.0,2144000000.0,27096000000.0,29240000000.0,0.0,53000000.0,0.0,0.068,0.8,2912000000.0,2965000000.0,0.448,2965000000.0,2912000000.0,2600000000.0,1.07,1.07,1.07,14464000000.0,,14464000000.0,114404055513.0,12.0,11.822,62000000.0,0.033,1.0,3319000000.0,0.501,17527000000.0,312000000.0,59466000000.0,,2235000000.0,32094000000.0,0.0,32094000000.0,42997000000.0,7952000000.0,35045000000.0,88588055513.0,-1619000000.0,-1000000.0,-195000000.0,0.0,-1499000000.0,-1696000000.0,-26000000.0,0.0,103000000.0,0.0,1996000000.0,1996000000.0,1996000000.0,0.0,1000000.0,0.302,602000000.0,2717000000.0,224000000.0,0.748,6.125,14.042,14.05,1917000000.0,0.0,47.35,3.516,3.516,163000000.0,44081000000.0,6619000000.0,6619000000.0,0.0,,,,,0.0,569000000.0,1.0,1870919863.0,1870919863.0,,3.538,39974000000.0,79000000.0,604000000.0,5378000000.0,21.366,-3469000000.0
9,MO,MRQ,2019-03-31,2019-03-31,2019-03-31,2021-08-25,-2717000000.0,59233000000.0,,6262000000.0,52971000000.0,,7.511,-38000000.0,3352000000.0,3352000000.0,2817000000.0,1121000000.0,0.619,3.204,29168000000.0,2144000000.0,27024000000.0,29168000000.0,0.0,53000000.0,0.0,0.054,0.8,1899000000.0,1952000000.0,0.347,1952000000.0,1899000000.0,1515000000.0,0.6,0.6,0.6,14079000000.0,,14079000000.0,132061563543.0,14.0,13.906,2251000000.0,1.201,1.0,2811000000.0,0.499,17523000000.0,384000000.0,57407000000.0,,2356000000.0,32015000000.0,0.0,32015000000.0,45114000000.0,10119000000.0,34995000000.0,107648563543.0,2022000000.0,-1831000000.0,-151000000.0,3465000000.0,-1502000000.0,1683000000.0,-1950000000.0,0.0,2289000000.0,0.0,1120000000.0,1120000000.0,1120000000.0,0.0,1000000.0,0.199,573000000.0,2238000000.0,205000000.0,1.333,7.646,17.394,17.456,1922000000.0,0.0,57.43,4.326,4.326,158000000.0,43582000000.0,5628000000.0,5628000000.0,0.0,,,,,0.0,533000000.0,1.0,1874430847.0,1874430847.0,,3.003,41710000000.0,3000000.0,395000000.0,5353000000.0,22.252,-3857000000.0
10,MO,MRQ,2018-12-31,2018-12-31,2018-12-31,2021-08-25,-2547000000.0,55459000000.0,,4299000000.0,51160000000.0,,7.869,-106000000.0,1333000000.0,1333000000.0,3192000000.0,1251000000.0,0.203,2.748,25746000000.0,13848000000.0,11898000000.0,25746000000.0,0.0,59000000.0,0.0,0.061,0.8,1871000000.0,1930000000.0,0.316,1930000000.0,1871000000.0,1709000000.0,0.67,0.66,0.67,14787000000.0,,14787000000.0,104316056307.0,10.0,10.198,1719000000.0,0.915,1.0,2922000000.0,0.478,17475000000.0,162000000.0,41204000000.0,,2331000000.0,30496000000.0,0.0,30496000000.0,40631000000.0,21193000000.0,19438000000.0,92806056307.0,-1059000000.0,-12800000000.0,-356000000.0,11936000000.0,-1506000000.0,9967000000.0,-12851000000.0,0.0,1825000000.0,0.0,1250000000.0,1250000000.0,1250000000.0,0.0,1000000.0,0.204,1178000000.0,1744000000.0,399000000.0,1.194,6.276,13.328,13.385,1938000000.0,0.0,49.39,3.659,3.659,142000000.0,43962000000.0,6114000000.0,6114000000.0,0.0,,,,,0.0,797000000.0,1.0,1879045481.0,1879045481.0,,3.254,37984000000.0,167000000.0,459000000.0,4993000000.0,20.215,-16894000000.0
11,MO,MRQ,2018-09-30,2018-09-30,2018-09-30,2021-08-25,-2034000000.0,43953000000.0,,5165000000.0,38788000000.0,,8.219,-60000000.0,2393000000.0,2393000000.0,3582000000.0,1944000000.0,0.597,1.834,13903000000.0,2007000000.0,11896000000.0,13903000000.0,0.0,64000000.0,0.0,0.047,0.8,2766000000.0,2830000000.0,0.414,2830000000.0,2766000000.0,2607000000.0,1.03,1.03,1.03,15494000000.0,,15494000000.0,126164901234.0,12.0,11.776,2656000000.0,1.409,1.0,3255000000.0,0.476,17692000000.0,159000000.0,29125000000.0,,2077000000.0,18673000000.0,0.0,18673000000.0,28419000000.0,8646000000.0,19773000000.0,113694901234.0,969000000.0,-15000000.0,-367000000.0,0.0,-1324000000.0,-1691000000.0,-56000000.0,0.0,2716000000.0,0.0,1943000000.0,1943000000.0,1943000000.0,0.0,1000000.0,0.284,698000000.0,2557000000.0,289000000.0,0.777,7.338,10.647,10.75,1891000000.0,0.0,60.31,4.485,4.485,187000000.0,43805000000.0,6837000000.0,6837000000.0,0.0,,,,,0.0,700000000.0,1.0,1885174950.0,1885174950.0,,3.627,26261000000.0,84000000.0,664000000.0,5427000000.0,13.93,-3481000000.0
12,MO,MRQ,2018-06-30,2018-06-30,2018-06-30,2021-08-25,-1652000000.0,43177000000.0,,4131000000.0,39046000000.0,,8.346,-38000000.0,1430000000.0,1430000000.0,3164000000.0,1877000000.0,0.647,1.731,13900000000.0,864000000.0,13036000000.0,13900000000.0,0.0,51000000.0,0.0,0.048,0.7,2734000000.0,2785000000.0,0.442,2785000000.0,2734000000.0,2556000000.0,0.99,0.99,0.99,15796000000.0,,15796000000.0,119189501727.0,11.0,11.09,1003000000.0,0.53,1.0,3141000000.0,0.498,17712000000.0,178000000.0,31547000000.0,,2123000000.0,19034000000.0,0.0,19034000000.0,27342000000.0,6388000000.0,20954000000.0,107483501727.0,-766000000.0,0.0,-437000000.0,0.0,-1328000000.0,-1767000000.0,-40000000.0,0.0,1041000000.0,0.0,1876000000.0,1876000000.0,1876000000.0,0.0,1000000.0,0.298,643000000.0,2498000000.0,209000000.0,0.707,6.804,10.138,10.232,1878000000.0,0.0,56.79,4.258,4.258,144000000.0,43369000000.0,6305000000.0,6305000000.0,0.0,,,,,0.0,641000000.0,1.0,1892648384.0,1892648384.0,,3.331,25465000000.0,182000000.0,680000000.0,5376000000.0,13.455,-2257000000.0
13,MO,MRQ,2018-03-31,2018-03-31,2018-03-31,2021-08-25,-1927000000.0,43899000000.0,,4824000000.0,39075000000.0,,8.1,-34000000.0,2191000000.0,2191000000.0,3172000000.0,1895000000.0,0.645,1.849,13897000000.0,864000000.0,13033000000.0,13897000000.0,0.0,53000000.0,0.0,0.042,0.7,2631000000.0,2684000000.0,0.439,2684000000.0,2631000000.0,2465000000.0,1.0,1.0,1.0,15394000000.0,,15394000000.0,131077004240.0,12.0,11.809,2775000000.0,1.46,1.0,2936000000.0,0.481,17707000000.0,166000000.0,30423000000.0,,2257000000.0,19053000000.0,0.0,19053000000.0,28465000000.0,7475000000.0,20990000000.0,118436004240.0,975000000.0,0.0,-513000000.0,0.0,-1257000000.0,-1793000000.0,-41000000.0,0.0,2809000000.0,0.0,1894000000.0,1894000000.0,1894000000.0,0.0,1000000.0,0.31,620000000.0,2316000000.0,203000000.0,0.7,7.694,11.053,11.148,1891000000.0,0.0,62.32,4.626,4.626,133000000.0,42816000000.0,6108000000.0,6108000000.0,0.0,,,,,0.0,618000000.0,1.0,1900449362.0,1900449362.0,,3.214,26192000000.0,0.0,571000000.0,5292000000.0,13.782,-2651000000.0
14,MO,MRQ,2017-12-31,2017-12-31,2017-12-31,2021-08-25,-1897000000.0,43202000000.0,,4344000000.0,38858000000.0,,8.058,-48000000.0,1253000000.0,1253000000.0,3199000000.0,4968000000.0,0.64,1.807,13894000000.0,864000000.0,13030000000.0,13894000000.0,0.0,54000000.0,0.0,0.036,0.66,2361000000.0,2415000000.0,0.396,2415000000.0,2361000000.0,2181000000.0,2.59,2.59,2.59,15377000000.0,,15377000000.0,147571824906.0,14.0,13.744,709000000.0,0.372,1.0,2902000000.0,0.476,17707000000.0,180000000.0,31344000000.0,,2225000000.0,17952000000.0,0.0,17952000000.0,27784000000.0,6792000000.0,20992000000.0,136263824906.0,-1329000000.0,-415000000.0,-558000000.0,0.0,-1263000000.0,-1821000000.0,-265000000.0,-133000000.0,757000000.0,0.0,4966000000.0,4966000000.0,4966000000.0,0.0,2000000.0,0.814,665000000.0,2237000000.0,374000000.0,0.255,8.862,13.33,13.448,1914000000.0,0.0,71.41,5.328,5.328,142000000.0,42251000000.0,6101000000.0,6101000000.0,0.0,,,,,0.0,657000000.0,1.0,1908189678.0,1908189678.0,,3.197,25495000000.0,461000000.0,-2785000000.0,5247000000.0,13.361,-2448000000.0
15,MO,MRQ,2017-09-30,2017-09-30,2017-09-30,2021-08-25,-1946000000.0,44160000000.0,,5156000000.0,39004000000.0,,6.341,-60000000.0,2582000000.0,2582000000.0,3558000000.0,1867000000.0,0.774,2.627,13890000000.0,0.0,13890000000.0,13890000000.0,0.0,51000000.0,0.0,0.039,0.66,2812000000.0,2863000000.0,0.425,2863000000.0,2812000000.0,2643000000.0,0.97,0.97,0.97,12166000000.0,,12166000000.0,133307559856.0,6.0,5.495,2139000000.0,1.115,1.0,3171000000.0,0.471,17503000000.0,169000000.0,31303000000.0,,1987000000.0,19114000000.0,0.0,19114000000.0,31954000000.0,6662000000.0,25292000000.0,121675559856.0,309000000.0,0.0,-759000000.0,0.0,-1175000000.0,-1934000000.0,44000000.0,88000000.0,2199000000.0,0.0,1866000000.0,1866000000.0,1866000000.0,0.0,1000000.0,0.277,582000000.0,2589000000.0,270000000.0,0.68,10.001,7.834,7.947,1907000000.0,0.0,63.42,4.729,4.729,148000000.0,38542000000.0,6729000000.0,6729000000.0,0.0,,,,,0.0,574000000.0,1.0,1918567642.0,1918567642.0,,3.507,26657000000.0,0.0,777000000.0,8234000000.0,13.894,-1506000000.0
16,MO,MRQ,2017-06-30,2017-06-30,2017-06-30,2021-08-25,-1838000000.0,43726000000.0,,4611000000.0,39115000000.0,,6.429,-58000000.0,2255000000.0,2255000000.0,3549000000.0,1990000000.0,0.826,2.518,13887000000.0,0.0,13887000000.0,13887000000.0,0.0,52000000.0,0.0,0.033,0.61,3086000000.0,3138000000.0,0.471,3138000000.0,3086000000.0,2909000000.0,1.03,1.03,1.03,12418000000.0,,12418000000.0,152505635693.0,7.0,6.531,-788000000.0,-0.408,1.0,3114000000.0,0.467,17503000000.0,177000000.0,32273000000.0,,1999000000.0,19207000000.0,0.0,19207000000.0,31269000000.0,5582000000.0,25687000000.0,143849635693.0,-2986000000.0,0.0,-1049000000.0,0.0,-1182000000.0,-2240000000.0,-16000000.0,43000000.0,-730000000.0,0.0,1989000000.0,1989000000.0,1989000000.0,0.0,1000000.0,0.299,586000000.0,2528000000.0,194000000.0,0.592,11.584,9.747,9.851,1900000000.0,0.0,74.47,5.553,5.553,119000000.0,37939000000.0,6663000000.0,6663000000.0,0.0,,,,,0.0,574000000.0,1.0,1931645437.0,1931645437.0,,3.449,26223000000.0,0.0,920000000.0,8635000000.0,13.575,-971000000.0
17,MO,MRQ,2017-03-31,2017-03-31,2017-03-31,2021-08-25,-2212000000.0,46175000000.0,,7626000000.0,38549000000.0,,6.321,-33000000.0,5228000000.0,5228000000.0,3307000000.0,1402000000.0,0.919,2.763,13884000000.0,0.0,13884000000.0,13884000000.0,0.0,52000000.0,0.0,0.034,0.61,2269000000.0,2321000000.0,0.382,2321000000.0,2269000000.0,2090000000.0,0.72,0.72,0.72,12260000000.0,,12260000000.0,147825407611.0,6.0,6.431,2642000000.0,1.362,1.0,2776000000.0,0.456,17508000000.0,179000000.0,29023000000.0,,2122000000.0,18598000000.0,0.0,18598000000.0,33874000000.0,8300000000.0,25574000000.0,138513407611.0,669000000.0,0.0,-551000000.0,0.0,-1187000000.0,-1776000000.0,-230000000.0,2000000.0,2675000000.0,0.0,1401000000.0,1401000000.0,1401000000.0,0.0,1000000.0,0.23,537000000.0,2239000000.0,235000000.0,0.847,11.298,9.604,9.678,1923000000.0,0.0,71.42,5.377,5.377,135000000.0,37124000000.0,6083000000.0,6083000000.0,0.0,,,,,0.0,533000000.0,1.0,1939420437.0,1939420437.0,,3.137,28667000000.0,0.0,689000000.0,8725000000.0,14.781,-674000000.0
18,MO,MRQ,2016-12-31,2016-12-31,2016-12-31,2021-08-25,-2052000000.0,45932000000.0,,7260000000.0,38672000000.0,,6.548,-61000000.0,4569000000.0,4569000000.0,3443000000.0,10278000000.0,0.984,2.594,13881000000.0,0.0,13881000000.0,13881000000.0,0.0,55000000.0,0.0,0.035,0.61,15882000000.0,15937000000.0,2.549,15937000000.0,15882000000.0,15706000000.0,5.26,5.26,5.26,12770000000.0,,12770000000.0,143457307168.0,6.0,6.293,235000000.0,0.12,1.0,2809000000.0,0.449,17321000000.0,176000000.0,30548000000.0,,2051000000.0,18880000000.0,0.0,18880000000.0,33121000000.0,7375000000.0,25746000000.0,131877307168.0,2276000000.0,3150000000.0,-518000000.0,0.0,-1191000000.0,-1693000000.0,3673000000.0,534000000.0,296000000.0,0.0,10276000000.0,10276000000.0,10276000000.0,0.0,2000000.0,1.644,817000000.0,1992000000.0,425000000.0,0.116,10.327,9.262,9.288,1958000000.0,0.0,67.62,5.123,5.123,151000000.0,36906000000.0,6252000000.0,6252000000.0,0.0,,,,,0.0,791000000.0,1.0,1950270736.0,1950270736.0,,3.206,28611000000.0,269000000.0,5430000000.0,8416000000.0,14.67,-115000000.0
19,MO,MRQ,2016-09-30,2016-09-30,2016-09-30,2021-08-25,-3278000000.0,32934000000.0,,6403000000.0,26531000000.0,,1.507,-51000000.0,2298000000.0,2298000000.0,3755000000.0,1094000000.0,0.929,10.174,13878000000.0,0.0,13878000000.0,13878000000.0,0.0,51000000.0,0.0,0.036,0.61,1905000000.0,1956000000.0,0.283,1956000000.0,1905000000.0,1726000000.0,0.55,0.55,0.55,2944000000.0,,2944000000.0,135560224777.0,15.0,14.871,2391000000.0,1.224,1.0,3150000000.0,0.456,17327000000.0,179000000.0,20292000000.0,,1980000000.0,6872000000.0,0.0,6872000000.0,29951000000.0,6895000000.0,23056000000.0,123542224777.0,1479000000.0,0.0,-171000000.0,1043000000.0,-1106000000.0,-1061000000.0,98000000.0,151000000.0,2442000000.0,0.0,1093000000.0,1093000000.0,1093000000.0,0.0,1000000.0,0.158,768000000.0,2382000000.0,296000000.0,1.109,41.964,23.713,23.771,1969000000.0,0.0,63.23,4.787,4.787,146000000.0,27816000000.0,6905000000.0,6905000000.0,0.0,,,,,0.0,766000000.0,1.0,1953854575.0,1953854575.0,,3.534,15607000000.0,1188000000.0,633000000.0,5607000000.0,7.988,-492000000.0
20,MO,MRQ,2016-06-30,2016-06-30,2016-06-30,2021-08-25,-3340000000.0,31324000000.0,,4600000000.0,26724000000.0,,1.605,-51000000.0,819000000.0,819000000.0,3564000000.0,1654000000.0,0.835,8.963,12837000000.0,0.0,12837000000.0,12837000000.0,0.0,49000000.0,0.0,0.033,0.565,2725000000.0,2774000000.0,0.425,2774000000.0,2725000000.0,2533000000.0,0.85,0.85,0.85,3140000000.0,,3140000000.0,143950057380.0,15.0,14.834,-1681000000.0,-0.859,1.0,2957000000.0,0.453,17332000000.0,192000000.0,20498000000.0,,1970000000.0,7032000000.0,0.0,7032000000.0,28145000000.0,5512000000.0,22633000000.0,134915057380.0,-2996000000.0,0.0,-173000000.0,0.0,-1107000000.0,-1269000000.0,-97000000.0,0.0,-1630000000.0,0.0,1653000000.0,1653000000.0,1653000000.0,0.0,1000000.0,0.253,547000000.0,2410000000.0,193000000.0,0.665,42.967,23.9,23.862,1962000000.0,0.0,68.96,5.269,5.269,122000000.0,27915000000.0,6521000000.0,6521000000.0,0.0,,,,,0.0,546000000.0,1.0,1956424846.0,1956424846.0,,3.333,13992000000.0,1188000000.0,880000000.0,5659000000.0,7.152,-912000000.0
21,MO,MRQ,2016-03-31,2016-03-31,2016-03-31,2021-08-25,-3327000000.0,34063000000.0,,7498000000.0,26565000000.0,,1.402,-26000000.0,3815000000.0,3815000000.0,3410000000.0,1218000000.0,0.87,11.395,12850000000.0,4000000.0,12846000000.0,12850000000.0,0.0,49000000.0,0.0,0.035,0.565,2082000000.0,2131000000.0,0.351,2131000000.0,2082000000.0,1882000000.0,0.62,0.62,0.62,2745000000.0,,2745000000.0,133234007528.0,14.0,14.13,2692000000.0,1.375,1.0,2656000000.0,0.438,17308000000.0,200000000.0,17174000000.0,,2108000000.0,6908000000.0,0.0,6908000000.0,31278000000.0,8616000000.0,22662000000.0,122684007528.0,1446000000.0,0.0,-168000000.0,0.0,-1108000000.0,-1306000000.0,34000000.0,56000000.0,2718000000.0,0.0,1217000000.0,1217000000.0,1217000000.0,0.0,1000000.0,0.201,679000000.0,1977000000.0,208000000.0,0.911,44.694,22.552,22.621,1955000000.0,0.0,62.66,4.774,4.774,104000000.0,27367000000.0,6066000000.0,6066000000.0,0.0,,,,,0.0,559000000.0,1.0,1957931815.0,1957931815.0,,3.098,16755000000.0,1175000000.0,665000000.0,6196000000.0,8.557,-1118000000.0
22,MO,MRQ,2015-12-31,2015-12-31,2015-12-31,2021-08-25,-3280000000.0,31459000000.0,,4911000000.0,26548000000.0,,1.469,-67000000.0,2369000000.0,2369000000.0,3596000000.0,1248000000.0,0.695,9.913,12847000000.0,4000000.0,12843000000.0,12847000000.0,0.0,75000000.0,0.0,0.037,0.565,2180000000.0,2255000000.0,0.357,2255000000.0,2180000000.0,1972000000.0,0.64,0.64,0.64,2880000000.0,,2880000000.0,125145150261.0,14.0,13.725,1686000000.0,0.86,1.0,2722000000.0,0.431,17313000000.0,208000000.0,17554000000.0,,2031000000.0,6722000000.0,0.0,6722000000.0,28549000000.0,7070000000.0,21479000000.0,114131150261.0,462000000.0,0.0,-36000000.0,0.0,-1108000000.0,-1181000000.0,-110000000.0,-33000000.0,1753000000.0,0.0,1247000000.0,1247000000.0,1247000000.0,0.0,1000000.0,0.197,757000000.0,1965000000.0,400000000.0,0.883,39.629,21.777,21.801,1982000000.0,0.0,58.21,4.487,4.487,124000000.0,27257000000.0,6318000000.0,6318000000.0,0.0,,,,,0.0,757000000.0,1.0,1960679441.0,1960679441.0,,3.222,14146000000.0,0.0,725000000.0,4667000000.0,7.215,-2159000000.0
23,MO,MRQ,2015-09-30,2015-09-30,2015-09-30,2021-08-25,-3157000000.0,31999000000.0,,5511000000.0,26488000000.0,,1.472,-63000000.0,1907000000.0,1907000000.0,3653000000.0,1528000000.0,0.839,10.074,12921000000.0,3000000.0,12918000000.0,12921000000.0,0.0,50000000.0,0.0,0.039,0.565,2494000000.0,2544000000.0,0.38,2544000000.0,2494000000.0,2289000000.0,0.78,0.78,0.78,2887000000.0,,2887000000.0,119458809578.0,14.0,13.21,2780000000.0,1.418,1.0,3046000000.0,0.455,17318000000.0,205000000.0,19128000000.0,,1954000000.0,6737000000.0,0.0,6737000000.0,29083000000.0,6567000000.0,22516000000.0,106661809578.0,784000000.0,0.0,-63000000.0,-1000000000.0,-1021000000.0,-2067000000.0,8000000.0,70000000.0,2843000000.0,0.0,1528000000.0,1528000000.0,1528000000.0,0.0,0.0,0.228,698000000.0,2348000000.0,307000000.0,0.724,36.946,20.394,20.451,2016000000.0,0.0,54.4,4.204,4.204,137000000.0,27118000000.0,6699000000.0,6699000000.0,0.0,,,,,0.0,698000000.0,1.0,1960695029.0,1960695029.0,,3.417,14681000000.0,1143000000.0,761000000.0,5831000000.0,7.488,-1056000000.0
24,MO,MRQ,2015-06-30,2015-06-30,2015-06-30,2021-08-25,-2878000000.0,31869000000.0,,4633000000.0,27236000000.0,,1.413,-51000000.0,1123000000.0,1123000000.0,3742000000.0,1449000000.0,0.74,10.457,13920000000.0,1003000000.0,12917000000.0,13920000000.0,0.0,51000000.0,0.0,0.043,0.52,2448000000.0,2499000000.0,0.378,2499000000.0,2448000000.0,2253000000.0,0.73,0.73,0.73,2779000000.0,,2779000000.0,106411340335.0,12.0,11.99,-1302000000.0,-0.662,1.0,2871000000.0,0.434,17324000000.0,195000000.0,21081000000.0,,1914000000.0,7456000000.0,0.0,7456000000.0,29060000000.0,6261000000.0,22799000000.0,96184340335.0,-2551000000.0,0.0,-263000000.0,0.0,-1024000000.0,-1288000000.0,-12000000.0,38000000.0,-1251000000.0,0.0,1448000000.0,1448000000.0,1448000000.0,0.0,1000000.0,0.219,647000000.0,2224000000.0,290000000.0,0.712,34.611,18.863,18.957,1991000000.0,0.0,48.91,3.822,3.822,142000000.0,26698000000.0,6613000000.0,6613000000.0,0.0,,,,,0.0,643000000.0,1.0,1966557766.0,1966557766.0,,3.363,14545000000.0,1143000000.0,805000000.0,6011000000.0,7.396,-1628000000.0
25,MO,MRQ,2015-03-31,2015-03-31,2015-03-31,2021-08-25,-2945000000.0,34212000000.0,,7233000000.0,26979000000.0,,1.286,-48000000.0,3674000000.0,3674000000.0,3329000000.0,1018000000.0,0.813,12.495,13901000000.0,1000000000.0,12901000000.0,13901000000.0,0.0,49000000.0,0.0,0.041,0.52,1771000000.0,1820000000.0,0.314,1820000000.0,1771000000.0,1562000000.0,0.52,0.52,0.52,2533000000.0,,2533000000.0,109877232038.0,13.0,12.775,2450000000.0,1.244,1.0,2475000000.0,0.426,17329000000.0,209000000.0,18215000000.0,,2085000000.0,7210000000.0,0.0,7210000000.0,31650000000.0,8895000000.0,22755000000.0,98505232038.0,353000000.0,0.0,-192000000.0,-793000000.0,-1026000000.0,-2244000000.0,99000000.0,147000000.0,2498000000.0,0.0,1018000000.0,1018000000.0,1018000000.0,0.0,0.0,0.175,610000000.0,1865000000.0,274000000.0,1.0,38.889,20.05,20.088,1972000000.0,0.0,50.02,3.971,3.971,172000000.0,26271000000.0,5804000000.0,5804000000.0,0.0,,,,,0.0,610000000.0,1.0,1969316914.0,1969316914.0,,2.947,16883000000.0,1143000000.0,544000000.0,6389000000.0,8.573,-1662000000.0
26,MO,MRQ,2014-12-31,2014-12-31,2014-12-31,2021-08-25,-2682000000.0,34475000000.0,,6878000000.0,27597000000.0,,1.525,-47000000.0,3321000000.0,3321000000.0,3631000000.0,1236000000.0,0.896,10.428,14693000000.0,1000000000.0,13693000000.0,14693000000.0,0.0,59000000.0,0.0,0.041,0.52,2121000000.0,2180000000.0,0.348,2180000000.0,2121000000.0,1909000000.0,0.63,0.63,0.63,3014000000.0,,3014000000.0,109132679955.0,13.0,12.416,1556000000.0,0.787,1.0,2627000000.0,0.42,17334000000.0,212000000.0,20840000000.0,,2040000000.0,7797000000.0,0.0,7797000000.0,31430000000.0,7673000000.0,23757000000.0,97380679955.0,1080000000.0,-9000000.0,-260000000.0,699000000.0,-1028000000.0,-640000000.0,117000000.0,179000000.0,1603000000.0,0.0,1236000000.0,1236000000.0,1236000000.0,0.0,0.0,0.198,715000000.0,1912000000.0,416000000.0,0.825,32.309,19.207,19.246,1983000000.0,0.0,49.27,3.971,3.971,124000000.0,26277000000.0,6258000000.0,6258000000.0,0.0,,,,,0.0,718000000.0,1.0,1976470062.0,1976470062.0,,3.166,17141000000.0,1143000000.0,673000000.0,6088000000.0,8.673,-795000000.0
27,MO,MRQ,2014-09-30,2014-09-30,2014-09-30,2021-08-25,-1454000000.0,34082000000.0,,5662000000.0,28420000000.0,,2.165,-56000000.0,2241000000.0,2241000000.0,3817000000.0,1397000000.0,0.769,6.93,13993000000.0,1300000000.0,12693000000.0,13993000000.0,0.0,49000000.0,0.0,0.043,0.52,2327000000.0,2376000000.0,0.366,2376000000.0,2327000000.0,2114000000.0,0.7,0.7,0.7,4294000000.0,,4294000000.0,103919638010.0,14.0,13.616,2245000000.0,1.132,1.0,2674000000.0,0.412,17339000000.0,213000000.0,21128000000.0,,1890000000.0,8413000000.0,0.0,8413000000.0,29756000000.0,7367000000.0,22389000000.0,91119638010.0,1048000000.0,0.0,-275000000.0,0.0,-952000000.0,-1211000000.0,-42000000.0,1000000.0,2301000000.0,0.0,1397000000.0,1397000000.0,1397000000.0,0.0,0.0,0.215,675000000.0,1999000000.0,332000000.0,0.743,21.22,21.083,21.171,1998000000.0,0.0,45.94,3.743,3.743,106000000.0,26066000000.0,6491000000.0,6491000000.0,0.0,,,,,0.0,663000000.0,1.0,1983448803.0,1983448803.0,,3.273,16743000000.0,1095000000.0,717000000.0,6829000000.0,8.441,-1705000000.0
28,MO,MRQ,2014-06-30,2014-06-30,2014-06-30,2021-08-25,-1229000000.0,33282000000.0,,4475000000.0,28807000000.0,,2.212,-33000000.0,1193000000.0,1193000000.0,3653000000.0,1262000000.0,0.887,6.565,13993000000.0,0.0,13993000000.0,13993000000.0,0.0,50000000.0,0.0,0.046,0.48,2175000000.0,2225000000.0,0.356,2225000000.0,2175000000.0,1945000000.0,0.64,0.64,0.64,4395000000.0,,4395000000.0,93684179876.0,13.0,12.175,-1399000000.0,-0.704,1.0,2603000000.0,0.416,17344000000.0,230000000.0,23692000000.0,,1850000000.0,8816000000.0,0.0,8816000000.0,28855000000.0,5046000000.0,23809000000.0,83312179876.0,-2427000000.0,-93000000.0,-132000000.0,0.0,-955000000.0,-1087000000.0,26000000.0,91000000.0,-1366000000.0,0.0,1262000000.0,1262000000.0,1262000000.0,0.0,0.0,0.202,628000000.0,1975000000.0,311000000.0,0.75,18.956,19.281,19.327,1997000000.0,0.0,41.94,3.414,3.414,105000000.0,25698000000.0,6256000000.0,6256000000.0,0.0,,,,,0.0,638000000.0,1.0,1986461132.0,1986461132.0,,3.149,15938000000.0,1101000000.0,683000000.0,6970000000.0,8.023,-571000000.0
29,MO,MRQ,2014-03-31,2014-03-31,2014-03-31,2021-08-25,-1318000000.0,35406000000.0,,6977000000.0,28429000000.0,,2.065,-27000000.0,3620000000.0,3620000000.0,3261000000.0,1175000000.0,0.92,7.596,13992000000.0,0.0,13992000000.0,13992000000.0,0.0,50000000.0,0.0,0.05,0.48,1959000000.0,2009000000.0,0.364,2009000000.0,1959000000.0,1806000000.0,0.59,0.59,0.59,4115000000.0,,4115000000.0,85934507590.0,11.0,11.088,2098000000.0,1.053,1.0,2256000000.0,0.409,17227000000.0,153000000.0,20967000000.0,,1970000000.0,8608000000.0,0.0,8608000000.0,31259000000.0,7584000000.0,23675000000.0,74592507590.0,445000000.0,0.0,-272000000.0,-525000000.0,-957000000.0,-1756000000.0,76000000.0,98000000.0,2125000000.0,0.0,1175000000.0,1175000000.0,1175000000.0,0.0,0.0,0.213,522000000.0,1734000000.0,321000000.0,0.814,18.127,17.247,17.329,2003000000.0,0.0,37.43,3.05,3.05,113000000.0,25388000000.0,5517000000.0,5517000000.0,0.0,,,,,0.0,520000000.0,1.0,1992853529.0,1992853529.0,,2.768,18179000000.0,1100000000.0,631000000.0,7426000000.0,9.122,-607000000.0
30,MO,MRQ,2013-12-31,2013-12-31,2013-12-31,2021-08-25,-1378000000.0,34859000000.0,,6590000000.0,28269000000.0,,2.059,-41000000.0,3175000000.0,3175000000.0,3672000000.0,488000000.0,0.934,7.455,14517000000.0,525000000.0,13992000000.0,14517000000.0,0.0,54000000.0,0.0,0.048,0.48,968000000.0,1022000000.0,0.168,1022000000.0,968000000.0,713000000.0,0.24,0.24,0.24,4119000000.0,,4119000000.0,87445568556.0,11.0,10.66,1475000000.0,0.737,1.0,2408000000.0,0.396,17232000000.0,255000000.0,21911000000.0,,1879000000.0,8452000000.0,0.0,8452000000.0,30706000000.0,7058000000.0,23648000000.0,76780568556.0,-1036000000.0,0.0,-252000000.0,-376000000.0,-960000000.0,-2669000000.0,117000000.0,157000000.0,1516000000.0,0.0,488000000.0,488000000.0,488000000.0,0.0,0.0,0.08,609000000.0,1799000000.0,409000000.0,2.0,18.641,16.931,16.987,2028000000.0,0.0,38.39,3.138,3.138,115000000.0,25168000000.0,6080000000.0,6080000000.0,0.0,,,,,0.0,602000000.0,1.0,2000014810.0,2000014810.0,,3.04,17627000000.0,1100000000.0,225000000.0,6854000000.0,8.813,-468000000.0
31,MO,MRQ,2013-09-30,2013-09-30,2013-09-30,2021-08-25,-2223000000.0,35950000000.0,,7549000000.0,28401000000.0,,1.986,-49000000.0,4211000000.0,4211000000.0,3732000000.0,1396000000.0,0.905,8.022,14876000000.0,1984000000.0,12892000000.0,14876000000.0,0.0,52000000.0,0.0,0.052,0.48,2387000000.0,2439000000.0,0.372,2439000000.0,2387000000.0,2118000000.0,0.7,0.7,0.7,3981000000.0,,3981000000.0,81154479034.0,9.0,8.773,2369000000.0,1.182,1.0,2821000000.0,0.43,17237000000.0,269000000.0,21041000000.0,,1718000000.0,8673000000.0,0.0,8673000000.0,31935000000.0,8337000000.0,23598000000.0,68851479034.0,1640000000.0,0.0,-156000000.0,0.0,-883000000.0,-1024000000.0,246000000.0,285000000.0,2418000000.0,0.0,1396000000.0,1396000000.0,1396000000.0,0.0,0.0,0.213,689000000.0,2132000000.0,347000000.0,0.686,17.295,13.369,13.366,2041000000.0,0.0,34.35,2.796,2.796,92000000.0,25636000000.0,6553000000.0,6553000000.0,0.0,,,,,0.0,664000000.0,1.0,2004409870.0,2004409870.0,,3.269,18713000000.0,1218000000.0,722000000.0,6466000000.0,9.336,-788000000.0
32,MO,MRQ,2013-06-30,2013-06-30,2013-06-30,2021-08-25,-2330000000.0,34440000000.0,,5860000000.0,28580000000.0,,1.775,-26000000.0,2571000000.0,2571000000.0,3751000000.0,1266000000.0,0.829,8.651,14874000000.0,1984000000.0,12890000000.0,14874000000.0,0.0,52000000.0,0.0,0.05,0.44,2228000000.0,2280000000.0,0.362,2280000000.0,2228000000.0,1964000000.0,0.63,0.63,0.63,3565000000.0,,3565000000.0,80386084010.0,10.0,9.812,-1249000000.0,-0.622,1.0,2554000000.0,0.405,17242000000.0,264000000.0,22431000000.0,,1701000000.0,8847000000.0,0.0,8847000000.0,30841000000.0,7070000000.0,23771000000.0,70283084010.0,-1204000000.0,0.0,-135000000.0,996000000.0,-883000000.0,-32000000.0,51000000.0,71000000.0,-1223000000.0,0.0,1266000000.0,1266000000.0,1266000000.0,0.0,0.0,0.201,553000000.0,2001000000.0,275000000.0,0.698,19.715,15.934,15.977,2040000000.0,0.0,34.99,2.89,2.89,114000000.0,25201000000.0,6305000000.0,6305000000.0,0.0,,,,,0.0,552000000.0,1.0,2008662018.0,2008662018.0,,3.139,17198000000.0,1217000000.0,698000000.0,6560000000.0,8.562,-1210000000.0
33,MO,MRQ,2013-03-31,2013-03-31,2013-03-31,2021-08-25,-2068000000.0,36006000000.0,,7116000000.0,28890000000.0,,1.776,-15000000.0,3775000000.0,3775000000.0,2854000000.0,1385000000.0,0.749,9.078,13878000000.0,1984000000.0,11894000000.0,13878000000.0,0.0,54000000.0,0.0,0.05,0.44,2408000000.0,2462000000.0,0.445,2462000000.0,2408000000.0,2147000000.0,0.69,0.69,0.69,3569000000.0,,3569000000.0,80096922426.0,10.0,9.926,1649000000.0,0.82,1.0,2674000000.0,0.484,17247000000.0,261000000.0,19364000000.0,,1816000000.0,9134000000.0,0.0,9134000000.0,32401000000.0,9498000000.0,22903000000.0,69118922426.0,875000000.0,0.0,-91000000.0,0.0,-886000000.0,-977000000.0,188000000.0,203000000.0,1664000000.0,0.0,1385000000.0,1385000000.0,1385000000.0,0.0,0.0,0.251,522000000.0,2152000000.0,259000000.0,0.638,19.366,15.817,15.921,2068000000.0,0.0,34.39,2.821,2.821,112000000.0,24817000000.0,5528000000.0,5528000000.0,0.0,,,,,0.0,522000000.0,1.0,2009855261.0,2009855261.0,,2.75,18759000000.0,1216000000.0,762000000.0,7257000000.0,9.334,-2382000000.0
34,MO,MRQ,2012-12-31,2012-12-31,2012-12-31,2021-08-25,-2040000000.0,35329000000.0,,6315000000.0,29014000000.0,,1.564,-47000000.0,2900000000.0,2900000000.0,3859000000.0,1105000000.0,0.765,10.14,13878000000.0,1459000000.0,12419000000.0,13878000000.0,0.0,56000000.0,0.0,0.054,0.44,2014000000.0,2070000000.0,0.332,2070000000.0,2014000000.0,1756000000.0,0.55,0.55,0.55,3168000000.0,,3168000000.0,75361335344.0,10.0,9.631,1718000000.0,0.848,1.0,2383000000.0,0.382,17252000000.0,258000000.0,20796000000.0,,1746000000.0,9218000000.0,0.0,9218000000.0,32125000000.0,8259000000.0,23866000000.0,63669335344.0,714000000.0,0.0,-487000000.0,0.0,-892000000.0,-1243000000.0,192000000.0,236000000.0,1765000000.0,0.0,1103000000.0,1103000000.0,1103000000.0,0.0,2000000.0,0.177,618000000.0,1765000000.0,451000000.0,0.8,20.098,15.232,15.262,2102000000.0,0.0,31.44,2.586,2.586,193000000.0,24316000000.0,6242000000.0,6242000000.0,0.0,,,,,0.0,623000000.0,1.0,2025106086.0,2025106086.0,,3.082,18077000000.0,1216000000.0,653000000.0,6652000000.0,8.926,-1944000000.0
35,MO,MRQ,2012-09-30,2012-09-30,2012-09-30,2021-08-25,-1604000000.0,35038000000.0,,5934000000.0,29104000000.0,,1.902,-38000000.0,2186000000.0,2186000000.0,3758000000.0,657000000.0,0.935,8.054,13878000000.0,0.0,13878000000.0,13878000000.0,0.0,56000000.0,0.0,0.05,0.44,1325000000.0,1381000000.0,0.221,1381000000.0,1325000000.0,1043000000.0,0.32,0.32,0.32,3866000000.0,,3866000000.0,80037309697.0,11.0,10.879,2167000000.0,1.066,1.0,2484000000.0,0.398,17257000000.0,282000000.0,23125000000.0,,1624000000.0,9273000000.0,0.0,9273000000.0,31137000000.0,6348000000.0,24789000000.0,67876309697.0,658000000.0,0.0,-235000000.0,187000000.0,-834000000.0,-1765000000.0,218000000.0,261000000.0,2205000000.0,0.0,657000000.0,657000000.0,657000000.0,0.0,0.0,0.105,515000000.0,1969000000.0,289000000.0,1.375,17.557,17.346,17.391,2111000000.0,0.0,33.39,2.77,2.77,196000000.0,24098000000.0,6242000000.0,6242000000.0,0.0,,,,,0.0,548000000.0,1.0,2032833474.0,2032833474.0,,3.071,17781000000.0,1287000000.0,386000000.0,6880000000.0,8.747,-414000000.0
36,MO,MRQ,2012-06-30,2012-06-30,2012-06-30,2021-08-25,-1674000000.0,34547000000.0,,5143000000.0,29404000000.0,,2.1,-23000000.0,1528000000.0,1528000000.0,3993000000.0,1226000000.0,0.846,7.077,13689000000.0,600000000.0,13089000000.0,13689000000.0,0.0,57000000.0,0.0,0.047,0.41,2099000000.0,2156000000.0,0.332,2156000000.0,2099000000.0,1806000000.0,0.6,0.6,0.6,4273000000.0,,4273000000.0,79836852703.0,10.0,9.827,-1945000000.0,-0.956,1.0,2494000000.0,0.384,17262000000.0,293000000.0,23365000000.0,,1684000000.0,9498000000.0,0.0,9498000000.0,30239000000.0,6081000000.0,24158000000.0,70303852703.0,-2628000000.0,0.0,-94000000.0,0.0,-836000000.0,-929000000.0,223000000.0,249000000.0,-1922000000.0,0.0,1225000000.0,1225000000.0,1225000000.0,0.0,1000000.0,0.189,617000000.0,1877000000.0,335000000.0,0.683,16.453,15.874,15.922,2131000000.0,0.0,34.55,2.885,2.885,256000000.0,24334000000.0,6487000000.0,6487000000.0,0.0,,,,,0.0,596000000.0,1.0,2034843783.0,2034843783.0,,3.188,17285000000.0,1207000000.0,581000000.0,7056000000.0,8.495,-938000000.0
37,MO,MRQ,2012-03-31,2012-03-31,2012-03-31,2021-08-25,-1685000000.0,37815000000.0,,7893000000.0,29922000000.0,,1.809,-16000000.0,4156000000.0,4156000000.0,3445000000.0,1195000000.0,0.899,9.208,13689000000.0,600000000.0,13089000000.0,13689000000.0,0.0,56000000.0,0.0,0.052,0.41,2162000000.0,2218000000.0,0.393,2218000000.0,2162000000.0,1869000000.0,0.59,0.59,0.59,3701000000.0,,3701000000.0,73568748903.0,10.0,9.837,1821000000.0,0.89,1.0,2202000000.0,0.39,17267000000.0,293000000.0,21300000000.0,,1830000000.0,9212000000.0,0.0,9212000000.0,34079000000.0,8781000000.0,25298000000.0,63149748903.0,886000000.0,0.0,-266000000.0,0.0,-838000000.0,-1238000000.0,287000000.0,303000000.0,1837000000.0,0.0,1195000000.0,1195000000.0,1195000000.0,0.0,0.0,0.212,560000000.0,1642000000.0,328000000.0,0.695,17.063,17.311,17.343,2165000000.0,0.0,30.87,2.653,2.653,244000000.0,23720000000.0,5647000000.0,5647000000.0,0.0,,,,,0.0,534000000.0,1.0,2045667279.0,2045667279.0,,2.76,20548000000.0,1207000000.0,674000000.0,8035000000.0,10.045,-888000000.0
38,MO,MRQ,2011-12-31,2011-12-31,2011-12-31,2021-08-25,-1887000000.0,36751000000.0,,6920000000.0,29831000000.0,,1.79,-30000000.0,3270000000.0,3270000000.0,3755000000.0,837000000.0,0.931,8.977,13689000000.0,600000000.0,13089000000.0,13689000000.0,0.0,69000000.0,0.0,0.053,0.41,1533000000.0,1602000000.0,0.261,1602000000.0,1533000000.0,1182000000.0,0.41,0.41,0.41,3680000000.0,,3680000000.0,71617929675.0,11.0,10.161,987000000.0,0.48,1.0,2374000000.0,0.387,17272000000.0,351000000.0,22466000000.0,,1779000000.0,9068000000.0,0.0,9068000000.0,33036000000.0,7432000000.0,25604000000.0,60972929675.0,227000000.0,0.0,-327000000.0,0.0,-843000000.0,-1003000000.0,213000000.0,242000000.0,1017000000.0,0.0,836000000.0,836000000.0,836000000.0,0.0,1000000.0,0.136,1018000000.0,1356000000.0,503000000.0,1.0,16.569,17.986,18.079,2216000000.0,0.0,29.65,2.562,2.562,268000000.0,23583000000.0,6129000000.0,6129000000.0,0.0,,,,,0.0,790000000.0,1.0,2056422586.0,2056422586.0,,2.98,19479000000.0,1207000000.0,346000000.0,7562000000.0,9.472,-512000000.0
39,MO,MRQ,2011-09-30,2011-09-30,2011-09-30,2021-08-25,-1461000000.0,37201000000.0,,6575000000.0,30626000000.0,,2.134,-35000000.0,3043000000.0,3043000000.0,3663000000.0,1174000000.0,0.942,7.41,13688000000.0,600000000.0,13088000000.0,13688000000.0,0.0,63000000.0,0.0,0.058,0.41,2085000000.0,2148000000.0,0.352,2148000000.0,2085000000.0,1792000000.0,0.57,0.57,0.57,4419000000.0,,4419000000.0,67153791583.0,10.0,9.331,2050000000.0,0.99,1.0,2445000000.0,0.4,17276000000.0,293000000.0,23591000000.0,,1625000000.0,9353000000.0,0.0,9353000000.0,32746000000.0,6979000000.0,25767000000.0,55529791583.0,979000000.0,0.0,-425000000.0,0.0,-790000000.0,-1190000000.0,84000000.0,119000000.0,2085000000.0,0.0,1173000000.0,1173000000.0,1173000000.0,0.0,1000000.0,0.192,567000000.0,1878000000.0,326000000.0,0.719,12.566,15.989,16.054,2284000000.0,0.0,26.81,2.353,2.353,194000000.0,23585000000.0,6108000000.0,6108000000.0,0.0,,,,,0.0,581000000.0,1.0,2071234300.0,2071234300.0,,2.949,19925000000.0,1187000000.0,619000000.0,8366000000.0,9.62,-404000000.0
40,MO,MRQ,2011-06-30,2011-06-30,2011-06-30,2021-08-25,-1279000000.0,36832000000.0,,5657000000.0,31175000000.0,,2.213,-27000000.0,2064000000.0,2064000000.0,3948000000.0,444000000.0,1.039,6.942,13688000000.0,0.0,13688000000.0,13688000000.0,0.0,61000000.0,0.0,0.058,0.38,1450000000.0,1511000000.0,0.255,1511000000.0,1450000000.0,1156000000.0,0.21,0.21,0.21,4633000000.0,,4633000000.0,64048355371.0,9.0,9.044,-1610000000.0,-0.769,1.0,1972000000.0,0.333,17281000000.0,294000000.0,25729000000.0,,1673000000.0,9796000000.0,0.0,9796000000.0,32164000000.0,5446000000.0,26718000000.0,55286355371.0,-1368000000.0,0.0,-567000000.0,1494000000.0,-795000000.0,117000000.0,98000000.0,125000000.0,-1583000000.0,0.0,444000000.0,444000000.0,444000000.0,0.0,0.0,0.075,677000000.0,1295000000.0,252000000.0,1.81,11.933,16.114,16.104,2305000000.0,0.0,26.41,2.314,2.314,166000000.0,23256000000.0,5920000000.0,5920000000.0,0.0,,,,,0.0,671000000.0,1.0,2093387178.0,2093387178.0,,2.828,19551000000.0,1163000000.0,712000000.0,8611000000.0,9.339,211000000.0
41,MO,MRQ,2011-03-31,2011-03-31,2011-03-31,2021-08-25,-1391000000.0,38584000000.0,,6988000000.0,31596000000.0,,2.607,-13000000.0,3432000000.0,3432000000.0,3495000000.0,938000000.0,0.886,6.069,12194000000.0,0.0,12194000000.0,12194000000.0,0.0,60000000.0,0.0,0.057,0.38,1727000000.0,1787000000.0,0.317,1787000000.0,1727000000.0,1449000000.0,0.45,0.45,0.45,5453000000.0,,5453000000.0,64334384804.0,9.0,8.837,2049000000.0,0.979,1.0,2148000000.0,0.381,17286000000.0,278000000.0,22176000000.0,,1824000000.0,10132000000.0,0.0,10132000000.0,33096000000.0,7884000000.0,25212000000.0,54454384804.0,1118000000.0,0.0,21000000.0,0.0,-794000000.0,-936000000.0,-8000000.0,4000000.0,2062000000.0,0.0,937000000.0,937000000.0,937000000.0,0.0,1000000.0,0.166,609000000.0,1539000000.0,282000000.0,0.844,9.986,13.516,13.487,2339000000.0,0.0,26.03,2.246,2.246,71000000.0,23601000000.0,5643000000.0,5643000000.0,0.0,,,,,0.0,601000000.0,1.0,2091985586.0,2091985586.0,,2.697,21298000000.0,1163000000.0,512000000.0,9132000000.0,10.181,-896000000.0
42,MO,MRQ,2010-12-31,2010-12-31,2010-12-31,2021-08-25,-1484000000.0,37402000000.0,,5981000000.0,31421000000.0,,2.487,-52000000.0,2314000000.0,2314000000.0,3673000000.0,920000000.0,0.874,6.197,12194000000.0,0.0,12194000000.0,12194000000.0,0.0,68000000.0,0.0,0.059,0.38,1683000000.0,1751000000.0,0.295,1751000000.0,1683000000.0,1406000000.0,0.44,0.44,0.44,5192000000.0,,5192000000.0,61896310539.0,9.0,8.681,993000000.0,0.476,1.0,2254000000.0,0.38,17292000000.0,277000000.0,23150000000.0,,1803000000.0,9869000000.0,0.0,9869000000.0,32175000000.0,6840000000.0,25335000000.0,51402310539.0,614000000.0,0.0,15000000.0,0.0,-793000000.0,-607000000.0,176000000.0,193000000.0,1045000000.0,0.0,919000000.0,919000000.0,919000000.0,0.0,1000000.0,0.155,761000000.0,1493000000.0,529000000.0,0.864,9.9,13.163,13.166,2380000000.0,0.0,24.62,2.11,2.11,85000000.0,23459000000.0,5927000000.0,5927000000.0,0.0,,,,,0.0,752000000.0,1.0,2087827398.0,2087827398.0,,2.839,20110000000.0,1165000000.0,487000000.0,8729000000.0,9.632,-859000000.0
43,MO,MRQ,2010-09-30,2010-09-30,2010-09-30,2021-08-25,-1369000000.0,37110000000.0,,5506000000.0,31604000000.0,,2.471,-47000000.0,1700000000.0,1700000000.0,3926000000.0,1131000000.0,0.867,6.199,12194000000.0,0.0,12194000000.0,12194000000.0,0.0,71000000.0,0.0,0.059,0.38,1962000000.0,2033000000.0,0.318,2033000000.0,1962000000.0,1683000000.0,0.54,0.54,0.54,5150000000.0,,5150000000.0,61386850710.0,9.0,9.016,1384000000.0,0.664,1.0,2476000000.0,0.387,17296000000.0,279000000.0,23959000000.0,,1618000000.0,10021000000.0,0.0,10021000000.0,31925000000.0,6349000000.0,25576000000.0,50056850710.0,846000000.0,0.0,50000000.0,10000000.0,-730000000.0,-647000000.0,62000000.0,47000000.0,1431000000.0,0.0,1131000000.0,1131000000.0,1131000000.0,0.0,0.0,0.177,700000000.0,1776000000.0,320000000.0,0.704,9.72,13.489,13.494,2422000000.0,0.0,24.02,2.047,2.047,82000000.0,23334000000.0,6402000000.0,6402000000.0,0.0,,,,,0.0,691000000.0,1.0,2083965475.0,2083965475.0,,3.072,19814000000.0,1264000000.0,552000000.0,8903000000.0,9.508,-843000000.0
44,MO,MRQ,2010-06-30,2010-06-30,2010-06-30,2021-08-25,-1576000000.0,35245000000.0,,4652000000.0,30593000000.0,,2.171,-31000000.0,854000000.0,854000000.0,3900000000.0,1043000000.0,0.838,6.788,12184000000.0,200000000.0,11984000000.0,12184000000.0,0.0,68000000.0,0.0,0.069,0.35,1641000000.0,1709000000.0,0.272,1709000000.0,1641000000.0,1351000000.0,0.5,0.5,0.5,4521000000.0,,4521000000.0,50604622179.0,8.0,7.957,-1781000000.0,-0.855,1.0,2374000000.0,0.378,17302000000.0,290000000.0,23722000000.0,,1650000000.0,9810000000.0,0.0,9810000000.0,30689000000.0,5551000000.0,25138000000.0,41734622179.0,-2436000000.0,0.0,18000000.0,22000000.0,-729000000.0,-690000000.0,4000000.0,32000000.0,-1750000000.0,0.0,1042000000.0,1042000000.0,1042000000.0,0.0,1000000.0,0.166,845000000.0,1529000000.0,277000000.0,0.7,9.231,12.055,12.0,2535000000.0,0.0,20.04,1.714,1.714,90000000.0,22996000000.0,6274000000.0,6274000000.0,0.0,,,,,0.0,651000000.0,1.0,2082565977.0,2082565977.0,,3.013,17943000000.0,1267000000.0,309000000.0,8835000000.0,8.616,-899000000.0
45,MO,MRQ,2010-03-31,2010-03-31,2010-03-31,2021-08-25,-1491000000.0,37999000000.0,,7038000000.0,30961000000.0,,2.049,-38000000.0,3290000000.0,3290000000.0,3676000000.0,813000000.0,0.779,7.906,12160000000.0,975000000.0,11185000000.0,12160000000.0,0.0,69000000.0,0.0,0.066,0.35,1568000000.0,1637000000.0,0.284,1637000000.0,1568000000.0,1281000000.0,0.39,0.39,0.39,4263000000.0,,4263000000.0,52781510299.0,8.0,7.981,2003000000.0,0.963,1.0,2084000000.0,0.362,17306000000.0,287000000.0,20523000000.0,,1813000000.0,9892000000.0,0.0,9892000000.0,33702000000.0,9040000000.0,24662000000.0,42692510299.0,1419000000.0,0.0,21000000.0,200000000.0,-706000000.0,-639000000.0,17000000.0,40000000.0,2041000000.0,0.0,813000000.0,813000000.0,813000000.0,0.0,0.0,0.141,654000000.0,1430000000.0,311000000.0,0.897,10.015,12.447,12.361,2635000000.0,0.0,20.52,1.722,1.722,170000000.0,22683000000.0,5760000000.0,5760000000.0,0.0,,,,,0.0,641000000.0,1.0,2080531691.0,2080531691.0,,2.769,20693000000.0,1261000000.0,468000000.0,9049000000.0,9.946,-2002000000.0
46,MO,MRQ,2009-12-31,2009-12-31,2009-12-31,2021-08-25,-1561000000.0,36677000000.0,,5773000000.0,30904000000.0,,1.964,-101000000.0,1871000000.0,1871000000.0,3963000000.0,726000000.0,0.722,8.005,11960000000.0,775000000.0,11185000000.0,11960000000.0,0.0,73000000.0,0.0,0.067,0.34,1357000000.0,1430000000.0,0.238,1430000000.0,1357000000.0,1074000000.0,0.35,0.35,0.35,4069000000.0,,4069000000.0,51606508231.0,9.0,8.126,1335000000.0,0.644,1.0,2051000000.0,0.341,17312000000.0,283000000.0,21462000000.0,,1810000000.0,9783000000.0,0.0,9783000000.0,32573000000.0,7992000000.0,24581000000.0,40677508231.0,841000000.0,0.0,32000000.0,0.0,-706000000.0,-536000000.0,-59000000.0,26000000.0,1436000000.0,0.0,725000000.0,725000000.0,725000000.0,0.0,1000000.0,0.121,851000000.0,1200000000.0,494000000.0,0.971,9.997,12.688,12.665,2684000000.0,0.0,19.63,1.727,1.727,96000000.0,22599000000.0,6014000000.0,6014000000.0,0.0,,,,,0.0,725000000.0,1.0,2072211321.0,2072211321.0,,2.902,19365000000.0,1336000000.0,349000000.0,8881000000.0,9.345,-2219000000.0
47,MO,MRQ,2009-09-30,2009-09-30,2009-09-30,2021-08-25,-1834000000.0,35880000000.0,,5008000000.0,30872000000.0,,1.796,-60000000.0,1030000000.0,1030000000.0,4015000000.0,882000000.0,0.698,8.633,11959000000.0,775000000.0,11184000000.0,11959000000.0,0.0,71000000.0,0.0,0.073,0.34,1513000000.0,1584000000.0,0.251,1584000000.0,1513000000.0,1234000000.0,0.43,0.42,0.43,3721000000.0,,3721000000.0,49198906372.0,8.0,8.072,1812000000.0,0.875,1.0,2285000000.0,0.363,17140000000.0,279000000.0,22499000000.0,,1762000000.0,9798000000.0,0.0,9798000000.0,32125000000.0,7170000000.0,24955000000.0,36890906372.0,486000000.0,0.0,57000000.0,-893000000.0,-663000000.0,-1541000000.0,155000000.0,214000000.0,1872000000.0,0.0,882000000.0,882000000.0,882000000.0,0.0,0.0,0.14,891000000.0,1394000000.0,312000000.0,0.791,9.914,11.674,11.641,2774000000.0,0.0,17.81,1.662,1.662,92000000.0,22581000000.0,6300000000.0,6300000000.0,0.0,,,,,0.0,663000000.0,1.0,2071359145.0,2071359145.0,,3.041,18740000000.0,1501000000.0,352000000.0,8486000000.0,9.047,-2162000000.0
48,MO,MRQ,2009-06-30,2009-06-30,2009-06-30,2021-08-25,-2015000000.0,35829000000.0,,4882000000.0,30947000000.0,,1.617,-69000000.0,544000000.0,544000000.0,4263000000.0,1011000000.0,0.7,9.707,12852000000.0,1168000000.0,11684000000.0,12852000000.0,0.0,69000000.0,0.0,0.078,0.32,1893000000.0,1962000000.0,0.292,1962000000.0,1893000000.0,1606000000.0,0.49,0.49,0.49,3343000000.0,,3343000000.0,43700710597.0,8.0,7.35,-1977000000.0,-0.956,1.0,2456000000.0,0.366,17147000000.0,287000000.0,24013000000.0,,1881000000.0,9811000000.0,0.0,9811000000.0,32452000000.0,6977000000.0,25475000000.0,33888710597.0,-3314000000.0,0.0,0.0,-817000000.0,-663000000.0,-1427000000.0,21000000.0,89000000.0,-1908000000.0,0.0,1010000000.0,1010000000.0,1010000000.0,0.0,1000000.0,0.15,779000000.0,1677000000.0,293000000.0,0.653,10.137,10.775,10.783,2824000000.0,0.0,16.39,1.604,1.604,101000000.0,22404000000.0,6719000000.0,6719000000.0,0.0,,,,,0.0,738000000.0,1.0,2067645552.0,2067645552.0,,3.25,18682000000.0,1561000000.0,596000000.0,8877000000.0,9.035,-2095000000.0
49,MO,MRQ,2009-03-31,2009-03-31,2009-03-31,2021-08-25,-2171000000.0,38656000000.0,,8079000000.0,30577000000.0,,1.345,-43000000.0,3858000000.0,3858000000.0,2481000000.0,589000000.0,0.841,12.902,13670000000.0,1210000000.0,12460000000.0,13670000000.0,0.0,78000000.0,0.0,0.078,0.32,1297000000.0,1375000000.0,0.304,1375000000.0,1297000000.0,961000000.0,0.28,0.28,0.28,2778000000.0,,2778000000.0,32658427976.0,6.0,5.912,2000000000.0,0.968,1.0,2042000000.0,0.451,17150000000.0,336000000.0,21714000000.0,,2033000000.0,9400000000.0,0.0,9400000000.0,35843000000.0,9604000000.0,26239000000.0,33100427976.0,-4058000000.0,-10244000000.0,0.0,4851000000.0,-661000000.0,3780000000.0,-9881000000.0,464000000.0,2043000000.0,0.0,589000000.0,589000000.0,589000000.0,0.0,0.0,0.13,851000000.0,1191000000.0,415000000.0,1.143,11.915,10.799,10.752,2844000000.0,0.0,16.02,1.7,1.7,86000000.0,22058000000.0,4523000000.0,4523000000.0,0.0,,,,,0.0,717000000.0,1.0,2066194006.0,2066194006.0,,2.189,21506000000.0,1751000000.0,372000000.0,8306000000.0,10.409,-1525000000.0
50,MO,MRQ,2008-12-31,2008-12-31,2008-12-31,2021-08-25,-2181000000.0,27215000000.0,,11076000000.0,16139000000.0,,1.373,-110000000.0,7916000000.0,7916000000.0,2806000000.0,679000000.0,1.551,8.623,7474000000.0,135000000.0,7339000000.0,7474000000.0,0.0,53000000.0,0.0,0.112,0.32,1121000000.0,1174000000.0,0.252,1174000000.0,1121000000.0,981000000.0,0.33,0.33,0.33,2828000000.0,,2828000000.0,30999589166.0,5.0,4.422,863000000.0,0.419,1.0,1848000000.0,0.397,3116000000.0,140000000.0,16515000000.0,,1069000000.0,9712000000.0,0.0,9712000000.0,24387000000.0,7142000000.0,17245000000.0,31029589166.0,7001000000.0,0.0,89000000.0,6589000000.0,-661000000.0,6125000000.0,-97000000.0,14000000.0,973000000.0,0.0,679000000.0,679000000.0,679000000.0,-1901000000.0,0.0,0.146,850000000.0,998000000.0,510000000.0,0.97,10.972,6.294,6.354,2199000000.0,0.0,15.06,1.603,1.603,44000000.0,22131000000.0,4654000000.0,4654000000.0,0.0,,,,,0.0,693000000.0,1.0,2060397687.0,2060397687.0,,2.259,24099000000.0,1690000000.0,302000000.0,5093000000.0,11.696,3934000000.0
51,MO,MRQ,2008-09-30,2008-09-30,2008-09-30,2021-08-25,-795000000.0,20670000000.0,,3845000000.0,16825000000.0,,2.028,-46000000.0,915000000.0,915000000.0,3127000000.0,867000000.0,0.594,3.947,885000000.0,284000000.0,601000000.0,885000000.0,0.0,52000000.0,0.0,0.106,0.32,1383000000.0,1435000000.0,0.274,1435000000.0,1383000000.0,1358000000.0,0.42,0.42,0.42,4178000000.0,,4178000000.0,43140051949.0,5.0,5.144,2642000000.0,1.283,1.0,2111000000.0,0.403,3122000000.0,25000000.0,11045000000.0,,1060000000.0,9673000000.0,0.0,9673000000.0,16492000000.0,6473000000.0,10019000000.0,40865051949.0,500000000.0,0.0,0.0,-1805000000.0,-599000000.0,-2383000000.0,195000000.0,241000000.0,2688000000.0,0.0,867000000.0,867000000.0,867000000.0,0.0,0.0,0.166,782000000.0,1329000000.0,321000000.0,0.762,9.781,6.346,6.484,2162000000.0,0.0,19.84,2.125,2.125,52000000.0,22113000000.0,5238000000.0,5238000000.0,0.0,,,,,0.0,763000000.0,1.0,2059730441.0,2059730441.0,,2.543,17548000000.0,0.0,491000000.0,5881000000.0,8.52,-2628000000.0
52,MO,MRQ,2008-06-30,2008-06-30,2008-06-30,2021-08-25,-808000000.0,20851000000.0,,3557000000.0,17294000000.0,,1.878,-40000000.0,415000000.0,415000000.0,3043000000.0,930000000.0,0.517,4.3,2690000000.0,2089000000.0,601000000.0,2690000000.0,0.0,51000000.0,0.0,0.124,0.29,1489000000.0,1540000000.0,0.305,1540000000.0,1489000000.0,1471000000.0,0.46,0.45,0.46,3934000000.0,,3934000000.0,40251478523.0,4.0,3.99,-2421000000.0,-1.156,1.0,2011000000.0,0.398,3124000000.0,18000000.0,13121000000.0,,1139000000.0,10104000000.0,0.0,10104000000.0,16917000000.0,6881000000.0,10036000000.0,43059478523.0,-4398000000.0,0.0,-1166000000.0,721000000.0,-1585000000.0,-2004000000.0,-13000000.0,26000000.0,-2381000000.0,0.0,930000000.0,930000000.0,930000000.0,0.0,0.0,0.184,669000000.0,1342000000.0,271000000.0,0.63,10.945,5.248,5.285,2179000000.0,0.0,20.56,2.269,2.269,121000000.0,21907000000.0,5054000000.0,5054000000.0,0.0,,,,,0.0,649000000.0,1.0,2094332613.0,2094332613.0,,2.413,17727000000.0,0.0,541000000.0,6081000000.0,8.464,-3324000000.0
53,MO,MRQ,2008-03-31,2008-03-31,2008-03-31,2021-08-25,-810000000.0,25847000000.0,,8635000000.0,17212000000.0,,2.233,480000000.0,4813000000.0,4813000000.0,2693000000.0,2515000000.0,0.778,4.49,2005000000.0,1269000000.0,736000000.0,2005000000.0,0.0,59000000.0,0.0,0.132,0.75,2803000000.0,2862000000.0,0.649,2862000000.0,2803000000.0,2819000000.0,1.16,1.16,1.16,4708000000.0,,4708000000.0,51352283021.0,5.0,4.545,4081000000.0,1.936,1.0,1717000000.0,0.389,3125000000.0,-16000000.0,8822000000.0,,1277000000.0,9978000000.0,0.0,9978000000.0,21139000000.0,11092000000.0,10047000000.0,46804283021.0,-29000000.0,0.0,0.0,-2824000000.0,-1583000000.0,-4323000000.0,394000000.0,122000000.0,3601000000.0,-126000000.0,2454000000.0,2454000000.0,2454000000.0,0.0,61000000.0,0.556,504000000.0,1213000000.0,321000000.0,0.647,9.941,4.932,4.944,2207000000.0,0.0,22.2,2.491,2.491,167000000.0,21575000000.0,4410000000.0,4410000000.0,0.0,,,,,0.0,648000000.0,1.0,2108301037.0,2108301037.0,,2.092,22722000000.0,0.0,365000000.0,7112000000.0,10.777,-2457000000.0
54,MO,MRQ,2007-12-31,2007-12-31,2007-12-31,2021-08-25,111000000.0,57746000000.0,,22890000000.0,34856000000.0,,8.974,-176000000.0,4842000000.0,4842000000.0,2748000000.0,2539000000.0,1.219,2.055,4739000000.0,2354000000.0,2385000000.0,4739000000.0,0.0,58000000.0,0.0,0.04,0.75,2491000000.0,2549000000.0,0.563,2549000000.0,2491000000.0,2476000000.0,1.02,1.03,1.02,18902000000.0,,18902000000.0,159911662426.0,14.0,13.586,1855000000.0,0.881,1.0,1780000000.0,0.393,3125000000.0,15000000.0,35736000000.0,,1254000000.0,10524000000.0,0.0,10524000000.0,38844000000.0,18782000000.0,20062000000.0,159195662426.0,721000000.0,-2898000000.0,0.0,0.0,-1583000000.0,1336000000.0,-4360000000.0,123000000.0,2031000000.0,182000000.0,2188000000.0,2188000000.0,2188000000.0,5287000000.0,351000000.0,0.483,775000000.0,1005000000.0,868000000.0,0.735,8.422,16.268,16.289,2422000000.0,0.0,75.58,8.53,8.53,83000000.0,34426000000.0,4528000000.0,4528000000.0,0.0,,,,,0.0,725000000.0,1.0,2106319958.0,2106319958.0,,2.15,54621000000.0,1713000000.0,288000000.0,6320000000.0,25.932,4108000000.0
55,MO,MRQ,2007-09-30,2007-09-30,2007-09-30,2021-08-25,-836000000.0,51728000000.0,,20747000000.0,30981000000.0,,8.189,-70000000.0,7309000000.0,7309000000.0,3023000000.0,2633000000.0,1.081,2.001,8025000000.0,4485000000.0,3540000000.0,8025000000.0,0.0,50000000.0,0.0,0.045,0.75,3087000000.0,3137000000.0,0.629,3137000000.0,3087000000.0,3060000000.0,1.25,1.24,1.25,17239000000.0,,17239000000.0,148527183161.0,14.0,13.906,3096000000.0,1.471,1.0,1964000000.0,0.394,8574000000.0,27000000.0,24686000000.0,,8932000000.0,10287000000.0,0.0,10287000000.0,34489000000.0,19184000000.0,15305000000.0,146375183161.0,1273000000.0,0.0,0.0,-617000000.0,-1453000000.0,-1792000000.0,-334000000.0,23000000.0,3166000000.0,113000000.0,2633000000.0,2633000000.0,2633000000.0,-1733000000.0,0.0,0.528,742000000.0,1222000000.0,1166000000.0,0.6,8.491,13.865,13.796,8074000000.0,0.0,69.53,-8.088,-8.088,2523000000.0,33822000000.0,4987000000.0,4987000000.0,0.0,,,,,0.0,736000000.0,1.0,2105209020.0,2105209020.0,,2.369,43154000000.0,0.0,427000000.0,11945000000.0,20.499,1563000000.0
56,MO,MRQ,2007-06-30,2007-06-30,2007-06-30,2021-08-25,-767000000.0,49495000000.0,,18496000000.0,30999000000.0,,7.697,-74000000.0,6156000000.0,6156000000.0,2920000000.0,2215000000.0,1.083,2.057,8308000000.0,4004000000.0,4304000000.0,8308000000.0,0.0,61000000.0,0.0,0.047,0.69,2689000000.0,2750000000.0,0.566,2750000000.0,2689000000.0,2630000000.0,1.06,1.05,1.06,16189000000.0,,16189000000.0,153863692326.0,13.0,12.997,5549000000.0,2.638,1.0,1941000000.0,0.399,8732000000.0,59000000.0,25835000000.0,,8263000000.0,10348000000.0,0.0,10348000000.0,33306000000.0,17080000000.0,16226000000.0,147521692326.0,2030000000.0,0.0,0.0,0.0,-1811000000.0,-1518000000.0,-175000000.0,141000000.0,5623000000.0,37000000.0,2215000000.0,2215000000.0,2215000000.0,-1500000000.0,0.0,0.456,914000000.0,1027000000.0,1072000000.0,0.651,9.112,13.661,13.593,7880000000.0,0.0,70.14,-27.103,-27.103,2525000000.0,32770000000.0,4861000000.0,4861000000.0,0.0,,,,,0.0,674000000.0,1.0,2103246255.0,2103246255.0,,2.311,40763000000.0,0.0,415000000.0,11939000000.0,19.381,1416000000.0
57,MO,MRQ,2007-03-31,2007-03-31,2007-03-31,2021-08-25,-1544000000.0,44609000000.0,,14657000000.0,29952000000.0,,6.914,-66000000.0,2189000000.0,2189000000.0,2588000000.0,2750000000.0,1.38,2.074,8531000000.0,579000000.0,7952000000.0,8531000000.0,0.0,63000000.0,0.0,0.038,0.86,3271000000.0,3334000000.0,0.778,3334000000.0,3271000000.0,3167000000.0,1.31,1.3,1.31,14510000000.0,,14510000000.0,197956377482.0,15.0,15.021,-570000000.0,-0.272,1.0,1700000000.0,0.396,8500000000.0,104000000.0,31829000000.0,,8562000000.0,10225000000.0,0.0,10225000000.0,30099000000.0,10622000000.0,19477000000.0,184277377482.0,-2287000000.0,0.0,0.0,-498000000.0,-1805000000.0,-1705000000.0,-386000000.0,199000000.0,-504000000.0,15000000.0,2750000000.0,2750000000.0,2750000000.0,-2054000000.0,0.0,0.641,581000000.0,1119000000.0,1074000000.0,0.656,12.7,16.315,16.261,7719000000.0,0.0,87.81,26.918,26.918,2725000000.0,32010000000.0,4288000000.0,4288000000.0,0.0,,,,,0.0,649000000.0,1.0,2098592159.0,2098592159.0,,2.043,36109000000.0,0.0,417000000.0,9808000000.0,17.206,4035000000.0
58,MO,MRQ,2006-12-31,2006-12-31,2006-12-31,2021-08-25,-3808000000.0,104270000000.0,,26152000000.0,78118000000.0,,18.903,415000000.0,4781000000.0,4781000000.0,-24370000000.0,2959000000.0,1.029,1.632,8485000000.0,1068000000.0,7417000000.0,8485000000.0,0.0,-430000000.0,0.0,0.039,0.86,1890000000.0,1460000000.0,-0.045,1460000000.0,1890000000.0,1990000000.0,1.42,1.4,1.42,39619000000.0,,39619000000.0,193809470689.0,14.0,13.772,2857000000.0,1.363,1.0,-7864000000.0,0.244,8105000000.0,-100000000.0,74442000000.0,,8680000000.0,10414000000.0,0.0,10414000000.0,64651000000.0,25427000000.0,39224000000.0,179868470689.0,-726000000.0,-85000000.0,0.0,2042000000.0,-1803000000.0,-2833000000.0,-330000000.0,18000000.0,2442000000.0,-50000000.0,2959000000.0,2959000000.0,2959000000.0,-6700000000.0,0.0,-0.092,-2739000000.0,-5125000000.0,1414000000.0,0.606,4.54,14.962,14.899,7581000000.0,0.0,85.82,9.573,9.573,2808000000.0,59879000000.0,-32234000000.0,-32234000000.0,0.0,,,,,0.0,-2590000000.0,1.0,2095880572.0,2095880572.0,,-15.38,96165000000.0,0.0,-969000000.0,11323000000.0,45.883,725000000.0
59,MO,MRQ,2006-09-30,2006-09-30,2006-09-30,2021-08-25,-917000000.0,107779000000.0,,26199000000.0,81580000000.0,,19.676,-339000000.0,5695000000.0,5695000000.0,12251000000.0,2875000000.0,0.959,1.617,19636000000.0,6415000000.0,13221000000.0,19636000000.0,0.0,235000000.0,0.0,0.043,0.86,4059000000.0,4294000000.0,0.243,4294000000.0,4059000000.0,4000000000.0,1.37,1.37,1.37,41190000000.0,,41190000000.0,176252017530.0,13.0,12.665,3688000000.0,1.762,1.0,5391000000.0,0.306,45010000000.0,59000000.0,49389000000.0,,11765000000.0,6732000000.0,0.0,6732000000.0,66589000000.0,27321000000.0,39268000000.0,160254017530.0,-171000000.0,75000000.0,0.0,-1893000000.0,-1673000000.0,-4224000000.0,247000000.0,137000000.0,4027000000.0,27000000.0,2875000000.0,2875000000.0,2875000000.0,-661000000.0,0.0,0.163,2035000000.0,3356000000.0,3589000000.0,0.628,3.891,14.117,14.072,17043000000.0,0.0,76.55,3.871,3.871,5826000000.0,58724000000.0,17642000000.0,17642000000.0,0.0,,,,,0.0,1961000000.0,1.0,2093455487.0,2093455487.0,,8.427,62769000000.0,0.0,1125000000.0,18312000000.0,29.983,-1122000000.0
60,MO,MRQ,2006-06-30,2006-06-30,2006-06-30,2021-08-25,-1041000000.0,106764000000.0,,25431000000.0,81333000000.0,,19.008,-253000000.0,5613000000.0,5613000000.0,11853000000.0,2711000000.0,1.01,1.69,21611000000.0,6116000000.0,15495000000.0,21611000000.0,0.0,220000000.0,0.0,0.044,0.8,3871000000.0,4091000000.0,0.239,4091000000.0,3871000000.0,3752000000.0,1.3,1.29,1.3,39691000000.0,,39691000000.0,174284088729.0,13.0,12.174,7555000000.0,3.618,1.0,5297000000.0,0.309,44348000000.0,119000000.0,53227000000.0,,11139000000.0,6837000000.0,0.0,6837000000.0,67073000000.0,25187000000.0,41886000000.0,153331088729.0,2987000000.0,0.0,0.0,-2316000000.0,-1672000000.0,-4316000000.0,-439000000.0,32000000.0,7808000000.0,51000000.0,2711000000.0,2711000000.0,2711000000.0,-599000000.0,0.0,0.158,2071000000.0,3226000000.0,3176000000.0,0.615,3.863,13.497,13.449,16876000000.0,0.0,73.43,3.147,3.147,5808000000.0,57653000000.0,17150000000.0,17150000000.0,0.0,,,,,0.0,1909000000.0,1.0,2088125953.0,2088125953.0,,8.213,62416000000.0,0.0,1041000000.0,19078000000.0,29.891,244000000.0
61,MO,MRQ,2006-03-31,2006-03-31,2006-03-31,2021-08-25,-1361000000.0,104814000000.0,,22124000000.0,82690000000.0,,18.277,-222000000.0,2491000000.0,2491000000.0,11270000000.0,3477000000.0,0.946,1.748,23444000000.0,7386000000.0,16058000000.0,23444000000.0,0.0,230000000.0,0.0,0.044,0.8,3998000000.0,4228000000.0,0.26,4228000000.0,3998000000.0,3851000000.0,1.67,1.65,1.67,38144000000.0,,38144000000.0,165757360544.0,12.0,11.189,-913000000.0,-0.437,1.0,4962000000.0,0.306,43835000000.0,147000000.0,58538000000.0,,11580000000.0,6935000000.0,0.0,6935000000.0,66670000000.0,23394000000.0,43276000000.0,147881360544.0,-3718000000.0,10000000.0,0.0,-899000000.0,-1667000000.0,-2993000000.0,-96000000.0,170000000.0,-691000000.0,6000000.0,3477000000.0,3477000000.0,3477000000.0,-880000000.0,0.0,0.214,1901000000.0,3061000000.0,3098000000.0,0.479,3.877,13.068,13.002,16719000000.0,0.0,70.86,2.624,2.624,5324000000.0,56617000000.0,16232000000.0,16232000000.0,0.0,,,,,0.0,1833000000.0,1.0,2086951179.0,2086951179.0,,7.778,60979000000.0,0.0,374000000.0,18105000000.0,29.219,-1270000000.0
62,MO,MRQ,2005-12-31,2005-12-31,2005-12-31,2021-08-25,-1853000000.0,107949000000.0,,25781000000.0,82168000000.0,,17.147,454000000.0,6258000000.0,6258000000.0,-5305000000.0,2289000000.0,0.986,2.023,24134000000.0,6266000000.0,17868000000.0,24134000000.0,0.0,-427000000.0,0.0,0.041,0.8,1731000000.0,1304000000.0,-0.136,1304000000.0,1731000000.0,2117000000.0,1.1,1.09,1.1,35707000000.0,,35707000000.0,174119605927.0,12.0,11.485,3559000000.0,1.709,1.0,-4318000000.0,0.449,43415000000.0,-386000000.0,56252000000.0,,10584000000.0,7189000000.0,0.0,7189000000.0,72242000000.0,26158000000.0,46084000000.0,155594605927.0,29000000.0,-1687000000.0,0.0,1043000000.0,-1664000000.0,-2281000000.0,-679000000.0,30000000.0,3105000000.0,-78000000.0,2289000000.0,2289000000.0,2289000000.0,-2498000000.0,0.0,-0.238,-3196000000.0,-1122000000.0,3645000000.0,0.727,4.358,14.911,14.825,16678000000.0,0.0,74.72,2.441,2.441,5361000000.0,54666000000.0,-9623000000.0,-9623000000.0,0.0,,,,,0.0,-3153000000.0,1.0,2082368923.0,2082368923.0,,-4.621,64534000000.0,0.0,-172000000.0,18493000000.0,30.991,-377000000.0
63,MO,MRQ,2005-09-30,2005-09-30,2005-09-30,2021-08-25,-1848000000.0,106090000000.0,,25522000000.0,80568000000.0,,16.626,-597000000.0,6195000000.0,6195000000.0,16738000000.0,2883000000.0,1.021,2.075,24720000000.0,5567000000.0,19153000000.0,24720000000.0,0.0,406000000.0,0.0,0.041,0.8,4287000000.0,4693000000.0,0.188,4693000000.0,4287000000.0,3981000000.0,1.39,1.37,1.39,34506000000.0,,34506000000.0,172275789453.0,11.0,9.758,2292000000.0,1.104,1.0,8224000000.0,0.329,43197000000.0,306000000.0,56427000000.0,,10918000000.0,7210000000.0,0.0,7210000000.0,71584000000.0,24991000000.0,46593000000.0,152978789453.0,-2304000000.0,10000000.0,0.0,-2972000000.0,-1514000000.0,-4702000000.0,-450000000.0,126000000.0,2889000000.0,-41000000.0,2883000000.0,2883000000.0,2883000000.0,0.0,0.0,0.115,3909000000.0,4315000000.0,3279000000.0,0.576,4.433,15.157,15.074,16318000000.0,0.0,73.71,1.598,1.598,5503000000.0,54012000000.0,24962000000.0,24962000000.0,0.0,,,,,0.0,3619000000.0,1.0,2075414319.0,2075414319.0,,12.027,62893000000.0,0.0,1098000000.0,17343000000.0,30.304,531000000.0
64,MO,MRQ,2005-06-30,2005-06-30,2005-06-30,2021-08-25,-1466000000.0,108205000000.0,,27508000000.0,80697000000.0,,16.122,-537000000.0,8499000000.0,8499000000.0,16593000000.0,2667000000.0,0.98,2.241,27796000000.0,8762000000.0,19034000000.0,27796000000.0,0.0,410000000.0,0.0,0.045,0.73,4179000000.0,4589000000.0,0.185,4589000000.0,4179000000.0,3859000000.0,1.29,1.28,1.29,33388000000.0,,33388000000.0,154892826088.0,10.0,8.81,5012000000.0,2.42,1.0,8191000000.0,0.33,43438000000.0,320000000.0,55989000000.0,,10867000000.0,7500000000.0,0.0,7500000000.0,74817000000.0,28075000000.0,46742000000.0,133907826088.0,4291000000.0,-1922000000.0,0.0,2750000000.0,-1510000000.0,1249000000.0,-2108000000.0,291000000.0,5549000000.0,-399000000.0,2667000000.0,2667000000.0,2667000000.0,245000000.0,0.0,0.108,3720000000.0,4471000000.0,3153000000.0,0.566,4.011,13.584,13.499,16247000000.0,0.0,64.66,1.434,1.434,5737000000.0,52759000000.0,24784000000.0,24784000000.0,0.0,,,,,0.0,3643000000.0,1.0,2070953079.0,2070953079.0,,11.967,64767000000.0,0.0,1192000000.0,18659000000.0,31.274,-567000000.0
65,MO,MRQ,2005-03-31,2005-03-31,2005-03-31,2021-08-25,-1038000000.0,102280000000.0,,23976000000.0,78304000000.0,,15.669,-355000000.0,4208000000.0,4208000000.0,15827000000.0,2596000000.0,1.045,2.156,25193000000.0,6969000000.0,18224000000.0,25193000000.0,0.0,407000000.0,0.0,0.044,0.73,4168000000.0,4575000000.0,0.194,4575000000.0,4168000000.0,3887000000.0,1.26,1.25,1.26,32409000000.0,,32409000000.0,152482185454.0,10.0,8.836,-838000000.0,-0.405,1.0,7791000000.0,0.33,39080000000.0,281000000.0,61240000000.0,,10124000000.0,7756000000.0,0.0,7756000000.0,69871000000.0,22945000000.0,46926000000.0,135246185454.0,-1536000000.0,-1333000000.0,0.0,2294000000.0,-1503000000.0,600000000.0,-1648000000.0,29000000.0,-483000000.0,-5000000.0,2596000000.0,2596000000.0,2596000000.0,-12000000.0,0.0,0.11,3615000000.0,4176000000.0,3072000000.0,0.579,4.173,13.775,13.651,16187000000.0,0.0,65.39,1.478,1.478,6080000000.0,51573000000.0,23618000000.0,23618000000.0,0.0,,,,,0.0,3555000000.0,1.0,2068300741.0,2068300741.0,,11.419,63200000000.0,0.0,1291000000.0,16687000000.0,30.556,1031000000.0
66,MO,MRQ,2004-12-31,2004-12-31,2004-12-31,2021-08-25,-1141000000.0,101648000000.0,,25901000000.0,75747000000.0,,14.964,-715000000.0,5744000000.0,5744000000.0,15046000000.0,1947000000.0,1.099,2.31,23092000000.0,4297000000.0,18795000000.0,23092000000.0,0.0,438000000.0,0.0,0.046,0.73,3359000000.0,3797000000.0,0.17,3797000000.0,3359000000.0,3068000000.0,0.95,0.94,0.95,30714000000.0,,30714000000.0,142626604945.0,9.0,8.521,1372000000.0,0.668,1.0,7334000000.0,0.328,39112000000.0,291000000.0,56310000000.0,,10041000000.0,7827000000.0,0.0,7827000000.0,70934000000.0,23574000000.0,47360000000.0,125412604945.0,-925000000.0,5000000.0,0.0,-1257000000.0,-1499000000.0,-2753000000.0,-694000000.0,39000000.0,2087000000.0,435000000.0,1947000000.0,1947000000.0,1947000000.0,43000000.0,0.0,0.087,3886000000.0,3448000000.0,3466000000.0,0.768,4.083,13.319,13.283,16305000000.0,0.0,61.1,1.4,1.4,5754000000.0,50595000000.0,22380000000.0,22380000000.0,0.0,,,,,0.0,3552000000.0,1.0,2052579459.0,2052579459.0,,10.903,62536000000.0,0.0,1121000000.0,18063000000.0,30.467,2327000000.0
67,MO,MRQ,2004-09-30,2004-09-30,2004-09-30,2021-08-25,-1975000000.0,100244000000.0,,24298000000.0,75946000000.0,,14.175,-483000000.0,6669000000.0,6669000000.0,15098000000.0,2648000000.0,1.057,2.447,23883000000.0,4303000000.0,19580000000.0,23883000000.0,0.0,397000000.0,0.0,0.059,0.73,4223000000.0,4620000000.0,0.204,4620000000.0,4223000000.0,3935000000.0,1.29,1.28,1.29,29083000000.0,,29083000000.0,116368845507.0,8.0,6.916,3954000000.0,1.927,1.0,7517000000.0,0.332,39913000000.0,288000000.0,54552000000.0,,9647000000.0,7984000000.0,0.0,7984000000.0,71161000000.0,22993000000.0,48168000000.0,96515845507.0,1638000000.0,5000000.0,0.0,-1047000000.0,-1395000000.0,-2635000000.0,-200000000.0,221000000.0,4437000000.0,36000000.0,2648000000.0,2648000000.0,2648000000.0,-11000000.0,0.0,0.117,3380000000.0,4137000000.0,2926000000.0,0.566,3.319,10.096,10.051,15832000000.0,0.0,47.04,1.104,1.104,5492000000.0,50124000000.0,22615000000.0,22615000000.0,0.0,,,,,0.0,3302000000.0,1.0,2051782430.0,2051782430.0,,11.022,60331000000.0,0.0,1287000000.0,17958000000.0,29.404,1305000000.0
68,MO,MRQ,2004-06-30,2004-06-30,2004-06-30,2021-08-25,-2125000000.0,97921000000.0,,22147000000.0,75774000000.0,,13.543,-389000000.0,5031000000.0,5031000000.0,15133000000.0,2627000000.0,1.052,2.526,24884000000.0,4325000000.0,20559000000.0,24884000000.0,0.0,388000000.0,0.0,0.054,0.68,3876000000.0,4264000000.0,0.186,4264000000.0,3876000000.0,3579000000.0,1.29,1.27,1.29,27775000000.0,,27775000000.0,124831673634.0,8.0,7.466,3688000000.0,1.798,1.0,7761000000.0,0.339,39758000000.0,297000000.0,56962000000.0,,9216000000.0,8055000000.0,0.0,8055000000.0,70146000000.0,21054000000.0,49092000000.0,102642673634.0,1827000000.0,-19000000.0,0.0,-420000000.0,-1393000000.0,-2017000000.0,-154000000.0,231000000.0,4077000000.0,-79000000.0,2627000000.0,2627000000.0,2627000000.0,-19000000.0,0.0,0.115,3878000000.0,3883000000.0,2877000000.0,0.527,3.696,10.917,10.833,15773000000.0,0.0,50.05,1.197,1.197,5672000000.0,48950000000.0,22894000000.0,22894000000.0,0.0,,,,,0.0,3453000000.0,1.0,2050802670.0,2050802670.0,,11.163,58163000000.0,0.0,952000000.0,17328000000.0,28.361,1093000000.0
69,MO,MRQ,2004-03-31,2004-03-31,2004-03-31,2021-08-25,-1711000000.0,95565000000.0,,20319000000.0,75246000000.0,,13.114,-326000000.0,3204000000.0,3204000000.0,14329000000.0,2194000000.0,1.079,2.561,25393000000.0,4022000000.0,21371000000.0,25393000000.0,0.0,384000000.0,0.0,0.05,0.68,3674000000.0,4058000000.0,0.187,4058000000.0,3674000000.0,3374000000.0,1.07,1.07,1.07,26840000000.0,,26840000000.0,132203578223.0,9.0,7.833,-37000000.0,-0.018,1.0,7392000000.0,0.34,39679000000.0,300000000.0,59252000000.0,,9543000000.0,8188000000.0,0.0,8188000000.0,68725000000.0,18823000000.0,49902000000.0,111441578223.0,-573000000.0,-152000000.0,0.0,684000000.0,-1385000000.0,-577000000.0,-368000000.0,153000000.0,289000000.0,83000000.0,2194000000.0,2194000000.0,2194000000.0,-9000000.0,0.0,0.101,3680000000.0,3712000000.0,2780000000.0,0.636,4.152,12.097,12.02,16009000000.0,0.0,54.45,1.332,1.332,5592000000.0,47696000000.0,21721000000.0,21721000000.0,0.0,,,,,0.0,3358000000.0,1.0,2046677286.0,2046677286.0,,10.613,55886000000.0,0.0,1180000000.0,16290000000.0,27.306,1496000000.0
70,MO,MRQ,2003-12-31,2003-12-31,2003-12-31,2021-08-25,-2125000000.0,96175000000.0,,21382000000.0,74793000000.0,,12.346,-621000000.0,3777000000.0,3777000000.0,13377000000.0,2091000000.0,0.999,2.835,24539000000.0,3376000000.0,21163000000.0,24539000000.0,0.0,390000000.0,0.0,0.049,0.68,3495000000.0,3885000000.0,0.193,3885000000.0,3495000000.0,3192000000.0,1.03,1.02,1.03,25077000000.0,,25077000000.0,131212407341.0,8.0,7.768,1295000000.0,0.638,1.0,6802000000.0,0.337,39545000000.0,303000000.0,55999000000.0,,9540000000.0,8393000000.0,0.0,8393000000.0,71098000000.0,21393000000.0,49705000000.0,110536407341.0,-2271000000.0,-362000000.0,0.0,-2386000000.0,-1380000000.0,-3687000000.0,-805000000.0,143000000.0,1916000000.0,305000000.0,2091000000.0,2091000000.0,2091000000.0,-83000000.0,0.0,0.104,3321000000.0,3481000000.0,3198000000.0,0.66,4.408,12.01,11.987,16067000000.0,0.0,54.42,1.359,1.359,5256000000.0,47008000000.0,20179000000.0,20179000000.0,0.0,,,,,0.0,3194000000.0,1.0,2031172498.0,2031172498.0,,9.935,56630000000.0,0.0,1101000000.0,16751000000.0,27.88,-11000000.0
71,MO,MRQ,2003-09-30,2003-09-30,2003-09-30,2021-08-25,-3369000000.0,94426000000.0,,22859000000.0,71567000000.0,,11.249,-454000000.0,6048000000.0,6048000000.0,13537000000.0,2490000000.0,0.989,3.136,26724000000.0,5937000000.0,20787000000.0,26724000000.0,0.0,370000000.0,0.0,0.06,0.68,4144000000.0,4514000000.0,0.216,4514000000.0,4144000000.0,3843000000.0,1.23,1.23,1.23,22829000000.0,,22829000000.0,112560997114.0,8.0,6.872,4294000000.0,2.116,1.0,7402000000.0,0.354,38558000000.0,301000000.0,53422000000.0,,9152000000.0,8464000000.0,0.0,8464000000.0,71597000000.0,23122000000.0,48475000000.0,88891997114.0,1216000000.0,-500000000.0,0.0,-1661000000.0,-1298000000.0,-2925000000.0,-395000000.0,272000000.0,4748000000.0,-212000000.0,2490000000.0,2490000000.0,2490000000.0,0.0,0.0,0.119,3179000000.0,4223000000.0,2639000000.0,0.553,3.894,10.009,10.0,15377000000.0,0.0,43.8,1.119,1.119,5161000000.0,46290000000.0,20939000000.0,20939000000.0,0.0,,,,,0.0,3167000000.0,1.0,2029497651.0,2029497651.0,,10.317,55868000000.0,0.0,1353000000.0,15908000000.0,27.528,-263000000.0
72,MO,MRQ,2003-06-30,2003-06-30,2003-06-30,2021-08-25,-2796000000.0,94152000000.0,,22229000000.0,71923000000.0,,10.983,-476000000.0,4832000000.0,4832000000.0,13335000000.0,2437000000.0,0.963,3.234,28501000000.0,7097000000.0,21404000000.0,28501000000.0,0.0,339000000.0,0.0,0.057,0.68,4082000000.0,4421000000.0,0.212,4421000000.0,4082000000.0,3819000000.0,1.2,1.2,1.2,22238000000.0,,22238000000.0,115456880279.0,6.0,5.989,1503000000.0,0.742,1.0,7496000000.0,0.36,38440000000.0,263000000.0,56286000000.0,,9482000000.0,8993000000.0,0.0,8993000000.0,71914000000.0,23095000000.0,48819000000.0,92008880279.0,3441000000.0,-78000000.0,0.0,3403000000.0,-1298000000.0,2086000000.0,-783000000.0,12000000.0,1979000000.0,159000000.0,2437000000.0,2437000000.0,2437000000.0,0.0,0.0,0.117,3305000000.0,4191000000.0,2650000000.0,0.567,4.137,8.559,8.705,15621000000.0,0.0,45.44,1.172,1.172,5596000000.0,45167000000.0,20831000000.0,20831000000.0,0.0,,,,,0.0,3111000000.0,1.0,2024843316.0,2024843316.0,,10.288,55712000000.0,0.0,1382000000.0,15483000000.0,27.514,-866000000.0
73,MO,MRQ,2003-03-31,2003-03-31,2003-03-31,2021-08-25,-3614000000.0,89900000000.0,,19191000000.0,70709000000.0,,9.909,-423000000.0,1391000000.0,1391000000.0,12452000000.0,2186000000.0,0.967,3.462,24839000000.0,1931000000.0,22908000000.0,24839000000.0,0.0,341000000.0,0.0,0.083,0.64,3730000000.0,4071000000.0,0.21,4071000000.0,3730000000.0,3447000000.0,1.08,1.07,1.08,20149000000.0,,20149000000.0,83677444822.0,5.0,4.261,1750000000.0,0.861,1.0,6919000000.0,0.357,38109000000.0,283000000.0,55386000000.0,,9447000000.0,8751000000.0,0.0,8751000000.0,69751000000.0,19853000000.0,49898000000.0,60922444822.0,826000000.0,-5000000.0,-777000000.0,1284000000.0,-1309000000.0,-933000000.0,-444000000.0,80000000.0,2173000000.0,30000000.0,2186000000.0,2186000000.0,2186000000.0,0.0,0.0,0.113,3055000000.0,3864000000.0,2726000000.0,0.593,3.024,5.577,5.718,15101000000.0,0.0,29.96,0.773,0.773,5465000000.0,44016000000.0,19371000000.0,19371000000.0,0.0,,,,,0.0,3053000000.0,1.0,2033459440.0,2033459440.0,,9.526,51791000000.0,0.0,1261000000.0,15758000000.0,25.469,-662000000.0
74,MO,MRQ,2002-12-31,2002-12-31,2002-12-31,2021-08-25,-3956000000.0,87540000000.0,,17441000000.0,70099000000.0,,9.416,-660000000.0,565000000.0,565000000.0,12094000000.0,1768000000.0,0.914,3.494,23320000000.0,1965000000.0,21355000000.0,23320000000.0,0.0,355000000.0,0.0,0.06,0.64,3019000000.0,3374000000.0,0.184,3374000000.0,3019000000.0,2766000000.0,0.87,0.87,0.87,19478000000.0,,19478000000.0,103076544313.0,6.0,5.171,20000000.0,0.01,1.0,6205000000.0,0.339,37871000000.0,253000000.0,53342000000.0,,9127000000.0,9075000000.0,0.0,9075000000.0,68062000000.0,19082000000.0,48980000000.0,83841544313.0,110000000.0,120000000.0,-1675000000.0,3556000000.0,-1339000000.0,432000000.0,-1034000000.0,46000000.0,680000000.0,32000000.0,1768000000.0,1768000000.0,1768000000.0,-81000000.0,0.0,0.097,3110000000.0,3095000000.0,3088000000.0,0.736,4.304,7.552,7.705,14846000000.0,0.0,40.53,1.049,1.049,5139000000.0,43259000000.0,18299000000.0,18299000000.0,0.0,,,,,0.0,2906000000.0,1.0,2068629270.0,2068629270.0,,8.846,49669000000.0,0.0,998000000.0,14471000000.0,24.011,-1641000000.0
75,MO,MRQ,2002-09-30,2002-09-30,2002-09-30,2021-08-25,-3276000000.0,85985000000.0,,17111000000.0,68874000000.0,,10.098,-515000000.0,455000000.0,455000000.0,12432000000.0,4359000000.0,0.871,3.028,19690000000.0,1304000000.0,18386000000.0,19690000000.0,0.0,312000000.0,0.0,0.061,0.64,7099000000.0,7411000000.0,0.371,7411000000.0,7099000000.0,6820000000.0,2.07,2.04,2.07,21345000000.0,,21345000000.0,102985594603.0,5.0,4.909,3681000000.0,1.741,1.0,7564000000.0,0.378,37568000000.0,279000000.0,48007000000.0,,9331000000.0,8590000000.0,0.0,8590000000.0,64640000000.0,19645000000.0,44995000000.0,82017594603.0,-925000000.0,-60000000.0,-2325000000.0,-698000000.0,-1236000000.0,-4334000000.0,-801000000.0,65000000.0,4196000000.0,14000000.0,4359000000.0,4359000000.0,4359000000.0,0.0,0.0,0.218,3006000000.0,4558000000.0,2739000000.0,0.309,3.842,7.133,7.199,14563000000.0,0.0,38.8,1.1,1.1,5030000000.0,42796000000.0,19996000000.0,19996000000.0,0.0,,,,,0.0,2972000000.0,1.0,2113855531.0,2113855531.0,,9.459,48417000000.0,0.0,2461000000.0,14836000000.0,22.905,-2534000000.0
76,MO,MRQ,2002-06-30,2002-06-30,2002-06-30,2021-08-25,-3265000000.0,86183000000.0,,18153000000.0,68030000000.0,,9.601,-470000000.0,1380000000.0,1380000000.0,13084000000.0,2610000000.0,0.885,3.196,22348000000.0,3681000000.0,18667000000.0,22348000000.0,0.0,330000000.0,0.0,0.04,0.58,4452000000.0,4782000000.0,0.227,4782000000.0,4452000000.0,4143000000.0,1.22,1.21,1.22,20541000000.0,,20541000000.0,116354720161.0,7.0,6.384,4166000000.0,1.947,1.0,8019000000.0,0.38,37879000000.0,309000000.0,48759000000.0,,9087000000.0,8381000000.0,0.0,8381000000.0,65642000000.0,20513000000.0,45129000000.0,93455720161.0,997000000.0,-5000000.0,-1133000000.0,-1348000000.0,-1245000000.0,-3406000000.0,-346000000.0,144000000.0,4636000000.0,113000000.0,2610000000.0,2610000000.0,2610000000.0,0.0,0.0,0.124,3395000000.0,4624000000.0,2878000000.0,0.475,4.55,9.872,9.95,15390000000.0,0.0,43.68,1.249,1.249,5567000000.0,39773000000.0,21103000000.0,21103000000.0,0.0,,,,,0.0,3276000000.0,1.0,2139554033.0,2139554033.0,,9.863,48304000000.0,0.0,1533000000.0,14267000000.0,22.577,-2360000000.0
77,MO,MRQ,2002-03-31,2002-03-31,2002-03-31,2021-08-25,-3585000000.0,83544000000.0,,16469000000.0,67075000000.0,,9.166,-364000000.0,383000000.0,383000000.0,13107000000.0,2365000000.0,0.919,3.245,23282000000.0,3511000000.0,19771000000.0,23282000000.0,0.0,334000000.0,0.0,0.032,0.58,4034000000.0,4368000000.0,0.213,4368000000.0,4034000000.0,3741000000.0,1.1,1.09,1.1,19682000000.0,,19682000000.0,134747492305.0,8.0,7.413,736000000.0,0.343,1.0,7428000000.0,0.362,37485000000.0,293000000.0,51044000000.0,,8875000000.0,8472000000.0,0.0,8472000000.0,63862000000.0,17914000000.0,45948000000.0,113098492305.0,-70000000.0,19000000.0,-1087000000.0,1246000000.0,-1248000000.0,-857000000.0,-290000000.0,105000000.0,1100000000.0,-23000000.0,2365000000.0,2365000000.0,2365000000.0,0.0,0.0,0.115,3257000000.0,4171000000.0,2927000000.0,0.527,5.746,12.367,12.511,15056000000.0,0.0,52.67,1.518,1.518,5275000000.0,38454000000.0,20535000000.0,20535000000.0,0.0,,,,,0.0,3063000000.0,1.0,2147303822.0,2147303822.0,,9.563,46059000000.0,0.0,1376000000.0,13077000000.0,21.45,-1445000000.0
78,MO,MRQ,2001-12-31,2001-12-31,2001-12-31,2021-08-25,-3373000000.0,84968000000.0,,17275000000.0,67693000000.0,,9.055,-703000000.0,453000000.0,453000000.0,13157000000.0,2164000000.0,0.858,3.331,22102000000.0,2939000000.0,19163000000.0,22102000000.0,0.0,613000000.0,0.0,0.036,0.58,3806000000.0,4419000000.0,0.342,4419000000.0,3806000000.0,3553000000.0,1.0,0.99,1.0,19620000000.0,,19620000000.0,118621936177.0,8.0,6.693,308000000.0,0.142,1.0,-229000000.0,-0.018,37548000000.0,253000000.0,48928000000.0,,8923000000.0,8691000000.0,0.0,8691000000.0,65348000000.0,20141000000.0,45207000000.0,99342936177.0,-6000000.0,-75000000.0,-3960000000.0,2404000000.0,-4769000000.0,226000000.0,-1192000000.0,41000000.0,1011000000.0,-51000000.0,2164000000.0,2164000000.0,2164000000.0,0.0,0.0,0.167,-4145000000.0,3916000000.0,3600000000.0,0.58,5.063,11.605,11.696,15137000000.0,0.0,45.85,1.228,1.228,5148000000.0,37269000000.0,12928000000.0,12928000000.0,0.0,,,,,0.0,-5002000000.0,1.0,2166694355.0,2166694355.0,,5.967,47420000000.0,0.0,1389000000.0,13159000000.0,21.886,-2866000000.0
79,MO,MRQ,2001-09-30,2001-09-30,2001-09-30,2021-08-25,-3061000000.0,80339000000.0,,17392000000.0,62947000000.0,,9.1,-429000000.0,459000000.0,459000000.0,12649000000.0,2328000000.0,0.717,3.041,19738000000.0,5081000000.0,14657000000.0,19738000000.0,0.0,561000000.0,0.0,0.033,0.0,4096000000.0,4657000000.0,0.23,4657000000.0,4096000000.0,3820000000.0,1.07,1.06,1.07,19881000000.0,,19881000000.0,125538969228.0,8.0,7.288,2827000000.0,1.294,1.0,7600000000.0,0.375,0.0,276000000.0,75376000000.0,,9063000000.0,8329000000.0,0.0,8329000000.0,60458000000.0,24242000000.0,36216000000.0,105501969228.0,64000000.0,-10000000.0,0.0,-672000000.0,0.0,-2799000000.0,-430000000.0,111000000.0,3256000000.0,37000000.0,2328000000.0,2328000000.0,2328000000.0,0.0,0.0,0.115,3393000000.0,4207000000.0,2685000000.0,0.0,5.307,12.549,12.608,15057000000.0,0.0,48.29,1.434,1.434,5292000000.0,36276000000.0,20249000000.0,20249000000.0,0.0,,,,,0.0,3141000000.0,1.0,2184758112.0,2184758112.0,,9.268,80339000000.0,0.0,1492000000.0,11136000000.0,36.772,-6850000000.0
80,MO,MRQ,2001-06-30,2001-06-30,2001-06-30,2021-08-25,-3101000000.0,79467000000.0,,16731000000.0,62736000000.0,,8.881,-470000000.0,395000000.0,395000000.0,13138000000.0,2288000000.0,0.719,3.068,20432000000.0,5285000000.0,15147000000.0,20432000000.0,0.0,575000000.0,0.0,0.043,0.53,4157000000.0,4732000000.0,0.228,4732000000.0,4157000000.0,3719000000.0,1.04,1.03,1.04,19535000000.0,,19535000000.0,138917075208.0,9.0,8.195,3599000000.0,1.636,1.0,7651000000.0,0.368,0.0,438000000.0,76238000000.0,,8724000000.0,8241000000.0,0.0,8241000000.0,59932000000.0,23266000000.0,36666000000.0,108883075208.0,-31000000.0,-90000000.0,0.0,-9863000000.0,0.0,-3409000000.0,-660000000.0,35000000.0,4069000000.0,-31000000.0,2288000000.0,2288000000.0,2288000000.0,0.0,0.0,0.11,3447000000.0,4204000000.0,2758000000.0,0.51,5.574,12.965,13.026,15064000000.0,0.0,49.5,1.484,1.484,5329000000.0,35182000000.0,20789000000.0,20789000000.0,0.0,,,,,0.0,3194000000.0,1.0,2199658085.0,2199658085.0,,9.451,79467000000.0,0.0,1431000000.0,10288000000.0,36.127,-6535000000.0
81,MO,MRQ,2001-03-31,2001-03-31,2001-03-31,2021-08-25,-3095000000.0,79498000000.0,,16606000000.0,62892000000.0,,6.723,-320000000.0,426000000.0,426000000.0,12803000000.0,1780000000.0,0.608,4.361,30460000000.0,10789000000.0,19671000000.0,30460000000.0,0.0,588000000.0,0.0,0.044,0.53,3326000000.0,3914000000.0,0.196,3914000000.0,3326000000.0,2875000000.0,0.81,0.8,0.81,14830000000.0,,14830000000.0,132860071723.0,9.0,8.099,237000000.0,0.107,1.0,7156000000.0,0.359,0.0,451000000.0,82233000000.0,,9025000000.0,8156000000.0,0.0,8156000000.0,64668000000.0,27299000000.0,37369000000.0,104675071723.0,-511000000.0,-255000000.0,0.0,1359000000.0,0.0,-458000000.0,-634000000.0,70000000.0,557000000.0,24000000.0,1780000000.0,1780000000.0,1780000000.0,0.0,0.0,0.089,3789000000.0,3367000000.0,2847000000.0,0.654,7.058,12.64,12.79,15259000000.0,0.0,47.45,1.426,1.426,5148000000.0,34055000000.0,19959000000.0,19959000000.0,0.0,,,,,0.0,3536000000.0,1.0,2206007834.0,2206007834.0,,9.048,79498000000.0,0.0,1095000000.0,9069000000.0,36.037,-10693000000.0
82,MO,MRQ,2000-12-31,2000-12-31,2000-12-31,2021-08-25,-2950000000.0,79067000000.0,,17238000000.0,61829000000.0,,6.748,-564000000.0,937000000.0,937000000.0,11694000000.0,2011000000.0,0.664,4.269,29122000000.0,8941000000.0,20181000000.0,29122000000.0,0.0,438000000.0,0.0,0.046,0.53,3485000000.0,3923000000.0,0.312,3923000000.0,3485000000.0,3302000000.0,0.91,0.9,0.91,15005000000.0,,15005000000.0,106009512808.0,7.0,6.466,1365000000.0,0.614,1.0,867000000.0,0.069,33090000000.0,183000000.0,48213000000.0,,8765000000.0,8118000000.0,0.0,8118000000.0,64062000000.0,25949000000.0,38113000000.0,97835512808.0,-3842000000.0,-15054000000.0,-3597000000.0,12203000000.0,-4500000000.0,10041000000.0,-15820000000.0,50000000.0,1929000000.0,8000000.0,2011000000.0,2011000000.0,2011000000.0,0.0,0.0,0.16,-2379000000.0,3246000000.0,3787000000.0,0.582,6.52,11.497,11.671,15303000000.0,0.0,44.0,1.331,1.331,5019000000.0,33481000000.0,12561000000.0,12561000000.0,0.0,,,,,0.0,-2528000000.0,1.0,2223534382.0,2223534382.0,,5.649,45977000000.0,0.0,1291000000.0,9015000000.0,20.677,-8711000000.0
83,MO,MRQ,2000-09-30,2000-09-30,2000-09-30,2021-08-25,-2997000000.0,60279000000.0,,19599000000.0,40680000000.0,,6.617,-418000000.0,4779000000.0,4779000000.0,11572000000.0,2319000000.0,1.059,3.045,12953000000.0,1941000000.0,11012000000.0,12953000000.0,0.0,418000000.0,0.0,0.067,0.53,3964000000.0,4382000000.0,0.218,4382000000.0,3964000000.0,3806000000.0,1.04,1.03,1.04,14902000000.0,,14902000000.0,75355798958.0,5.0,4.664,2848000000.0,1.265,1.0,8486000000.0,0.423,0.0,158000000.0,49947000000.0,,8100000000.0,7972000000.0,0.0,7972000000.0,45377000000.0,18506000000.0,26871000000.0,66300798958.0,555000000.0,218000000.0,0.0,-202000000.0,2229000000.0,-2228000000.0,-311000000.0,88000000.0,3266000000.0,-172000000.0,2319000000.0,2319000000.0,2319000000.0,0.0,0.0,0.116,4490000000.0,3996000000.0,2703000000.0,0.51,4.449,7.935,8.066,12252000000.0,0.0,29.44,0.825,0.825,4549000000.0,32617000000.0,20058000000.0,20058000000.0,0.0,,,,,0.0,4341000000.0,1.0,2252065182.0,2252065182.0,,8.906,60279000000.0,0.0,1487000000.0,8887000000.0,26.766,1093000000.0
84,MO,MRQ,2000-06-30,2000-06-30,2000-06-30,2021-08-25,-2562000000.0,59786000000.0,,18969000000.0,40817000000.0,,6.594,-395000000.0,4224000000.0,4224000000.0,11938000000.0,2171000000.0,1.137,2.965,13279000000.0,1301000000.0,11978000000.0,13279000000.0,0.0,433000000.0,0.0,0.072,0.48,3752000000.0,4185000000.0,0.201,4185000000.0,3752000000.0,3559000000.0,0.95,0.95,0.95,15078000000.0,,15078000000.0,69602464674.0,5.0,4.427,2111000000.0,0.923,1.0,8906000000.0,0.427,0.0,193000000.0,52158000000.0,,8113000000.0,7820000000.0,0.0,7820000000.0,44708000000.0,16683000000.0,28025000000.0,60734464674.0,-2000000.0,19000000.0,911000000.0,264000000.0,-1104000000.0,-1797000000.0,-624000000.0,11000000.0,2506000000.0,-87000000.0,2171000000.0,2171000000.0,2171000000.0,0.0,0.0,0.104,5094000000.0,3812000000.0,2426000000.0,0.505,4.028,7.556,7.699,12355000000.0,0.0,26.56,0.758,0.758,4710000000.0,31468000000.0,20844000000.0,20844000000.0,0.0,,,,,0.0,4947000000.0,1.0,2286689182.0,2286689182.0,,9.115,59786000000.0,0.0,1388000000.0,8900000000.0,26.145,2286000000.0
85,MO,MRQ,2000-03-31,2000-03-31,2000-03-31,2021-08-25,-2302000000.0,60647000000.0,,20003000000.0,40644000000.0,,6.531,-305000000.0,4226000000.0,4226000000.0,11753000000.0,2009000000.0,1.147,3.012,13094000000.0,885000000.0,12209000000.0,13094000000.0,0.0,428000000.0,0.0,0.091,0.48,3478000000.0,3906000000.0,0.195,3906000000.0,3478000000.0,3293000000.0,0.87,0.87,0.87,15115000000.0,,15115000000.0,57393373140.0,4.0,3.695,3038000000.0,1.313,1.0,8287000000.0,0.414,0.0,185000000.0,52075000000.0,,8686000000.0,7563000000.0,0.0,7563000000.0,45532000000.0,17440000000.0,28092000000.0,48025373140.0,-874000000.0,-326000000.0,-911000000.0,-1329000000.0,-1125000000.0,-3358000000.0,-751000000.0,7000000.0,3343000000.0,-108000000.0,2009000000.0,2009000000.0,2009000000.0,0.0,0.0,0.1,4809000000.0,3478000000.0,2493000000.0,0.552,3.177,6.081,6.213,12381000000.0,0.0,20.75,0.607,0.607,4621000000.0,30378000000.0,20040000000.0,20040000000.0,0.0,,,,,0.0,4663000000.0,1.0,2314475814.0,2314475814.0,,8.659,60647000000.0,0.0,1284000000.0,9196000000.0,26.203,2563000000.0
86,MO,MRQ,1999-12-31,1999-12-31,1999-12-31,2021-08-25,-2108000000.0,61381000000.0,,20895000000.0,40486000000.0,,6.468,-598000000.0,5100000000.0,5100000000.0,11216000000.0,1857000000.0,1.16,3.011,14468000000.0,2242000000.0,12226000000.0,14468000000.0,0.0,448000000.0,0.0,0.08,0.48,3236000000.0,3684000000.0,0.19,3684000000.0,3236000000.0,3068000000.0,0.79,0.78,0.79,15305000000.0,,15305000000.0,63276191710.0,5.0,4.165,1533000000.0,0.648,1.0,8195000000.0,0.422,0.0,168000000.0,52732000000.0,,9028000000.0,7527000000.0,0.0,7527000000.0,46076000000.0,18017000000.0,28059000000.0,54421191710.0,-776000000.0,39000000.0,2105000000.0,-45000000.0,3195000000.0,-2363000000.0,-469000000.0,5000000.0,2131000000.0,-75000000.0,1857000000.0,1857000000.0,1857000000.0,0.0,0.0,0.096,4833000000.0,3362000000.0,3351000000.0,0.608,3.556,7.091,7.165,12271000000.0,0.0,23.0,0.692,0.692,4313000000.0,29556000000.0,19411000000.0,19411000000.0,0.0,,,,,0.0,4685000000.0,1.0,2366138770.0,2366138770.0,,8.204,61381000000.0,0.0,1211000000.0,8323000000.0,25.941,2878000000.0
87,MO,MRQ,1999-09-30,1999-09-30,1999-09-30,2021-08-25,-1855000000.0,62320000000.0,,21893000000.0,40427000000.0,,6.65,-427000000.0,5876000000.0,5876000000.0,11837000000.0,2001000000.0,1.215,2.921,14731000000.0,1608000000.0,13123000000.0,14731000000.0,0.0,430000000.0,0.0,0.053,0.48,3516000000.0,3946000000.0,0.199,3946000000.0,3516000000.0,3317000000.0,0.84,0.84,0.84,15895000000.0,,15895000000.0,91682446438.0,8.0,7.203,3366000000.0,1.408,1.0,8041000000.0,0.405,0.0,199000000.0,53152000000.0,,8937000000.0,7433000000.0,0.0,7433000000.0,46425000000.0,18023000000.0,28402000000.0,81718446438.0,1468000000.0,-30000000.0,-699000000.0,349000000.0,-1058000000.0,-1464000000.0,-864000000.0,16000000.0,3793000000.0,3000000.0,2001000000.0,2001000000.0,2001000000.0,0.0,0.0,0.101,4525000000.0,3516000000.0,2318000000.0,0.571,5.141,13.414,13.514,12173000000.0,0.0,34.19,1.053,1.053,4711000000.0,28819000000.0,19878000000.0,19878000000.0,0.0,,,,,0.0,4383000000.0,1.0,2390127126.0,2390127126.0,,8.317,62320000000.0,0.0,1316000000.0,8446000000.0,26.074,3870000000.0
88,MO,MRQ,1999-06-30,1999-06-30,1999-06-30,2021-08-25,-1709000000.0,60453000000.0,,20472000000.0,39981000000.0,,6.607,-401000000.0,4408000000.0,4408000000.0,11730000000.0,2030000000.0,1.237,2.792,14372000000.0,1320000000.0,13052000000.0,14372000000.0,0.0,421000000.0,0.0,0.044,0.44,3577000000.0,3998000000.0,0.202,3998000000.0,3577000000.0,3355000000.0,0.84,0.84,0.84,15941000000.0,,15941000000.0,107568409921.0,10.0,8.471,3097000000.0,1.284,1.0,8080000000.0,0.408,0.0,222000000.0,53869000000.0,,9104000000.0,6911000000.0,0.0,6911000000.0,44512000000.0,16548000000.0,27964000000.0,96968409921.0,1214000000.0,-306000000.0,-831000000.0,657000000.0,-1067000000.0,-1307000000.0,-924000000.0,28000000.0,3498000000.0,-53000000.0,2030000000.0,2030000000.0,2030000000.0,0.0,0.0,0.102,4503000000.0,3577000000.0,2630000000.0,0.524,6.083,15.972,16.012,12170000000.0,0.0,40.19,1.27,1.27,4865000000.0,27957000000.0,19810000000.0,19810000000.0,0.0,,,,,0.0,4358000000.0,1.0,2412749687.0,2412749687.0,,8.211,60453000000.0,0.0,1325000000.0,8274000000.0,25.056,3924000000.0
89,MO,MRQ,1999-03-31,1999-03-31,1999-03-31,2021-08-25,-1581000000.0,58782000000.0,,19659000000.0,39123000000.0,,6.53,-323000000.0,3194000000.0,3194000000.0,11623000000.0,1787000000.0,1.21,2.711,13794000000.0,1834000000.0,11960000000.0,13794000000.0,0.0,403000000.0,0.0,0.049,0.44,3161000000.0,3564000000.0,0.183,3564000000.0,3161000000.0,2955000000.0,0.74,0.73,0.74,15841000000.0,,15841000000.0,95947167040.0,9.0,7.831,1630000000.0,0.672,1.0,7874000000.0,0.404,0.0,206000000.0,53139000000.0,,9610000000.0,6354000000.0,0.0,6354000000.0,42941000000.0,16243000000.0,26698000000.0,85366167040.0,-887000000.0,-50000000.0,-575000000.0,-730000000.0,-1070000000.0,-2363000000.0,-425000000.0,10000000.0,1953000000.0,-52000000.0,1787000000.0,1787000000.0,1787000000.0,0.0,0.0,0.092,4713000000.0,3161000000.0,2493000000.0,0.595,5.389,14.777,14.786,12167000000.0,0.0,35.19,1.131,1.131,4941000000.0,26991000000.0,19497000000.0,19497000000.0,0.0,,,,,0.0,4566000000.0,1.0,2425864366.0,2425864366.0,,8.037,58782000000.0,0.0,1168000000.0,8511000000.0,24.231,3416000000.0
90,MO,MRQ,1998-12-31,1998-12-31,1998-12-31,2021-08-25,-1106000000.0,59920000000.0,,20230000000.0,39690000000.0,,6.653,-576000000.0,4081000000.0,4081000000.0,10644000000.0,274000000.0,1.235,2.699,14662000000.0,2047000000.0,12615000000.0,14662000000.0,0.0,448000000.0,0.0,0.031,0.44,772000000.0,1220000000.0,0.066,1220000000.0,772000000.0,564000000.0,0.11,0.11,0.11,16197000000.0,,16197000000.0,140326778232.0,14.0,12.028,1128000000.0,0.463,1.0,7799000000.0,0.423,0.0,208000000.0,54122000000.0,,9445000000.0,6324000000.0,0.0,6324000000.0,43723000000.0,16379000000.0,27344000000.0,130254778232.0,-1443000000.0,6000000.0,-199000000.0,-987000000.0,-1071000000.0,-2291000000.0,-924000000.0,8000000.0,1704000000.0,68000000.0,274000000.0,274000000.0,274000000.0,0.0,0.0,0.015,7027000000.0,772000000.0,3359000000.0,4.0,8.042,24.247,24.208,12335000000.0,0.0,53.5,1.751,1.751,4691000000.0,26261000000.0,18443000000.0,18443000000.0,0.0,,,,,0.0,4611000000.0,1.0,2434668752.0,2434668752.0,,7.575,59920000000.0,0.0,290000000.0,7632000000.0,24.611,3851000000.0
91,MO,MRQ,1998-09-30,1998-09-30,1998-09-30,2021-08-25,-1096000000.0,60875000000.0,,21738000000.0,39137000000.0,,7.086,-422000000.0,5524000000.0,5524000000.0,10745000000.0,1980000000.0,1.351,2.532,15596000000.0,2304000000.0,13292000000.0,15596000000.0,0.0,414000000.0,0.0,0.035,0.44,3502000000.0,3916000000.0,0.211,3916000000.0,3502000000.0,3302000000.0,0.82,0.81,0.82,17234000000.0,,17234000000.0,123533190158.0,11.0,9.323,2335000000.0,0.96,1.0,7842000000.0,0.422,0.0,200000000.0,54855000000.0,,9246000000.0,6127000000.0,0.0,6127000000.0,43641000000.0,16092000000.0,27549000000.0,112484190158.0,919000000.0,-7000000.0,59000000.0,-257000000.0,-971000000.0,-1262000000.0,-650000000.0,66000000.0,2757000000.0,74000000.0,1980000000.0,1980000000.0,1980000000.0,0.0,0.0,0.107,4340000000.0,3502000000.0,2692000000.0,0.537,6.527,17.595,17.519,12113000000.0,0.0,46.25,1.535,1.535,5122000000.0,27033000000.0,18587000000.0,18587000000.0,0.0,,,,,0.0,4086000000.0,1.0,2432090598.0,2432090598.0,,7.642,60875000000.0,0.0,1322000000.0,7872000000.0,25.03,5646000000.0
92,MO,MRQ,1998-06-30,1998-06-30,1998-06-30,2021-08-25,-1330000000.0,59363000000.0,,20857000000.0,38506000000.0,,6.595,-465000000.0,4605000000.0,4605000000.0,11075000000.0,1736000000.0,1.306,2.705,15654000000.0,2424000000.0,13230000000.0,15654000000.0,0.0,413000000.0,0.0,0.041,0.4,3140000000.0,3553000000.0,0.187,3553000000.0,3140000000.0,2902000000.0,0.71,0.71,0.71,16022000000.0,,16022000000.0,108455476359.0,10.0,8.79,2723000000.0,1.121,1.0,7903000000.0,0.416,0.0,238000000.0,54436000000.0,,9119000000.0,5900000000.0,0.0,5900000000.0,43341000000.0,15976000000.0,27365000000.0,95668476359.0,2151000000.0,0.0,27000000.0,427000000.0,-972000000.0,-537000000.0,-500000000.0,41000000.0,3188000000.0,0.0,1736000000.0,1736000000.0,1736000000.0,0.0,0.0,0.091,4763000000.0,3140000000.0,2505000000.0,0.563,5.971,16.441,16.408,11855000000.0,0.0,39.38,1.314,1.314,5293000000.0,26111000000.0,18978000000.0,18978000000.0,0.0,,,,,0.0,4420000000.0,1.0,2429367099.0,2429367099.0,,7.812,59363000000.0,0.0,1166000000.0,7520000000.0,24.436,4881000000.0
93,MO,MRQ,1998-03-31,1998-03-31,1998-03-31,2021-08-25,-1290000000.0,57358000000.0,,18964000000.0,38394000000.0,,6.278,-341000000.0,2454000000.0,2454000000.0,10934000000.0,1382000000.0,1.198,2.763,15241000000.0,2776000000.0,12465000000.0,15241000000.0,0.0,415000000.0,0.0,0.038,0.4,2563000000.0,2978000000.0,0.162,2978000000.0,2563000000.0,2319000000.0,0.57,0.57,0.57,15242000000.0,,15242000000.0,113041223142.0,10.0,8.99,130000000.0,0.054,1.0,7449000000.0,0.405,0.0,244000000.0,54316000000.0,,9719000000.0,5773000000.0,0.0,5773000000.0,42116000000.0,15829000000.0,26287000000.0,101220223142.0,172000000.0,0.0,71000000.0,1149000000.0,-970000000.0,196000000.0,-480000000.0,26000000.0,471000000.0,-15000000.0,1382000000.0,1382000000.0,1382000000.0,0.0,0.0,0.075,4886000000.0,2563000000.0,2597000000.0,0.702,6.641,17.101,17.016,11757000000.0,0.0,41.69,1.402,1.402,4974000000.0,25346000000.0,18383000000.0,18383000000.0,0.0,,,,,0.0,3934000000.0,1.0,2427925717.0,2427925717.0,,7.571,57358000000.0,0.0,937000000.0,7479000000.0,23.624,3135000000.0
94,MO,MRQ,1997-12-31,1997-12-31,1997-12-31,2021-08-25,-1109000000.0,55947000000.0,,17440000000.0,38507000000.0,,6.145,-698000000.0,2282000000.0,2282000000.0,10304000000.0,1295000000.0,1.157,2.75,14103000000.0,1673000000.0,12430000000.0,14103000000.0,0.0,383000000.0,0.0,0.035,0.4,2421000000.0,2804000000.0,0.162,2804000000.0,2421000000.0,2184000000.0,0.54,0.53,0.54,14920000000.0,,14920000000.0,,,,2554000000.0,1.052,1.0,7029000000.0,0.406,0.0,237000000.0,52697000000.0,,9039000000.0,5712000000.0,0.0,5712000000.0,41027000000.0,15071000000.0,25956000000.0,109863638694.0,1503000000.0,1377000000.0,108000000.0,-1412000000.0,-969000000.0,-2275000000.0,601000000.0,532000000.0,3252000000.0,-75000000.0,1295000000.0,1295000000.0,1295000000.0,0.0,0.0,0.075,4608000000.0,2421000000.0,3318000000.0,0.741,7.364,17.411,17.337,11621000000.0,0.0,45.25,1.525,1.525,4294000000.0,24924000000.0,17333000000.0,17333000000.0,0.0,,,,,0.0,3816000000.0,1.0,2427925717.0,2427925717.0,,7.139,55947000000.0,0.0,889000000.0,6862000000.0,23.043,2369000000.0
95,MO,MRQ,1997-09-30,1997-09-30,1997-09-30,2021-08-25,,,,,,,,-431000000.0,,,10672000000.0,1406000000.0,,,,,,,,391000000.0,,0.038,0.4,2612000000.0,3003000000.0,0.166,3003000000.0,2612000000.0,2363000000.0,0.58,0.57,0.58,,,,,,,1200000000.0,,1.0,7420000000.0,0.41,,249000000.0,,,,,,,,,,,462000000.0,260000000.0,39000000.0,51000000.0,-970000000.0,-875000000.0,-264000000.0,-98000000.0,1631000000.0,-30000000.0,1406000000.0,1406000000.0,1406000000.0,0.0,0.0,0.078,4808000000.0,2612000000.0,,0.69,,,,,0.0,41.63,,,,,18092000000.0,18092000000.0,0.0,,,,,0.0,3854000000.0,1.0,,,,,,,957000000.0,,,
96,MO,MRQ,1997-06-30,1997-06-30,1997-06-30,2021-08-25,,,,,,,,-458000000.0,,,10813000000.0,1836000000.0,,,,,,,,425000000.0,,0.036,0.4,3364000000.0,3789000000.0,0.206,3789000000.0,3364000000.0,3085000000.0,0.76,0.76,0.76,,,,,,,2304000000.0,,1.0,7600000000.0,0.413,,279000000.0,,,,,,,,,,,-4000000.0,12000000.0,-175000000.0,-904000000.0,-970000000.0,-2126000000.0,-635000000.0,-185000000.0,2762000000.0,-5000000.0,1836000000.0,1836000000.0,1836000000.0,0.0,0.0,0.1,4236000000.0,3364000000.0,,0.526,,,,,0.0,44.25,,,,,18413000000.0,18413000000.0,0.0,,,,,0.0,4089000000.0,1.0,,,,,,,1249000000.0,,,
97,MO,MRQ,1997-03-31,1997-03-31,1997-03-31,2021-08-25,,,,,,,,-287000000.0,,,10841000000.0,1773000000.0,,,,,,,,430000000.0,,0.04,0.4,3266000000.0,3696000000.0,0.203,3696000000.0,3266000000.0,2979000000.0,0.73,0.72,0.73,,,,,,,408000000.0,,1.0,7376000000.0,0.405,,287000000.0,,,,,,,,,,,81000000.0,-71000000.0,-572000000.0,1303000000.0,-976000000.0,-245000000.0,-321000000.0,38000000.0,695000000.0,-48000000.0,1773000000.0,1773000000.0,1773000000.0,0.0,0.0,0.097,4110000000.0,3266000000.0,,0.548,,,,,0.0,38.033,,,,,18217000000.0,18217000000.0,0.0,,,,,0.0,3961000000.0,1.0,,,,,,,1206000000.0,,,
98,MO,MRQ,1996-12-31,1996-12-31,1996-12-31,2021-08-25,192000000.0,54871000000.0,,15190000000.0,39681000000.0,,,,240000000.0,240000000.0,,,1.022,2.859,15240000000.0,2106000000.0,13134000000.0,15240000000.0,0.0,,0.0,0.039,0.4,,,,,,,,,,14218000000.0,,14218000000.0,,,,,,1.0,,,0.0,,55004000000.0,,9002000000.0,5345000000.0,0.0,5345000000.0,40653000000.0,14867000000.0,25786000000.0,,,,,,,,,,,,,,,,,,,,3409000000.0,,,,14.656,11751000000.0,,37.667,,,4466000000.0,22478000000.0,,,,,,,,,,1.0,,,,,54871000000.0,0.0,,6967000000.0,,323000000.0
0,MO,MRT,2021-06-30,2021-06-30,2021-06-30,2021-08-25,-3602000000.0,44388000000.0,46807250000.0,4184000000.0,40204000000.0,0.564,1.76,-178000000.0,1877000000.0,1877000000.0,12532000000.0,4537000000.0,0.723,12.615,28241000000.0,0.0,28241000000.0,28241000000.0,0.0,255000000.0,0.0,0.072,3.44,8300000000.0,8555000000.0,0.324,8555000000.0,8300000000.0,7071000000.0,2.45,2.46,2.45,3257000000.0,3037000000.0,3257000000.0,112126418600.0,14.0,13.107,5940000000.0,3.21,1.0,13867000000.0,0.525,17757000000.0,1229000000.0,47212000000.0,45716250000.0,1794000000.0,19831000000.0,0.0,19831000000.0,41088000000.0,5783000000.0,35305000000.0,88238418600.0,-2967000000.0,0.0,-650000000.0,-1070000000.0,-6360000000.0,-8996000000.0,-89000000.0,0.0,6118000000.0,0.0,4545000000.0,4545000000.0,4545000000.0,0.0,-8000000.0,0.172,2250000000.0,11617000000.0,260000000.0,1.404,27.092,19.414,19.461,1933000000.0,0.0,47.68,3.342,3.342,132000000.0,35065000000.0,26399000000.0,26399000000.0,0.0,0.097,1.497,0.182,0.314,0.0,2254000000.0,1.0,1850637974.0,1850637974.0,,14.265,26631000000.0,0.0,2526000000.0,4779000000.0,14.39,-1599000000.0
1,MO,MRT,2021-03-31,2021-03-31,2021-03-31,2021-08-25,-3774000000.0,48776000000.0,48260250000.0,8029000000.0,40747000000.0,0.535,1.567,-205000000.0,5792000000.0,5792000000.0,12408000000.0,4325000000.0,0.803,15.702,29680000000.0,1500000000.0,28180000000.0,29680000000.0,0.0,255000000.0,0.0,0.067,3.42,7975000000.0,8230000000.0,0.319,8230000000.0,7975000000.0,6733000000.0,2.33,2.34,2.33,2913000000.0,3644750000.0,2913000000.0,119616562699.0,15.0,14.534,8091000000.0,4.353,1.0,13422000000.0,0.52,17775000000.0,1242000000.0,44885000000.0,45710500000.0,1948000000.0,20133000000.0,0.0,20133000000.0,45741000000.0,10004000000.0,35737000000.0,95090562699.0,181000000.0,0.0,-325000000.0,-577000000.0,-6328000000.0,-7995000000.0,-120000000.0,0.0,8296000000.0,0.0,4339000000.0,4339000000.0,4339000000.0,0.0,-14000000.0,0.168,2195000000.0,11227000000.0,271000000.0,1.468,32.644,21.915,21.957,1982000000.0,0.0,51.16,3.681,3.681,142000000.0,34507000000.0,25830000000.0,25830000000.0,0.0,0.09,1.19,0.174,0.309,0.0,2199000000.0,1.0,1858689654.0,1858689654.0,,13.897,31001000000.0,0.0,2394000000.0,4727000000.0,16.679,-1975000000.0
2,MO,MRT,2020-12-31,2020-12-31,2020-12-31,2021-08-25,-4341000000.0,47414000000.0,49220750000.0,7117000000.0,40297000000.0,0.531,1.528,-231000000.0,4945000000.0,4945000000.0,13130000000.0,4454000000.0,0.785,15.657,29471000000.0,1500000000.0,27971000000.0,29471000000.0,0.0,257000000.0,0.0,0.083,3.4,8112000000.0,8369000000.0,0.32,8369000000.0,8112000000.0,6903000000.0,2.4,2.4,2.4,2839000000.0,4552250000.0,2839000000.0,101327185765.0,12.0,12.107,8154000000.0,4.388,1.0,13023000000.0,0.498,17792000000.0,1209000000.0,45085000000.0,46482750000.0,1966000000.0,19529000000.0,0.0,19529000000.0,44449000000.0,9063000000.0,35386000000.0,76195185765.0,2846000000.0,0.0,0.0,993000000.0,-6290000000.0,-5396000000.0,-143000000.0,0.0,8385000000.0,0.0,4467000000.0,4467000000.0,4467000000.0,0.0,-13000000.0,0.171,2150000000.0,10873000000.0,380000000.0,1.417,26.839,17.057,17.083,2012000000.0,0.0,41.0,2.913,2.913,137000000.0,34679000000.0,26153000000.0,26153000000.0,0.0,0.091,0.981,0.175,0.31,0.0,2154000000.0,1.0,1858419165.0,1858419165.0,,14.073,29622000000.0,0.0,2436000000.0,4532000000.0,15.939,-1946000000.0
3,MO,MRT,2020-09-30,2020-09-30,2020-09-30,2021-08-25,-3781000000.0,46651000000.0,49685000000.0,6399000000.0,40252000000.0,0.52,1.689,-248000000.0,4123000000.0,4123000000.0,12895000000.0,718000000.0,0.772,13.82,29255000000.0,1500000000.0,27755000000.0,29255000000.0,0.0,255000000.0,0.0,0.087,3.38,4326000000.0,4581000000.0,0.177,4581000000.0,4326000000.0,3142000000.0,0.39,0.39,0.39,3139000000.0,5398000000.0,3139000000.0,96024467885.0,22.0,20.961,8159000000.0,4.39,1.0,12961000000.0,0.501,17810000000.0,1184000000.0,45683000000.0,47501000000.0,1862000000.0,19408000000.0,0.0,19408000000.0,43380000000.0,8290000000.0,35090000000.0,71808467885.0,2539000000.0,-41000000.0,-499000000.0,993000000.0,-6261000000.0,-5775000000.0,-93000000.0,0.0,8407000000.0,0.0,734000000.0,734000000.0,734000000.0,0.0,-16000000.0,0.028,2242000000.0,10719000000.0,348000000.0,8.667,22.876,97.832,99.077,2009000000.0,0.0,38.64,2.777,2.777,151000000.0,34356000000.0,25856000000.0,25856000000.0,0.0,0.015,0.136,0.091,0.167,0.0,2157000000.0,1.0,1858397202.0,1858397202.0,,13.913,28841000000.0,0.0,2408000000.0,4724000000.0,15.519,-1891000000.0
4,MO,MRT,2020-06-30,2020-06-30,2020-06-30,2021-08-25,-3774000000.0,50200000000.0,51250500000.0,7004000000.0,43196000000.0,0.499,3.061,-273000000.0,4826000000.0,4826000000.0,12848000000.0,-928000000.0,0.745,7.802,29042000000.0,1500000000.0,27542000000.0,29042000000.0,0.0,250000000.0,0.0,0.086,3.36,2503000000.0,2753000000.0,0.108,2753000000.0,2503000000.0,1336000000.0,-0.49,-0.49,-0.49,5688000000.0,7249500000.0,5688000000.0,97295946276.0,39.0,35.342,10118000000.0,5.445,1.0,12741000000.0,0.498,17827000000.0,1167000000.0,47189000000.0,49480250000.0,1914000000.0,22319000000.0,0.0,22319000000.0,44376000000.0,9400000000.0,34976000000.0,72940946276.0,3058000000.0,-493000000.0,-499000000.0,-151000000.0,-6194000000.0,-6848000000.0,-485000000.0,0.0,10391000000.0,0.0,-914000000.0,-914000000.0,-914000000.0,0.0,-14000000.0,-0.036,2238000000.0,10503000000.0,273000000.0,-6.857,12.824,-79.804,-80.102,2002000000.0,0.0,39.25,2.85,2.85,140000000.0,36908000000.0,25589000000.0,25589000000.0,0.0,-0.018,-0.126,0.051,0.098,0.0,2152000000.0,1.0,1858368058.0,1858368058.0,,13.77,32373000000.0,0.0,2250000000.0,7238000000.0,17.42,-2396000000.0
5,MO,MRT,2020-03-31,2020-03-31,2020-03-31,2021-08-25,-2533000000.0,52618000000.0,53075750000.0,7935000000.0,44683000000.0,0.487,3.521,-260000000.0,5616000000.0,5616000000.0,13068000000.0,-869000000.0,0.711,7.022,29971000000.0,3000000000.0,26971000000.0,29971000000.0,0.0,238000000.0,0.0,0.086,3.32,2537000000.0,2775000000.0,0.107,2775000000.0,2537000000.0,1366000000.0,-0.46,-0.46,-0.46,6543000000.0,9443500000.0,6543000000.0,97788044311.0,39.0,35.239,8417000000.0,4.529,1.0,12773000000.0,0.494,17845000000.0,1171000000.0,47974000000.0,52549500000.0,2006000000.0,23861000000.0,0.0,23861000000.0,45943000000.0,11154000000.0,34789000000.0,71863044311.0,2209000000.0,-494000000.0,-694000000.0,856000000.0,-6130000000.0,-5968000000.0,-500000000.0,0.0,8677000000.0,0.0,-861000000.0,-861000000.0,-861000000.0,0.0,-8000000.0,-0.033,2349000000.0,10424000000.0,278000000.0,-7.217,10.983,-83.465,-84.065,1997000000.0,0.0,38.67,2.781,2.781,147000000.0,36528000000.0,25841000000.0,25841000000.0,0.0,-0.016,-0.091,0.048,0.098,0.0,2230000000.0,1.0,1858366804.0,1858366804.0,,13.905,34773000000.0,0.0,2227000000.0,5584000000.0,18.712,-3219000000.0
6,MO,MRT,2019-12-31,2019-12-31,2019-12-31,2021-08-25,-2864000000.0,49271000000.0,54729500000.0,4824000000.0,44447000000.0,0.459,3.331,-246000000.0,2117000000.0,2117000000.0,12399000000.0,-1298000000.0,0.59,6.897,28042000000.0,1000000000.0,27042000000.0,28042000000.0,0.0,226000000.0,0.0,0.066,3.28,2051000000.0,2277000000.0,0.091,2277000000.0,2051000000.0,771000000.0,-0.7,-0.7,-0.7,6222000000.0,11327500000.0,6222000000.0,119537194114.0,58.0,52.498,7591000000.0,4.063,1.0,12711000000.0,0.506,17864000000.0,1280000000.0,49158000000.0,54907750000.0,2293000000.0,23581000000.0,0.0,23581000000.0,42914000000.0,8174000000.0,34740000000.0,93238194114.0,727000000.0,-2325000000.0,-845000000.0,2321000000.0,-6069000000.0,-4712000000.0,-2398000000.0,0.0,7837000000.0,0.0,-1293000000.0,-1293000000.0,-1293000000.0,0.0,-5000000.0,-0.051,2385000000.0,10326000000.0,325000000.0,-4.686,14.985,-72.11,-71.3,1999000000.0,0.0,49.91,3.713,3.713,152000000.0,36539000000.0,25110000000.0,25110000000.0,0.0,-0.024,-0.114,0.037,0.082,0.0,2226000000.0,1.0,1868126510.0,1868126510.0,,13.441,31407000000.0,0.0,2064000000.0,5083000000.0,16.812,-3350000000.0
7,MO,MRT,2019-09-30,2019-09-30,2019-09-30,2021-08-25,-2402000000.0,52913000000.0,56276500000.0,4291000000.0,48622000000.0,0.448,5.645,-266000000.0,1604000000.0,1604000000.0,12668000000.0,1767000000.0,0.56,4.005,27903000000.0,1000000000.0,26903000000.0,27903000000.0,0.0,222000000.0,0.0,0.079,3.24,4849000000.0,5071000000.0,0.201,5071000000.0,4849000000.0,3698000000.0,0.95,0.94,0.95,10545000000.0,13468750000.0,10545000000.0,103849121860.0,21.0,20.479,6833000000.0,3.658,1.0,12549000000.0,0.498,17950000000.0,1151000000.0,53600000000.0,52919250000.0,2188000000.0,27346000000.0,0.0,27346000000.0,42237000000.0,7662000000.0,34575000000.0,76405121860.0,-847000000.0,-15084000000.0,-702000000.0,14257000000.0,-6004000000.0,7317000000.0,-15263000000.0,0.0,7099000000.0,0.0,1766000000.0,1766000000.0,1766000000.0,0.0,1000000.0,0.07,2906000000.0,9643000000.0,246000000.0,3.411,7.246,43.265,43.053,1962000000.0,0.0,40.9,3.03,3.03,165000000.0,39910000000.0,25217000000.0,25217000000.0,0.0,0.031,0.131,0.092,0.192,0.0,2451000000.0,1.0,1868095889.0,1868095889.0,,13.499,34963000000.0,15000000.0,1932000000.0,5240000000.0,18.716,-3371000000.0
8,MO,MRT,2019-06-30,2019-06-30,2019-06-30,2021-08-25,-2646000000.0,57501000000.0,54036500000.0,4483000000.0,53018000000.0,0.466,7.731,-245000000.0,1796000000.0,1796000000.0,12891000000.0,6313000000.0,0.564,2.973,29240000000.0,2144000000.0,27096000000.0,29240000000.0,0.0,229000000.0,0.0,0.068,3.2,9448000000.0,9677000000.0,0.384,9677000000.0,9448000000.0,8431000000.0,3.37,3.36,3.37,14464000000.0,14706000000.0,14464000000.0,114404055513.0,12.0,11.822,6688000000.0,3.575,1.0,12307000000.0,0.488,17527000000.0,1017000000.0,59466000000.0,46800500000.0,2235000000.0,32094000000.0,0.0,32094000000.0,42997000000.0,7952000000.0,35045000000.0,88588055513.0,313000000.0,-14647000000.0,-1069000000.0,15401000000.0,-5831000000.0,8263000000.0,-14883000000.0,0.0,6933000000.0,0.0,6309000000.0,6309000000.0,6309000000.0,0.0,4000000.0,0.25,3051000000.0,9256000000.0,224000000.0,0.95,6.125,14.042,14.05,1917000000.0,0.0,47.35,3.516,3.516,163000000.0,44081000000.0,25198000000.0,25198000000.0,0.0,0.117,0.429,0.202,0.375,0.0,2599000000.0,1.0,1870919863.0,1870919863.0,,13.468,39974000000.0,79000000.0,2122000000.0,5378000000.0,21.366,-3469000000.0
9,MO,MRT,2019-03-31,2019-03-31,2019-03-31,2021-08-25,-2717000000.0,59233000000.0,50455500000.0,6262000000.0,52971000000.0,0.493,7.511,-242000000.0,3352000000.0,3352000000.0,12755000000.0,6193000000.0,0.619,3.204,29168000000.0,2144000000.0,27024000000.0,29168000000.0,0.0,227000000.0,0.0,0.054,3.1,9270000000.0,9497000000.0,0.382,9497000000.0,9270000000.0,8387000000.0,3.29,3.28,3.29,14079000000.0,15039000000.0,14079000000.0,132061563543.0,14.0,13.906,7629000000.0,4.07,1.0,12129000000.0,0.487,17523000000.0,883000000.0,57407000000.0,39820750000.0,2356000000.0,32015000000.0,0.0,32015000000.0,45114000000.0,10119000000.0,34995000000.0,107648563543.0,1166000000.0,-14646000000.0,-1311000000.0,15401000000.0,-5660000000.0,8192000000.0,-14897000000.0,0.0,7871000000.0,0.0,6189000000.0,6189000000.0,6189000000.0,0.0,4000000.0,0.249,3092000000.0,9037000000.0,205000000.0,0.942,7.646,17.394,17.456,1922000000.0,0.0,57.43,4.326,4.326,158000000.0,43582000000.0,24884000000.0,24884000000.0,0.0,0.123,0.412,0.233,0.373,0.0,2671000000.0,1.0,1874430847.0,1874430847.0,,13.275,41710000000.0,3000000.0,2198000000.0,5353000000.0,22.252,-3857000000.0
10,MO,MRT,2018-12-31,2018-12-31,2018-12-31,2021-08-25,-2547000000.0,55459000000.0,46622000000.0,4299000000.0,51160000000.0,0.544,7.869,-238000000.0,1333000000.0,1333000000.0,13110000000.0,6967000000.0,0.203,2.748,25746000000.0,13848000000.0,11898000000.0,25746000000.0,0.0,227000000.0,0.0,0.061,3.0,10002000000.0,10229000000.0,0.403,10229000000.0,10002000000.0,9337000000.0,3.69,3.68,3.69,14787000000.0,15367750000.0,14787000000.0,104316056307.0,10.0,10.198,8153000000.0,4.339,1.0,12254000000.0,0.483,17475000000.0,665000000.0,41204000000.0,33074750000.0,2331000000.0,30496000000.0,0.0,30496000000.0,40631000000.0,21193000000.0,19438000000.0,92806056307.0,119000000.0,-12815000000.0,-1673000000.0,11936000000.0,-5415000000.0,4716000000.0,-12988000000.0,0.0,8391000000.0,0.0,6963000000.0,6963000000.0,6963000000.0,0.0,4000000.0,0.275,3139000000.0,9115000000.0,399000000.0,0.813,6.276,13.328,13.385,1938000000.0,0.0,49.39,3.659,3.659,142000000.0,43962000000.0,25364000000.0,25364000000.0,0.0,0.149,0.453,0.302,0.394,0.0,2756000000.0,1.0,1879045481.0,1879045481.0,,13.498,37984000000.0,167000000.0,2374000000.0,4993000000.0,20.215,-16894000000.0
11,MO,MRT,2018-09-30,2018-09-30,2018-09-30,2021-08-25,-2034000000.0,43953000000.0,43557750000.0,5165000000.0,38788000000.0,0.582,8.219,-180000000.0,2393000000.0,2393000000.0,13117000000.0,10684000000.0,0.597,1.834,13903000000.0,2007000000.0,11896000000.0,13903000000.0,0.0,222000000.0,0.0,0.047,2.86,10492000000.0,10714000000.0,0.423,10714000000.0,10492000000.0,9809000000.0,5.61,5.61,5.61,15494000000.0,15515250000.0,15494000000.0,126164901234.0,12.0,11.776,7143000000.0,3.789,1.0,12234000000.0,0.483,17692000000.0,683000000.0,29125000000.0,30609750000.0,2077000000.0,18673000000.0,0.0,18673000000.0,28419000000.0,8646000000.0,19773000000.0,113694901234.0,-151000000.0,-430000000.0,-1875000000.0,0.0,-5172000000.0,-7072000000.0,-402000000.0,-133000000.0,7323000000.0,0.0,10679000000.0,10679000000.0,10679000000.0,0.0,5000000.0,0.421,2626000000.0,9608000000.0,289000000.0,0.51,7.338,10.647,10.75,1891000000.0,0.0,60.31,4.485,4.485,187000000.0,43805000000.0,25351000000.0,25351000000.0,0.0,0.245,0.688,0.343,0.414,0.0,2616000000.0,1.0,1885174950.0,1885174950.0,,13.448,26261000000.0,84000000.0,-870000000.0,5427000000.0,13.93,-3481000000.0
12,MO,MRT,2018-06-30,2018-06-30,2018-06-30,2021-08-25,-1652000000.0,43177000000.0,43609500000.0,4131000000.0,39046000000.0,0.579,8.346,-180000000.0,1430000000.0,1430000000.0,13093000000.0,10607000000.0,0.647,1.731,13900000000.0,864000000.0,13036000000.0,13900000000.0,0.0,209000000.0,0.0,0.048,2.72,10538000000.0,10747000000.0,0.426,10747000000.0,10538000000.0,9845000000.0,5.55,5.55,5.55,15796000000.0,14683250000.0,15796000000.0,119189501727.0,11.0,11.09,6626000000.0,3.501,1.0,12150000000.0,0.481,17712000000.0,693000000.0,31547000000.0,31154250000.0,2123000000.0,19034000000.0,0.0,19034000000.0,27342000000.0,6388000000.0,20954000000.0,107483501727.0,-811000000.0,-415000000.0,-2267000000.0,0.0,-5023000000.0,-7315000000.0,-302000000.0,-45000000.0,6806000000.0,0.0,10602000000.0,10602000000.0,10602000000.0,0.0,5000000.0,0.42,2510000000.0,9640000000.0,209000000.0,0.49,6.804,10.138,10.232,1878000000.0,0.0,56.79,4.258,4.258,144000000.0,43369000000.0,25243000000.0,25243000000.0,0.0,0.243,0.722,0.338,0.417,0.0,2490000000.0,1.0,1892648384.0,1892648384.0,,13.337,25465000000.0,182000000.0,-757000000.0,5376000000.0,13.455,-2257000000.0
13,MO,MRT,2018-03-31,2018-03-31,2018-03-31,2021-08-25,-1927000000.0,43899000000.0,43746750000.0,4824000000.0,39075000000.0,0.585,8.1,-200000000.0,2191000000.0,2191000000.0,13478000000.0,10720000000.0,0.645,1.849,13897000000.0,864000000.0,13033000000.0,13897000000.0,0.0,210000000.0,0.0,0.042,2.63,10890000000.0,11100000000.0,0.434,11100000000.0,10890000000.0,10198000000.0,5.59,5.59,5.59,15394000000.0,13838750000.0,15394000000.0,131077004240.0,12.0,11.809,4835000000.0,2.544,1.0,12123000000.0,0.474,17707000000.0,692000000.0,30423000000.0,31335750000.0,2257000000.0,19053000000.0,0.0,19053000000.0,28465000000.0,7475000000.0,20990000000.0,118436004240.0,-3031000000.0,-415000000.0,-2879000000.0,0.0,-4877000000.0,-7788000000.0,-278000000.0,-2000000.0,5035000000.0,0.0,10715000000.0,10715000000.0,10715000000.0,0.0,5000000.0,0.419,2453000000.0,9670000000.0,203000000.0,0.47,7.694,11.053,11.148,1891000000.0,0.0,62.32,4.626,4.626,133000000.0,42816000000.0,25601000000.0,25601000000.0,0.0,0.245,0.774,0.348,0.425,0.0,2423000000.0,1.0,1900449362.0,1900449362.0,,13.471,26192000000.0,0.0,-517000000.0,5292000000.0,13.782,-2651000000.0
14,MO,MRT,2017-12-31,2017-12-31,2017-12-31,2021-08-25,-1897000000.0,43202000000.0,44315750000.0,4344000000.0,38858000000.0,0.577,8.058,-199000000.0,1253000000.0,1253000000.0,13613000000.0,10227000000.0,0.64,1.807,13894000000.0,864000000.0,13030000000.0,13894000000.0,0.0,209000000.0,0.0,0.036,2.54,10528000000.0,10737000000.0,0.42,10737000000.0,10528000000.0,9823000000.0,5.31,5.31,5.31,15377000000.0,13055250000.0,15377000000.0,147571824906.0,14.0,13.744,4702000000.0,2.464,1.0,11963000000.0,0.468,17707000000.0,705000000.0,31344000000.0,30985750000.0,2225000000.0,17952000000.0,0.0,17952000000.0,27784000000.0,6792000000.0,20992000000.0,136263824906.0,-3337000000.0,-415000000.0,-2917000000.0,0.0,-4807000000.0,-7771000000.0,-467000000.0,0.0,4901000000.0,0.0,10222000000.0,10222000000.0,10222000000.0,0.0,5000000.0,0.4,2370000000.0,9593000000.0,374000000.0,0.478,8.862,13.33,13.448,1914000000.0,0.0,71.41,5.328,5.328,142000000.0,42251000000.0,25576000000.0,25576000000.0,0.0,0.231,0.783,0.34,0.412,0.0,2338000000.0,1.0,1908189678.0,1908189678.0,,13.403,25495000000.0,461000000.0,-399000000.0,5247000000.0,13.361,-2448000000.0
15,MO,MRT,2017-09-30,2017-09-30,2017-09-30,2021-08-25,-1946000000.0,44160000000.0,44998250000.0,5156000000.0,39004000000.0,0.572,6.341,-212000000.0,2582000000.0,2582000000.0,13857000000.0,15537000000.0,0.774,2.627,13890000000.0,0.0,13890000000.0,13890000000.0,0.0,210000000.0,0.0,0.039,2.49,24049000000.0,24259000000.0,0.943,24259000000.0,24049000000.0,23348000000.0,7.98,7.98,7.98,12166000000.0,12403500000.0,12166000000.0,133307559856.0,6.0,5.495,4228000000.0,2.204,1.0,11870000000.0,0.461,17503000000.0,701000000.0,31303000000.0,30786750000.0,1987000000.0,19114000000.0,0.0,19114000000.0,31954000000.0,6662000000.0,25292000000.0,121675559856.0,268000000.0,3150000000.0,-2877000000.0,0.0,-4735000000.0,-7643000000.0,3471000000.0,667000000.0,4440000000.0,0.0,15532000000.0,15532000000.0,15532000000.0,0.0,5000000.0,0.604,2522000000.0,9348000000.0,270000000.0,0.312,10.001,7.834,7.947,1907000000.0,0.0,63.42,4.729,4.729,148000000.0,38542000000.0,25727000000.0,25727000000.0,0.0,0.345,1.252,0.781,0.935,0.0,2472000000.0,1.0,1918567642.0,1918567642.0,,13.409,26657000000.0,0.0,7816000000.0,8234000000.0,13.894,-1506000000.0
16,MO,MRT,2017-06-30,2017-06-30,2017-06-30,2021-08-25,-1838000000.0,43726000000.0,42191750000.0,4611000000.0,39115000000.0,0.614,6.429,-203000000.0,2255000000.0,2255000000.0,14054000000.0,14764000000.0,0.826,2.518,13887000000.0,0.0,13887000000.0,13887000000.0,0.0,210000000.0,0.0,0.033,2.44,23142000000.0,23352000000.0,0.902,23352000000.0,23142000000.0,22431000000.0,7.56,7.56,7.56,12418000000.0,10098000000.0,12418000000.0,152505635693.0,7.0,6.531,4480000000.0,2.319,1.0,11849000000.0,0.457,17503000000.0,711000000.0,32273000000.0,28034000000.0,1999000000.0,19207000000.0,0.0,19207000000.0,31269000000.0,5582000000.0,25687000000.0,143849635693.0,1438000000.0,3150000000.0,-2289000000.0,1043000000.0,-4666000000.0,-6770000000.0,3525000000.0,730000000.0,4683000000.0,0.0,14759000000.0,14759000000.0,14759000000.0,0.0,5000000.0,0.57,2708000000.0,9141000000.0,194000000.0,0.323,11.584,9.747,9.851,1900000000.0,0.0,74.47,5.553,5.553,119000000.0,37939000000.0,25903000000.0,25903000000.0,0.0,0.35,1.462,0.825,0.893,0.0,2664000000.0,1.0,1931645437.0,1931645437.0,,13.41,26223000000.0,0.0,7672000000.0,8635000000.0,13.575,-971000000.0
17,MO,MRT,2017-03-31,2017-03-31,2017-03-31,2021-08-25,-2212000000.0,46175000000.0,39091250000.0,7626000000.0,38549000000.0,0.659,6.321,-196000000.0,5228000000.0,5228000000.0,14069000000.0,14428000000.0,0.919,2.763,13884000000.0,0.0,13884000000.0,13884000000.0,0.0,207000000.0,0.0,0.034,2.395,22781000000.0,22988000000.0,0.892,22988000000.0,22781000000.0,22055000000.0,7.38,7.38,7.38,12260000000.0,7778500000.0,12260000000.0,147825407611.0,6.0,6.431,3587000000.0,1.85,1.0,11692000000.0,0.454,17508000000.0,726000000.0,29023000000.0,25090250000.0,2122000000.0,18598000000.0,0.0,18598000000.0,33874000000.0,8300000000.0,25574000000.0,138513407611.0,1428000000.0,3150000000.0,-1413000000.0,1043000000.0,-4591000000.0,-5799000000.0,3444000000.0,687000000.0,3783000000.0,0.0,14423000000.0,14423000000.0,14423000000.0,0.0,5000000.0,0.56,2669000000.0,9023000000.0,235000000.0,0.325,11.298,9.604,9.678,1923000000.0,0.0,71.42,5.377,5.377,135000000.0,37124000000.0,25761000000.0,25761000000.0,0.0,0.369,1.854,0.908,0.884,0.0,2636000000.0,1.0,1939420437.0,1939420437.0,,13.283,28667000000.0,0.0,7632000000.0,8725000000.0,14.781,-674000000.0
18,MO,MRT,2016-12-31,2016-12-31,2016-12-31,2021-08-25,-2052000000.0,45932000000.0,36063250000.0,7260000000.0,38672000000.0,0.714,6.548,-189000000.0,4569000000.0,4569000000.0,14172000000.0,14244000000.0,0.984,2.594,13881000000.0,0.0,13881000000.0,13881000000.0,0.0,204000000.0,0.0,0.035,2.35,22594000000.0,22798000000.0,0.886,22798000000.0,22594000000.0,21847000000.0,7.28,7.28,7.28,12770000000.0,5399750000.0,12770000000.0,143457307168.0,6.0,6.293,3637000000.0,1.865,1.0,11572000000.0,0.45,17321000000.0,747000000.0,30548000000.0,22128000000.0,2051000000.0,18880000000.0,0.0,18880000000.0,33121000000.0,7375000000.0,25746000000.0,131877307168.0,2205000000.0,3150000000.0,-1030000000.0,1043000000.0,-4512000000.0,-5329000000.0,3708000000.0,741000000.0,3826000000.0,0.0,14239000000.0,14239000000.0,14239000000.0,0.0,5000000.0,0.553,2811000000.0,8761000000.0,425000000.0,0.323,10.327,9.262,9.288,1958000000.0,0.0,67.62,5.123,5.123,151000000.0,36906000000.0,25744000000.0,25744000000.0,0.0,0.395,2.637,1.021,0.878,0.0,2662000000.0,1.0,1950270736.0,1950270736.0,,13.2,28611000000.0,269000000.0,7608000000.0,8416000000.0,14.67,-115000000.0
19,MO,MRT,2016-09-30,2016-09-30,2016-09-30,2021-08-25,-3278000000.0,32934000000.0,32445000000.0,6403000000.0,26531000000.0,0.796,1.507,-195000000.0,2298000000.0,2298000000.0,14325000000.0,5214000000.0,0.929,10.174,13878000000.0,0.0,13878000000.0,13878000000.0,0.0,224000000.0,0.0,0.036,2.305,8892000000.0,9116000000.0,0.353,9116000000.0,8892000000.0,8113000000.0,2.66,2.66,2.66,2944000000.0,2927250000.0,2944000000.0,135560224777.0,15.0,14.871,5088000000.0,2.604,1.0,11485000000.0,0.445,17327000000.0,779000000.0,20292000000.0,18879500000.0,1980000000.0,6872000000.0,0.0,6872000000.0,29951000000.0,6895000000.0,23056000000.0,123542224777.0,391000000.0,0.0,-548000000.0,1043000000.0,-4429000000.0,-4817000000.0,-75000000.0,174000000.0,5283000000.0,0.0,5210000000.0,5210000000.0,5210000000.0,0.0,4000000.0,0.202,2751000000.0,8734000000.0,296000000.0,0.867,41.964,23.713,23.771,1969000000.0,0.0,63.23,4.787,4.787,146000000.0,27816000000.0,25810000000.0,25810000000.0,0.0,0.161,1.78,0.471,0.345,0.0,2628000000.0,1.0,1953854575.0,1953854575.0,,13.21,15607000000.0,1188000000.0,2903000000.0,5607000000.0,7.988,-492000000.0
20,MO,MRT,2016-06-30,2016-06-30,2016-06-30,2021-08-25,-3340000000.0,31324000000.0,32211250000.0,4600000000.0,26724000000.0,0.795,1.605,-207000000.0,819000000.0,819000000.0,14223000000.0,5648000000.0,0.835,8.963,12837000000.0,0.0,12837000000.0,12837000000.0,0.0,223000000.0,0.0,0.033,2.26,9481000000.0,9704000000.0,0.379,9704000000.0,9481000000.0,8676000000.0,2.89,2.89,2.89,3140000000.0,2913000000.0,3140000000.0,143950057380.0,15.0,14.834,5477000000.0,2.799,1.0,11381000000.0,0.445,17332000000.0,805000000.0,20498000000.0,18588500000.0,1970000000.0,7032000000.0,0.0,7032000000.0,28145000000.0,5512000000.0,22633000000.0,134915057380.0,-304000000.0,0.0,-440000000.0,-1000000000.0,-4344000000.0,-5823000000.0,-165000000.0,93000000.0,5684000000.0,0.0,5645000000.0,5645000000.0,5645000000.0,0.0,3000000.0,0.22,2681000000.0,8700000000.0,193000000.0,0.782,42.967,23.9,23.862,1962000000.0,0.0,68.96,5.269,5.269,122000000.0,27915000000.0,25604000000.0,25604000000.0,0.0,0.175,1.938,0.51,0.37,0.0,2560000000.0,1.0,1956424846.0,1956424846.0,,13.087,13992000000.0,1188000000.0,3031000000.0,5659000000.0,7.152,-912000000.0
21,MO,MRT,2016-03-31,2016-03-31,2016-03-31,2021-08-25,-3327000000.0,34063000000.0,32347500000.0,7498000000.0,26565000000.0,0.794,1.402,-207000000.0,3815000000.0,3815000000.0,14401000000.0,5443000000.0,0.87,11.395,12850000000.0,4000000.0,12846000000.0,12850000000.0,0.0,225000000.0,0.0,0.035,2.215,9204000000.0,9429000000.0,0.367,9429000000.0,9204000000.0,8396000000.0,2.77,2.77,2.77,2745000000.0,2822750000.0,2745000000.0,133234007528.0,14.0,14.13,5856000000.0,2.991,1.0,11295000000.0,0.44,17308000000.0,808000000.0,17174000000.0,18734250000.0,2108000000.0,6908000000.0,0.0,6908000000.0,31278000000.0,8616000000.0,22662000000.0,122684007528.0,141000000.0,0.0,-530000000.0,-1000000000.0,-4261000000.0,-5842000000.0,-80000000.0,131000000.0,6063000000.0,0.0,5440000000.0,5440000000.0,5440000000.0,0.0,3000000.0,0.212,2781000000.0,8514000000.0,208000000.0,0.8,44.694,22.552,22.621,1955000000.0,0.0,62.66,4.774,4.774,104000000.0,27367000000.0,25696000000.0,25696000000.0,0.0,0.168,1.927,0.491,0.358,0.0,2657000000.0,1.0,1957931815.0,1957931815.0,,13.124,16755000000.0,1175000000.0,2956000000.0,6196000000.0,8.557,-1118000000.0
22,MO,MRT,2015-12-31,2015-12-31,2015-12-31,2021-08-25,-3280000000.0,31459000000.0,32384750000.0,4911000000.0,26548000000.0,0.785,1.469,-229000000.0,2369000000.0,2369000000.0,14320000000.0,5243000000.0,0.695,9.913,12847000000.0,4000000.0,12843000000.0,12847000000.0,0.0,225000000.0,0.0,0.037,2.17,8893000000.0,9118000000.0,0.358,9118000000.0,8893000000.0,8076000000.0,2.67,2.67,2.67,2880000000.0,2769750000.0,2880000000.0,125145150261.0,14.0,13.725,5614000000.0,2.863,1.0,11114000000.0,0.437,17313000000.0,817000000.0,17554000000.0,18994500000.0,2031000000.0,6722000000.0,0.0,6722000000.0,28549000000.0,7070000000.0,21479000000.0,114131150261.0,-952000000.0,0.0,-554000000.0,-1793000000.0,-4179000000.0,-6780000000.0,-15000000.0,222000000.0,5843000000.0,0.0,5241000000.0,5241000000.0,5241000000.0,0.0,2000000.0,0.206,2712000000.0,8402000000.0,400000000.0,0.813,39.629,21.777,21.801,1982000000.0,0.0,58.21,4.487,4.487,124000000.0,27257000000.0,25434000000.0,25434000000.0,0.0,0.162,1.892,0.468,0.35,0.0,2708000000.0,1.0,1960679441.0,1960679441.0,,12.972,14146000000.0,0.0,2835000000.0,4667000000.0,7.215,-2159000000.0
23,MO,MRT,2015-09-30,2015-09-30,2015-09-30,2021-08-25,-3157000000.0,31999000000.0,33138750000.0,5511000000.0,26488000000.0,0.766,1.472,-209000000.0,1907000000.0,1907000000.0,14355000000.0,5231000000.0,0.839,10.074,12921000000.0,3000000.0,12918000000.0,12921000000.0,0.0,209000000.0,0.0,0.039,2.125,8834000000.0,9043000000.0,0.356,9043000000.0,8834000000.0,8013000000.0,2.66,2.66,2.66,2887000000.0,2803250000.0,2887000000.0,119458809578.0,14.0,13.21,5484000000.0,2.797,1.0,11019000000.0,0.434,17318000000.0,821000000.0,19128000000.0,19816000000.0,1954000000.0,6737000000.0,0.0,6737000000.0,29083000000.0,6567000000.0,22516000000.0,106661809578.0,-334000000.0,-9000000.0,-778000000.0,-1094000000.0,-4099000000.0,-6239000000.0,212000000.0,434000000.0,5693000000.0,0.0,5230000000.0,5230000000.0,5230000000.0,0.0,1000000.0,0.206,2670000000.0,8349000000.0,307000000.0,0.799,36.946,20.394,20.451,2016000000.0,0.0,54.4,4.204,4.204,137000000.0,27118000000.0,25374000000.0,25374000000.0,0.0,0.158,1.866,0.446,0.348,0.0,2669000000.0,1.0,1960695029.0,1960695029.0,,12.941,14681000000.0,1143000000.0,2783000000.0,5831000000.0,7.488,-1056000000.0
24,MO,MRT,2015-06-30,2015-06-30,2015-06-30,2021-08-25,-2878000000.0,31869000000.0,33659500000.0,4633000000.0,27236000000.0,0.748,1.413,-202000000.0,1123000000.0,1123000000.0,14519000000.0,5100000000.0,0.74,10.457,13920000000.0,1003000000.0,12917000000.0,13920000000.0,0.0,208000000.0,0.0,0.043,2.08,8667000000.0,8875000000.0,0.353,8875000000.0,8667000000.0,7838000000.0,2.58,2.58,2.58,2779000000.0,3155000000.0,2779000000.0,106411340335.0,12.0,11.99,4949000000.0,2.517,1.0,10647000000.0,0.423,17324000000.0,829000000.0,21081000000.0,20316000000.0,1914000000.0,7456000000.0,0.0,7456000000.0,29060000000.0,6261000000.0,22799000000.0,96184340335.0,-70000000.0,-9000000.0,-990000000.0,-94000000.0,-4030000000.0,-5383000000.0,162000000.0,365000000.0,5151000000.0,0.0,5099000000.0,5099000000.0,5099000000.0,0.0,1000000.0,0.203,2647000000.0,8000000000.0,290000000.0,0.806,34.611,18.863,18.957,1991000000.0,0.0,48.91,3.822,3.822,142000000.0,26698000000.0,25166000000.0,25166000000.0,0.0,0.151,1.616,0.427,0.344,0.0,2634000000.0,1.0,1966557766.0,1966557766.0,,12.797,14545000000.0,1143000000.0,2739000000.0,6011000000.0,7.396,-1628000000.0
25,MO,MRT,2015-03-31,2015-03-31,2015-03-31,2021-08-25,-2945000000.0,34212000000.0,34012750000.0,7233000000.0,26979000000.0,0.729,1.286,-184000000.0,3674000000.0,3674000000.0,14430000000.0,4913000000.0,0.813,12.495,13901000000.0,1000000000.0,12901000000.0,13901000000.0,0.0,207000000.0,0.0,0.041,2.04,8394000000.0,8601000000.0,0.347,8601000000.0,8394000000.0,7530000000.0,2.49,2.49,2.49,2533000000.0,3559000000.0,2533000000.0,109877232038.0,13.0,12.775,4852000000.0,2.464,1.0,10379000000.0,0.418,17329000000.0,864000000.0,18215000000.0,20968750000.0,2085000000.0,7210000000.0,0.0,7210000000.0,31650000000.0,8895000000.0,22755000000.0,98505232038.0,54000000.0,-102000000.0,-859000000.0,-94000000.0,-3961000000.0,-5182000000.0,200000000.0,418000000.0,5036000000.0,0.0,4913000000.0,4913000000.0,4913000000.0,0.0,0.0,0.198,2628000000.0,7751000000.0,274000000.0,0.819,38.889,20.05,20.088,1972000000.0,0.0,50.02,3.971,3.971,172000000.0,26271000000.0,24809000000.0,24809000000.0,0.0,0.144,1.38,0.4,0.338,0.0,2629000000.0,1.0,1969316914.0,1969316914.0,,12.598,16883000000.0,1143000000.0,2617000000.0,6389000000.0,8.573,-1662000000.0
26,MO,MRT,2014-12-31,2014-12-31,2014-12-31,2021-08-25,-2682000000.0,34475000000.0,34311250000.0,6878000000.0,27597000000.0,0.715,1.525,-163000000.0,3321000000.0,3321000000.0,14362000000.0,5070000000.0,0.896,10.428,14693000000.0,1000000000.0,13693000000.0,14693000000.0,0.0,208000000.0,0.0,0.041,2.0,8582000000.0,8790000000.0,0.358,8790000000.0,8582000000.0,7774000000.0,2.56,2.56,2.56,3014000000.0,3954500000.0,3014000000.0,109132679955.0,13.0,12.416,4500000000.0,2.277,1.0,10160000000.0,0.414,17334000000.0,808000000.0,20840000000.0,21656750000.0,2040000000.0,7797000000.0,0.0,7797000000.0,31430000000.0,7673000000.0,23757000000.0,97380679955.0,146000000.0,-102000000.0,-939000000.0,174000000.0,-3892000000.0,-4694000000.0,177000000.0,369000000.0,4663000000.0,0.0,5070000000.0,5070000000.0,5070000000.0,0.0,0.0,0.207,2540000000.0,7620000000.0,416000000.0,0.781,32.309,19.207,19.246,1983000000.0,0.0,49.27,3.971,3.971,124000000.0,26277000000.0,24522000000.0,24522000000.0,0.0,0.148,1.282,0.396,0.35,0.0,2539000000.0,1.0,1976470062.0,1976470062.0,,12.407,17141000000.0,1143000000.0,2704000000.0,6088000000.0,8.673,-795000000.0
27,MO,MRT,2014-09-30,2014-09-30,2014-09-30,2021-08-25,-1454000000.0,34082000000.0,34407250000.0,5662000000.0,28420000000.0,0.708,2.165,-157000000.0,2241000000.0,2241000000.0,14403000000.0,4322000000.0,0.769,6.93,13993000000.0,1300000000.0,12693000000.0,13993000000.0,0.0,203000000.0,0.0,0.043,1.96,7429000000.0,7632000000.0,0.314,7632000000.0,7429000000.0,6578000000.0,2.17,2.17,2.17,4294000000.0,4230750000.0,4294000000.0,103919638010.0,14.0,13.616,4419000000.0,2.228,1.0,9941000000.0,0.408,17339000000.0,851000000.0,21128000000.0,21924500000.0,1890000000.0,8413000000.0,0.0,8413000000.0,29756000000.0,7367000000.0,22389000000.0,91119638010.0,-1970000000.0,-93000000.0,-931000000.0,-901000000.0,-3824000000.0,-6723000000.0,177000000.0,347000000.0,4576000000.0,0.0,4322000000.0,4322000000.0,4322000000.0,0.0,0.0,0.178,2434000000.0,7507000000.0,332000000.0,0.903,21.22,21.083,21.171,1998000000.0,0.0,45.94,3.743,3.743,106000000.0,26066000000.0,24344000000.0,24344000000.0,0.0,0.126,1.022,0.339,0.305,0.0,2423000000.0,1.0,1983448803.0,1983448803.0,,12.274,16743000000.0,1095000000.0,2256000000.0,6829000000.0,8.441,-1705000000.0
28,MO,MRT,2014-06-30,2014-06-30,2014-06-30,2021-08-25,-1229000000.0,33282000000.0,34874250000.0,4475000000.0,28807000000.0,0.7,2.212,-150000000.0,1193000000.0,1193000000.0,14318000000.0,4321000000.0,0.887,6.565,13993000000.0,0.0,13993000000.0,13993000000.0,0.0,206000000.0,0.0,0.046,1.92,7489000000.0,7695000000.0,0.315,7695000000.0,7489000000.0,6582000000.0,2.17,2.17,2.17,4395000000.0,4152500000.0,4395000000.0,93684179876.0,13.0,12.175,4543000000.0,2.287,1.0,10088000000.0,0.413,17344000000.0,907000000.0,23692000000.0,21902750000.0,1850000000.0,8816000000.0,0.0,8816000000.0,28855000000.0,5046000000.0,23809000000.0,83312179876.0,-1378000000.0,-93000000.0,-812000000.0,-901000000.0,-3755000000.0,-6536000000.0,465000000.0,631000000.0,4693000000.0,0.0,4321000000.0,4321000000.0,4321000000.0,0.0,0.0,0.177,2448000000.0,7640000000.0,311000000.0,0.885,18.956,19.281,19.327,1997000000.0,0.0,41.94,3.414,3.414,105000000.0,25698000000.0,24406000000.0,24406000000.0,0.0,0.124,1.041,0.342,0.307,0.0,2424000000.0,1.0,1986461132.0,1986461132.0,,12.286,15938000000.0,1101000000.0,2261000000.0,6970000000.0,8.023,-571000000.0
29,MO,MRT,2014-03-31,2014-03-31,2014-03-31,2021-08-25,-1318000000.0,35406000000.0,35163750000.0,6977000000.0,28429000000.0,0.695,2.065,-143000000.0,3620000000.0,3620000000.0,14416000000.0,4325000000.0,0.92,7.596,13992000000.0,0.0,13992000000.0,13992000000.0,0.0,208000000.0,0.0,0.05,1.88,7542000000.0,7750000000.0,0.317,7750000000.0,7542000000.0,6601000000.0,2.16,2.16,2.16,4115000000.0,3945000000.0,4115000000.0,85934507590.0,11.0,11.088,4693000000.0,2.355,1.0,10039000000.0,0.411,17227000000.0,941000000.0,20967000000.0,21587500000.0,1970000000.0,8608000000.0,0.0,8608000000.0,31259000000.0,7584000000.0,23675000000.0,74592507590.0,-155000000.0,0.0,-815000000.0,95000000.0,-3683000000.0,-5481000000.0,490000000.0,611000000.0,4836000000.0,0.0,4325000000.0,4325000000.0,4325000000.0,0.0,0.0,0.177,2373000000.0,7666000000.0,321000000.0,0.87,18.127,17.247,17.329,2003000000.0,0.0,37.43,3.05,3.05,113000000.0,25388000000.0,24455000000.0,24455000000.0,0.0,0.123,1.096,0.349,0.308,0.0,2338000000.0,1.0,1992853529.0,1992853529.0,,12.271,18179000000.0,1100000000.0,2276000000.0,7426000000.0,9.122,-607000000.0
30,MO,MRT,2013-12-31,2013-12-31,2013-12-31,2021-08-25,-1378000000.0,34859000000.0,35313750000.0,6590000000.0,28269000000.0,0.693,2.059,-131000000.0,3175000000.0,3175000000.0,14009000000.0,4535000000.0,0.934,7.455,14517000000.0,525000000.0,13992000000.0,14517000000.0,0.0,212000000.0,0.0,0.048,1.84,7991000000.0,8203000000.0,0.335,8203000000.0,7991000000.0,6942000000.0,2.26,2.26,2.26,4119000000.0,3808500000.0,4119000000.0,87445568556.0,11.0,10.66,4244000000.0,2.122,1.0,10457000000.0,0.427,17232000000.0,1049000000.0,21911000000.0,21186750000.0,1879000000.0,8452000000.0,0.0,8452000000.0,30706000000.0,7058000000.0,23648000000.0,76780568556.0,275000000.0,0.0,-634000000.0,620000000.0,-3612000000.0,-4702000000.0,602000000.0,716000000.0,4375000000.0,0.0,4535000000.0,4535000000.0,4535000000.0,0.0,0.0,0.185,2373000000.0,8084000000.0,409000000.0,0.814,18.641,16.931,16.987,2028000000.0,0.0,38.39,3.138,3.138,115000000.0,25168000000.0,24466000000.0,24466000000.0,0.0,0.128,1.191,0.377,0.327,0.0,2340000000.0,1.0,2000014810.0,2000014810.0,,12.233,17627000000.0,1100000000.0,2407000000.0,6854000000.0,8.813,-468000000.0
31,MO,MRT,2013-09-30,2013-09-30,2013-09-30,2021-08-25,-2223000000.0,35950000000.0,35431250000.0,7549000000.0,28401000000.0,0.695,1.986,-137000000.0,4211000000.0,4211000000.0,14196000000.0,5152000000.0,0.905,8.022,14876000000.0,1984000000.0,12892000000.0,14876000000.0,0.0,214000000.0,0.0,0.052,1.8,9037000000.0,9251000000.0,0.376,9251000000.0,9037000000.0,7985000000.0,2.57,2.57,2.57,3981000000.0,3570750000.0,3981000000.0,81154479034.0,9.0,8.773,4487000000.0,2.239,1.0,10432000000.0,0.424,17237000000.0,1052000000.0,21041000000.0,20908000000.0,1718000000.0,8673000000.0,0.0,8673000000.0,31935000000.0,8337000000.0,23598000000.0,68851479034.0,2025000000.0,0.0,-869000000.0,996000000.0,-3544000000.0,-3276000000.0,677000000.0,795000000.0,4624000000.0,0.0,5150000000.0,5150000000.0,5150000000.0,0.0,2000000.0,0.209,2382000000.0,8050000000.0,347000000.0,0.7,17.295,13.369,13.366,2041000000.0,0.0,34.35,2.796,2.796,92000000.0,25636000000.0,24628000000.0,24628000000.0,0.0,0.145,1.442,0.432,0.367,0.0,2361000000.0,1.0,2004409870.0,2004409870.0,,12.287,18713000000.0,1218000000.0,2835000000.0,6466000000.0,9.336,-788000000.0
32,MO,MRT,2013-06-30,2013-06-30,2013-06-30,2021-08-25,-2330000000.0,34440000000.0,35203250000.0,5860000000.0,28580000000.0,0.691,1.775,-126000000.0,2571000000.0,2571000000.0,14222000000.0,4413000000.0,0.829,8.651,14874000000.0,1984000000.0,12890000000.0,14874000000.0,0.0,218000000.0,0.0,0.05,1.76,7975000000.0,8193000000.0,0.337,8193000000.0,7975000000.0,6910000000.0,2.19,2.19,2.19,3565000000.0,3542000000.0,3565000000.0,80386084010.0,10.0,9.812,4285000000.0,2.133,1.0,10095000000.0,0.415,17242000000.0,1065000000.0,22431000000.0,21429000000.0,1701000000.0,8847000000.0,0.0,8847000000.0,30841000000.0,7070000000.0,23771000000.0,70283084010.0,1043000000.0,0.0,-948000000.0,1183000000.0,-3495000000.0,-4017000000.0,649000000.0,771000000.0,4411000000.0,0.0,4411000000.0,4411000000.0,4411000000.0,0.0,2000000.0,0.181,2208000000.0,7887000000.0,275000000.0,0.804,19.715,15.934,15.977,2040000000.0,0.0,34.99,2.89,2.89,114000000.0,25201000000.0,24317000000.0,24317000000.0,0.0,0.125,1.245,0.372,0.328,0.0,2245000000.0,1.0,2008662018.0,2008662018.0,,12.106,17198000000.0,1217000000.0,2499000000.0,6560000000.0,8.562,-1210000000.0
33,MO,MRT,2013-03-31,2013-03-31,2013-03-31,2021-08-25,-2068000000.0,36006000000.0,35230000000.0,7116000000.0,28890000000.0,0.695,1.776,-123000000.0,3775000000.0,3775000000.0,14464000000.0,4373000000.0,0.749,9.078,13878000000.0,1984000000.0,11894000000.0,13878000000.0,0.0,223000000.0,0.0,0.05,1.73,7846000000.0,8069000000.0,0.329,8069000000.0,7846000000.0,6752000000.0,2.16,2.16,2.16,3569000000.0,3719000000.0,3569000000.0,80096922426.0,10.0,9.926,3589000000.0,1.786,1.0,10035000000.0,0.41,17247000000.0,1094000000.0,19364000000.0,21662500000.0,1816000000.0,9134000000.0,0.0,9134000000.0,32401000000.0,9498000000.0,22903000000.0,69118922426.0,-381000000.0,0.0,-907000000.0,187000000.0,-3448000000.0,-4914000000.0,821000000.0,949000000.0,3712000000.0,0.0,4370000000.0,4370000000.0,4370000000.0,0.0,3000000.0,0.178,2272000000.0,7763000000.0,259000000.0,0.801,19.366,15.817,15.921,2068000000.0,0.0,34.39,2.821,2.821,112000000.0,24817000000.0,24499000000.0,24499000000.0,0.0,0.124,1.175,0.362,0.32,0.0,2289000000.0,1.0,2009855261.0,2009855261.0,,12.189,18759000000.0,1216000000.0,2382000000.0,7257000000.0,9.334,-2382000000.0
34,MO,MRT,2012-12-31,2012-12-31,2012-12-31,2021-08-25,-2040000000.0,35329000000.0,35682250000.0,6315000000.0,29014000000.0,0.69,1.564,-124000000.0,2900000000.0,2900000000.0,15055000000.0,4183000000.0,0.765,10.14,13878000000.0,1459000000.0,12419000000.0,13878000000.0,0.0,225000000.0,0.0,0.054,1.7,7600000000.0,7825000000.0,0.318,7825000000.0,7600000000.0,6474000000.0,2.06,2.06,2.06,3168000000.0,3752000000.0,3168000000.0,75361335344.0,10.0,9.631,3761000000.0,1.857,1.0,9563000000.0,0.388,17252000000.0,1126000000.0,20796000000.0,22146500000.0,1746000000.0,9218000000.0,0.0,9218000000.0,32125000000.0,8259000000.0,23866000000.0,63669335344.0,-370000000.0,0.0,-1082000000.0,187000000.0,-3400000000.0,-5175000000.0,920000000.0,1049000000.0,3885000000.0,0.0,4180000000.0,4180000000.0,4180000000.0,0.0,3000000.0,0.17,2310000000.0,7253000000.0,451000000.0,0.825,20.098,15.232,15.262,2102000000.0,0.0,31.44,2.586,2.586,193000000.0,24316000000.0,24618000000.0,24618000000.0,0.0,0.117,1.114,0.343,0.309,0.0,2301000000.0,1.0,2025106086.0,2025106086.0,,12.156,18077000000.0,1216000000.0,2294000000.0,6652000000.0,8.926,-1944000000.0
35,MO,MRT,2012-09-30,2012-09-30,2012-09-30,2021-08-25,-1604000000.0,35038000000.0,36037750000.0,5934000000.0,29104000000.0,0.68,1.902,-107000000.0,2186000000.0,2186000000.0,14951000000.0,3915000000.0,0.935,8.054,13878000000.0,0.0,13878000000.0,13878000000.0,0.0,238000000.0,0.0,0.05,1.67,7119000000.0,7357000000.0,0.3,7357000000.0,7119000000.0,5900000000.0,1.92,1.92,1.92,3866000000.0,3880000000.0,3866000000.0,80037309697.0,11.0,10.879,3030000000.0,1.491,1.0,9554000000.0,0.39,17257000000.0,1219000000.0,23125000000.0,22564000000.0,1624000000.0,9273000000.0,0.0,9273000000.0,31137000000.0,6348000000.0,24789000000.0,67876309697.0,-857000000.0,0.0,-922000000.0,187000000.0,-3351000000.0,-4935000000.0,941000000.0,1055000000.0,3137000000.0,0.0,3913000000.0,3913000000.0,3913000000.0,0.0,2000000.0,0.16,2710000000.0,6844000000.0,289000000.0,0.87,17.557,17.346,17.391,2111000000.0,0.0,33.39,2.77,2.77,196000000.0,24098000000.0,24505000000.0,24505000000.0,0.0,0.109,1.009,0.316,0.291,0.0,2468000000.0,1.0,2032833474.0,2032833474.0,,12.055,17781000000.0,1287000000.0,1987000000.0,6880000000.0,8.747,-414000000.0
36,MO,MRT,2012-06-30,2012-06-30,2012-06-30,2021-08-25,-1674000000.0,34547000000.0,36578500000.0,5143000000.0,29404000000.0,0.666,2.1,-104000000.0,1528000000.0,1528000000.0,14856000000.0,4432000000.0,0.846,7.077,13689000000.0,600000000.0,13089000000.0,13689000000.0,0.0,245000000.0,0.0,0.047,1.64,7879000000.0,8124000000.0,0.333,8124000000.0,7879000000.0,6649000000.0,2.17,2.17,2.17,4273000000.0,4018250000.0,4273000000.0,79836852703.0,10.0,9.827,2913000000.0,1.432,1.0,9515000000.0,0.39,17262000000.0,1230000000.0,23365000000.0,22680500000.0,1684000000.0,9498000000.0,0.0,9498000000.0,30239000000.0,6081000000.0,24158000000.0,70303852703.0,-536000000.0,0.0,-1112000000.0,0.0,-3307000000.0,-4360000000.0,807000000.0,913000000.0,3017000000.0,0.0,4429000000.0,4429000000.0,4429000000.0,0.0,3000000.0,0.182,2762000000.0,6753000000.0,335000000.0,0.756,16.453,15.874,15.922,2131000000.0,0.0,34.55,2.885,2.885,256000000.0,24334000000.0,24371000000.0,24371000000.0,0.0,0.121,1.102,0.347,0.323,0.0,2501000000.0,1.0,2034843783.0,2034843783.0,,11.977,17285000000.0,1207000000.0,2220000000.0,7056000000.0,8.495,-938000000.0
37,MO,MRT,2012-03-31,2012-03-31,2012-03-31,2021-08-25,-1685000000.0,37815000000.0,37149750000.0,7893000000.0,29922000000.0,0.641,1.809,-108000000.0,4156000000.0,4156000000.0,14811000000.0,3650000000.0,0.899,9.208,13689000000.0,600000000.0,13089000000.0,13689000000.0,0.0,249000000.0,0.0,0.052,1.61,7230000000.0,7479000000.0,0.314,7479000000.0,7230000000.0,5999000000.0,1.78,1.78,1.78,3701000000.0,4108250000.0,3701000000.0,73568748903.0,10.0,9.837,3248000000.0,1.588,1.0,8993000000.0,0.378,17267000000.0,1231000000.0,21300000000.0,23271500000.0,1830000000.0,9212000000.0,0.0,9212000000.0,34079000000.0,8781000000.0,25298000000.0,63149748903.0,724000000.0,0.0,-1585000000.0,1494000000.0,-3266000000.0,-3314000000.0,682000000.0,789000000.0,3356000000.0,0.0,3648000000.0,3648000000.0,3648000000.0,0.0,2000000.0,0.153,2822000000.0,6171000000.0,328000000.0,0.904,17.063,17.311,17.343,2165000000.0,0.0,30.87,2.653,2.653,244000000.0,23720000000.0,23804000000.0,23804000000.0,0.0,0.098,0.888,0.311,0.304,0.0,2576000000.0,1.0,2045667279.0,2045667279.0,,11.636,20548000000.0,1207000000.0,2351000000.0,8035000000.0,10.045,-888000000.0
38,MO,MRT,2011-12-31,2011-12-31,2011-12-31,2021-08-25,-1887000000.0,36751000000.0,37342000000.0,6920000000.0,29831000000.0,0.637,1.79,-105000000.0,3270000000.0,3270000000.0,14861000000.0,3393000000.0,0.931,8.977,13689000000.0,600000000.0,13089000000.0,13689000000.0,0.0,253000000.0,0.0,0.053,1.58,6795000000.0,7048000000.0,0.296,7048000000.0,6795000000.0,5579000000.0,1.64,1.64,1.64,3680000000.0,4546250000.0,3680000000.0,71617929675.0,11.0,10.161,3476000000.0,1.69,1.0,8939000000.0,0.376,17272000000.0,1216000000.0,22466000000.0,23490500000.0,1779000000.0,9068000000.0,0.0,9068000000.0,33036000000.0,7432000000.0,25604000000.0,60972929675.0,956000000.0,0.0,-1298000000.0,1494000000.0,-3222000000.0,-3012000000.0,387000000.0,490000000.0,3581000000.0,0.0,3390000000.0,3390000000.0,3390000000.0,0.0,3000000.0,0.142,2871000000.0,6068000000.0,503000000.0,0.963,16.569,17.986,18.079,2216000000.0,0.0,29.65,2.562,2.562,268000000.0,23583000000.0,23800000000.0,23800000000.0,0.0,0.091,0.746,0.289,0.286,0.0,2643000000.0,1.0,2056422586.0,2056422586.0,,11.573,19479000000.0,1207000000.0,2189000000.0,7562000000.0,9.472,-512000000.0
39,MO,MRT,2011-09-30,2011-09-30,2011-09-30,2021-08-25,-1461000000.0,37201000000.0,37504750000.0,6575000000.0,30626000000.0,0.629,2.134,-127000000.0,3043000000.0,3043000000.0,14779000000.0,3476000000.0,0.942,7.41,13688000000.0,600000000.0,13088000000.0,13688000000.0,0.0,252000000.0,0.0,0.058,1.55,6945000000.0,7197000000.0,0.305,7197000000.0,6945000000.0,5803000000.0,1.67,1.67,1.67,4419000000.0,4924250000.0,4419000000.0,67153791583.0,10.0,9.331,3482000000.0,1.681,1.0,8819000000.0,0.374,17276000000.0,1142000000.0,23591000000.0,23661500000.0,1625000000.0,9353000000.0,0.0,9353000000.0,32746000000.0,6979000000.0,25767000000.0,55529791583.0,1343000000.0,0.0,-956000000.0,1494000000.0,-3172000000.0,-2616000000.0,350000000.0,441000000.0,3609000000.0,0.0,3473000000.0,3473000000.0,3473000000.0,0.0,3000000.0,0.147,2614000000.0,6205000000.0,326000000.0,0.928,12.566,15.989,16.054,2284000000.0,0.0,26.81,2.353,2.353,194000000.0,23585000000.0,23598000000.0,23598000000.0,0.0,0.093,0.705,0.294,0.294,0.0,2605000000.0,1.0,2071234300.0,2071234300.0,,11.393,19925000000.0,1187000000.0,2330000000.0,8366000000.0,9.62,-404000000.0
40,MO,MRT,2011-06-30,2011-06-30,2011-06-30,2021-08-25,-1279000000.0,36832000000.0,37482000000.0,5657000000.0,31175000000.0,0.637,2.213,-139000000.0,2064000000.0,2064000000.0,15042000000.0,3433000000.0,1.039,6.942,13688000000.0,0.0,13688000000.0,13688000000.0,0.0,260000000.0,0.0,0.058,1.52,6822000000.0,7082000000.0,0.296,7082000000.0,6822000000.0,5694000000.0,1.64,1.64,1.64,4633000000.0,5107000000.0,4633000000.0,64048355371.0,9.0,9.044,2816000000.0,1.345,1.0,8850000000.0,0.37,17281000000.0,1128000000.0,25729000000.0,23753500000.0,1673000000.0,9796000000.0,0.0,9796000000.0,32164000000.0,5446000000.0,26718000000.0,55286355371.0,1210000000.0,0.0,-481000000.0,1504000000.0,-3112000000.0,-2073000000.0,328000000.0,369000000.0,2955000000.0,0.0,3431000000.0,3431000000.0,3431000000.0,0.0,2000000.0,0.144,2747000000.0,6103000000.0,252000000.0,0.927,11.933,16.114,16.104,2305000000.0,0.0,26.41,2.314,2.314,166000000.0,23256000000.0,23892000000.0,23892000000.0,0.0,0.092,0.672,0.287,0.286,0.0,2715000000.0,1.0,2093387178.0,2093387178.0,,11.413,19551000000.0,1163000000.0,2263000000.0,8611000000.0,9.339,211000000.0
41,MO,MRT,2011-03-31,2011-03-31,2011-03-31,2021-08-25,-1391000000.0,38584000000.0,37085250000.0,6988000000.0,31596000000.0,0.654,2.607,-143000000.0,3432000000.0,3432000000.0,14994000000.0,4032000000.0,0.886,6.069,12194000000.0,0.0,12194000000.0,12194000000.0,0.0,267000000.0,0.0,0.057,1.49,7013000000.0,7280000000.0,0.3,7280000000.0,7013000000.0,5889000000.0,1.93,1.93,1.93,5453000000.0,5079000000.0,5453000000.0,64334384804.0,9.0,8.837,2645000000.0,1.264,1.0,9252000000.0,0.382,17286000000.0,1124000000.0,22176000000.0,23251750000.0,1824000000.0,10132000000.0,0.0,10132000000.0,33096000000.0,7884000000.0,25212000000.0,54454384804.0,142000000.0,0.0,104000000.0,32000000.0,-3046000000.0,-2880000000.0,234000000.0,276000000.0,2788000000.0,0.0,4029000000.0,4029000000.0,4029000000.0,0.0,3000000.0,0.166,2915000000.0,6337000000.0,282000000.0,0.772,9.986,13.516,13.487,2339000000.0,0.0,26.03,2.246,2.246,71000000.0,23601000000.0,24246000000.0,24246000000.0,0.0,0.109,0.793,0.302,0.289,0.0,2695000000.0,1.0,2091985586.0,2091985586.0,,11.59,21298000000.0,1163000000.0,1860000000.0,9132000000.0,10.181,-896000000.0
42,MO,MRT,2010-12-31,2010-12-31,2010-12-31,2021-08-25,-1484000000.0,37402000000.0,36939000000.0,5981000000.0,31421000000.0,0.66,2.487,-168000000.0,2314000000.0,2314000000.0,15175000000.0,3907000000.0,0.874,6.197,12194000000.0,0.0,12194000000.0,12194000000.0,0.0,276000000.0,0.0,0.059,1.46,6854000000.0,7130000000.0,0.293,7130000000.0,6854000000.0,5721000000.0,1.87,1.87,1.87,5192000000.0,4781500000.0,5192000000.0,61896310539.0,9.0,8.681,2599000000.0,1.245,1.0,9188000000.0,0.377,17292000000.0,1133000000.0,23150000000.0,22838500000.0,1803000000.0,9869000000.0,0.0,9869000000.0,32175000000.0,6840000000.0,25335000000.0,51402310539.0,443000000.0,0.0,104000000.0,232000000.0,-2958000000.0,-2583000000.0,259000000.0,312000000.0,2767000000.0,0.0,3905000000.0,3905000000.0,3905000000.0,0.0,2000000.0,0.16,2960000000.0,6228000000.0,529000000.0,0.781,9.9,13.163,13.166,2380000000.0,0.0,24.62,2.11,2.11,85000000.0,23459000000.0,24363000000.0,24363000000.0,0.0,0.106,0.817,0.3,0.281,0.0,2735000000.0,1.0,2087827398.0,2087827398.0,,11.669,20110000000.0,1165000000.0,1816000000.0,8729000000.0,9.632,-859000000.0
43,MO,MRT,2010-09-30,2010-09-30,2010-09-30,2021-08-25,-1369000000.0,37110000000.0,36757750000.0,5506000000.0,31604000000.0,0.665,2.471,-217000000.0,1700000000.0,1700000000.0,15465000000.0,3713000000.0,0.867,6.199,12194000000.0,0.0,12194000000.0,12194000000.0,0.0,281000000.0,0.0,0.059,1.42,6528000000.0,6809000000.0,0.278,6809000000.0,6528000000.0,5389000000.0,1.78,1.78,1.78,5150000000.0,4500750000.0,5150000000.0,61386850710.0,9.0,9.016,2941000000.0,1.411,1.0,8985000000.0,0.367,17296000000.0,1139000000.0,23959000000.0,22416500000.0,1618000000.0,10021000000.0,0.0,10021000000.0,31925000000.0,6349000000.0,25576000000.0,50056850710.0,670000000.0,0.0,121000000.0,232000000.0,-2871000000.0,-2512000000.0,24000000.0,145000000.0,3158000000.0,0.0,3711000000.0,3711000000.0,3711000000.0,0.0,2000000.0,0.152,3050000000.0,5935000000.0,320000000.0,0.798,9.72,13.489,13.494,2422000000.0,0.0,24.02,2.047,2.047,82000000.0,23334000000.0,24450000000.0,24450000000.0,0.0,0.101,0.825,0.291,0.267,0.0,2708000000.0,1.0,2083965475.0,2083965475.0,,11.732,19814000000.0,1264000000.0,1678000000.0,8903000000.0,9.508,-843000000.0
44,MO,MRT,2010-06-30,2010-06-30,2010-06-30,2021-08-25,-1576000000.0,35245000000.0,36450250000.0,4652000000.0,30593000000.0,0.668,2.171,-230000000.0,854000000.0,854000000.0,15554000000.0,3464000000.0,0.838,6.788,12184000000.0,200000000.0,11984000000.0,12184000000.0,0.0,281000000.0,0.0,0.069,1.38,6079000000.0,6360000000.0,0.261,6360000000.0,6079000000.0,4940000000.0,1.67,1.66,1.67,4521000000.0,4143500000.0,4521000000.0,50604622179.0,8.0,7.957,3369000000.0,1.618,1.0,8794000000.0,0.361,17302000000.0,1139000000.0,23722000000.0,22051500000.0,1650000000.0,9810000000.0,0.0,9810000000.0,30689000000.0,5551000000.0,25138000000.0,41734622179.0,310000000.0,0.0,128000000.0,-671000000.0,-2804000000.0,-3406000000.0,117000000.0,312000000.0,3599000000.0,0.0,3462000000.0,3462000000.0,3462000000.0,0.0,2000000.0,0.142,3241000000.0,5553000000.0,277000000.0,0.826,9.231,12.055,12.0,2535000000.0,0.0,20.04,1.714,1.714,90000000.0,22996000000.0,24348000000.0,24348000000.0,0.0,0.095,0.836,0.276,0.25,0.0,2680000000.0,1.0,2082565977.0,2082565977.0,,11.691,17943000000.0,1267000000.0,1478000000.0,8835000000.0,8.616,-899000000.0
45,MO,MRT,2010-03-31,2010-03-31,2010-03-31,2021-08-25,-1491000000.0,37999000000.0,36596250000.0,7038000000.0,30961000000.0,0.677,2.049,-268000000.0,3290000000.0,3290000000.0,15917000000.0,3432000000.0,0.779,7.906,12160000000.0,975000000.0,11185000000.0,12160000000.0,0.0,282000000.0,0.0,0.066,1.35,6331000000.0,6613000000.0,0.267,6613000000.0,6331000000.0,5195000000.0,1.66,1.65,1.66,4263000000.0,3849000000.0,4263000000.0,52781510299.0,8.0,7.981,3173000000.0,1.525,1.0,8876000000.0,0.358,17306000000.0,1136000000.0,20523000000.0,22124250000.0,1813000000.0,9892000000.0,0.0,9892000000.0,33702000000.0,9040000000.0,24662000000.0,42692510299.0,-568000000.0,0.0,110000000.0,-1510000000.0,-2738000000.0,-4143000000.0,134000000.0,369000000.0,3441000000.0,0.0,3430000000.0,3430000000.0,3430000000.0,0.0,2000000.0,0.138,3175000000.0,5701000000.0,311000000.0,0.813,10.015,12.447,12.361,2635000000.0,0.0,20.52,1.722,1.722,170000000.0,22683000000.0,24793000000.0,24793000000.0,0.0,0.094,0.891,0.286,0.255,0.0,2767000000.0,1.0,2080531691.0,2080531691.0,,11.917,20693000000.0,1261000000.0,1765000000.0,9049000000.0,9.946,-2002000000.0
46,MO,MRT,2009-12-31,2009-12-31,2009-12-31,2021-08-25,-1561000000.0,36677000000.0,36760500000.0,5773000000.0,30904000000.0,0.641,1.964,-273000000.0,1871000000.0,1871000000.0,14722000000.0,3208000000.0,0.722,8.005,11960000000.0,775000000.0,11185000000.0,11960000000.0,0.0,291000000.0,0.0,0.067,1.32,6060000000.0,6351000000.0,0.27,6351000000.0,6060000000.0,4875000000.0,1.55,1.54,1.55,4069000000.0,3477750000.0,4069000000.0,51606508231.0,9.0,8.126,3170000000.0,1.53,1.0,8834000000.0,0.375,17312000000.0,1185000000.0,21462000000.0,22422000000.0,1810000000.0,9783000000.0,0.0,9783000000.0,32573000000.0,7992000000.0,24581000000.0,40677508231.0,-6045000000.0,-10244000000.0,89000000.0,3141000000.0,-2693000000.0,276000000.0,-9764000000.0,793000000.0,3443000000.0,0.0,3206000000.0,3206000000.0,3206000000.0,0.0,2000000.0,0.136,3372000000.0,5462000000.0,494000000.0,0.852,9.997,12.688,12.665,2684000000.0,0.0,19.63,1.727,1.727,96000000.0,22599000000.0,23556000000.0,23556000000.0,0.0,0.087,0.922,0.27,0.257,0.0,2843000000.0,1.0,2072211321.0,2072211321.0,,11.368,19365000000.0,1336000000.0,1669000000.0,8881000000.0,9.345,-2219000000.0
47,MO,MRT,2009-09-30,2009-09-30,2009-09-30,2021-08-25,-1834000000.0,35880000000.0,34395000000.0,5008000000.0,30872000000.0,0.645,1.796,-282000000.0,1030000000.0,1030000000.0,13565000000.0,3161000000.0,0.698,8.633,11959000000.0,775000000.0,11184000000.0,11959000000.0,0.0,271000000.0,0.0,0.073,1.3,5824000000.0,6095000000.0,0.275,6095000000.0,5824000000.0,4782000000.0,1.53,1.52,1.53,3721000000.0,3167500000.0,3721000000.0,49198906372.0,8.0,8.072,2698000000.0,1.303,1.0,8631000000.0,0.389,17140000000.0,1042000000.0,22499000000.0,21185250000.0,1762000000.0,9798000000.0,0.0,9798000000.0,32125000000.0,7170000000.0,24955000000.0,36890906372.0,115000000.0,-10244000000.0,146000000.0,9730000000.0,-2648000000.0,6937000000.0,-9802000000.0,781000000.0,2980000000.0,0.0,3160000000.0,3160000000.0,3160000000.0,-1901000000.0,1000000.0,0.142,3371000000.0,5260000000.0,312000000.0,0.85,9.914,11.674,11.641,2774000000.0,0.0,17.81,1.662,1.662,92000000.0,22581000000.0,22196000000.0,22196000000.0,0.0,0.092,0.998,0.275,0.262,0.0,2811000000.0,1.0,2071359145.0,2071359145.0,,10.716,18740000000.0,1501000000.0,1622000000.0,8486000000.0,9.047,-2162000000.0
48,MO,MRT,2009-06-30,2009-06-30,2009-06-30,2021-08-25,-2015000000.0,35829000000.0,30592500000.0,4882000000.0,30947000000.0,0.691,1.617,-268000000.0,544000000.0,544000000.0,12677000000.0,3146000000.0,0.7,9.707,12852000000.0,1168000000.0,11684000000.0,12852000000.0,0.0,252000000.0,0.0,0.078,1.28,5694000000.0,5946000000.0,0.281,5946000000.0,5694000000.0,4906000000.0,1.52,1.52,1.52,3343000000.0,3281750000.0,3343000000.0,43700710597.0,8.0,7.35,3528000000.0,1.706,1.0,8457000000.0,0.4,17147000000.0,788000000.0,24013000000.0,18321750000.0,1881000000.0,9811000000.0,0.0,9811000000.0,32452000000.0,6977000000.0,25475000000.0,33888710597.0,129000000.0,-10244000000.0,89000000.0,8818000000.0,-2584000000.0,6095000000.0,-9762000000.0,808000000.0,3796000000.0,0.0,3145000000.0,3145000000.0,3145000000.0,-1901000000.0,1000000.0,0.149,3262000000.0,5195000000.0,293000000.0,0.842,10.137,10.775,10.783,2824000000.0,0.0,16.39,1.604,1.604,101000000.0,22404000000.0,21134000000.0,21134000000.0,0.0,0.103,0.958,0.311,0.269,0.0,2911000000.0,1.0,2067645552.0,2067645552.0,,10.221,18682000000.0,1561000000.0,1761000000.0,8877000000.0,9.035,-2095000000.0
49,MO,MRT,2009-03-31,2009-03-31,2009-03-31,2021-08-25,-2171000000.0,38656000000.0,26848000000.0,8079000000.0,30577000000.0,0.725,1.345,-239000000.0,3858000000.0,3858000000.0,11457000000.0,3065000000.0,0.841,12.902,13670000000.0,1210000000.0,12460000000.0,13670000000.0,0.0,234000000.0,0.0,0.078,1.25,5290000000.0,5524000000.0,0.284,5524000000.0,5290000000.0,4771000000.0,1.49,1.48,1.49,2778000000.0,3429500000.0,2778000000.0,32658427976.0,6.0,5.912,3084000000.0,1.493,1.0,8012000000.0,0.412,17150000000.0,519000000.0,21714000000.0,15598750000.0,2033000000.0,9400000000.0,0.0,9400000000.0,35843000000.0,9604000000.0,26239000000.0,33100427976.0,-955000000.0,-10244000000.0,-1077000000.0,10356000000.0,-3506000000.0,5518000000.0,-9796000000.0,745000000.0,3323000000.0,0.0,3065000000.0,3065000000.0,3065000000.0,-1901000000.0,0.0,0.157,3152000000.0,4860000000.0,415000000.0,0.839,11.915,10.799,10.752,2844000000.0,0.0,16.02,1.7,1.7,86000000.0,22058000000.0,19469000000.0,19469000000.0,0.0,0.114,0.894,0.339,0.272,0.0,2822000000.0,1.0,2066194006.0,2066194006.0,,9.423,21506000000.0,1751000000.0,1706000000.0,8306000000.0,10.409,-1525000000.0
50,MO,MRT,2008-12-31,2008-12-31,2008-12-31,2021-08-25,-2181000000.0,27215000000.0,23645750000.0,11076000000.0,16139000000.0,0.819,1.373,284000000.0,7916000000.0,7916000000.0,11669000000.0,4991000000.0,1.551,8.623,7474000000.0,135000000.0,7339000000.0,7474000000.0,0.0,215000000.0,0.0,0.112,1.68,6796000000.0,7011000000.0,0.362,7011000000.0,6796000000.0,6629000000.0,2.37,2.36,2.37,2828000000.0,3912000000.0,2828000000.0,30999589166.0,5.0,4.422,5165000000.0,2.507,1.0,7687000000.0,0.397,3116000000.0,167000000.0,16515000000.0,12375750000.0,1069000000.0,9712000000.0,0.0,9712000000.0,24387000000.0,7142000000.0,17245000000.0,31029589166.0,3074000000.0,0.0,-1077000000.0,2681000000.0,-4428000000.0,-2585000000.0,479000000.0,403000000.0,4881000000.0,-126000000.0,4930000000.0,4930000000.0,4930000000.0,-1901000000.0,61000000.0,0.255,2805000000.0,4882000000.0,510000000.0,0.709,10.972,6.294,6.354,2199000000.0,0.0,15.06,1.603,1.603,44000000.0,22131000000.0,19356000000.0,19356000000.0,0.0,0.208,1.26,0.549,0.351,0.0,2753000000.0,1.0,2060397687.0,2060397687.0,,9.394,24099000000.0,1690000000.0,1699000000.0,5093000000.0,11.696,3934000000.0
51,MO,MRT,2008-09-30,2008-09-30,2008-09-30,2021-08-25,-795000000.0,20670000000.0,31278500000.0,3845000000.0,16825000000.0,0.615,2.028,218000000.0,915000000.0,915000000.0,11611000000.0,6851000000.0,0.594,3.947,885000000.0,284000000.0,601000000.0,885000000.0,0.0,220000000.0,0.0,0.106,2.11,8166000000.0,8386000000.0,0.436,8386000000.0,8166000000.0,8124000000.0,3.06,3.06,3.06,4178000000.0,7930500000.0,4178000000.0,43140051949.0,5.0,5.144,6157000000.0,2.989,1.0,7619000000.0,0.396,3122000000.0,42000000.0,11045000000.0,17181000000.0,1060000000.0,9673000000.0,0.0,9673000000.0,16492000000.0,6473000000.0,10019000000.0,40865051949.0,-3206000000.0,-2898000000.0,-1166000000.0,-3908000000.0,-5350000000.0,-7374000000.0,-3784000000.0,512000000.0,5939000000.0,56000000.0,6439000000.0,6439000000.0,6439000000.0,5287000000.0,412000000.0,0.335,2730000000.0,4889000000.0,321000000.0,0.69,9.781,6.346,6.484,2162000000.0,0.0,19.84,2.125,2.125,52000000.0,22113000000.0,19230000000.0,19230000000.0,0.0,0.206,0.812,0.475,0.425,0.0,2785000000.0,1.0,2059730441.0,2059730441.0,,9.336,17548000000.0,0.0,1685000000.0,5881000000.0,8.52,-2628000000.0
52,MO,MRT,2008-06-30,2008-06-30,2008-06-30,2021-08-25,-808000000.0,20851000000.0,39043000000.0,3557000000.0,17294000000.0,0.486,1.878,194000000.0,415000000.0,415000000.0,11507000000.0,8617000000.0,0.517,4.3,2690000000.0,2089000000.0,601000000.0,2690000000.0,0.0,218000000.0,0.0,0.124,2.54,9870000000.0,10088000000.0,0.532,10088000000.0,9870000000.0,9826000000.0,3.89,3.88,3.89,3934000000.0,11195750000.0,3934000000.0,40251478523.0,4.0,3.99,6611000000.0,3.157,1.0,7472000000.0,0.394,3124000000.0,44000000.0,13121000000.0,20591250000.0,1139000000.0,10104000000.0,0.0,10104000000.0,16917000000.0,6881000000.0,10036000000.0,43059478523.0,-2433000000.0,-2898000000.0,-1166000000.0,-2720000000.0,-6204000000.0,-6783000000.0,-4313000000.0,294000000.0,6417000000.0,169000000.0,8205000000.0,8205000000.0,8205000000.0,3554000000.0,412000000.0,0.432,2690000000.0,4782000000.0,271000000.0,0.653,10.945,5.248,5.285,2179000000.0,0.0,20.56,2.269,2.269,121000000.0,21907000000.0,18979000000.0,18979000000.0,0.0,0.21,0.733,0.479,0.52,0.0,2758000000.0,1.0,2094332613.0,2094332613.0,,9.062,17727000000.0,0.0,1621000000.0,6081000000.0,8.464,-3324000000.0
53,MO,MRT,2008-03-31,2008-03-31,2008-03-31,2021-08-25,-810000000.0,25847000000.0,46204000000.0,8635000000.0,17212000000.0,0.407,2.233,160000000.0,4813000000.0,4813000000.0,11384000000.0,9902000000.0,0.778,4.49,2005000000.0,1269000000.0,736000000.0,2005000000.0,0.0,228000000.0,0.0,0.132,2.94,11070000000.0,11298000000.0,0.601,11298000000.0,11070000000.0,10985000000.0,4.49,4.48,4.49,4708000000.0,14259500000.0,4708000000.0,51352283021.0,5.0,4.545,14581000000.0,6.916,1.0,7402000000.0,0.394,3125000000.0,85000000.0,8822000000.0,23769750000.0,1277000000.0,9978000000.0,0.0,9978000000.0,21139000000.0,11092000000.0,10047000000.0,46804283021.0,3995000000.0,-2898000000.0,0.0,-3441000000.0,-6430000000.0,-6297000000.0,-4475000000.0,409000000.0,14421000000.0,206000000.0,9490000000.0,9490000000.0,9490000000.0,2054000000.0,412000000.0,0.505,2935000000.0,4467000000.0,321000000.0,0.655,9.941,4.932,4.944,2207000000.0,0.0,22.2,2.491,2.491,167000000.0,21575000000.0,18786000000.0,18786000000.0,0.0,0.205,0.666,0.466,0.589,0.0,2783000000.0,1.0,2108301037.0,2108301037.0,,8.91,22722000000.0,0.0,1495000000.0,7112000000.0,10.777,-2457000000.0
54,MO,MRT,2007-12-31,2007-12-31,2007-12-31,2021-08-25,111000000.0,57746000000.0,50894500000.0,22890000000.0,34856000000.0,0.367,8.974,-386000000.0,4842000000.0,4842000000.0,11279000000.0,10137000000.0,1.219,2.055,4739000000.0,2354000000.0,2385000000.0,4739000000.0,0.0,232000000.0,0.0,0.04,3.05,11538000000.0,11770000000.0,0.631,11770000000.0,11538000000.0,11333000000.0,4.64,4.62,4.64,18902000000.0,16710000000.0,18902000000.0,159911662426.0,14.0,13.586,9930000000.0,4.714,1.0,7385000000.0,0.396,3125000000.0,205000000.0,35736000000.0,29521500000.0,1254000000.0,10524000000.0,0.0,10524000000.0,38844000000.0,18782000000.0,20062000000.0,159195662426.0,1737000000.0,-2898000000.0,0.0,-1115000000.0,-6652000000.0,-3679000000.0,-5255000000.0,486000000.0,10316000000.0,347000000.0,9786000000.0,9786000000.0,9786000000.0,0.0,351000000.0,0.524,3012000000.0,4373000000.0,868000000.0,0.657,8.422,16.268,16.289,2422000000.0,0.0,75.58,8.53,8.53,83000000.0,34426000000.0,18664000000.0,18664000000.0,0.0,0.192,0.586,0.391,0.618,0.0,2784000000.0,1.0,2106319958.0,2106319958.0,,8.861,54621000000.0,1713000000.0,1547000000.0,6320000000.0,25.932,4108000000.0
55,MO,MRT,2007-09-30,2007-09-30,2007-09-30,2021-08-25,-836000000.0,51728000000.0,62525500000.0,20747000000.0,30981000000.0,-0.289,8.189,205000000.0,7309000000.0,7309000000.0,-15839000000.0,10557000000.0,1.081,2.001,8025000000.0,4485000000.0,3540000000.0,8025000000.0,0.0,-256000000.0,0.0,0.045,3.16,10937000000.0,10681000000.0,-0.59,10681000000.0,10937000000.0,10847000000.0,5.04,4.99,5.04,17239000000.0,21889250000.0,17239000000.0,148527183161.0,14.0,13.906,10932000000.0,5.193,1.0,-2259000000.0,0.125,8574000000.0,90000000.0,24686000000.0,39198000000.0,8932000000.0,10287000000.0,0.0,10287000000.0,34489000000.0,19184000000.0,15305000000.0,146375183161.0,290000000.0,-85000000.0,0.0,927000000.0,-6872000000.0,-7848000000.0,-1225000000.0,381000000.0,10727000000.0,115000000.0,10557000000.0,10557000000.0,10557000000.0,-11987000000.0,0.0,-0.583,-502000000.0,-1757000000.0,1166000000.0,0.627,8.491,13.865,13.796,8074000000.0,0.0,69.53,-8.088,-8.088,2523000000.0,33822000000.0,-18098000000.0,-18098000000.0,0.0,0.169,0.482,0.279,-0.604,0.0,-531000000.0,1.0,2105209020.0,2105209020.0,,-8.597,43154000000.0,0.0,290000000.0,11945000000.0,20.499,1563000000.0
56,MO,MRT,2007-06-30,2007-06-30,2007-06-30,2021-08-25,-767000000.0,49495000000.0,76538250000.0,18496000000.0,30999000000.0,-0.071,7.697,-64000000.0,6156000000.0,6156000000.0,-6611000000.0,10799000000.0,1.083,2.057,8308000000.0,4004000000.0,4304000000.0,8308000000.0,0.0,-71000000.0,0.0,0.047,3.27,11909000000.0,11838000000.0,-2.175,11838000000.0,11909000000.0,11787000000.0,5.16,5.12,5.16,16189000000.0,27877000000.0,16189000000.0,153863692326.0,13.0,12.997,11524000000.0,5.479,1.0,1168000000.0,-0.215,8732000000.0,122000000.0,25835000000.0,45373750000.0,8263000000.0,10348000000.0,0.0,10348000000.0,33306000000.0,17080000000.0,16226000000.0,147521692326.0,-1154000000.0,-10000000.0,0.0,-349000000.0,-7092000000.0,-10280000000.0,-644000000.0,495000000.0,11588000000.0,29000000.0,10799000000.0,10799000000.0,10799000000.0,-10915000000.0,0.0,-1.984,791000000.0,377000000.0,1072000000.0,0.634,9.112,13.661,13.593,7880000000.0,0.0,70.14,-27.103,-27.103,2525000000.0,32770000000.0,-5443000000.0,-5443000000.0,0.0,0.141,0.387,0.262,-2.188,0.0,694000000.0,1.0,2103246255.0,2103246255.0,,-2.588,40763000000.0,0.0,988000000.0,11939000000.0,19.381,1416000000.0
57,MO,MRT,2007-03-31,2007-03-31,2007-03-31,2021-08-25,-1544000000.0,44609000000.0,90855500000.0,14657000000.0,29952000000.0,0.075,6.914,-243000000.0,2189000000.0,2189000000.0,2322000000.0,11295000000.0,1.38,2.074,8531000000.0,579000000.0,7952000000.0,8531000000.0,0.0,88000000.0,0.0,0.038,3.38,13091000000.0,13179000000.0,1.925,13179000000.0,13091000000.0,12909000000.0,5.4,5.36,5.4,14510000000.0,33752500000.0,14510000000.0,197956377482.0,15.0,15.021,13530000000.0,6.447,1.0,4524000000.0,0.661,8500000000.0,182000000.0,31829000000.0,52221750000.0,8562000000.0,10225000000.0,0.0,10225000000.0,30099000000.0,10622000000.0,19477000000.0,184277377482.0,-197000000.0,-10000000.0,0.0,-2665000000.0,-6953000000.0,-13078000000.0,-908000000.0,386000000.0,13773000000.0,43000000.0,11295000000.0,11295000000.0,11295000000.0,-10014000000.0,0.0,1.65,1948000000.0,2576000000.0,1074000000.0,0.626,12.7,16.315,16.261,7719000000.0,0.0,87.81,26.918,26.918,2725000000.0,32010000000.0,6846000000.0,6846000000.0,0.0,0.124,0.335,0.251,1.912,0.0,1929000000.0,1.0,2098592159.0,2098592159.0,,3.262,36109000000.0,0.0,1614000000.0,9808000000.0,17.206,4035000000.0
58,MO,MRT,2006-12-31,2006-12-31,2006-12-31,2021-08-25,-3808000000.0,104270000000.0,105906750000.0,26152000000.0,78118000000.0,0.177,18.903,-399000000.0,4781000000.0,4781000000.0,11004000000.0,12022000000.0,1.029,1.632,8485000000.0,1068000000.0,7417000000.0,8485000000.0,0.0,255000000.0,0.0,0.039,3.32,13818000000.0,14073000000.0,0.749,14073000000.0,13818000000.0,13593000000.0,5.76,5.71,5.76,39619000000.0,39661000000.0,39619000000.0,193809470689.0,14.0,13.772,13187000000.0,6.292,1.0,7786000000.0,0.414,8105000000.0,225000000.0,74442000000.0,58899000000.0,8680000000.0,10414000000.0,0.0,10414000000.0,64651000000.0,25427000000.0,39224000000.0,179868470689.0,-1628000000.0,0.0,0.0,-3066000000.0,-6815000000.0,-14366000000.0,-618000000.0,357000000.0,13586000000.0,34000000.0,12022000000.0,12022000000.0,12022000000.0,-8840000000.0,0.0,0.64,3268000000.0,4518000000.0,1414000000.0,0.576,4.54,14.962,14.899,7581000000.0,0.0,85.82,9.573,9.573,2808000000.0,59879000000.0,18790000000.0,18790000000.0,0.0,0.114,0.303,0.235,0.735,0.0,3113000000.0,1.0,2095880572.0,2095880572.0,,8.965,96165000000.0,0.0,1571000000.0,11323000000.0,45.883,725000000.0
59,MO,MRT,2006-09-30,2006-09-30,2006-09-30,2021-08-25,-917000000.0,107779000000.0,106826500000.0,26199000000.0,81580000000.0,0.388,19.676,-360000000.0,5695000000.0,5695000000.0,30069000000.0,11352000000.0,0.959,1.617,19636000000.0,6415000000.0,13221000000.0,19636000000.0,0.0,258000000.0,0.0,0.043,3.26,13659000000.0,13917000000.0,0.336,13917000000.0,13659000000.0,13720000000.0,5.44,5.4,5.44,41190000000.0,38683000000.0,41190000000.0,176252017530.0,13.0,12.665,13889000000.0,6.634,1.0,11332000000.0,0.274,45010000000.0,-61000000.0,49389000000.0,54351500000.0,11765000000.0,6732000000.0,0.0,6732000000.0,66589000000.0,27321000000.0,39268000000.0,160254017530.0,-873000000.0,-1602000000.0,0.0,-4065000000.0,-6676000000.0,-13814000000.0,-967000000.0,369000000.0,14249000000.0,6000000.0,11352000000.0,11352000000.0,11352000000.0,-4638000000.0,0.0,0.274,2811000000.0,8521000000.0,3589000000.0,0.599,3.891,14.117,14.072,17043000000.0,0.0,76.55,3.871,3.871,5826000000.0,58724000000.0,41401000000.0,41401000000.0,0.0,0.106,0.293,0.251,0.33,0.0,2550000000.0,1.0,2093455487.0,2093455487.0,,19.776,62769000000.0,0.0,2368000000.0,18312000000.0,29.983,-1122000000.0
60,MO,MRT,2006-06-30,2006-06-30,2006-06-30,2021-08-25,-1041000000.0,106764000000.0,106404250000.0,25431000000.0,81333000000.0,0.458,19.008,-618000000.0,5613000000.0,5613000000.0,34556000000.0,11360000000.0,1.01,1.69,21611000000.0,6116000000.0,15495000000.0,21611000000.0,0.0,429000000.0,0.0,0.044,3.2,13887000000.0,14316000000.0,0.294,14316000000.0,13887000000.0,13701000000.0,5.46,5.4,5.46,39691000000.0,37012000000.0,39691000000.0,174284088729.0,13.0,12.174,12493000000.0,5.983,1.0,14165000000.0,0.291,44348000000.0,186000000.0,53227000000.0,56111000000.0,11139000000.0,6837000000.0,0.0,6837000000.0,67073000000.0,25187000000.0,41886000000.0,153331088729.0,-3006000000.0,-1667000000.0,0.0,-5144000000.0,-6517000000.0,-14292000000.0,-1664000000.0,358000000.0,13111000000.0,-62000000.0,11360000000.0,11360000000.0,11360000000.0,-3977000000.0,0.0,0.233,4685000000.0,9480000000.0,3176000000.0,0.586,3.863,13.497,13.449,16876000000.0,0.0,73.43,3.147,3.147,5808000000.0,57653000000.0,48721000000.0,48721000000.0,0.0,0.107,0.307,0.247,0.285,0.0,4208000000.0,1.0,2088125953.0,2088125953.0,,23.332,62416000000.0,0.0,2341000000.0,19078000000.0,29.891,244000000.0
61,MO,MRT,2006-03-31,2006-03-31,2006-03-31,2021-08-25,-1361000000.0,104814000000.0,106764500000.0,22124000000.0,82690000000.0,0.528,18.277,-902000000.0,2491000000.0,2491000000.0,39296000000.0,11316000000.0,0.946,1.748,23444000000.0,7386000000.0,16058000000.0,23444000000.0,0.0,619000000.0,0.0,0.044,3.13,14195000000.0,14814000000.0,0.263,14814000000.0,14195000000.0,13808000000.0,5.45,5.39,5.45,38144000000.0,35436250000.0,38144000000.0,165757360544.0,12.0,11.189,9950000000.0,4.768,1.0,17059000000.0,0.303,43835000000.0,387000000.0,58538000000.0,56801500000.0,11580000000.0,6935000000.0,0.0,6935000000.0,66670000000.0,23394000000.0,43276000000.0,147881360544.0,-1702000000.0,-3589000000.0,0.0,-78000000.0,-6355000000.0,-8727000000.0,-3333000000.0,617000000.0,10852000000.0,-512000000.0,11316000000.0,11316000000.0,11316000000.0,-3133000000.0,0.0,0.201,6334000000.0,10725000000.0,3098000000.0,0.574,3.877,13.068,13.002,16719000000.0,0.0,70.86,2.624,2.624,5324000000.0,56617000000.0,56355000000.0,56355000000.0,0.0,0.106,0.319,0.25,0.252,0.0,5942000000.0,1.0,2086951179.0,2086951179.0,,27.004,60979000000.0,0.0,2492000000.0,18105000000.0,29.219,-1270000000.0
62,MO,MRT,2005-12-31,2005-12-31,2005-12-31,2021-08-25,-1853000000.0,107949000000.0,106131000000.0,25781000000.0,82168000000.0,0.601,17.147,-1035000000.0,6258000000.0,6258000000.0,43853000000.0,10435000000.0,0.986,2.023,24134000000.0,6266000000.0,17868000000.0,24134000000.0,0.0,796000000.0,0.0,0.041,3.06,14365000000.0,15161000000.0,0.238,15161000000.0,14365000000.0,13844000000.0,5.04,4.99,5.04,35707000000.0,34002500000.0,35707000000.0,174119605927.0,12.0,11.485,10025000000.0,4.814,1.0,19888000000.0,0.312,43415000000.0,521000000.0,56252000000.0,57477000000.0,10584000000.0,7189000000.0,0.0,7189000000.0,72242000000.0,26158000000.0,46084000000.0,155594605927.0,480000000.0,-4932000000.0,0.0,3115000000.0,-6191000000.0,-5134000000.0,-4885000000.0,476000000.0,11060000000.0,-523000000.0,10435000000.0,10435000000.0,10435000000.0,-2265000000.0,0.0,0.164,8048000000.0,11840000000.0,3645000000.0,0.607,4.358,14.911,14.825,16678000000.0,0.0,74.72,2.441,2.441,5361000000.0,54666000000.0,63741000000.0,63741000000.0,0.0,0.098,0.307,0.25,0.225,0.0,7664000000.0,1.0,2082368923.0,2082368923.0,,30.61,64534000000.0,0.0,3409000000.0,18493000000.0,30.991,-377000000.0
63,MO,MRT,2005-09-30,2005-09-30,2005-09-30,2021-08-25,-1848000000.0,106090000000.0,104555750000.0,25522000000.0,80568000000.0,0.916,16.626,-2204000000.0,6195000000.0,6195000000.0,64204000000.0,10093000000.0,1.021,2.075,24720000000.0,5567000000.0,19153000000.0,24720000000.0,0.0,1661000000.0,0.0,0.041,2.99,15993000000.0,17654000000.0,0.184,17654000000.0,15993000000.0,14795000000.0,4.89,4.84,4.89,34506000000.0,32754250000.0,34506000000.0,172275789453.0,11.0,9.758,7838000000.0,3.777,1.0,31540000000.0,0.329,43197000000.0,1198000000.0,56427000000.0,57491500000.0,10918000000.0,7210000000.0,0.0,7210000000.0,71584000000.0,24991000000.0,46593000000.0,152978789453.0,-474000000.0,-3240000000.0,0.0,815000000.0,-6026000000.0,-5606000000.0,-4900000000.0,485000000.0,10042000000.0,-10000000.0,10093000000.0,10093000000.0,10093000000.0,276000000.0,0.0,0.105,15130000000.0,16410000000.0,3279000000.0,0.611,4.433,15.157,15.074,16318000000.0,0.0,73.71,1.598,1.598,5503000000.0,54012000000.0,95744000000.0,95744000000.0,0.0,0.097,0.308,0.278,0.167,0.0,14369000000.0,1.0,2075414319.0,2075414319.0,,46.132,62893000000.0,0.0,4702000000.0,17343000000.0,30.304,531000000.0
64,MO,MRT,2005-06-30,2005-06-30,2005-06-30,2021-08-25,-1466000000.0,108205000000.0,103094250000.0,27508000000.0,80697000000.0,0.906,16.122,-2090000000.0,8499000000.0,8499000000.0,62564000000.0,9858000000.0,0.98,2.241,27796000000.0,8762000000.0,19034000000.0,27796000000.0,0.0,1652000000.0,0.0,0.045,2.92,15929000000.0,17581000000.0,0.188,17581000000.0,15929000000.0,14749000000.0,4.79,4.75,4.79,33388000000.0,31398500000.0,33388000000.0,154892826088.0,10.0,8.81,9500000000.0,4.587,1.0,30833000000.0,0.33,43438000000.0,1180000000.0,55989000000.0,57022750000.0,10867000000.0,7500000000.0,0.0,7500000000.0,74817000000.0,28075000000.0,46742000000.0,133907826088.0,3468000000.0,-3245000000.0,0.0,2740000000.0,-5907000000.0,-3539000000.0,-4650000000.0,580000000.0,11590000000.0,67000000.0,9858000000.0,9858000000.0,9858000000.0,265000000.0,0.0,0.106,14601000000.0,16232000000.0,3153000000.0,0.61,4.011,13.584,13.499,16247000000.0,0.0,64.66,1.434,1.434,5737000000.0,52759000000.0,93397000000.0,93397000000.0,0.0,0.096,0.314,0.279,0.171,0.0,14052000000.0,1.0,2070953079.0,2070953079.0,,45.099,64767000000.0,0.0,4891000000.0,18659000000.0,31.274,-567000000.0
65,MO,MRT,2005-03-31,2005-03-31,2005-03-31,2021-08-25,-1038000000.0,102280000000.0,100523250000.0,23976000000.0,78304000000.0,0.91,15.669,-1942000000.0,4208000000.0,4208000000.0,61104000000.0,9818000000.0,1.045,2.156,25193000000.0,6969000000.0,18224000000.0,25193000000.0,0.0,1630000000.0,0.0,0.044,2.87,15626000000.0,17256000000.0,0.189,17256000000.0,15626000000.0,14469000000.0,4.79,4.74,4.79,32409000000.0,29995250000.0,32409000000.0,152482185454.0,10.0,8.836,8176000000.0,3.953,1.0,30403000000.0,0.332,39080000000.0,1157000000.0,61240000000.0,57266000000.0,10124000000.0,7756000000.0,0.0,7756000000.0,69871000000.0,22945000000.0,46926000000.0,135246185454.0,1004000000.0,-1342000000.0,0.0,-430000000.0,-5790000000.0,-6805000000.0,-2696000000.0,520000000.0,10118000000.0,387000000.0,9818000000.0,9818000000.0,9818000000.0,1000000.0,0.0,0.107,14759000000.0,15644000000.0,3072000000.0,0.599,4.173,13.775,13.651,16187000000.0,0.0,65.39,1.478,1.478,6080000000.0,51573000000.0,91507000000.0,91507000000.0,0.0,0.098,0.327,0.273,0.171,0.0,13862000000.0,1.0,2068300741.0,2068300741.0,,44.243,63200000000.0,0.0,4651000000.0,16687000000.0,30.556,1031000000.0
66,MO,MRT,2004-12-31,2004-12-31,2004-12-31,2021-08-25,-1141000000.0,101648000000.0,98844500000.0,25901000000.0,75747000000.0,0.907,14.964,-1913000000.0,5744000000.0,5744000000.0,59606000000.0,9416000000.0,1.099,2.31,23092000000.0,4297000000.0,18795000000.0,23092000000.0,0.0,1607000000.0,0.0,0.046,2.82,15132000000.0,16739000000.0,0.187,16739000000.0,15132000000.0,13956000000.0,4.6,4.56,4.6,30714000000.0,28603000000.0,30714000000.0,142626604945.0,9.0,8.521,8977000000.0,4.374,1.0,30004000000.0,0.335,39112000000.0,1176000000.0,56310000000.0,56769000000.0,10041000000.0,7827000000.0,0.0,7827000000.0,70934000000.0,23574000000.0,47360000000.0,125412604945.0,1967000000.0,-161000000.0,0.0,-2040000000.0,-5672000000.0,-7982000000.0,-1416000000.0,644000000.0,10890000000.0,475000000.0,9416000000.0,9416000000.0,9416000000.0,4000000.0,0.0,0.105,14824000000.0,15180000000.0,3466000000.0,0.613,4.083,13.319,13.283,16305000000.0,0.0,61.1,1.4,1.4,5754000000.0,50595000000.0,89610000000.0,89610000000.0,0.0,0.095,0.329,0.267,0.169,0.0,13665000000.0,1.0,2052579459.0,2052579459.0,,43.657,62536000000.0,0.0,4540000000.0,18063000000.0,30.467,2327000000.0
67,MO,MRT,2004-09-30,2004-09-30,2004-09-30,2021-08-25,-1975000000.0,100244000000.0,97476250000.0,24298000000.0,75946000000.0,0.897,14.175,-1819000000.0,6669000000.0,6669000000.0,57937000000.0,9560000000.0,1.057,2.447,23883000000.0,4303000000.0,19580000000.0,23883000000.0,0.0,1559000000.0,0.0,0.059,2.77,15268000000.0,16827000000.0,0.193,16827000000.0,15268000000.0,14080000000.0,4.68,4.64,4.68,29083000000.0,27193750000.0,29083000000.0,116368845507.0,8.0,6.916,8900000000.0,4.338,1.0,29472000000.0,0.337,39913000000.0,1188000000.0,54552000000.0,56691250000.0,9647000000.0,7984000000.0,0.0,7984000000.0,71161000000.0,22993000000.0,48168000000.0,96515845507.0,621000000.0,-528000000.0,0.0,-3169000000.0,-5553000000.0,-8916000000.0,-1527000000.0,748000000.0,10719000000.0,345000000.0,9560000000.0,9560000000.0,9560000000.0,-122000000.0,0.0,0.109,14259000000.0,15213000000.0,2926000000.0,0.592,3.319,10.096,10.051,15832000000.0,0.0,47.04,1.104,1.104,5492000000.0,50124000000.0,87409000000.0,87409000000.0,0.0,0.098,0.352,0.269,0.175,0.0,13307000000.0,1.0,2051782430.0,2051782430.0,,42.601,60331000000.0,0.0,4520000000.0,17958000000.0,29.404,1305000000.0
68,MO,MRT,2004-06-30,2004-06-30,2004-06-30,2021-08-25,-2125000000.0,97921000000.0,96021750000.0,22147000000.0,75774000000.0,0.893,13.543,-1790000000.0,5031000000.0,5031000000.0,56376000000.0,9402000000.0,1.052,2.526,24884000000.0,4325000000.0,20559000000.0,24884000000.0,0.0,1532000000.0,0.0,0.054,2.72,15189000000.0,16721000000.0,0.195,16721000000.0,15189000000.0,13988000000.0,4.62,4.59,4.62,27775000000.0,25630250000.0,27775000000.0,124831673634.0,8.0,7.466,9240000000.0,4.506,1.0,29357000000.0,0.342,39758000000.0,1201000000.0,56962000000.0,56408750000.0,9216000000.0,8055000000.0,0.0,8055000000.0,70146000000.0,21054000000.0,49092000000.0,102642673634.0,199000000.0,-1033000000.0,0.0,-3783000000.0,-5456000000.0,-9206000000.0,-1722000000.0,799000000.0,11030000000.0,97000000.0,9402000000.0,9402000000.0,9402000000.0,-111000000.0,0.0,0.11,14058000000.0,15299000000.0,2877000000.0,0.589,3.696,10.917,10.833,15773000000.0,0.0,50.05,1.197,1.197,5672000000.0,48950000000.0,85733000000.0,85733000000.0,0.0,0.098,0.367,0.269,0.177,0.0,13172000000.0,1.0,2050802670.0,2050802670.0,,41.805,58163000000.0,0.0,4586000000.0,17328000000.0,28.361,1093000000.0
69,MO,MRT,2004-03-31,2004-03-31,2004-03-31,2021-08-25,-1711000000.0,95565000000.0,95079500000.0,20319000000.0,75246000000.0,0.88,13.114,-1877000000.0,3204000000.0,3204000000.0,54578000000.0,9212000000.0,1.079,2.561,25393000000.0,4022000000.0,21371000000.0,25393000000.0,0.0,1483000000.0,0.0,0.05,2.72,15395000000.0,16878000000.0,0.202,16878000000.0,15395000000.0,14228000000.0,4.53,4.52,4.53,26840000000.0,24246000000.0,26840000000.0,132203578223.0,9.0,7.833,7055000000.0,3.447,1.0,29092000000.0,0.348,39679000000.0,1167000000.0,59252000000.0,56239750000.0,9543000000.0,8188000000.0,0.0,8188000000.0,68725000000.0,18823000000.0,49902000000.0,111441578223.0,1813000000.0,-1092000000.0,0.0,40000000.0,-5361000000.0,-5103000000.0,-2351000000.0,580000000.0,8932000000.0,335000000.0,9212000000.0,9212000000.0,9212000000.0,-92000000.0,0.0,0.11,13485000000.0,15607000000.0,2780000000.0,0.6,4.152,12.097,12.02,16009000000.0,0.0,54.45,1.332,1.332,5592000000.0,47696000000.0,83670000000.0,83670000000.0,0.0,0.097,0.38,0.274,0.184,0.0,12830000000.0,1.0,2046677286.0,2046677286.0,,40.881,55886000000.0,0.0,5016000000.0,16290000000.0,27.306,1496000000.0
70,MO,MRT,2003-12-31,2003-12-31,2003-12-31,2021-08-25,-2125000000.0,96175000000.0,93663250000.0,21382000000.0,74793000000.0,0.868,12.346,-1974000000.0,3777000000.0,3777000000.0,52701000000.0,9204000000.0,0.999,2.835,24539000000.0,3376000000.0,21163000000.0,24539000000.0,0.0,1440000000.0,0.0,0.049,2.68,15451000000.0,16891000000.0,0.208,16891000000.0,15451000000.0,14301000000.0,4.54,4.52,4.54,25077000000.0,22573250000.0,25077000000.0,131212407341.0,8.0,7.768,8842000000.0,4.353,1.0,28619000000.0,0.352,39545000000.0,1150000000.0,55999000000.0,55273250000.0,9540000000.0,8393000000.0,0.0,8393000000.0,71098000000.0,21393000000.0,49705000000.0,110536407341.0,3212000000.0,-945000000.0,-777000000.0,640000000.0,-5285000000.0,-5459000000.0,-2427000000.0,507000000.0,10816000000.0,282000000.0,9204000000.0,9204000000.0,9204000000.0,-83000000.0,0.0,0.113,12860000000.0,15759000000.0,3198000000.0,0.59,4.408,12.01,11.987,16067000000.0,0.0,54.42,1.359,1.359,5256000000.0,47008000000.0,81320000000.0,81320000000.0,0.0,0.098,0.408,0.28,0.19,0.0,12525000000.0,1.0,2031172498.0,2031172498.0,,40.036,56630000000.0,0.0,5097000000.0,16751000000.0,27.88,-11000000.0
71,MO,MRT,2003-09-30,2003-09-30,2003-09-30,2021-08-25,-3369000000.0,94426000000.0,91504500000.0,22859000000.0,71567000000.0,0.868,11.249,-2013000000.0,6048000000.0,6048000000.0,51418000000.0,8881000000.0,0.989,3.136,26724000000.0,5937000000.0,20787000000.0,26724000000.0,0.0,1405000000.0,0.0,0.06,2.64,14975000000.0,16380000000.0,0.206,16380000000.0,14975000000.0,13875000000.0,4.38,4.37,4.38,22829000000.0,21173500000.0,22829000000.0,112560997114.0,8.0,6.872,7567000000.0,3.729,1.0,28022000000.0,0.353,38558000000.0,1100000000.0,53422000000.0,54609000000.0,9152000000.0,8464000000.0,0.0,8464000000.0,71597000000.0,23122000000.0,48475000000.0,88891997114.0,5593000000.0,-463000000.0,-2452000000.0,6582000000.0,-5244000000.0,-1340000000.0,-2656000000.0,410000000.0,9580000000.0,9000000.0,8881000000.0,8881000000.0,8881000000.0,-81000000.0,0.0,0.112,12649000000.0,15373000000.0,2639000000.0,0.603,3.894,10.009,10.0,15377000000.0,0.0,43.8,1.119,1.119,5161000000.0,46290000000.0,79440000000.0,79440000000.0,0.0,0.097,0.419,0.274,0.189,0.0,12237000000.0,1.0,2029497651.0,2029497651.0,,39.143,55868000000.0,0.0,4994000000.0,15908000000.0,27.528,-263000000.0
72,MO,MRT,2003-06-30,2003-06-30,2003-06-30,2021-08-25,-2796000000.0,94152000000.0,89394250000.0,22229000000.0,71923000000.0,0.878,10.983,-2074000000.0,4832000000.0,4832000000.0,50313000000.0,10750000000.0,0.963,3.234,28501000000.0,7097000000.0,21404000000.0,28501000000.0,0.0,1347000000.0,0.0,0.057,2.6,17930000000.0,19277000000.0,0.246,19277000000.0,17930000000.0,16852000000.0,5.22,5.18,5.22,22238000000.0,20802500000.0,22238000000.0,115456880279.0,6.0,5.989,6954000000.0,3.434,1.0,28184000000.0,0.359,38440000000.0,1078000000.0,56286000000.0,53255250000.0,9482000000.0,8993000000.0,0.0,8993000000.0,71914000000.0,23095000000.0,48819000000.0,92008880279.0,3452000000.0,-23000000.0,-4777000000.0,7545000000.0,-5182000000.0,-2749000000.0,-3062000000.0,203000000.0,9028000000.0,235000000.0,10750000000.0,10750000000.0,10750000000.0,-81000000.0,0.0,0.137,12476000000.0,15708000000.0,2650000000.0,0.498,4.137,8.559,8.705,15621000000.0,0.0,45.44,1.172,1.172,5596000000.0,45167000000.0,78497000000.0,78497000000.0,0.0,0.12,0.517,0.337,0.228,0.0,12042000000.0,1.0,2024843316.0,2024843316.0,,38.767,55712000000.0,0.0,6102000000.0,15483000000.0,27.514,-866000000.0
73,MO,MRT,2003-03-31,2003-03-31,2003-03-31,2021-08-25,-3614000000.0,89900000000.0,87402000000.0,19191000000.0,70709000000.0,0.901,9.909,-2068000000.0,1391000000.0,1391000000.0,50062000000.0,10923000000.0,0.967,3.462,24839000000.0,1931000000.0,22908000000.0,24839000000.0,0.0,1338000000.0,0.0,0.083,2.5,18300000000.0,19638000000.0,0.249,19638000000.0,18300000000.0,17176000000.0,5.24,5.19,5.24,20149000000.0,20378250000.0,20149000000.0,83677444822.0,5.0,4.261,9617000000.0,4.729,1.0,28707000000.0,0.364,38109000000.0,1124000000.0,55386000000.0,51373500000.0,9447000000.0,8751000000.0,0.0,8751000000.0,69751000000.0,19853000000.0,49898000000.0,60922444822.0,1008000000.0,50000000.0,-5910000000.0,2794000000.0,-5129000000.0,-8241000000.0,-2625000000.0,335000000.0,11685000000.0,189000000.0,10923000000.0,10923000000.0,10923000000.0,-81000000.0,0.0,0.139,12566000000.0,16141000000.0,2726000000.0,0.477,3.024,5.577,5.718,15101000000.0,0.0,29.96,0.773,0.773,5465000000.0,44016000000.0,78769000000.0,78769000000.0,0.0,0.125,0.536,0.356,0.232,0.0,12207000000.0,1.0,2033459440.0,2033459440.0,,38.736,51791000000.0,0.0,6253000000.0,15758000000.0,25.469,-662000000.0
74,MO,MRT,2002-12-31,2002-12-31,2002-12-31,2021-08-25,-3956000000.0,87540000000.0,85813000000.0,17441000000.0,70099000000.0,0.931,9.416,-2009000000.0,565000000.0,565000000.0,50717000000.0,11102000000.0,0.914,3.494,23320000000.0,1965000000.0,21355000000.0,23320000000.0,0.0,1331000000.0,0.0,0.06,2.44,18604000000.0,19935000000.0,0.249,19935000000.0,18604000000.0,17470000000.0,5.26,5.21,5.26,19478000000.0,20261500000.0,19478000000.0,103076544313.0,6.0,5.171,8603000000.0,4.159,1.0,29216000000.0,0.366,37871000000.0,1134000000.0,53342000000.0,50288000000.0,9127000000.0,9075000000.0,0.0,9075000000.0,68062000000.0,19082000000.0,48980000000.0,83841544313.0,112000000.0,74000000.0,-6220000000.0,2756000000.0,-5068000000.0,-8165000000.0,-2471000000.0,360000000.0,10612000000.0,136000000.0,11102000000.0,11102000000.0,11102000000.0,-81000000.0,0.0,0.139,12768000000.0,16448000000.0,3088000000.0,0.464,4.304,7.552,7.705,14846000000.0,0.0,40.53,1.049,1.049,5139000000.0,43259000000.0,79933000000.0,79933000000.0,0.0,0.129,0.548,0.37,0.233,0.0,12217000000.0,1.0,2068629270.0,2068629270.0,,38.641,49669000000.0,0.0,6368000000.0,14471000000.0,24.011,-1641000000.0
75,MO,MRT,2002-09-30,2002-09-30,2002-09-30,2021-08-25,-3276000000.0,85985000000.0,85170000000.0,17111000000.0,68874000000.0,0.875,10.098,-2052000000.0,455000000.0,455000000.0,51780000000.0,11498000000.0,0.871,3.028,19690000000.0,1304000000.0,18386000000.0,19690000000.0,0.0,1589000000.0,0.0,0.061,2.38,19391000000.0,20980000000.0,0.281,20980000000.0,19391000000.0,18257000000.0,5.39,5.33,5.39,21345000000.0,20297000000.0,21345000000.0,102985594603.0,5.0,4.909,8891000000.0,4.206,1.0,22782000000.0,0.306,37568000000.0,1134000000.0,48007000000.0,49184500000.0,9331000000.0,8590000000.0,0.0,8590000000.0,64640000000.0,19645000000.0,44995000000.0,82017594603.0,-4000000.0,-121000000.0,-8505000000.0,1604000000.0,-8498000000.0,-8371000000.0,-2629000000.0,355000000.0,10943000000.0,53000000.0,11498000000.0,11498000000.0,11498000000.0,0.0,0.0,0.154,5513000000.0,17269000000.0,2739000000.0,0.442,3.842,7.133,7.199,14563000000.0,0.0,38.8,1.1,1.1,5030000000.0,42796000000.0,74562000000.0,74562000000.0,0.0,0.135,0.566,0.394,0.26,0.0,4309000000.0,1.0,2113855531.0,2113855531.0,,35.273,48417000000.0,0.0,6759000000.0,14836000000.0,22.905,-2534000000.0
76,MO,MRT,2002-06-30,2002-06-30,2002-06-30,2021-08-25,-3265000000.0,86183000000.0,83758500000.0,18153000000.0,68030000000.0,0.893,9.601,-1966000000.0,1380000000.0,1380000000.0,51997000000.0,9467000000.0,0.885,3.196,22348000000.0,3681000000.0,18667000000.0,22348000000.0,0.0,1838000000.0,0.0,0.04,1.74,16388000000.0,18226000000.0,0.244,18226000000.0,16388000000.0,15257000000.0,4.39,4.35,4.39,20541000000.0,19931000000.0,20541000000.0,116354720161.0,7.0,6.384,8037000000.0,3.756,1.0,22818000000.0,0.305,37879000000.0,1131000000.0,48759000000.0,56026750000.0,9087000000.0,8381000000.0,0.0,8381000000.0,65642000000.0,20513000000.0,45129000000.0,93455720161.0,985000000.0,-71000000.0,-6180000000.0,1630000000.0,-7262000000.0,-6836000000.0,-2258000000.0,401000000.0,10003000000.0,76000000.0,9467000000.0,9467000000.0,9467000000.0,0.0,0.0,0.127,5900000000.0,16918000000.0,2878000000.0,0.396,4.55,9.872,9.95,15390000000.0,0.0,43.68,1.249,1.249,5567000000.0,39773000000.0,74815000000.0,74815000000.0,0.0,0.113,0.475,0.293,0.219,0.0,4478000000.0,1.0,2139554033.0,2139554033.0,,34.968,48304000000.0,0.0,5790000000.0,14267000000.0,22.577,-2360000000.0
77,MO,MRT,2002-03-31,2002-03-31,2002-03-31,2021-08-25,-3585000000.0,83544000000.0,82079500000.0,16469000000.0,67075000000.0,0.908,9.166,-1966000000.0,383000000.0,383000000.0,52051000000.0,9145000000.0,0.919,3.245,23282000000.0,3511000000.0,19771000000.0,23282000000.0,0.0,2083000000.0,0.0,0.032,1.69,16093000000.0,18176000000.0,0.244,18176000000.0,16093000000.0,14833000000.0,4.21,4.17,4.21,19682000000.0,19679500000.0,19682000000.0,134747492305.0,8.0,7.413,7470000000.0,3.479,1.0,22450000000.0,0.301,37485000000.0,1260000000.0,51044000000.0,62896500000.0,8875000000.0,8472000000.0,0.0,8472000000.0,63862000000.0,17914000000.0,45948000000.0,113098492305.0,-43000000.0,-156000000.0,-5047000000.0,-6885000000.0,-6017000000.0,-6839000000.0,-2572000000.0,292000000.0,9436000000.0,-68000000.0,9145000000.0,9145000000.0,9145000000.0,0.0,0.0,0.123,5952000000.0,16498000000.0,2927000000.0,0.401,5.746,12.367,12.511,15056000000.0,0.0,52.67,1.518,1.518,5275000000.0,38454000000.0,74501000000.0,74501000000.0,0.0,0.111,0.465,0.256,0.216,0.0,4396000000.0,1.0,2147303822.0,2147303822.0,,34.695,46059000000.0,0.0,5688000000.0,13077000000.0,21.45,-1445000000.0
78,MO,MRT,2001-12-31,2001-12-31,2001-12-31,2021-08-25,-3373000000.0,84968000000.0,81068000000.0,17275000000.0,67693000000.0,0.998,9.055,-1922000000.0,453000000.0,453000000.0,51109000000.0,8560000000.0,0.858,3.331,22102000000.0,2939000000.0,19163000000.0,22102000000.0,0.0,2337000000.0,0.0,0.036,1.64,15385000000.0,17722000000.0,0.219,17722000000.0,15385000000.0,13967000000.0,3.92,3.87,3.92,19620000000.0,18466500000.0,19620000000.0,118621936177.0,8.0,6.693,6971000000.0,3.217,1.0,29770000000.0,0.368,37548000000.0,1418000000.0,48928000000.0,70693750000.0,8923000000.0,8691000000.0,0.0,8691000000.0,65348000000.0,20141000000.0,45207000000.0,99342936177.0,-484000000.0,-430000000.0,-3960000000.0,-6772000000.0,-4769000000.0,-6440000000.0,-2916000000.0,257000000.0,8893000000.0,-21000000.0,8560000000.0,8560000000.0,8560000000.0,0.0,0.0,0.106,14076000000.0,15694000000.0,3600000000.0,0.418,5.063,11.605,11.696,15137000000.0,0.0,45.85,1.228,1.228,5148000000.0,37269000000.0,80879000000.0,80879000000.0,0.0,0.106,0.464,0.218,0.19,0.0,12461000000.0,1.0,2166694355.0,2166694355.0,,37.328,47420000000.0,0.0,5407000000.0,13159000000.0,21.886,-2866000000.0
79,MO,MRT,2001-09-30,2001-09-30,2001-09-30,2021-08-25,-3061000000.0,80339000000.0,79592750000.0,17392000000.0,62947000000.0,0.924,9.1,-1783000000.0,459000000.0,459000000.0,50284000000.0,8407000000.0,0.717,3.041,19738000000.0,5081000000.0,14657000000.0,19738000000.0,0.0,2162000000.0,0.0,0.033,1.59,15064000000.0,17226000000.0,0.234,17226000000.0,15064000000.0,13716000000.0,3.83,3.79,3.83,19881000000.0,17312750000.0,19881000000.0,125538969228.0,8.0,7.288,8028000000.0,3.675,1.0,23274000000.0,0.316,0.0,1348000000.0,75376000000.0,70515000000.0,9063000000.0,8329000000.0,0.0,8329000000.0,60458000000.0,24242000000.0,36216000000.0,105501969228.0,-4320000000.0,-15409000000.0,-3597000000.0,3027000000.0,-4500000000.0,3375000000.0,-17544000000.0,266000000.0,9811000000.0,38000000.0,8407000000.0,8407000000.0,8407000000.0,0.0,0.0,0.114,8250000000.0,15024000000.0,2685000000.0,0.415,5.307,12.549,12.608,15057000000.0,0.0,48.29,1.434,1.434,5292000000.0,36276000000.0,73558000000.0,73558000000.0,0.0,0.106,0.486,0.214,0.205,0.0,7343000000.0,1.0,2184758112.0,2184758112.0,,33.669,80339000000.0,0.0,5309000000.0,11136000000.0,36.772,-6850000000.0
80,MO,MRT,2001-06-30,2001-06-30,2001-06-30,2021-08-25,-3101000000.0,79467000000.0,74577750000.0,16731000000.0,62736000000.0,0.984,8.881,-1772000000.0,395000000.0,395000000.0,49207000000.0,8398000000.0,0.719,3.068,20432000000.0,5285000000.0,15147000000.0,20432000000.0,0.0,2019000000.0,0.0,0.043,2.12,14932000000.0,16951000000.0,0.231,16951000000.0,14932000000.0,13702000000.0,3.8,3.76,3.8,19535000000.0,16068000000.0,19535000000.0,138917075208.0,9.0,8.195,8049000000.0,3.659,1.0,24160000000.0,0.329,0.0,1230000000.0,76238000000.0,64157750000.0,8724000000.0,8241000000.0,0.0,8241000000.0,59932000000.0,23266000000.0,36666000000.0,108883075208.0,-3829000000.0,-15181000000.0,-3597000000.0,3497000000.0,-2271000000.0,3946000000.0,-17425000000.0,243000000.0,9821000000.0,-171000000.0,8398000000.0,8398000000.0,8398000000.0,0.0,0.0,0.114,9347000000.0,14813000000.0,2758000000.0,0.558,5.574,12.965,13.026,15064000000.0,0.0,49.5,1.484,1.484,5329000000.0,35182000000.0,73367000000.0,73367000000.0,0.0,0.113,0.523,0.233,0.204,0.0,8543000000.0,1.0,2199658085.0,2199658085.0,,33.354,79467000000.0,0.0,5304000000.0,10288000000.0,36.127,-6535000000.0
81,MO,MRT,2001-03-31,2001-03-31,2001-03-31,2021-08-25,-3095000000.0,79498000000.0,69657500000.0,16606000000.0,62892000000.0,1.054,6.723,-1697000000.0,426000000.0,426000000.0,48007000000.0,8281000000.0,0.608,4.361,30460000000.0,10789000000.0,19671000000.0,30460000000.0,0.0,1877000000.0,0.0,0.044,2.07,14527000000.0,16404000000.0,0.223,16404000000.0,14527000000.0,13542000000.0,3.71,3.68,3.71,14830000000.0,14953750000.0,14830000000.0,132860071723.0,9.0,8.099,6561000000.0,2.974,1.0,25415000000.0,0.346,0.0,985000000.0,82233000000.0,58137750000.0,9025000000.0,8156000000.0,0.0,8156000000.0,64668000000.0,27299000000.0,37369000000.0,104675071723.0,-3800000000.0,-15072000000.0,-2686000000.0,13624000000.0,-3375000000.0,5558000000.0,-17389000000.0,219000000.0,8258000000.0,-227000000.0,8281000000.0,8281000000.0,8281000000.0,0.0,0.0,0.113,10994000000.0,14421000000.0,2847000000.0,0.558,7.058,12.64,12.79,15259000000.0,0.0,47.45,1.426,1.426,5148000000.0,34055000000.0,73422000000.0,73422000000.0,0.0,0.119,0.554,0.25,0.198,0.0,10296000000.0,1.0,2206007834.0,2206007834.0,,33.283,79498000000.0,0.0,5261000000.0,9069000000.0,36.037,-10693000000.0
82,MO,MRT,2000-12-31,2000-12-31,2000-12-31,2021-08-25,-2950000000.0,79067000000.0,64944750000.0,17238000000.0,61829000000.0,1.132,6.748,-1682000000.0,937000000.0,937000000.0,46957000000.0,8510000000.0,0.664,4.269,29122000000.0,8941000000.0,20181000000.0,29122000000.0,0.0,1717000000.0,0.0,0.046,2.02,14679000000.0,16396000000.0,0.223,16396000000.0,14679000000.0,13960000000.0,3.77,3.75,3.77,15005000000.0,15025000000.0,15005000000.0,106009512808.0,7.0,6.466,9362000000.0,4.21,1.0,26546000000.0,0.361,33090000000.0,719000000.0,48213000000.0,50598250000.0,8765000000.0,8118000000.0,0.0,8118000000.0,64062000000.0,25949000000.0,38113000000.0,97835512808.0,-4163000000.0,-15143000000.0,-3597000000.0,10936000000.0,-4500000000.0,2658000000.0,-17506000000.0,156000000.0,11044000000.0,-359000000.0,8510000000.0,8510000000.0,8510000000.0,0.0,0.0,0.116,12014000000.0,14532000000.0,3787000000.0,0.536,6.52,11.497,11.671,15303000000.0,0.0,44.0,1.331,1.331,5019000000.0,33481000000.0,73503000000.0,73503000000.0,0.0,0.131,0.566,0.29,0.2,0.0,11423000000.0,1.0,2223534382.0,2223534382.0,,33.057,45977000000.0,0.0,5450000000.0,9015000000.0,20.677,-8711000000.0
83,MO,MRT,2000-09-30,2000-09-30,2000-09-30,2021-08-25,-2997000000.0,60279000000.0,60523250000.0,19599000000.0,40680000000.0,1.328,6.617,-1716000000.0,4779000000.0,4779000000.0,46479000000.0,8356000000.0,1.059,3.045,12953000000.0,1941000000.0,11012000000.0,12953000000.0,0.0,1727000000.0,0.0,0.067,1.97,14430000000.0,16157000000.0,0.201,16157000000.0,14430000000.0,13726000000.0,3.65,3.63,3.65,14902000000.0,15100000000.0,14902000000.0,75355798958.0,5.0,4.664,9530000000.0,4.232,1.0,33874000000.0,0.422,0.0,704000000.0,49947000000.0,51728000000.0,8100000000.0,7972000000.0,0.0,7972000000.0,45377000000.0,18506000000.0,26871000000.0,66300798958.0,-1097000000.0,-50000000.0,2105000000.0,-1312000000.0,3195000000.0,-9746000000.0,-2155000000.0,111000000.0,11246000000.0,-442000000.0,8356000000.0,8356000000.0,8356000000.0,0.0,0.0,0.104,19226000000.0,14648000000.0,2703000000.0,0.54,4.449,7.935,8.066,12252000000.0,0.0,29.44,0.825,0.825,4549000000.0,32617000000.0,80353000000.0,80353000000.0,0.0,0.138,0.553,0.279,0.18,0.0,18636000000.0,1.0,2252065182.0,2252065182.0,,35.68,60279000000.0,0.0,5370000000.0,8887000000.0,26.766,1093000000.0
84,MO,MRT,2000-06-30,2000-06-30,2000-06-30,2021-08-25,-2562000000.0,59786000000.0,61033500000.0,18969000000.0,40817000000.0,1.314,6.594,-1725000000.0,4224000000.0,4224000000.0,46744000000.0,8038000000.0,1.137,2.965,13279000000.0,1301000000.0,11978000000.0,13279000000.0,0.0,1739000000.0,0.0,0.072,1.92,13982000000.0,15721000000.0,0.196,15721000000.0,13982000000.0,13237000000.0,3.45,3.44,3.45,15078000000.0,15348250000.0,15078000000.0,69602464674.0,5.0,4.427,10048000000.0,4.394,1.0,33429000000.0,0.417,0.0,745000000.0,52158000000.0,52529250000.0,8113000000.0,7820000000.0,0.0,7820000000.0,44708000000.0,16683000000.0,28025000000.0,60734464674.0,-184000000.0,-298000000.0,1406000000.0,-761000000.0,-92000000.0,-8982000000.0,-2708000000.0,39000000.0,11773000000.0,-267000000.0,8038000000.0,8038000000.0,8038000000.0,0.0,0.0,0.1,19261000000.0,14168000000.0,2426000000.0,0.557,4.028,7.556,7.699,12355000000.0,0.0,26.56,0.758,0.758,4710000000.0,31468000000.0,80173000000.0,80173000000.0,0.0,0.132,0.524,0.266,0.174,0.0,18678000000.0,1.0,2286689182.0,2286689182.0,,35.061,59786000000.0,0.0,5199000000.0,8900000000.0,26.145,2286000000.0
85,MO,MRT,2000-03-31,2000-03-31,2000-03-31,2021-08-25,-2302000000.0,60647000000.0,61200250000.0,20003000000.0,40644000000.0,1.293,6.531,-1731000000.0,4226000000.0,4226000000.0,46536000000.0,7897000000.0,1.147,3.012,13094000000.0,885000000.0,12209000000.0,13094000000.0,0.0,1727000000.0,0.0,0.091,1.88,13807000000.0,15534000000.0,0.196,15534000000.0,13807000000.0,13033000000.0,3.34,3.33,3.34,15115000000.0,15564000000.0,15115000000.0,57393373140.0,4.0,3.695,11034000000.0,4.767,1.0,32603000000.0,0.412,0.0,774000000.0,52075000000.0,52957000000.0,8686000000.0,7563000000.0,0.0,7563000000.0,45532000000.0,17440000000.0,28092000000.0,48025373140.0,1032000000.0,-623000000.0,-336000000.0,-368000000.0,-55000000.0,-8492000000.0,-3008000000.0,56000000.0,12765000000.0,-233000000.0,7897000000.0,7897000000.0,7897000000.0,0.0,0.0,0.1,18670000000.0,13933000000.0,2493000000.0,0.563,3.177,6.081,6.213,12381000000.0,0.0,20.75,0.607,0.607,4621000000.0,30378000000.0,79139000000.0,79139000000.0,0.0,0.129,0.507,0.261,0.174,0.0,18089000000.0,1.0,2314475814.0,2314475814.0,,34.193,60647000000.0,0.0,5136000000.0,9196000000.0,26.203,2563000000.0
86,MO,MRT,1999-12-31,1999-12-31,1999-12-31,2021-08-25,-2108000000.0,61381000000.0,60734000000.0,20895000000.0,40486000000.0,1.294,6.468,-1749000000.0,5100000000.0,5100000000.0,46406000000.0,7675000000.0,1.16,3.011,14468000000.0,2242000000.0,12226000000.0,14468000000.0,0.0,1702000000.0,0.0,0.08,1.84,13490000000.0,15192000000.0,0.193,15192000000.0,13490000000.0,12695000000.0,3.21,3.19,3.21,15305000000.0,15745500000.0,15305000000.0,63276191710.0,5.0,4.165,9626000000.0,4.068,1.0,32190000000.0,0.41,0.0,795000000.0,52732000000.0,53223000000.0,9028000000.0,7527000000.0,0.0,7527000000.0,46076000000.0,18017000000.0,28059000000.0,54421191710.0,1019000000.0,-347000000.0,0.0,231000000.0,0.0,-7497000000.0,-2682000000.0,59000000.0,11375000000.0,-177000000.0,7675000000.0,7675000000.0,7675000000.0,0.0,0.0,0.098,18574000000.0,13616000000.0,3351000000.0,0.573,3.556,7.091,7.165,12271000000.0,0.0,23.0,0.692,0.692,4313000000.0,29556000000.0,78596000000.0,78596000000.0,0.0,0.126,0.487,0.253,0.172,0.0,17992000000.0,1.0,2366138770.0,2366138770.0,,33.217,61381000000.0,0.0,5020000000.0,8323000000.0,25.941,2878000000.0
87,MO,MRT,1999-09-30,1999-09-30,1999-09-30,2021-08-25,-1855000000.0,62320000000.0,60368750000.0,21893000000.0,40427000000.0,1.286,6.65,-1727000000.0,5876000000.0,5876000000.0,45834000000.0,6092000000.0,1.215,2.921,14731000000.0,1608000000.0,13123000000.0,14731000000.0,0.0,1702000000.0,0.0,0.053,1.8,11026000000.0,12728000000.0,0.164,12728000000.0,11026000000.0,10191000000.0,2.53,2.52,2.53,15895000000.0,15968500000.0,15895000000.0,91682446438.0,8.0,7.203,9221000000.0,3.858,1.0,31794000000.0,0.41,0.0,835000000.0,53152000000.0,53570500000.0,8937000000.0,7433000000.0,0.0,7433000000.0,46425000000.0,18023000000.0,28402000000.0,81718446438.0,352000000.0,-380000000.0,-2304000000.0,-711000000.0,-4266000000.0,-7425000000.0,-3137000000.0,62000000.0,10948000000.0,-34000000.0,6092000000.0,6092000000.0,6092000000.0,0.0,0.0,0.078,20768000000.0,11026000000.0,2318000000.0,0.711,5.141,13.414,13.514,12173000000.0,0.0,34.19,1.053,1.053,4711000000.0,28819000000.0,77628000000.0,77628000000.0,0.0,0.101,0.382,0.206,0.142,0.0,17918000000.0,1.0,2390127126.0,2390127126.0,,32.479,62320000000.0,0.0,4099000000.0,8446000000.0,26.074,3870000000.0
88,MO,MRT,1999-06-30,1999-06-30,1999-06-30,2021-08-25,-1709000000.0,60453000000.0,60007500000.0,20472000000.0,39981000000.0,1.272,6.607,-1722000000.0,4408000000.0,4408000000.0,44742000000.0,6071000000.0,1.237,2.792,14372000000.0,1320000000.0,13052000000.0,14372000000.0,0.0,1686000000.0,0.0,0.044,1.76,11012000000.0,12698000000.0,0.166,12698000000.0,11012000000.0,10176000000.0,2.51,2.49,2.51,15941000000.0,16303250000.0,15941000000.0,107568409921.0,10.0,8.471,8190000000.0,3.394,1.0,31595000000.0,0.414,0.0,836000000.0,53869000000.0,53996250000.0,9104000000.0,6911000000.0,0.0,6911000000.0,44512000000.0,16548000000.0,27964000000.0,96968409921.0,-197000000.0,-357000000.0,-1546000000.0,-1317000000.0,-4179000000.0,-7223000000.0,-2923000000.0,112000000.0,9912000000.0,37000000.0,6071000000.0,6071000000.0,6071000000.0,0.0,0.0,0.08,20583000000.0,11012000000.0,2630000000.0,0.701,6.083,15.972,16.012,12170000000.0,0.0,40.19,1.27,1.27,4865000000.0,27957000000.0,76337000000.0,76337000000.0,0.0,0.101,0.372,0.204,0.144,0.0,17621000000.0,1.0,2412749687.0,2412749687.0,,31.639,60453000000.0,0.0,4105000000.0,8274000000.0,25.056,3924000000.0
89,MO,MRT,1999-03-31,1999-03-31,1999-03-31,2021-08-25,-1581000000.0,58782000000.0,59735000000.0,19659000000.0,39123000000.0,1.264,6.53,-1786000000.0,3194000000.0,3194000000.0,44087000000.0,5777000000.0,1.21,2.711,13794000000.0,1834000000.0,11960000000.0,13794000000.0,0.0,1678000000.0,0.0,0.049,1.72,10575000000.0,12253000000.0,0.162,12253000000.0,10575000000.0,9723000000.0,2.38,2.36,2.38,15841000000.0,16323500000.0,15841000000.0,95947167040.0,9.0,7.831,7816000000.0,3.222,1.0,31418000000.0,0.416,0.0,852000000.0,53139000000.0,54138000000.0,9610000000.0,6354000000.0,0.0,6354000000.0,42941000000.0,16243000000.0,26698000000.0,85366167040.0,740000000.0,-51000000.0,-688000000.0,-1547000000.0,-4084000000.0,-6453000000.0,-2499000000.0,125000000.0,9602000000.0,90000000.0,5777000000.0,5777000000.0,5777000000.0,0.0,0.0,0.077,20843000000.0,10575000000.0,2493000000.0,0.723,5.389,14.777,14.786,12167000000.0,0.0,35.19,1.131,1.131,4941000000.0,26991000000.0,75505000000.0,75505000000.0,0.0,0.097,0.354,0.195,0.14,0.0,17683000000.0,1.0,2425864366.0,2425864366.0,,31.125,58782000000.0,0.0,3946000000.0,8511000000.0,24.231,3416000000.0
90,MO,MRT,1998-12-31,1998-12-31,1998-12-31,2021-08-25,-1106000000.0,59920000000.0,59379000000.0,20230000000.0,39690000000.0,1.253,6.653,-1804000000.0,4081000000.0,4081000000.0,43398000000.0,5372000000.0,1.235,2.699,14662000000.0,2047000000.0,12615000000.0,14662000000.0,0.0,1690000000.0,0.0,0.031,1.68,9977000000.0,11667000000.0,0.157,11667000000.0,9977000000.0,9087000000.0,2.21,2.2,2.21,16197000000.0,16173750000.0,16197000000.0,140326778232.0,14.0,12.028,6316000000.0,2.594,1.0,30993000000.0,0.417,0.0,890000000.0,54122000000.0,54432250000.0,9445000000.0,6324000000.0,0.0,6324000000.0,43723000000.0,16379000000.0,27344000000.0,130254778232.0,1799000000.0,-1000000.0,-42000000.0,332000000.0,-3984000000.0,-3894000000.0,-2554000000.0,141000000.0,8120000000.0,127000000.0,5372000000.0,5372000000.0,5372000000.0,0.0,0.0,0.072,21016000000.0,9977000000.0,3359000000.0,0.76,8.042,24.247,24.208,12335000000.0,0.0,53.5,1.751,1.751,4691000000.0,26261000000.0,74391000000.0,74391000000.0,0.0,0.09,0.332,0.183,0.134,0.0,17051000000.0,1.0,2434668752.0,2434668752.0,,30.555,59920000000.0,0.0,3715000000.0,7632000000.0,24.611,3851000000.0
91,MO,MRT,1998-09-30,1998-09-30,1998-09-30,2021-08-25,-1096000000.0,60875000000.0,58385750000.0,21738000000.0,39137000000.0,1.255,7.086,-1926000000.0,5524000000.0,5524000000.0,43058000000.0,6393000000.0,1.351,2.532,15596000000.0,2304000000.0,13292000000.0,15596000000.0,0.0,1625000000.0,0.0,0.035,1.64,11626000000.0,13251000000.0,0.181,13251000000.0,11626000000.0,10707000000.0,2.64,2.62,2.64,17234000000.0,15854500000.0,17234000000.0,123533190158.0,11.0,9.323,7742000000.0,3.183,1.0,30223000000.0,0.412,0.0,919000000.0,54855000000.0,54076000000.0,9246000000.0,6127000000.0,0.0,6127000000.0,43641000000.0,16092000000.0,27549000000.0,112484190158.0,4745000000.0,1370000000.0,265000000.0,-93000000.0,-3882000000.0,-3878000000.0,-1029000000.0,665000000.0,9668000000.0,-16000000.0,6393000000.0,6393000000.0,6393000000.0,0.0,0.0,0.087,18597000000.0,11626000000.0,2692000000.0,0.621,6.527,17.595,17.519,12113000000.0,0.0,46.25,1.535,1.535,5122000000.0,27033000000.0,73281000000.0,73281000000.0,0.0,0.109,0.403,0.215,0.159,0.0,16256000000.0,1.0,2432090598.0,2432090598.0,,30.131,60875000000.0,0.0,4314000000.0,7872000000.0,25.03,5646000000.0
92,MO,MRT,1998-06-30,1998-06-30,1998-06-30,2021-08-25,-1330000000.0,59363000000.0,,20857000000.0,38506000000.0,,6.595,-1935000000.0,4605000000.0,4605000000.0,42985000000.0,5819000000.0,1.306,2.705,15654000000.0,2424000000.0,13230000000.0,15654000000.0,0.0,1602000000.0,0.0,0.041,1.6,10736000000.0,12338000000.0,0.17,12338000000.0,10736000000.0,9768000000.0,2.4,2.38,2.4,16022000000.0,,16022000000.0,108455476359.0,10.0,8.79,6607000000.0,2.72,1.0,29801000000.0,0.409,0.0,968000000.0,54436000000.0,,9119000000.0,5900000000.0,0.0,5900000000.0,43341000000.0,15976000000.0,27365000000.0,95668476359.0,4288000000.0,1637000000.0,245000000.0,215000000.0,-3881000000.0,-3491000000.0,-643000000.0,501000000.0,8542000000.0,-120000000.0,5819000000.0,5819000000.0,5819000000.0,0.0,0.0,0.08,19065000000.0,10736000000.0,2505000000.0,0.667,5.971,16.441,16.408,11855000000.0,0.0,39.38,1.314,1.314,5293000000.0,26111000000.0,72786000000.0,72786000000.0,0.0,,,,0.148,0.0,16024000000.0,1.0,2429367099.0,2429367099.0,,29.961,59363000000.0,0.0,3949000000.0,7520000000.0,24.436,4881000000.0
93,MO,MRT,1998-03-31,1998-03-31,1998-03-31,2021-08-25,-1290000000.0,57358000000.0,,18964000000.0,38394000000.0,,6.278,-1928000000.0,2454000000.0,2454000000.0,42723000000.0,5919000000.0,1.198,2.763,15241000000.0,2776000000.0,12465000000.0,15241000000.0,0.0,1614000000.0,0.0,0.038,1.6,10960000000.0,12574000000.0,0.174,12574000000.0,10960000000.0,9951000000.0,2.45,2.43,2.45,15242000000.0,,15242000000.0,113041223142.0,10.0,8.99,6188000000.0,2.549,1.0,29498000000.0,0.408,0.0,1009000000.0,54316000000.0,,9719000000.0,5773000000.0,0.0,5773000000.0,42116000000.0,15829000000.0,26287000000.0,101220223142.0,2133000000.0,1649000000.0,43000000.0,-1116000000.0,-3879000000.0,-5080000000.0,-778000000.0,275000000.0,8116000000.0,-125000000.0,5919000000.0,5919000000.0,5919000000.0,0.0,0.0,0.082,18538000000.0,10960000000.0,2597000000.0,0.653,6.641,17.101,17.016,11757000000.0,0.0,41.69,1.402,1.402,4974000000.0,25346000000.0,72221000000.0,72221000000.0,0.0,,,,0.152,0.0,15693000000.0,1.0,2427925717.0,2427925717.0,,29.746,57358000000.0,0.0,4032000000.0,7479000000.0,23.624,3135000000.0
94,MO,MRT,1997-12-31,1997-12-31,1997-12-31,2021-08-25,-1109000000.0,55947000000.0,55409000000.0,17440000000.0,38507000000.0,1.3,6.145,-1874000000.0,2282000000.0,2282000000.0,42630000000.0,6310000000.0,1.157,2.75,14103000000.0,1673000000.0,12430000000.0,14103000000.0,0.0,1629000000.0,0.0,0.035,1.6,11663000000.0,13292000000.0,0.184,13292000000.0,11663000000.0,10611000000.0,2.61,2.58,2.61,14920000000.0,14569000000.0,14920000000.0,,,,6466000000.0,2.663,1.0,29425000000.0,0.408,0.0,1052000000.0,52697000000.0,53850500000.0,9039000000.0,5712000000.0,0.0,5712000000.0,41027000000.0,15071000000.0,25956000000.0,109863638694.0,2042000000.0,1578000000.0,-600000000.0,-962000000.0,-3885000000.0,-5521000000.0,-619000000.0,287000000.0,8340000000.0,-158000000.0,6310000000.0,6310000000.0,6310000000.0,0.0,0.0,0.088,17762000000.0,11663000000.0,3318000000.0,0.613,7.364,17.411,17.337,11621000000.0,0.0,45.25,1.525,1.525,4294000000.0,24924000000.0,72055000000.0,72055000000.0,0.0,0.114,0.433,0.217,0.162,0.0,15720000000.0,1.0,2427925717.0,2427925717.0,,29.678,55947000000.0,0.0,4301000000.0,6862000000.0,23.043,2369000000.0
95,MO,MRT,1997-09-30,1997-09-30,1997-09-30,2021-08-25,,,,,,,,,,,,,,,,,,,,,,0.038,1.6,,,,,,,,,,,,,,,,,,1.0,,,,,,,,,,,,,,,,,,,,,,,,,,,,,,,,,,,,,,,,41.63,,,,,,,,,,,,,,1.0,,,,,,,,,,
96,MO,MRT,1997-06-30,1997-06-30,1997-06-30,2021-08-25,,,,,,,,,,,,,,,,,,,,,,0.036,1.6,,,,,,,,,,,,,,,,,,1.0,,,,,,,,,,,,,,,,,,,,,,,,,,,,,,,,,,,,,,,,44.25,,,,,,,,,,,,,,1.0,,,,,,,,,,
97,MO,MRT,1997-03-31,1997-03-31,1997-03-31,2021-08-25,,,,,,,,,,,,,,,,,,,,,,0.04,1.533,,,,,,,,,,,,,,,,,,1.0,,,,,,,,,,,,,,,,,,,,,,,,,,,,,,,,,,,,,,,,38.033,,,,,,,,,,,,,,1.0,,,,,,,,,,
98,MO,MRT,1996-12-31,1996-12-31,1996-12-31,2021-08-25,192000000.0,54871000000.0,,15190000000.0,39681000000.0,,,-1782000000.0,240000000.0,240000000.0,41211000000.0,6303000000.0,1.022,2.859,15240000000.0,2106000000.0,13134000000.0,15240000000.0,0.0,1631000000.0,0.0,0.039,1.467,11769000000.0,13400000000.0,0.194,13400000000.0,11769000000.0,10683000000.0,2.57,2.54,2.57,14218000000.0,,14218000000.0,,,,5852000000.0,,1.0,27993000000.0,0.404,0.0,1086000000.0,55004000000.0,,9002000000.0,5345000000.0,0.0,5345000000.0,40653000000.0,14867000000.0,25786000000.0,,-898000000.0,-4000000.0,-2322000000.0,-534000000.0,-3462000000.0,-6406000000.0,-2055000000.0,217000000.0,7634000000.0,-71000000.0,6303000000.0,6303000000.0,6303000000.0,0.0,0.0,0.091,16224000000.0,11769000000.0,3409000000.0,0.571,,,14.656,11751000000.0,0.0,37.667,,,4466000000.0,22478000000.0,69204000000.0,69204000000.0,0.0,,,,0.17,0.0,15630000000.0,1.0,,,,,54871000000.0,0.0,4380000000.0,6967000000.0,,323000000.0
99,MO,MRT,1995-12-31,1995-12-31,1995-12-31,2021-08-25,,,,,,,,-1621000000.0,,,39617000000.0,5450000000.0,,,,,,,,1671000000.0,,0.04,1.217,10498000000.0,12169000000.0,0.184,12169000000.0,10498000000.0,9319000000.0,2.17,2.15,2.17,,,,,,,5066000000.0,,1.0,26454000000.0,0.4,,1179000000.0,,,,,,,,,,,954000000.0,1985000000.0,-1829000000.0,-831000000.0,-2939000000.0,-5627000000.0,-109000000.0,-490000000.0,6687000000.0,3000000.0,5450000000.0,5450000000.0,5450000000.0,0.0,0.0,0.082,15928000000.0,10526000000.0,,0.561,,,13.863,,0.0,30.083,,,,,66071000000.0,66071000000.0,0.0,,,,0.159,0.0,15337000000.0,1.0,,,,,,,3869000000.0,,,
