None,ticker,dimension,calendardate,datekey,reportperiod,lastupdated,accoci,assets,assetsavg,assetsc,assetsnc,assetturnover,bvps,capex,cashneq,cashnequsd,cor,consolinc,currentratio,de,debt,debtc,debtnc,debtusd,deferredrev,depamor,deposits,divyield,dps,ebit,ebitda,ebitdamargin,ebitdausd,ebitusd,ebt,eps,epsdil,epsusd,equity,equityavg,equityusd,ev,evebit,evebitda,fcf,fcfps,fxusd,gp,grossmargin,intangibles,intexp,invcap,invcapavg,inventory,investments,investmentsc,investmentsnc,liabilities,liabilitiesc,liabilitiesnc,marketcap,ncf,ncfbus,ncfcommon,ncfdebt,ncfdiv,ncff,ncfi,ncfinv,ncfo,ncfx,netinc,netinccmn,netinccmnusd,netincdis,netincnci,netmargin,opex,opinc,payables,payoutratio,pb,pe,pe1,ppnenet,prefdivis,price,ps,ps1,receivables,retearn,revenue,revenueusd,rnd,roa,roe,roic,ros,sbcomp,sgna,sharefactor,sharesbas,shareswa,shareswadil,sps,tangibles,taxassets,taxexp,taxliabilities,tbvps,workingcapital
0,EXC,MRY,2020-12-31,2020-12-31,2020-12-31,2021-08-04,-3400000000.0,129317000000.0,127018500000.0,12562000000.0,116755000000.0,0.26,33.386,-8048000000.0,1101000000.0,1101000000.0,25226000000.0,1954000000.0,0.984,2.899,39333000000.0,3850000000.0,35483000000.0,39333000000.0,0.0,6527000000.0,0.0,0.036,1.53,3971000000.0,10498000000.0,0.318,10498000000.0,3971000000.0,2336000000.0,2.01,2.01,2.01,32585000000.0,32663500000.0,32585000000.0,78005669388.0,20.0,7.431,-3813000000.0,-3.907,1.0,7813000000.0,0.236,6677000000.0,1635000000.0,148101000000.0,146332500000.0,1722000000.0,1639000000.0,644000000.0,995000000.0,94449000000.0,12771000000.0,81678000000.0,41188669388.0,44000000.0,46000000.0,45000000.0,1728000000.0,-1492000000.0,145000000.0,-4336000000.0,3648000000.0,4235000000.0,0.0,1963000000.0,1963000000.0,1963000000.0,0.0,-9000000.0,0.059,4990000000.0,2823000000.0,3567000000.0,0.761,1.264,20.983,21.005,82584000000.0,0.0,42.22,1.247,1.247,4629000000.0,16735000000.0,33039000000.0,33039000000.0,0.0,0.015,0.06,0.027,0.12,0.0,0.0,1.0,975572463.0,976000000,977000000.0,33.851,122640000000.0,0.0,373000000.0,13035000000.0,125.656,-209000000.0
1,EXC,MRY,2019-12-31,2019-12-31,2019-12-31,2021-08-04,-3194000000.0,124977000000.0,122726000000.0,12037000000.0,112940000000.0,0.281,33.118,-7248000000.0,945000000.0,945000000.0,25844000000.0,3028000000.0,0.849,2.805,37799000000.0,6080000000.0,31719000000.0,37799000000.0,0.0,5780000000.0,0.0,0.032,1.451,5326000000.0,11106000000.0,0.322,11106000000.0,5326000000.0,3710000000.0,3.02,3.01,3.02,32224000000.0,31788000000.0,32224000000.0,80039443155.0,15.0,7.207,-589000000.0,-0.605,1.0,8594000000.0,0.25,6677000000.0,1616000000.0,140969000000.0,139123500000.0,1768000000.0,1651000000.0,679000000.0,972000000.0,90404000000.0,14185000000.0,76219000000.0,44318443155.0,-659000000.0,12000000.0,112000000.0,1320000000.0,-1408000000.0,-58000000.0,-7260000000.0,-36000000.0,6659000000.0,0.0,2936000000.0,2936000000.0,2936000000.0,0.0,92000000.0,0.085,4220000000.0,4374000000.0,3565000000.0,0.48,1.375,15.095,15.096,80233000000.0,0.0,45.59,1.287,1.288,6175000000.0,16267000000.0,34438000000.0,34438000000.0,0.0,0.024,0.092,0.038,0.155,0.0,0.0,1.0,972108865.0,973000000,974000000.0,35.394,118300000000.0,0.0,774000000.0,12351000000.0,121.583,-2148000000.0
2,EXC,MRY,2018-12-31,2018-12-31,2018-12-31,2021-08-04,-2995000000.0,119634000000.0,118346500000.0,13328000000.0,106306000000.0,0.304,31.79,-7594000000.0,1596000000.0,1596000000.0,27790000000.0,2079000000.0,1.169,2.817,36528000000.0,2063000000.0,34465000000.0,36528000000.0,0.0,5971000000.0,0.0,0.031,1.38,3677000000.0,9648000000.0,0.268,9648000000.0,3677000000.0,2123000000.0,2.07,2.07,2.07,30741000000.0,30626750000.0,30741000000.0,77968139545.0,21.0,8.081,1050000000.0,1.086,1.0,8188000000.0,0.228,6677000000.0,1554000000.0,136485000000.0,136219000000.0,1685000000.0,1881000000.0,804000000.0,1077000000.0,86587000000.0,11404000000.0,75183000000.0,43612139545.0,591000000.0,-63000000.0,105000000.0,1116000000.0,-1332000000.0,-219000000.0,-7834000000.0,-235000000.0,8644000000.0,0.0,2005000000.0,2005000000.0,2005000000.0,0.0,74000000.0,0.056,4297000000.0,3891000000.0,3805000000.0,0.667,1.419,21.752,21.787,76707000000.0,0.0,45.1,1.212,1.212,5863000000.0,14743000000.0,35978000000.0,35978000000.0,0.0,0.017,0.065,0.027,0.102,0.0,0.0,1.0,967009746.0,967000000,969000000.0,37.206,112957000000.0,0.0,118000000.0,11321000000.0,116.812,1924000000.0
3,EXC,MRY,2017-12-31,2017-12-31,2017-12-31,2021-08-04,-3026000000.0,116770000000.0,117353750000.0,11896000000.0,104874000000.0,0.286,31.569,-7584000000.0,1105000000.0,1105000000.0,25791000000.0,3869000000.0,1.102,2.829,35582000000.0,3017000000.0,32565000000.0,35582000000.0,0.0,5427000000.0,0.0,0.033,1.308,5213000000.0,10640000000.0,0.317,10640000000.0,5213000000.0,3653000000.0,3.99,3.98,3.99,29896000000.0,28018000000.0,29896000000.0,72308195961.0,14.0,6.796,-104000000.0,-0.11,1.0,7767000000.0,0.231,6677000000.0,1560000000.0,133772000000.0,133022250000.0,1651000000.0,1953000000.0,976000000.0,977000000.0,84583000000.0,10798000000.0,73785000000.0,37867195961.0,276000000.0,-76000000.0,1300000000.0,390000000.0,-1236000000.0,767000000.0,-7971000000.0,-268000000.0,7480000000.0,0.0,3779000000.0,3779000000.0,3779000000.0,0.0,90000000.0,0.113,3612000000.0,4155000000.0,3537000000.0,0.328,1.267,10.02,9.877,74202000000.0,0.0,39.41,1.128,1.112,4445000000.0,14081000000.0,33558000000.0,33558000000.0,0.0,0.032,0.135,0.039,0.155,0.0,0.0,1.0,960852473.0,947000000,949000000.0,35.436,110093000000.0,0.0,-126000000.0,11235000000.0,116.254,1098000000.0
4,EXC,MRY,2016-12-31,2016-12-31,2016-12-31,2021-08-04,-2660000000.0,114904000000.0,113489750000.0,12412000000.0,102492000000.0,0.276,27.962,-8553000000.0,888000000.0,888000000.0,24170000000.0,1196000000.0,0.922,3.379,35913000000.0,3697000000.0,32216000000.0,35913000000.0,0.0,5576000000.0,0.0,0.036,1.264,3410000000.0,8986000000.0,0.286,8986000000.0,3410000000.0,1874000000.0,1.21,1.21,1.21,25837000000.0,25834250000.0,25837000000.0,66599863444.0,20.0,7.412,-92000000.0,-0.1,1.0,7196000000.0,0.229,6677000000.0,1536000000.0,129795000000.0,128314500000.0,1638000000.0,2038000000.0,917000000.0,1121000000.0,87292000000.0,13457000000.0,73835000000.0,32766863444.0,-5798000000.0,-6862000000.0,55000000.0,2205000000.0,-1166000000.0,1191000000.0,-15450000000.0,118000000.0,8461000000.0,0.0,1121000000.0,1121000000.0,1121000000.0,0.0,75000000.0,0.036,3984000000.0,3212000000.0,3449000000.0,1.045,1.268,29.23,29.331,71555000000.0,0.0,35.49,1.045,1.045,4158000000.0,12030000000.0,31366000000.0,31366000000.0,0.0,0.01,0.043,0.027,0.109,0.0,0.0,1.0,923270314.0,924000000,927000000.0,33.946,108227000000.0,0.0,753000000.0,18138000000.0,117.129,-1045000000.0
5,EXC,MRY,2015-12-31,2015-12-31,2015-12-31,2021-08-04,-2624000000.0,95384000000.0,92529000000.0,15334000000.0,80050000000.0,0.318,28.981,-7477000000.0,6707000000.0,6707000000.0,22606000000.0,2250000000.0,1.682,2.639,26319000000.0,2033000000.0,24286000000.0,26319000000.0,0.0,3987000000.0,0.0,0.045,1.24,4375000000.0,8362000000.0,0.284,8362000000.0,4375000000.0,3342000000.0,2.55,2.54,2.55,25793000000.0,24533500000.0,25793000000.0,44691302833.0,10.0,5.345,139000000.0,0.156,1.0,6841000000.0,0.232,2672000000.0,1033000000.0,103206000000.0,102073250000.0,1566000000.0,2762000000.0,1365000000.0,1397000000.0,68062000000.0,9118000000.0,58944000000.0,25536302833.0,4624000000.0,-40000000.0,1900000000.0,4102000000.0,-1105000000.0,4830000000.0,-7822000000.0,-252000000.0,7616000000.0,0.0,2269000000.0,2269000000.0,2269000000.0,0.0,-19000000.0,0.077,2432000000.0,4409000000.0,2891000000.0,0.486,0.99,11.254,10.89,57439000000.0,0.0,27.77,0.867,0.839,3187000000.0,12068000000.0,29447000000.0,29447000000.0,0.0,0.025,0.092,0.043,0.149,0.0,0.0,1.0,919564380.0,890000000,893000000.0,33.087,92712000000.0,0.0,1073000000.0,13776000000.0,104.171,6216000000.0
6,EXC,MRY,2014-12-31,2014-12-31,2014-12-31,2021-08-04,-2684000000.0,86416000000.0,83701000000.0,11853000000.0,74563000000.0,0.328,26.288,-4358000000.0,2149000000.0,2149000000.0,22725000000.0,1820000000.0,1.353,2.755,22115000000.0,2262000000.0,19853000000.0,22115000000.0,0.0,3868000000.0,0.0,0.033,1.24,3354000000.0,7222000000.0,0.263,7222000000.0,3354000000.0,2289000000.0,1.89,1.88,1.89,22608000000.0,22906000000.0,22608000000.0,51261953746.0,15.0,7.098,99000000.0,0.115,1.0,4704000000.0,0.171,2672000000.0,1065000000.0,94948000000.0,92429000000.0,1603000000.0,2596000000.0,1279000000.0,1317000000.0,62283000000.0,8762000000.0,53521000000.0,31868953746.0,269000000.0,-233000000.0,35000000.0,2040000000.0,-1065000000.0,411000000.0,-4599000000.0,184000000.0,4457000000.0,0.0,1623000000.0,1623000000.0,1623000000.0,0.0,197000000.0,0.059,1877000000.0,2827000000.0,3056000000.0,0.656,1.41,19.636,19.619,52170000000.0,0.0,37.08,1.162,1.163,3482000000.0,10910000000.0,27429000000.0,27429000000.0,0.0,0.019,0.071,0.036,0.122,0.0,0.0,1.0,859464772.0,860000000,864000000.0,31.894,83744000000.0,0.0,666000000.0,12778000000.0,97.377,3091000000.0
7,EXC,MRY,2013-12-31,2013-12-31,2013-12-31,2021-08-04,-2040000000.0,79924000000.0,79062000000.0,10137000000.0,69787000000.0,0.315,26.556,-5363000000.0,1776000000.0,1776000000.0,19089000000.0,1729000000.0,1.312,2.507,20121000000.0,1850000000.0,18271000000.0,20121000000.0,0.0,3779000000.0,0.0,0.053,1.455,4119000000.0,7898000000.0,0.317,7898000000.0,4119000000.0,2763000000.0,2.01,2.0,2.01,22732000000.0,21758250000.0,22732000000.0,42106599793.0,10.0,5.331,980000000.0,1.145,1.0,5799000000.0,0.233,2625000000.0,1356000000.0,87916000000.0,87214250000.0,1105000000.0,4446000000.0,727000000.0,3719000000.0,56984000000.0,7728000000.0,49256000000.0,23470599793.0,123000000.0,115000000.0,47000000.0,798000000.0,-1249000000.0,-826000000.0,-5394000000.0,-215000000.0,6343000000.0,0.0,1719000000.0,1719000000.0,1719000000.0,0.0,10000000.0,0.069,2140000000.0,3659000000.0,2600000000.0,0.724,1.032,13.654,13.627,47330000000.0,0.0,27.39,0.943,0.942,2981000000.0,10358000000.0,24888000000.0,24888000000.0,0.0,0.022,0.079,0.047,0.166,0.0,0.0,1.0,856903972.0,856000000,860000000.0,29.075,77299000000.0,573000000.0,1044000000.0,12945000000.0,90.303,2409000000.0
8,EXC,MRY,2012-12-31,2012-12-31,2012-12-31,2021-08-04,-2767000000.0,78561000000.0,77994000000.0,10140000000.0,68421000000.0,0.301,26.263,-5418000000.0,1619000000.0,1619000000.0,19137000000.0,1171000000.0,1.302,2.648,19603000000.0,1257000000.0,18346000000.0,19603000000.0,0.0,4079000000.0,0.0,0.071,2.1,2726000000.0,6805000000.0,0.29,6805000000.0,2726000000.0,1798000000.0,1.42,1.42,1.42,21431000000.0,21775250000.0,21431000000.0,43215379453.0,16.0,6.351,713000000.0,0.874,1.0,4352000000.0,0.185,2625000000.0,928000000.0,86129000000.0,85099500000.0,1014000000.0,4930000000.0,938000000.0,3992000000.0,56744000000.0,7791000000.0,48953000000.0,25406379453.0,470000000.0,943000000.0,72000000.0,685000000.0,-1716000000.0,-1085000000.0,-4576000000.0,-203000000.0,6131000000.0,0.0,1171000000.0,1160000000.0,1160000000.0,0.0,0.0,0.049,1888000000.0,2464000000.0,2692000000.0,1.479,1.185,21.902,20.944,45186000000.0,11000000.0,29.74,1.082,1.033,3087000000.0,9893000000.0,23489000000.0,23489000000.0,0.0,0.015,0.053,0.032,0.116,0.0,0.0,1.0,854283102.0,816000000,819000000.0,28.786,75936000000.0,189000000.0,627000000.0,11609000000.0,93.059,2349000000.0
9,EXC,MRY,2011-12-31,2011-12-31,2011-12-31,2021-08-04,-2450000000.0,54995000000.0,53128250000.0,5713000000.0,49282000000.0,0.359,21.697,-4429000000.0,1056000000.0,1056000000.0,13236000000.0,2499000000.0,1.113,2.817,13405000000.0,1216000000.0,12189000000.0,13405000000.0,0.0,2316000000.0,0.0,0.048,2.1,4682000000.0,6998000000.0,0.367,6998000000.0,4682000000.0,3956000000.0,3.76,3.75,3.76,14385000000.0,14196000000.0,14385000000.0,41609856766.0,9.0,5.946,424000000.0,0.64,1.0,5827000000.0,0.306,2625000000.0,726000000.0,59585000000.0,58651000000.0,864000000.0,1848000000.0,432000000.0,1416000000.0,40520000000.0,5134000000.0,35386000000.0,28754856766.0,-596000000.0,0.0,38000000.0,571000000.0,-1393000000.0,-846000000.0,-4603000000.0,-191000000.0,4853000000.0,0.0,2499000000.0,2495000000.0,2495000000.0,0.0,0.0,0.131,1347000000.0,4480000000.0,1444000000.0,0.559,1.999,11.525,11.535,32570000000.0,4000000.0,43.37,1.508,1.508,1613000000.0,10055000000.0,19063000000.0,19063000000.0,0.0,0.047,0.176,0.08,0.246,0.0,0.0,1.0,663012607.0,663000000,665000000.0,28.753,52370000000.0,0.0,1457000000.0,8254000000.0,78.989,579000000.0
10,EXC,MRY,2010-12-31,2010-12-31,2010-12-31,2021-08-04,-2423000000.0,52240000000.0,50775500000.0,6398000000.0,45842000000.0,0.367,20.514,-4219000000.0,1642000000.0,1642000000.0,11843000000.0,2563000000.0,1.509,2.846,12828000000.0,824000000.0,12004000000.0,12828000000.0,0.0,2943000000.0,0.0,0.05,2.1,5038000000.0,7981000000.0,0.428,7981000000.0,5038000000.0,4221000000.0,3.88,3.87,3.88,13560000000.0,13538000000.0,13560000000.0,37675251228.0,7.0,4.721,1025000000.0,1.551,1.0,6801000000.0,0.365,2625000000.0,817000000.0,56561000000.0,54412250000.0,806000000.0,1628000000.0,487000000.0,1141000000.0,38590000000.0,4240000000.0,34350000000.0,27541251228.0,-398000000.0,0.0,48000000.0,-391000000.0,-1389000000.0,-1748000000.0,-3894000000.0,-137000000.0,5244000000.0,0.0,2563000000.0,2563000000.0,2563000000.0,0.0,0.0,0.137,2075000000.0,4726000000.0,1373000000.0,0.541,2.031,10.746,10.732,29941000000.0,0.0,41.64,1.477,1.476,1932000000.0,9304000000.0,18644000000.0,18644000000.0,0.0,0.05,0.189,0.093,0.27,0.0,0.0,1.0,661413334.0,661000000,663000000.0,28.206,49615000000.0,0.0,1658000000.0,6706000000.0,75.061,2158000000.0
11,EXC,MRY,2009-12-31,2009-12-31,2009-12-31,2021-08-04,-2089000000.0,49180000000.0,49131000000.0,5441000000.0,43739000000.0,0.352,19.181,-3273000000.0,2050000000.0,2050000000.0,10734000000.0,2707000000.0,1.284,2.884,12594000000.0,1209000000.0,11385000000.0,12594000000.0,0.0,2601000000.0,0.0,0.043,2.1,5150000000.0,7751000000.0,0.448,7751000000.0,5150000000.0,4419000000.0,4.1,4.09,4.1,12640000000.0,12323750000.0,12640000000.0,42821772854.0,8.0,5.525,2821000000.0,4.281,1.0,6584000000.0,0.38,2625000000.0,731000000.0,52861000000.0,52978250000.0,757000000.0,1749000000.0,376000000.0,1373000000.0,36453000000.0,4238000000.0,32215000000.0,32223772854.0,739000000.0,0.0,42000000.0,-551000000.0,-1385000000.0,-1897000000.0,-3458000000.0,-226000000.0,6094000000.0,0.0,2707000000.0,2707000000.0,2707000000.0,0.0,0.0,0.156,1834000000.0,4750000000.0,1345000000.0,0.512,2.549,11.904,11.92,27341000000.0,0.0,48.87,1.861,1.86,1563000000.0,8134000000.0,17318000000.0,17318000000.0,0.0,0.055,0.22,0.097,0.297,0.0,0.0,1.0,659377386.0,659000000,662000000.0,26.279,46555000000.0,0.0,1712000000.0,5902000000.0,70.645,1203000000.0
12,EXC,MRY,2008-12-31,2008-12-31,2008-12-31,2021-08-04,-2251000000.0,47546000000.0,46352000000.0,5130000000.0,42416000000.0,0.407,16.789,-3117000000.0,1346000000.0,1346000000.0,11926000000.0,2737000000.0,1.346,3.296,13151000000.0,559000000.0,12592000000.0,13151000000.0,0.0,2308000000.0,0.0,0.036,2.025,4886000000.0,7194000000.0,0.381,7194000000.0,4886000000.0,4054000000.0,4.16,4.13,4.16,11047000000.0,10588500000.0,11047000000.0,49319062440.0,10.0,6.856,3434000000.0,5.219,1.0,6933000000.0,0.368,2625000000.0,832000000.0,52915000000.0,51896000000.0,843000000.0,1874000000.0,480000000.0,1394000000.0,36412000000.0,3811000000.0,32601000000.0,36587062440.0,960000000.0,0.0,-306000000.0,-576000000.0,-1335000000.0,-2213000000.0,-3378000000.0,-285000000.0,6551000000.0,0.0,2737000000.0,2737000000.0,2737000000.0,-20000000.0,0.0,0.145,1634000000.0,5299000000.0,1416000000.0,0.487,3.312,13.368,13.368,25813000000.0,0.0,55.61,1.94,1.94,1928000000.0,6820000000.0,18859000000.0,18859000000.0,0.0,0.059,0.258,0.094,0.259,0.0,0.0,1.0,657922360.0,658000000,662000000.0,28.661,44921000000.0,0.0,1317000000.0,5016000000.0,68.269,1319000000.0
13,EXC,MRY,2007-12-31,2007-12-31,2007-12-31,2021-08-04,-1534000000.0,45361000000.0,45274000000.0,4580000000.0,40781000000.0,0.418,15.13,-2674000000.0,429000000.0,429000000.0,12728000000.0,2736000000.0,0.814,3.466,13687000000.0,1722000000.0,11965000000.0,13687000000.0,0.0,2183000000.0,0.0,0.022,1.76,5032000000.0,7215000000.0,0.381,7215000000.0,5032000000.0,4182000000.0,4.08,4.05,4.08,10137000000.0,10461250000.0,10137000000.0,67093850709.0,13.0,9.299,1822000000.0,2.719,1.0,6188000000.0,0.327,2625000000.0,850000000.0,50365000000.0,50196000000.0,723000000.0,1033000000.0,247000000.0,786000000.0,35137000000.0,5629000000.0,29508000000.0,53879850709.0,87000000.0,0.0,-993000000.0,650000000.0,-1180000000.0,-1500000000.0,-2909000000.0,-120000000.0,4496000000.0,0.0,2736000000.0,2736000000.0,2736000000.0,-10000000.0,0.0,0.145,1520000000.0,4668000000.0,1450000000.0,0.431,5.315,19.693,20.01,24153000000.0,0.0,81.64,2.848,2.892,2041000000.0,4930000000.0,18916000000.0,18916000000.0,0.0,0.06,0.262,0.1,0.266,0.0,0.0,1.0,659968774.0,670000000,676000000.0,28.233,42736000000.0,102000000.0,1446000000.0,5081000000.0,63.785,-1049000000.0
14,EXC,MRY,2006-12-31,2006-12-31,2006-12-31,2021-08-04,-1103000000.0,44319000000.0,42637750000.0,4992000000.0,39327000000.0,0.367,14.936,-2418000000.0,282000000.0,282000000.0,9871000000.0,1592000000.0,0.861,3.42,13045000000.0,1134000000.0,11911000000.0,13045000000.0,0.0,2132000000.0,0.0,0.026,1.6,3678000000.0,5810000000.0,0.371,5810000000.0,3678000000.0,2798000000.0,2.37,2.35,2.37,10007000000.0,9657250000.0,10007000000.0,54506374871.0,15.0,9.381,2417000000.0,3.607,1.0,5784000000.0,0.369,2694000000.0,880000000.0,48593000000.0,46833500000.0,731000000.0,2399000000.0,1418000000.0,981000000.0,34225000000.0,5795000000.0,28430000000.0,41525374871.0,84000000.0,0.0,-2000000.0,-927000000.0,-1071000000.0,-1989000000.0,-2762000000.0,-286000000.0,4835000000.0,0.0,1592000000.0,1592000000.0,1592000000.0,-2000000.0,0.0,0.102,2263000000.0,3521000000.0,1382000000.0,0.675,4.15,26.084,26.114,22775000000.0,0.0,61.89,2.653,2.649,1747000000.0,3426000000.0,15655000000.0,15655000000.0,0.0,0.037,0.165,0.079,0.235,0.0,0.0,1.0,670954514.0,670000000,676000000.0,23.366,41625000000.0,0.0,1206000000.0,5340000000.0,62.127,-803000000.0
15,EXC,MRY,2005-12-31,2005-12-31,2005-12-31,2021-08-04,-1624000000.0,42797000000.0,42609750000.0,4637000000.0,38160000000.0,0.36,13.64,-2165000000.0,189000000.0,189000000.0,10092000000.0,923000000.0,0.707,3.68,13964000000.0,2204000000.0,11760000000.0,13964000000.0,0.0,1967000000.0,0.0,0.03,1.6,2696000000.0,4663000000.0,0.304,4663000000.0,2696000000.0,1867000000.0,1.38,1.36,1.38,9125000000.0,9758500000.0,9125000000.0,48713348563.0,18.0,10.447,-18000000.0,-0.027,1.0,5265000000.0,0.343,3475000000.0,829000000.0,46534000000.0,45743500000.0,662000000.0,2100000000.0,916000000.0,1184000000.0,33584000000.0,6563000000.0,27021000000.0,35456348563.0,-359000000.0,10000000.0,-140000000.0,1245000000.0,-1070000000.0,-19000000.0,-2487000000.0,-227000000.0,2147000000.0,0.0,923000000.0,923000000.0,923000000.0,-14000000.0,0.0,0.06,2541000000.0,2724000000.0,1467000000.0,1.159,3.886,38.414,38.507,21981000000.0,0.0,53.14,2.309,2.315,1858000000.0,3206000000.0,15357000000.0,15357000000.0,0.0,0.022,0.095,0.059,0.176,0.0,0.0,1.0,667225227.0,669000000,676000000.0,22.955,39322000000.0,80000000.0,944000000.0,5078000000.0,58.777,-1926000000.0
16,EXC,MRY,2004-12-31,2004-12-31,2004-12-31,2021-08-04,-1446000000.0,42724000000.0,42611000000.0,3880000000.0,38844000000.0,0.332,14.356,-1921000000.0,559000000.0,559000000.0,9339000000.0,1864000000.0,0.802,3.489,13551000000.0,1403000000.0,12148000000.0,13551000000.0,0.0,1933000000.0,0.0,0.028,1.255,3405000000.0,5338000000.0,0.378,5338000000.0,3405000000.0,2577000000.0,2.82,2.78,2.82,9489000000.0,9190000000.0,9489000000.0,42520553600.0,12.0,7.966,2477000000.0,3.747,1.0,4794000000.0,0.339,4705000000.0,828000000.0,46175000000.0,46665500000.0,542000000.0,1590000000.0,403000000.0,1187000000.0,33106000000.0,4836000000.0,28270000000.0,29198553600.0,32000000.0,381000000.0,158000000.0,-1961000000.0,-831000000.0,-2627000000.0,-1739000000.0,-267000000.0,4398000000.0,0.0,1864000000.0,1864000000.0,1864000000.0,29000000.0,0.0,0.132,1295000000.0,3499000000.0,1255000000.0,0.445,3.077,15.664,15.628,21482000000.0,0.0,44.07,2.066,2.061,1649000000.0,3353000000.0,14133000000.0,14133000000.0,0.0,0.044,0.203,0.073,0.241,0.0,0.0,1.0,662549435.0,661000000,669000000.0,21.381,38019000000.0,68000000.0,713000000.0,4763000000.0,57.517,-956000000.0
17,EXC,MRY,2003-12-31,2003-12-31,2003-12-31,2021-08-04,-1109000000.0,41936000000.0,40317250000.0,4561000000.0,37375000000.0,0.376,13.061,-1944000000.0,590000000.0,590000000.0,10679000000.0,905000000.0,0.797,3.922,15760000000.0,2271000000.0,13489000000.0,15760000000.0,0.0,1681000000.0,0.0,0.029,0.96,2167000000.0,3848000000.0,0.254,3848000000.0,2167000000.0,1294000000.0,1.39,1.38,1.39,8503000000.0,8303000000.0,8503000000.0,35825126168.0,17.0,9.31,1440000000.0,2.212,1.0,4469000000.0,0.295,4719000000.0,873000000.0,46667000000.0,44359750000.0,522000000.0,1425000000.0,337000000.0,1088000000.0,33346000000.0,5720000000.0,27626000000.0,21701126168.0,9000000.0,-9000000.0,181000000.0,-605000000.0,-620000000.0,-1240000000.0,-2135000000.0,-188000000.0,3384000000.0,0.0,905000000.0,905000000.0,905000000.0,99000000.0,0.0,0.06,2060000000.0,2409000000.0,1238000000.0,0.691,2.552,23.979,23.871,20630000000.0,0.0,33.18,1.433,1.426,1659000000.0,2320000000.0,15148000000.0,15148000000.0,0.0,0.022,0.109,0.049,0.143,0.0,0.0,1.0,654042380.0,651000000,657000000.0,23.269,37217000000.0,122000000.0,389000000.0,4608000000.0,57.169,-1159000000.0
18,EXC,MRY,2002-12-31,2002-12-31,2002-12-31,2021-08-04,-1358000000.0,37869000000.0,35887500000.0,4125000000.0,33744000000.0,0.417,12.003,-2150000000.0,865000000.0,865000000.0,10316000000.0,1440000000.0,0.702,3.805,15744000000.0,2617000000.0,13127000000.0,15744000000.0,0.0,1701000000.0,0.0,0.033,0.88,3404000000.0,5105000000.0,0.341,5105000000.0,3404000000.0,2438000000.0,2.23,2.22,2.23,7742000000.0,8099750000.0,7742000000.0,30484904835.0,9.0,5.972,1492000000.0,2.313,1.0,4639000000.0,0.31,4992000000.0,966000000.0,41882000000.0,39621000000.0,481000000.0,1403000000.0,0.0,1403000000.0,29455000000.0,5874000000.0,23581000000.0,17043904835.0,-16000000.0,-158000000.0,75000000.0,-590000000.0,-563000000.0,-1096000000.0,-2562000000.0,-247000000.0,3642000000.0,0.0,1440000000.0,1440000000.0,1440000000.0,0.0,0.0,0.096,1340000000.0,3299000000.0,1607000000.0,0.395,2.201,11.836,11.832,17957000000.0,0.0,26.385,1.14,1.138,2076000000.0,2042000000.0,14955000000.0,14955000000.0,0.0,0.04,0.178,0.086,0.228,0.0,0.0,1.0,645969484.0,645000000,649000000.0,23.186,32877000000.0,6000000.0,998000000.0,4003000000.0,50.972,-1749000000.0
19,EXC,MRY,2001-12-31,2001-12-31,2001-12-31,2021-08-04,-26000000.0,34744000000.0,35058250000.0,3735000000.0,31009000000.0,0.426,12.659,-2088000000.0,857000000.0,857000000.0,10107000000.0,1428000000.0,0.855,3.288,14645000000.0,1766000000.0,12879000000.0,14645000000.0,0.0,1834000000.0,0.0,0.038,0.91,3466000000.0,5300000000.0,0.355,5300000000.0,3466000000.0,2359000000.0,2.23,2.215,2.23,8102000000.0,7688500000.0,8102000000.0,28754954409.0,8.0,5.425,1527000000.0,2.386,1.0,4811000000.0,0.322,5335000000.0,1107000000.0,38827000000.0,38889500000.0,471000000.0,1623000000.0,0.0,1623000000.0,26642000000.0,4370000000.0,22272000000.0,15363954409.0,-41000000.0,-30000000.0,39000000.0,-603000000.0,-583000000.0,-1206000000.0,-2450000000.0,-239000000.0,3615000000.0,0.0,1428000000.0,1428000000.0,1428000000.0,0.0,0.0,0.096,1449000000.0,3362000000.0,964000000.0,0.408,1.896,10.759,10.735,13791000000.0,0.0,23.94,1.03,1.027,1731000000.0,1169000000.0,14918000000.0,14918000000.0,0.0,0.041,0.186,0.089,0.232,0.0,0.0,1.0,641769190.0,640000000,644000000.0,23.309,29409000000.0,23000000.0,931000000.0,4678000000.0,45.952,-635000000.0
20,EXC,MRY,2000-12-31,2000-12-31,2000-12-31,2021-08-04,0.0,34786000000.0,18749750000.0,4151000000.0,30635000000.0,0.4,17.859,-752000000.0,840000000.0,840000000.0,5238000000.0,586000000.0,0.831,3.821,15239000000.0,2281000000.0,12958000000.0,15239000000.0,0.0,607000000.0,0.0,0.016,0.579,1539000000.0,2146000000.0,0.286,2146000000.0,1539000000.0,925000000.0,1.455,1.435,1.455,7215000000.0,3180000000.0,7215000000.0,29030705609.0,19.0,13.528,344000000.0,0.851,1.0,2261000000.0,0.302,5186000000.0,614000000.0,39006000000.0,23495250000.0,454000000.0,1546000000.0,0.0,1546000000.0,27571000000.0,4993000000.0,22578000000.0,22357705609.0,-502000000.0,-482000000.0,-434000000.0,366000000.0,-157000000.0,-395000000.0,-1203000000.0,1113000000.0,1096000000.0,0.0,586000000.0,586000000.0,586000000.0,0.0,0.0,0.078,734000000.0,1527000000.0,1193000000.0,0.398,3.099,38.153,24.127,12936000000.0,0.0,35.105,2.981,1.891,2137000000.0,332000000.0,7499000000.0,7499000000.0,0.0,0.031,0.184,0.066,0.205,0.0,0.0,1.0,636880946.0,404000000,408000000.0,18.562,29600000000.0,62000000.0,339000000.0,4739000000.0,73.267,-842000000.0
21,EXC,MRY,1999-12-31,1999-12-31,1999-12-31,2021-08-04,4000000.0,13087000000.0,13651325000.0,1221000000.0,11866000000.0,0.401,4.523,-491000000.0,228000000.0,228000000.0,3868000000.0,570000000.0,0.949,6.381,6260000000.0,291000000.0,5969000000.0,6260000000.0,0.0,358000000.0,0.0,0.029,0.5,1324000000.0,1682000000.0,0.307,1682000000.0,1324000000.0,928000000.0,1.455,1.445,1.455,1773000000.0,3262825000.0,1773000000.0,12134070658.0,9.0,7.214,392000000.0,1.0,1.0,1610000000.0,0.294,121000000.0,396000000.0,17712000000.0,17624425000.0,206000000.0,130000000.0,0.0,130000000.0,11314000000.0,1286000000.0,10028000000.0,6456070658.0,6000000.0,-340000000.0,-1674000000.0,2300000000.0,-196000000.0,9000000.0,-886000000.0,-26000000.0,883000000.0,0.0,570000000.0,570000000.0,570000000.0,0.0,0.0,0.104,237000000.0,1373000000.0,270000000.0,0.344,3.641,11.326,11.942,5004000000.0,0.0,17.375,1.179,1.243,344000000.0,-100000000.0,5478000000.0,5478000000.0,0.0,0.042,0.175,0.075,0.242,0.0,0.0,1.0,371572412.0,392000000,392000000.0,13.974,12966000000.0,0.0,358000000.0,2711000000.0,33.077,-65000000.0
22,EXC,MRY,1998-12-31,1998-12-31,1998-12-31,2021-08-04,0.0,12048363000.0,12285565750.0,582055000.0,11466308000.0,0.433,7.163,-415000000.0,48083000.0,48083000.0,3289000000.0,500000000.0,0.335,2.771,3960423000.0,955534000.0,3004889000.0,3960423000.0,0.0,765000000.0,0.0,0.024,0.5,1151000000.0,1916000000.0,0.36,1916000000.0,1151000000.0,820000000.0,1.12,1.115,1.12,3194814000.0,3512528500.0,3194814000.0,13435899876.0,12.0,7.012,1071000000.0,2.401,1.0,2036000000.0,0.382,0.0,331000000.0,14225283000.0,14885020750.0,174356000.0,497648000.0,0.0,497648000.0,8853549000.0,1735420000.0,7118129000.0,9353899876.0,15000000.0,-59000000.0,0.0,-765000000.0,-223000000.0,-950000000.0,-521000000.0,0.0,1486000000.0,0.0,500000000.0,500000000.0,500000000.0,0.0,0.0,0.094,768000000.0,1268000000.0,316292000.0,0.446,2.928,18.708,18.638,4804469000.0,0.0,20.875,1.757,1.748,181210000.0,-500929000.0,5325000000.0,5325000000.0,0.0,0.041,0.142,0.077,0.216,0.0,0.0,1.0,448091012.0,446000000,446000000.0,11.939,12048363000.0,614445000.0,320000000.0,2861454000.0,27.014,-1153365000.0
23,EXC,MRY,1997-12-31,1997-12-31,1997-12-31,2021-08-04,0.0,12356568000.0,13808593500.0,1002775000.0,11353793000.0,0.333,6.126,-490200000.0,33404000.0,33404000.0,3014851000.0,-1497106000.0,0.62,3.532,4677661000.0,704395000.0,3973266000.0,4677661000.0,0.0,703394000.0,0.0,0.074,0.9,-831480000.0,-128086000.0,-0.028,-128086000.0,-831480000.0,-1204337000.0,-3.4,-3.4,-3.4,2726731000.0,3686356000.0,2726731000.0,,,,578037000.0,1.299,1.0,1586226000.0,0.345,0.0,372857000.0,15382153000.0,17099289000.0,175748000.0,515835000.0,0.0,515835000.0,9629837000.0,1618672000.0,8011165000.0,5396754128.0,4169000.0,-30086000.0,117000.0,-46590000.0,-417383000.0,-460521000.0,-603547000.0,-83261000.0,1068237000.0,0.0,-1497106000.0,-1513910000.0,-1513910000.0,0.0,0.0,-0.329,580595000.0,1005631000.0,323816000.0,-0.265,1.979,-3.565,-3.566,4670724000.0,16804000.0,12.125,1.173,1.173,173350000.0,-792239000.0,4601077000.0,4601077000.0,0.0,-0.11,-0.411,-0.049,-0.181,0.0,0.0,1.0,445093124.0,445086000,445086000.0,10.338,12356568000.0,590267000.0,292769000.0,2867200000.0,27.762,-615897000.0
24,EXC,MRY,1996-12-31,1996-12-31,1996-12-31,2021-08-04,0.0,15260619000.0,,420394000.0,14840225000.0,,10.441,-548854000.0,29235000.0,29235000.0,2546148000.0,517205000.0,0.381,2.285,4688405000.0,620150000.0,4068255000.0,4688405000.0,0.0,597812000.0,0.0,0.07,0.878,1239749000.0,1837561000.0,0.429,1837561000.0,1239749000.0,857306000.0,1.12,1.12,1.12,4645981000.0,,4645981000.0,,,,623391000.0,1.401,1.0,1737502000.0,0.406,0.0,382443000.0,18816425000.0,,204376000.0,432574000.0,0.0,432574000.0,10614638000.0,1103364000.0,9511274000.0,,8633000.0,0.0,11301000.0,-127663000.0,-411569000.0,-500632000.0,-662980000.0,-114126000.0,1172245000.0,0.0,517205000.0,499169000.0,499169000.0,0.0,0.0,0.117,489001000.0,1248501000.0,212966000.0,0.784,,,11.272,10941540000.0,18036000.0,12.625,,1.311,19159000.0,1127041000.0,4283650000.0,4283650000.0,0.0,,,,0.289,0.0,0.0,1.0,,444980000,444980000.0,9.627,15260619000.0,2325721000.0,340101000.0,4155601000.0,34.295,-682970000.0
25,EXC,MRY,1995-12-31,1995-12-31,1995-12-31,2021-08-04,,,,,,,,-532614000.0,,,2328106000.0,609732000.0,,,,,,,,574199000.0,,0.055,0.825,1465160000.0,2039359000.0,0.487,2039359000.0,1465160000.0,1041449000.0,1.32,1.32,1.32,,,,,,,707722000.0,1.595,1.0,1858050000.0,0.444,,423711000.0,,,,,,,,,,,-26368000.0,150000000.0,15585000.0,-447572000.0,-390340000.0,-802049000.0,-464655000.0,-82041000.0,1240336000.0,0.0,609732000.0,586515000.0,586515000.0,0.0,0.0,0.14,457254000.0,1400796000.0,,0.625,,,11.409,,23217000.0,15.06,,1.596,,,4186156000.0,4186156000.0,0.0,,,,0.35,0.0,0.0,1.0,,443718000,443718000.0,9.434,,,431717000.0,,,
0,EXC,MRQ,2021-06-30,2021-06-30,2021-06-30,2021-08-04,-3289000000.0,129396000000.0,,12348000000.0,117048000000.0,,32.863,-1900000000.0,1957000000.0,1957000000.0,5895000000.0,476000000.0,0.887,2.953,40965000000.0,5498000000.0,35467000000.0,40965000000.0,0.0,2076000000.0,0.0,0.035,0.383,871000000.0,2947000000.0,0.372,2947000000.0,871000000.0,475000000.0,0.41,0.41,0.41,32140000000.0,,32140000000.0,83063634663.0,27.0,7.537,499000000.0,0.51,1.0,2020000000.0,0.255,6677000000.0,396000000.0,147808000000.0,,1702000000.0,1613000000.0,749000000.0,864000000.0,94896000000.0,13919000000.0,80977000000.0,43298634663.0,-325000000.0,44000000.0,16000000.0,-1064000000.0,-373000000.0,-1439000000.0,-1285000000.0,566000000.0,2399000000.0,0.0,401000000.0,401000000.0,401000000.0,0.0,75000000.0,0.051,1654000000.0,366000000.0,3552000000.0,0.934,1.347,44.546,44.758,82120000000.0,0.0,44.31,1.245,1.246,4492000000.0,16098000000.0,7915000000.0,7915000000.0,0.0,,,,,0.0,0.0,1.0,977175235.0,978000000,979000000.0,8.093,122719000000.0,0.0,74000000.0,13194000000.0,125.48,-1571000000.0
1,EXC,MRQ,2021-03-31,2021-03-31,2021-03-31,2021-08-04,-3346000000.0,130000000000.0,,12997000000.0,117003000000.0,,32.769,-2140000000.0,2282000000.0,2282000000.0,8385000000.0,-264000000.0,0.957,2.989,42047000000.0,5409000000.0,36638000000.0,42047000000.0,0.0,2104000000.0,0.0,0.035,0.383,78000000.0,2182000000.0,0.221,2182000000.0,78000000.0,-308000000.0,-0.3,-0.3,-0.3,32015000000.0,,32015000000.0,80937015328.0,24.0,7.633,-3401000000.0,-3.481,1.0,1505000000.0,0.152,6677000000.0,386000000.0,149508000000.0,,1632000000.0,1490000000.0,568000000.0,922000000.0,95687000000.0,13580000000.0,82107000000.0,42705015328.0,1168000000.0,680000000.0,31000000.0,2723000000.0,-374000000.0,2334000000.0,95000000.0,1543000000.0,-1261000000.0,0.0,-289000000.0,-289000000.0,-289000000.0,0.0,25000000.0,-0.029,1626000000.0,-121000000.0,3435000000.0,-1.277,1.334,39.107,39.405,82588000000.0,0.0,43.74,1.249,1.25,4816000000.0,16072000000.0,9890000000.0,9890000000.0,0.0,,,,,0.0,0.0,1.0,976337799.0,977000000,977000000.0,10.123,123323000000.0,0.0,-19000000.0,13129000000.0,126.226,-583000000.0
2,EXC,MRQ,2020-12-31,2020-12-31,2020-12-31,2021-08-04,-3400000000.0,129317000000.0,,12562000000.0,116755000000.0,,33.386,-2442000000.0,1101000000.0,1101000000.0,6151000000.0,435000000.0,0.984,2.899,39333000000.0,3850000000.0,35483000000.0,39333000000.0,0.0,2108000000.0,0.0,0.036,0.383,985000000.0,3093000000.0,0.381,3093000000.0,985000000.0,591000000.0,0.37,0.37,0.37,32585000000.0,,32585000000.0,78005669388.0,20.0,7.431,-2429000000.0,-2.489,1.0,1963000000.0,0.242,6677000000.0,394000000.0,148101000000.0,,1722000000.0,1639000000.0,644000000.0,995000000.0,94449000000.0,12771000000.0,81678000000.0,41188669388.0,-1314000000.0,0.0,-17000000.0,319000000.0,-373000000.0,-103000000.0,-1224000000.0,1198000000.0,13000000.0,0.0,359000000.0,359000000.0,359000000.0,0.0,76000000.0,0.044,1694000000.0,269000000.0,3567000000.0,1.035,1.264,20.983,21.005,82584000000.0,0.0,42.22,1.247,1.247,4629000000.0,16735000000.0,8114000000.0,8114000000.0,0.0,,,,,0.0,0.0,1.0,975572463.0,976000000,980000000.0,8.314,122640000000.0,0.0,232000000.0,13035000000.0,125.656,-209000000.0
3,EXC,MRQ,2020-09-30,2020-09-30,2020-09-30,2021-08-04,-3104000000.0,127767000000.0,,12312000000.0,115455000000.0,,33.693,-1833000000.0,2343000000.0,2343000000.0,6798000000.0,569000000.0,1.093,2.818,39160000000.0,3258000000.0,35902000000.0,39160000000.0,0.0,1678000000.0,0.0,0.042,0.383,1121000000.0,2799000000.0,0.316,2799000000.0,1121000000.0,717000000.0,0.51,0.51,0.51,32884000000.0,,32884000000.0,72481259285.0,17.0,7.171,-291000000.0,-0.298,1.0,2055000000.0,0.232,6677000000.0,404000000.0,146645000000.0,,1716000000.0,1299000000.0,472000000.0,827000000.0,92664000000.0,11262000000.0,81402000000.0,34848259285.0,-200000000.0,46000000.0,16000000.0,-972000000.0,-373000000.0,-1349000000.0,-393000000.0,1400000000.0,1542000000.0,0.0,501000000.0,501000000.0,501000000.0,0.0,68000000.0,0.057,1286000000.0,769000000.0,3187000000.0,0.751,1.06,14.667,14.716,82561000000.0,0.0,35.76,1.048,1.049,4293000000.0,16749000000.0,8853000000.0,8853000000.0,0.0,,,,,0.0,0.0,1.0,974503895.0,976000000,977000000.0,9.071,121090000000.0,0.0,216000000.0,13058000000.0,124.068,1050000000.0
4,EXC,MRQ,2020-06-30,2020-06-30,2020-06-30,2021-08-04,-3132000000.0,126313000000.0,,12533000000.0,113780000000.0,,33.507,-1757000000.0,2502000000.0,2502000000.0,5768000000.0,574000000.0,1.133,2.796,40135000000.0,3633000000.0,36502000000.0,40135000000.0,0.0,1363000000.0,0.0,0.041,0.383,1167000000.0,2530000000.0,0.346,2530000000.0,1167000000.0,740000000.0,0.53,0.53,0.53,32703000000.0,,32703000000.0,73515260804.0,16.0,7.256,-157000000.0,-0.161,1.0,1554000000.0,0.212,6677000000.0,427000000.0,146204000000.0,,1781000000.0,1463000000.0,573000000.0,890000000.0,91442000000.0,11065000000.0,80377000000.0,35361260804.0,688000000.0,0.0,16000000.0,152000000.0,-373000000.0,-268000000.0,-644000000.0,1101000000.0,1600000000.0,0.0,521000000.0,521000000.0,521000000.0,0.0,53000000.0,0.071,989000000.0,565000000.0,3052000000.0,0.723,1.081,13.359,13.391,81748000000.0,0.0,36.29,1.061,1.062,4302000000.0,16622000000.0,7322000000.0,7322000000.0,0.0,,,,,0.0,0.0,1.0,974407848.0,976000000,976000000.0,7.502,119636000000.0,0.0,219000000.0,12720000000.0,122.578,1468000000.0
5,EXC,MRQ,2020-03-31,2020-03-31,2020-03-31,2021-08-04,-3173000000.0,124677000000.0,,12476000000.0,112201000000.0,,33.315,-2016000000.0,1871000000.0,1871000000.0,6508000000.0,376000000.0,1.06,2.773,40025000000.0,4827000000.0,35198000000.0,40025000000.0,0.0,1378000000.0,0.0,0.04,0.383,698000000.0,2076000000.0,0.237,2076000000.0,698000000.0,288000000.0,0.6,0.6,0.6,32482000000.0,,32482000000.0,72718703188.0,17.0,7.199,-936000000.0,-0.96,1.0,2239000000.0,0.256,6677000000.0,410000000.0,144380000000.0,,1687000000.0,1699000000.0,656000000.0,1043000000.0,90061000000.0,11774000000.0,78287000000.0,35864703188.0,870000000.0,0.0,30000000.0,2229000000.0,-373000000.0,1865000000.0,-2075000000.0,-51000000.0,1080000000.0,0.0,582000000.0,582000000.0,582000000.0,0.0,-206000000.0,0.067,1019000000.0,1220000000.0,2888000000.0,0.638,1.104,13.741,13.735,81017000000.0,0.0,36.81,1.064,1.065,5381000000.0,16475000000.0,8747000000.0,8747000000.0,0.0,,,,,0.0,0.0,1.0,974319565.0,975000000,976000000.0,8.971,118000000000.0,0.0,-294000000.0,12242000000.0,121.026,702000000.0
6,EXC,MRQ,2019-12-31,2019-12-31,2019-12-31,2021-08-04,-3194000000.0,124977000000.0,,12037000000.0,112940000000.0,,33.016,-1989000000.0,945000000.0,945000000.0,6378000000.0,808000000.0,0.849,2.805,37799000000.0,6080000000.0,31719000000.0,37799000000.0,0.0,1387000000.0,0.0,0.032,0.362,1315000000.0,2702000000.0,0.324,2702000000.0,1315000000.0,920000000.0,0.79,0.79,0.79,32224000000.0,,32224000000.0,80039443155.0,15.0,7.207,-729000000.0,-0.747,1.0,1964000000.0,0.235,6677000000.0,395000000.0,140969000000.0,,1768000000.0,1651000000.0,679000000.0,972000000.0,90404000000.0,14185000000.0,76219000000.0,44318443155.0,-1056000000.0,-5000000.0,18000000.0,83000000.0,-353000000.0,-271000000.0,-2045000000.0,-42000000.0,1260000000.0,0.0,772000000.0,772000000.0,772000000.0,0.0,36000000.0,0.093,1002000000.0,962000000.0,3565000000.0,0.458,1.375,15.095,15.096,80233000000.0,0.0,45.59,1.287,1.288,6175000000.0,16267000000.0,8342000000.0,8342000000.0,0.0,,,,,0.0,0.0,1.0,972108865.0,976000000,977000000.0,8.547,118300000000.0,0.0,148000000.0,12351000000.0,121.209,-2148000000.0
7,EXC,MRQ,2019-09-30,2019-09-30,2019-09-30,2021-08-04,-2963000000.0,122738000000.0,,12206000000.0,110532000000.0,,32.912,-1687000000.0,1992000000.0,1992000000.0,6476000000.0,760000000.0,0.933,2.76,37713000000.0,5267000000.0,32446000000.0,37713000000.0,0.0,1471000000.0,0.0,0.03,0.363,1353000000.0,2824000000.0,0.316,2824000000.0,1353000000.0,944000000.0,0.79,0.79,0.79,32023000000.0,,32023000000.0,83084247002.0,19.0,8.081,814000000.0,0.837,1.0,2453000000.0,0.275,6677000000.0,409000000.0,138697000000.0,,1783000000.0,1559000000.0,601000000.0,958000000.0,88386000000.0,13085000000.0,75301000000.0,46937247002.0,1000000000.0,3000000.0,19000000.0,616000000.0,-351000000.0,255000000.0,-1756000000.0,-67000000.0,2501000000.0,0.0,772000000.0,772000000.0,772000000.0,0.0,-12000000.0,0.086,1100000000.0,1353000000.0,3353000000.0,0.459,1.466,20.319,20.384,78593000000.0,0.0,48.31,1.345,1.347,5273000000.0,15871000000.0,8929000000.0,8929000000.0,0.0,,,,,0.0,0.0,1.0,971584496.0,973000000,974000000.0,9.177,116061000000.0,0.0,172000000.0,12133000000.0,119.282,-879000000.0
8,EXC,MRQ,2019-06-30,2019-06-30,2019-06-30,2021-08-04,-2990000000.0,121596000000.0,,11655000000.0,109941000000.0,,32.457,-1699000000.0,987000000.0,987000000.0,5802000000.0,494000000.0,0.901,2.78,37134000000.0,4835000000.0,32299000000.0,37134000000.0,0.0,1462000000.0,0.0,0.03,0.363,1037000000.0,2499000000.0,0.325,2499000000.0,1037000000.0,628000000.0,0.5,0.5,0.5,31548000000.0,,31548000000.0,82556576899.0,19.0,8.068,155000000.0,0.159,1.0,1887000000.0,0.245,6677000000.0,409000000.0,138132000000.0,,1670000000.0,1681000000.0,526000000.0,1155000000.0,87689000000.0,12934000000.0,74755000000.0,46547576899.0,-136000000.0,6000000.0,24000000.0,31000000.0,-352000000.0,-317000000.0,-1673000000.0,26000000.0,1854000000.0,0.0,484000000.0,484000000.0,484000000.0,0.0,10000000.0,0.063,1046000000.0,841000000.0,3253000000.0,0.726,1.475,20.497,20.487,78030000000.0,0.0,47.94,1.316,1.317,5133000000.0,15452000000.0,7689000000.0,7689000000.0,0.0,,,,,0.0,0.0,1.0,970954879.0,972000000,974000000.0,7.91,114919000000.0,0.0,144000000.0,11826000000.0,118.229,-1279000000.0
9,EXC,MRQ,2019-03-31,2019-03-31,2019-03-31,2021-08-04,-3012000000.0,121593000000.0,,12476000000.0,109117000000.0,,32.294,-1873000000.0,1103000000.0,1103000000.0,7187000000.0,966000000.0,1.02,2.803,37112000000.0,3762000000.0,33350000000.0,37112000000.0,0.0,1460000000.0,0.0,0.028,0.362,1620000000.0,3080000000.0,0.325,3080000000.0,1620000000.0,1217000000.0,0.93,0.93,0.93,31357000000.0,,31357000000.0,83545363621.0,20.0,8.183,-829000000.0,-0.854,1.0,2290000000.0,0.242,6677000000.0,403000000.0,138696000000.0,,1559000000.0,1726000000.0,652000000.0,1074000000.0,87889000000.0,12229000000.0,75660000000.0,48613363621.0,-467000000.0,8000000.0,51000000.0,590000000.0,-352000000.0,275000000.0,-1786000000.0,47000000.0,1044000000.0,0.0,907000000.0,907000000.0,907000000.0,0.0,59000000.0,0.096,1072000000.0,1218000000.0,3332000000.0,0.389,1.55,20.9,20.887,77460000000.0,0.0,50.13,1.359,1.361,4564000000.0,15321000000.0,9477000000.0,9477000000.0,0.0,,,,,0.0,0.0,1.0,969745933.0,971000000,972000000.0,9.76,114916000000.0,0.0,310000000.0,11642000000.0,118.348,247000000.0
10,EXC,MRQ,2018-12-31,2018-12-31,2018-12-31,2021-08-04,-2995000000.0,119634000000.0,,13328000000.0,106306000000.0,,31.79,-2097000000.0,1596000000.0,1596000000.0,7038000000.0,100000000.0,1.169,2.817,36528000000.0,2063000000.0,34465000000.0,36528000000.0,0.0,1460000000.0,0.0,0.031,0.345,419000000.0,1879000000.0,0.213,1879000000.0,419000000.0,3000000.0,0.15,0.15,0.15,30741000000.0,,30741000000.0,77968139545.0,21.0,8.081,-128000000.0,-0.132,1.0,1770000000.0,0.201,6677000000.0,416000000.0,136485000000.0,,1685000000.0,1881000000.0,804000000.0,1077000000.0,86587000000.0,11404000000.0,75183000000.0,43612139545.0,-540000000.0,-96000000.0,38000000.0,25000000.0,-333000000.0,-284000000.0,-2225000000.0,-61000000.0,1969000000.0,0.0,147000000.0,147000000.0,147000000.0,0.0,-47000000.0,0.017,1068000000.0,702000000.0,3805000000.0,2.3,1.419,21.752,21.787,76707000000.0,0.0,45.1,1.212,1.212,5863000000.0,14743000000.0,8808000000.0,8808000000.0,0.0,,,,,0.0,0.0,1.0,967009746.0,967000000,969000000.0,9.109,112957000000.0,0.0,-144000000.0,11321000000.0,116.812,1924000000.0
11,EXC,MRQ,2018-09-30,2018-09-30,2018-09-30,2021-08-04,-2869000000.0,119485000000.0,,13473000000.0,106012000000.0,,32.045,-1690000000.0,2158000000.0,2158000000.0,7147000000.0,800000000.0,1.329,2.776,36514000000.0,1605000000.0,34909000000.0,36514000000.0,0.0,1511000000.0,0.0,0.031,0.345,1263000000.0,2774000000.0,0.295,2774000000.0,1263000000.0,870000000.0,0.76,0.76,0.76,31020000000.0,,31020000000.0,77249486566.0,16.0,7.216,1116000000.0,1.153,1.0,2256000000.0,0.24,6677000000.0,393000000.0,137024000000.0,,1665000000.0,1794000000.0,696000000.0,1098000000.0,86097000000.0,10140000000.0,75957000000.0,42171486566.0,1293000000.0,1000000.0,40000000.0,587000000.0,-333000000.0,250000000.0,-1763000000.0,-72000000.0,2806000000.0,0.0,733000000.0,733000000.0,733000000.0,0.0,67000000.0,0.078,1110000000.0,1146000000.0,3353000000.0,0.454,1.359,11.309,11.224,75840000000.0,0.0,43.66,1.186,1.189,4239000000.0,14949000000.0,9403000000.0,9403000000.0,0.0,,,,,0.0,0.0,1.0,965906701.0,968000000,970000000.0,9.714,112808000000.0,0.0,137000000.0,11702000000.0,116.537,3333000000.0
12,EXC,MRQ,2018-06-30,2018-06-30,2018-06-30,2021-08-04,-2921000000.0,117249000000.0,,11489000000.0,105760000000.0,,31.556,-1927000000.0,900000000.0,900000000.0,6050000000.0,542000000.0,1.194,2.766,35978000000.0,2410000000.0,33568000000.0,35978000000.0,0.0,1499000000.0,0.0,0.032,0.345,978000000.0,2477000000.0,0.307,2477000000.0,978000000.0,605000000.0,0.56,0.56,0.56,30515000000.0,,30515000000.0,76280269749.0,15.0,6.935,440000000.0,0.455,1.0,2026000000.0,0.251,6677000000.0,373000000.0,136024000000.0,,1590000000.0,1892000000.0,799000000.0,1093000000.0,84410000000.0,9626000000.0,74784000000.0,41125269749.0,-71000000.0,-47000000.0,15000000.0,-111000000.0,-333000000.0,-449000000.0,-1989000000.0,-43000000.0,2367000000.0,0.0,539000000.0,539000000.0,539000000.0,0.0,3000000.0,0.067,1084000000.0,942000000.0,3118000000.0,0.616,1.348,10.769,10.677,75284000000.0,0.0,42.6,1.178,1.18,4094000000.0,14551000000.0,8076000000.0,8076000000.0,0.0,,,,,0.0,0.0,1.0,965381919.0,967000000,969000000.0,8.352,110572000000.0,0.0,66000000.0,11484000000.0,114.345,1863000000.0
13,EXC,MRQ,2018-03-31,2018-03-31,2018-03-31,2021-08-04,-2965000000.0,117018000000.0,,11533000000.0,105485000000.0,,31.295,-1880000000.0,996000000.0,996000000.0,7557000000.0,636000000.0,1.136,2.794,36151000000.0,2857000000.0,33294000000.0,36151000000.0,0.0,1501000000.0,0.0,0.034,0.345,1015000000.0,2516000000.0,0.26,2516000000.0,1015000000.0,644000000.0,0.61,0.6,0.61,30231000000.0,,30231000000.0,72122796855.0,15.0,6.996,-378000000.0,-0.391,1.0,2136000000.0,0.22,6677000000.0,371000000.0,135343000000.0,,1471000000.0,2145000000.0,978000000.0,1167000000.0,84453000000.0,10153000000.0,74300000000.0,37645796855.0,-91000000.0,79000000.0,12000000.0,615000000.0,-333000000.0,264000000.0,-1857000000.0,-59000000.0,1502000000.0,0.0,585000000.0,585000000.0,585000000.0,0.0,51000000.0,0.06,1035000000.0,1101000000.0,3212000000.0,0.566,1.245,11.154,11.051,74711000000.0,0.0,39.01,1.091,1.092,4190000000.0,14346000000.0,9693000000.0,9693000000.0,0.0,,,,,0.0,0.0,1.0,965029399.0,966000000,968000000.0,10.034,110341000000.0,0.0,59000000.0,11344000000.0,114.225,1380000000.0
14,EXC,MRQ,2017-12-31,2017-12-31,2017-12-31,2021-08-04,-3026000000.0,116770000000.0,,11896000000.0,104874000000.0,,30.98,-2028000000.0,1105000000.0,1105000000.0,6293000000.0,1941000000.0,1.102,2.829,35582000000.0,3017000000.0,32565000000.0,35582000000.0,0.0,1428000000.0,0.0,0.033,0.327,1511000000.0,2939000000.0,0.351,2939000000.0,1511000000.0,1145000000.0,1.96,1.96,1.96,29896000000.0,,29896000000.0,72308195961.0,14.0,6.796,-221000000.0,-0.229,1.0,2085000000.0,0.249,6677000000.0,366000000.0,133772000000.0,,1651000000.0,1953000000.0,976000000.0,977000000.0,84583000000.0,10798000000.0,73785000000.0,37867195961.0,-355000000.0,-87000000.0,89000000.0,311000000.0,-315000000.0,66000000.0,-2228000000.0,-72000000.0,1807000000.0,0.0,1872000000.0,1872000000.0,1872000000.0,0.0,69000000.0,0.223,802000000.0,1283000000.0,3537000000.0,0.167,1.267,10.02,9.877,74202000000.0,0.0,39.41,1.128,1.112,4445000000.0,14081000000.0,8378000000.0,8378000000.0,0.0,,,,,0.0,0.0,1.0,960852473.0,965000000,967000000.0,8.682,110093000000.0,0.0,-727000000.0,11235000000.0,114.086,1098000000.0
15,EXC,MRQ,2017-09-30,2017-09-30,2017-09-30,2021-08-04,-2589000000.0,118473000000.0,,12724000000.0,105749000000.0,,29.21,-1711000000.0,1523000000.0,1523000000.0,6273000000.0,865000000.0,1.027,3.137,35964000000.0,3874000000.0,32090000000.0,35964000000.0,0.0,1408000000.0,0.0,0.034,0.327,1660000000.0,3068000000.0,0.35,3068000000.0,1660000000.0,1274000000.0,0.86,0.85,0.86,28100000000.0,,28100000000.0,71710511118.0,16.0,7.211,1067000000.0,1.109,1.0,2495000000.0,0.285,6677000000.0,386000000.0,133842000000.0,,1668000000.0,1759000000.0,699000000.0,1060000000.0,88156000000.0,12395000000.0,75761000000.0,36166511118.0,734000000.0,12000000.0,18000000.0,-341000000.0,-314000000.0,-282000000.0,-1762000000.0,-70000000.0,2778000000.0,0.0,823000000.0,823000000.0,823000000.0,0.0,42000000.0,0.094,1003000000.0,1492000000.0,3137000000.0,0.38,1.287,17.23,16.892,73067000000.0,0.0,37.67,1.094,1.096,3854000000.0,11950000000.0,8768000000.0,8768000000.0,0.0,,,,,0.0,0.0,1.0,960087898.0,962000000,965000000.0,9.114,111796000000.0,0.0,451000000.0,19250000000.0,116.212,329000000.0
16,EXC,MRQ,2017-06-30,2017-06-30,2017-06-30,2021-08-04,-2633000000.0,117104000000.0,,12232000000.0,104872000000.0,,29.493,-1836000000.0,788000000.0,788000000.0,6451000000.0,94000000.0,0.876,3.188,36332000000.0,5376000000.0,30956000000.0,36332000000.0,0.0,1317000000.0,0.0,0.036,0.327,469000000.0,1786000000.0,0.233,1786000000.0,469000000.0,33000000.0,0.1,0.1,0.1,27546000000.0,,27546000000.0,69919306526.0,17.0,7.109,-15000000.0,-0.016,1.0,1214000000.0,0.158,6677000000.0,436000000.0,132006000000.0,,1601000000.0,1935000000.0,833000000.0,1102000000.0,87814000000.0,13965000000.0,73849000000.0,33404306526.0,-78000000.0,189000000.0,1181000000.0,-1059000000.0,-304000000.0,-201000000.0,-1698000000.0,-60000000.0,1821000000.0,0.0,95000000.0,95000000.0,95000000.0,0.0,-1000000.0,0.012,914000000.0,300000000.0,3142000000.0,3.27,1.213,18.915,18.984,72748000000.0,0.0,36.07,1.003,1.012,3825000000.0,11442000000.0,7665000000.0,7665000000.0,0.0,,,,,0.0,0.0,1.0,926096660.0,934000000,936000000.0,8.207,110427000000.0,0.0,-62000000.0,18521000000.0,118.23,-1733000000.0
17,EXC,MRQ,2017-03-31,2017-03-31,2017-03-31,2021-08-04,-2670000000.0,117068000000.0,,12194000000.0,104874000000.0,,28.588,-2009000000.0,863000000.0,863000000.0,6773000000.0,971000000.0,0.845,3.346,37378000000.0,5693000000.0,31685000000.0,37378000000.0,0.0,1274000000.0,0.0,0.036,0.327,1574000000.0,2848000000.0,0.326,2848000000.0,1574000000.0,1201000000.0,1.07,1.06,1.07,26530000000.0,,26530000000.0,68363694312.0,16.0,6.75,-935000000.0,-1.008,1.0,1974000000.0,0.226,6677000000.0,373000000.0,132469000000.0,,1561000000.0,2034000000.0,847000000.0,1187000000.0,88777000000.0,14437000000.0,74340000000.0,33338694312.0,-25000000.0,-190000000.0,12000000.0,1479000000.0,-303000000.0,1184000000.0,-2283000000.0,-66000000.0,1074000000.0,0.0,990000000.0,990000000.0,990000000.0,0.0,-19000000.0,0.113,892000000.0,1082000000.0,3019000000.0,0.306,1.257,17.203,17.215,72630000000.0,0.0,35.98,1.025,1.026,3886000000.0,12720000000.0,8747000000.0,8747000000.0,0.0,,,,,0.0,0.0,1.0,926589614.0,928000000,930000000.0,9.426,110391000000.0,0.0,211000000.0,18518000000.0,118.956,-2243000000.0
18,EXC,MRQ,2016-12-31,2016-12-31,2016-12-31,2021-08-04,-2660000000.0,114904000000.0,,12412000000.0,102492000000.0,,27.962,-2234000000.0,888000000.0,888000000.0,5863000000.0,240000000.0,0.922,3.379,35913000000.0,3697000000.0,32216000000.0,35913000000.0,0.0,1567000000.0,0.0,0.036,0.318,676000000.0,2243000000.0,0.285,2243000000.0,676000000.0,319000000.0,0.2,0.21,0.2,25837000000.0,,25837000000.0,66599863444.0,20.0,7.412,-1136000000.0,-1.229,1.0,2017000000.0,0.256,6677000000.0,357000000.0,129795000000.0,,1638000000.0,2038000000.0,917000000.0,1121000000.0,87292000000.0,13457000000.0,73835000000.0,32766863444.0,-1193000000.0,34000000.0,19000000.0,-68000000.0,-293000000.0,-60000000.0,-2231000000.0,-63000000.0,1098000000.0,0.0,191000000.0,191000000.0,191000000.0,0.0,49000000.0,0.024,1204000000.0,813000000.0,3449000000.0,1.59,1.268,29.23,29.331,71555000000.0,0.0,35.49,1.045,1.045,4158000000.0,12030000000.0,7880000000.0,7880000000.0,0.0,,,,,0.0,0.0,1.0,923270314.0,924000000,930000000.0,8.528,108227000000.0,0.0,128000000.0,18138000000.0,117.129,-1045000000.0
19,EXC,MRQ,2016-09-30,2016-09-30,2016-09-30,2021-08-04,-2523000000.0,114535000000.0,,12208000000.0,102327000000.0,,28.137,-1875000000.0,2218000000.0,2218000000.0,6541000000.0,526000000.0,1.004,3.345,36051000000.0,3079000000.0,32972000000.0,36051000000.0,0.0,1613000000.0,0.0,0.038,0.318,1346000000.0,2959000000.0,0.329,2959000000.0,1346000000.0,830000000.0,0.53,0.53,0.53,26027000000.0,,26027000000.0,64700421297.0,18.0,7.474,935000000.0,1.011,1.0,2461000000.0,0.273,6672000000.0,516000000.0,129538000000.0,,1562000000.0,2015000000.0,754000000.0,1261000000.0,87049000000.0,12158000000.0,74891000000.0,30722421297.0,250000000.0,-254000000.0,19000000.0,235000000.0,-291000000.0,-218000000.0,-2342000000.0,-62000000.0,2810000000.0,0.0,490000000.0,490000000.0,490000000.0,0.0,36000000.0,0.054,1194000000.0,1267000000.0,3052000000.0,0.6,1.18,24.776,25.03,71214000000.0,0.0,33.29,1.018,1.02,4061000000.0,12121000000.0,9002000000.0,9002000000.0,0.0,,,,,0.0,0.0,1.0,922872373.0,925000000,927000000.0,9.732,107863000000.0,0.0,340000000.0,18115000000.0,116.609,50000000.0
20,EXC,MRQ,2016-06-30,2016-06-30,2016-06-30,2021-08-04,-2565000000.0,112778000000.0,,11495000000.0,101283000000.0,,27.874,-2242000000.0,1848000000.0,1848000000.0,5353000000.0,306000000.0,0.966,3.318,35826000000.0,3644000000.0,32182000000.0,35826000000.0,0.0,1333000000.0,0.0,0.034,0.318,745000000.0,2078000000.0,0.301,2078000000.0,745000000.0,369000000.0,0.29,0.29,0.29,25756000000.0,,25756000000.0,66737735804.0,21.0,8.703,838000000.0,0.907,1.0,1557000000.0,0.225,6696000000.0,376000000.0,128166000000.0,,1500000000.0,1807000000.0,759000000.0,1048000000.0,85456000000.0,11894000000.0,73562000000.0,32262735804.0,687000000.0,3000000.0,8000000.0,233000000.0,-295000000.0,-64000000.0,-2329000000.0,-60000000.0,3080000000.0,0.0,267000000.0,267000000.0,267000000.0,0.0,39000000.0,0.039,910000000.0,647000000.0,2834000000.0,1.097,1.253,23.396,24.403,70693000000.0,0.0,36.36,1.129,1.175,3671000000.0,11926000000.0,6910000000.0,6910000000.0,0.0,,,,,0.0,0.0,1.0,887313966.0,924000000,926000000.0,7.478,106082000000.0,0.0,102000000.0,17662000000.0,114.807,-399000000.0
21,EXC,MRQ,2016-03-31,2016-03-31,2016-03-31,2021-08-04,-2596000000.0,111742000000.0,,11364000000.0,100378000000.0,,27.862,-2202000000.0,1178000000.0,1178000000.0,6414000000.0,123000000.0,0.825,3.287,35653000000.0,5698000000.0,29955000000.0,35653000000.0,0.0,1063000000.0,0.0,0.035,0.31,644000000.0,1707000000.0,0.225,1707000000.0,644000000.0,357000000.0,0.19,0.19,0.19,25717000000.0,,25717000000.0,52600501248.0,15.0,6.814,-729000000.0,-0.79,1.0,1159000000.0,0.153,6688000000.0,287000000.0,125759000000.0,,1514000000.0,2481000000.0,1185000000.0,1296000000.0,84537000000.0,13770000000.0,70767000000.0,32988501248.0,-5542000000.0,-6645000000.0,9000000.0,1805000000.0,-287000000.0,1533000000.0,-8548000000.0,303000000.0,1473000000.0,0.0,173000000.0,173000000.0,173000000.0,0.0,-50000000.0,0.023,676000000.0,483000000.0,2882000000.0,1.632,1.283,18.851,18.485,69406000000.0,0.0,35.86,1.17,1.174,3594000000.0,11954000000.0,7573000000.0,7573000000.0,0.0,,,,,0.0,0.0,1.0,919924742.0,923000000,925000000.0,8.205,105054000000.0,0.0,184000000.0,17474000000.0,113.818,-2406000000.0
22,EXC,MRQ,2015-12-31,2015-12-31,2015-12-31,2021-08-04,-2624000000.0,95384000000.0,,15334000000.0,80050000000.0,,27.945,-2179000000.0,6707000000.0,6707000000.0,5369000000.0,291000000.0,1.682,2.639,26319000000.0,2033000000.0,24286000000.0,26319000000.0,0.0,1057000000.0,0.0,0.045,0.31,856000000.0,1913000000.0,0.285,1913000000.0,856000000.0,578000000.0,0.32,0.32,0.32,25793000000.0,,25793000000.0,44691302833.0,10.0,5.345,-237000000.0,-0.257,1.0,1332000000.0,0.199,2672000000.0,278000000.0,103206000000.0,,1566000000.0,2762000000.0,1365000000.0,1397000000.0,68062000000.0,9118000000.0,58944000000.0,25536302833.0,-763000000.0,-12000000.0,8000000.0,-292000000.0,-286000000.0,-572000000.0,-2133000000.0,-66000000.0,1942000000.0,0.0,310000000.0,310000000.0,310000000.0,0.0,-19000000.0,0.046,624000000.0,708000000.0,2891000000.0,0.969,0.99,11.254,10.89,57439000000.0,0.0,27.77,0.867,0.839,3187000000.0,12068000000.0,6701000000.0,6701000000.0,0.0,,,,,0.0,0.0,1.0,919564380.0,923000000,923000000.0,7.26,92712000000.0,0.0,268000000.0,13776000000.0,100.446,6216000000.0
23,EXC,MRQ,2015-09-30,2015-09-30,2015-09-30,2021-08-04,-2596000000.0,95128000000.0,,16867000000.0,78261000000.0,,28.226,-1983000000.0,7606000000.0,7606000000.0,5597000000.0,587000000.0,2.149,2.632,26761000000.0,1572000000.0,25189000000.0,26761000000.0,0.0,973000000.0,0.0,0.042,0.31,997000000.0,1970000000.0,0.266,1970000000.0,997000000.0,744000000.0,0.69,0.69,0.69,25770000000.0,,25770000000.0,45939046611.0,12.0,5.858,-278000000.0,-0.304,1.0,1804000000.0,0.244,2672000000.0,253000000.0,103764000000.0,,1516000000.0,2537000000.0,1116000000.0,1421000000.0,67839000000.0,7847000000.0,59992000000.0,25590046611.0,1251000000.0,0.0,1876000000.0,101000000.0,-282000000.0,1689000000.0,-2143000000.0,-63000000.0,1705000000.0,0.0,629000000.0,629000000.0,629000000.0,0.0,-42000000.0,0.085,604000000.0,1200000000.0,2995000000.0,0.449,0.993,12.931,13.2,55814000000.0,0.0,29.7,0.853,0.904,3215000000.0,12046000000.0,7401000000.0,7401000000.0,0.0,,,,,0.0,0.0,1.0,861617731.0,913000000,915000000.0,8.106,92456000000.0,213000000.0,115000000.0,13480000000.0,101.266,9020000000.0
24,EXC,MRQ,2015-06-30,2015-06-30,2015-06-30,2021-08-04,-2626000000.0,92213000000.0,,15425000000.0,76788000000.0,,27.238,-1673000000.0,6288000000.0,6288000000.0,4785000000.0,633000000.0,2.364,2.856,26637000000.0,769000000.0,25868000000.0,26637000000.0,0.0,1009000000.0,0.0,0.039,0.31,1120000000.0,2129000000.0,0.327,2129000000.0,1120000000.0,965000000.0,0.74,0.74,0.74,23506000000.0,,23506000000.0,47674272341.0,10.0,5.625,806000000.0,0.934,1.0,1729000000.0,0.265,2672000000.0,155000000.0,103364000000.0,,1432000000.0,2823000000.0,1405000000.0,1418000000.0,67144000000.0,6526000000.0,60618000000.0,27060272341.0,4189000000.0,-13000000.0,8000000.0,3808000000.0,-268000000.0,3505000000.0,-1795000000.0,-57000000.0,2479000000.0,0.0,638000000.0,638000000.0,638000000.0,0.0,-5000000.0,0.098,595000000.0,1134000000.0,2735000000.0,0.419,1.151,11.549,11.594,53935000000.0,0.0,31.42,0.917,0.919,3227000000.0,11704000000.0,6514000000.0,6514000000.0,0.0,,,,,0.0,0.0,1.0,861243550.0,863000000,866000000.0,7.548,89541000000.0,175000000.0,327000000.0,13309000000.0,103.756,8899000000.0
25,EXC,MRQ,2015-03-31,2015-03-31,2015-03-31,2021-08-04,-2673000000.0,87391000000.0,,11357000000.0,76034000000.0,,26.758,-1642000000.0,2122000000.0,2122000000.0,6855000000.0,738000000.0,1.54,2.721,22736000000.0,1569000000.0,21167000000.0,22736000000.0,0.0,948000000.0,0.0,0.037,0.31,1401000000.0,2349000000.0,0.266,2349000000.0,1401000000.0,1056000000.0,0.8,0.8,0.8,23065000000.0,,23065000000.0,49021998658.0,11.0,5.835,-152000000.0,-0.176,1.0,1975000000.0,0.224,2672000000.0,345000000.0,97959000000.0,,1301000000.0,2598000000.0,1117000000.0,1481000000.0,62753000000.0,7374000000.0,55379000000.0,28898998658.0,-53000000.0,-15000000.0,8000000.0,485000000.0,-269000000.0,208000000.0,-1751000000.0,-66000000.0,1490000000.0,0.0,693000000.0,693000000.0,693000000.0,0.0,45000000.0,0.078,609000000.0,1366000000.0,2847000000.0,0.388,1.253,12.977,13.027,53001000000.0,0.0,33.61,0.996,0.998,3702000000.0,11334000000.0,8830000000.0,8830000000.0,0.0,,,,,0.0,0.0,1.0,859833343.0,862000000,867000000.0,10.244,84719000000.0,231000000.0,363000000.0,13218000000.0,98.282,3983000000.0
26,EXC,MRQ,2014-12-31,2014-12-31,2014-12-31,2021-08-04,-2684000000.0,86416000000.0,,11853000000.0,74563000000.0,,26.288,-904000000.0,2149000000.0,2149000000.0,6434000000.0,95000000.0,1.353,2.755,22115000000.0,2262000000.0,19853000000.0,22115000000.0,0.0,1012000000.0,0.0,0.033,0.31,382000000.0,1394000000.0,0.192,1394000000.0,382000000.0,39000000.0,0.02,0.02,0.02,22608000000.0,,22608000000.0,51261953746.0,15.0,7.098,-90000000.0,-0.105,1.0,822000000.0,0.113,2672000000.0,343000000.0,94948000000.0,,1603000000.0,2596000000.0,1279000000.0,1317000000.0,62283000000.0,8762000000.0,53521000000.0,31868953746.0,-885000000.0,-295000000.0,10000000.0,-194000000.0,-266000000.0,-476000000.0,-1223000000.0,-72000000.0,814000000.0,0.0,19000000.0,19000000.0,19000000.0,0.0,76000000.0,0.003,501000000.0,321000000.0,3056000000.0,15.5,1.41,19.636,19.619,52170000000.0,0.0,37.08,1.162,1.163,3482000000.0,10910000000.0,7256000000.0,7256000000.0,0.0,,,,,0.0,0.0,1.0,859464772.0,860000000,867000000.0,8.437,83744000000.0,0.0,20000000.0,12778000000.0,97.377,3091000000.0
27,EXC,MRQ,2014-09-30,2014-09-30,2014-09-30,2021-08-04,-1917000000.0,85264000000.0,,11837000000.0,73427000000.0,,27.404,-985000000.0,3081000000.0,3081000000.0,4936000000.0,1074000000.0,1.404,2.552,22474000000.0,2626000000.0,19848000000.0,22474000000.0,0.0,931000000.0,0.0,0.036,0.31,1673000000.0,2604000000.0,0.377,2604000000.0,1673000000.0,1415000000.0,1.15,1.15,1.15,23595000000.0,,23595000000.0,49170040832.0,12.0,6.3,907000000.0,1.053,1.0,1976000000.0,0.286,2672000000.0,258000000.0,93554000000.0,,1591000000.0,1856000000.0,744000000.0,1112000000.0,60214000000.0,8431000000.0,51783000000.0,29290040832.0,1401000000.0,-1000000.0,7000000.0,1032000000.0,-266000000.0,698000000.0,-1189000000.0,-60000000.0,1892000000.0,0.0,993000000.0,993000000.0,993000000.0,0.0,81000000.0,0.144,238000000.0,1738000000.0,2524000000.0,0.27,1.241,13.948,13.971,51630000000.0,0.0,34.09,1.112,1.115,2815000000.0,11160000000.0,6912000000.0,6912000000.0,0.0,,,,,0.0,0.0,1.0,859197443.0,861000000,863000000.0,8.028,82592000000.0,38000000.0,422000000.0,13207000000.0,95.926,3406000000.0
28,EXC,MRQ,2014-06-30,2014-06-30,2014-06-30,2021-08-04,-1906000000.0,83656000000.0,,9823000000.0,73833000000.0,,26.573,-1270000000.0,1569000000.0,1569000000.0,4866000000.0,557000000.0,1.147,2.6,21449000000.0,2668000000.0,18781000000.0,21449000000.0,0.0,1017000000.0,0.0,0.034,0.31,1037000000.0,2054000000.0,0.341,2054000000.0,1037000000.0,799000000.0,0.61,0.6,0.61,22853000000.0,,22853000000.0,50753160575.0,14.0,6.783,316000000.0,0.367,1.0,1158000000.0,0.192,2674000000.0,238000000.0,92295000000.0,,1450000000.0,1972000000.0,629000000.0,1343000000.0,59427000000.0,8567000000.0,50860000000.0,31326160575.0,448000000.0,63000000.0,11000000.0,764000000.0,-267000000.0,38000000.0,-1176000000.0,34000000.0,1586000000.0,0.0,522000000.0,522000000.0,522000000.0,0.0,35000000.0,0.087,577000000.0,581000000.0,2671000000.0,0.508,1.371,16.979,16.967,51747000000.0,0.0,36.48,1.208,1.21,2973000000.0,10435000000.0,6024000000.0,6024000000.0,0.0,,,,,0.0,0.0,1.0,858721507.0,860000000,864000000.0,7.005,80982000000.0,426000000.0,277000000.0,13209000000.0,94.165,1256000000.0
29,EXC,MRQ,2014-03-31,2014-03-31,2014-03-31,2021-08-04,-2036000000.0,79468000000.0,,9675000000.0,69793000000.0,,26.303,-1199000000.0,1121000000.0,1121000000.0,6491000000.0,93000000.0,1.316,2.512,20548000000.0,1353000000.0,19195000000.0,20548000000.0,0.0,908000000.0,0.0,0.037,0.31,263000000.0,1171000000.0,0.162,1171000000.0,263000000.0,36000000.0,0.1,0.1,0.1,22568000000.0,,22568000000.0,47120008689.0,13.0,6.393,-1034000000.0,-1.205,1.0,746000000.0,0.103,2625000000.0,227000000.0,88919000000.0,,1023000000.0,4084000000.0,756000000.0,3328000000.0,56690000000.0,7351000000.0,49339000000.0,28775008689.0,-695000000.0,0.0,7000000.0,438000000.0,-266000000.0,151000000.0,-1011000000.0,282000000.0,165000000.0,0.0,90000000.0,90000000.0,90000000.0,0.0,3000000.0,0.012,559000000.0,187000000.0,2855000000.0,3.1,1.275,15.871,15.905,47742000000.0,0.0,33.56,1.105,1.106,3455000000.0,10180000000.0,7237000000.0,7237000000.0,0.0,,,,,0.0,0.0,1.0,857419806.0,858000000,861000000.0,8.435,76843000000.0,454000000.0,-54000000.0,12832000000.0,89.561,2324000000.0
30,EXC,MRQ,2013-12-31,2013-12-31,2013-12-31,2021-08-04,-2040000000.0,79924000000.0,,10137000000.0,69787000000.0,,26.556,-1508000000.0,1776000000.0,1776000000.0,4730000000.0,494000000.0,1.312,2.507,20121000000.0,1850000000.0,18271000000.0,20121000000.0,0.0,935000000.0,0.0,0.053,0.31,1041000000.0,1976000000.0,0.321,1976000000.0,1041000000.0,795000000.0,0.58,0.58,0.58,22732000000.0,,22732000000.0,42106599793.0,10.0,5.331,441000000.0,0.515,1.0,1433000000.0,0.233,2625000000.0,246000000.0,87916000000.0,,1105000000.0,4446000000.0,727000000.0,3719000000.0,56984000000.0,7728000000.0,49256000000.0,23470599793.0,-35000000.0,115000000.0,7000000.0,-282000000.0,-268000000.0,-560000000.0,-1424000000.0,-58000000.0,1949000000.0,0.0,484000000.0,495000000.0,495000000.0,0.0,10000000.0,0.08,534000000.0,899000000.0,2600000000.0,0.534,1.032,13.654,13.627,47330000000.0,-11000000.0,27.39,0.943,0.942,2981000000.0,10358000000.0,6163000000.0,6163000000.0,0.0,,,,,0.0,0.0,1.0,856903972.0,856000000,860000000.0,7.2,77299000000.0,573000000.0,311000000.0,12945000000.0,90.303,2409000000.0
31,EXC,MRQ,2013-09-30,2013-09-30,2013-09-30,2021-08-04,-2661000000.0,79661000000.0,,9951000000.0,69710000000.0,,25.506,-1341000000.0,1791000000.0,1791000000.0,4755000000.0,736000000.0,1.326,2.635,20427000000.0,1857000000.0,18570000000.0,20427000000.0,0.0,872000000.0,0.0,0.056,0.31,1409000000.0,2281000000.0,0.351,2281000000.0,1409000000.0,1175000000.0,0.86,0.86,0.86,21859000000.0,,21859000000.0,44404538731.0,11.0,5.629,715000000.0,0.834,1.0,1747000000.0,0.269,2625000000.0,234000000.0,88165000000.0,,1109000000.0,4625000000.0,730000000.0,3895000000.0,57594000000.0,7507000000.0,50087000000.0,25388538731.0,653000000.0,3000000.0,8000000.0,525000000.0,-265000000.0,18000000.0,-1421000000.0,-40000000.0,2056000000.0,0.0,736000000.0,738000000.0,738000000.0,0.0,0.0,0.114,530000000.0,1217000000.0,2477000000.0,0.36,1.161,15.848,15.85,46495000000.0,-2000000.0,29.64,1.016,1.017,2761000000.0,10131000000.0,6502000000.0,6502000000.0,0.0,,,,,0.0,0.0,1.0,856563385.0,857000000,860000000.0,7.587,77036000000.0,292000000.0,439000000.0,11981000000.0,89.89,2444000000.0
32,EXC,MRQ,2013-06-30,2013-06-30,2013-06-30,2021-08-04,-2673000000.0,78420000000.0,,9409000000.0,69011000000.0,,24.945,-1067000000.0,1105000000.0,1105000000.0,4582000000.0,497000000.0,1.124,2.662,20121000000.0,2903000000.0,17218000000.0,20121000000.0,0.0,955000000.0,0.0,0.061,0.31,988000000.0,1943000000.0,0.316,1943000000.0,988000000.0,736000000.0,0.57,0.57,0.57,21353000000.0,,21353000000.0,45470626446.0,14.0,6.208,412000000.0,0.481,1.0,1559000000.0,0.254,2625000000.0,252000000.0,86437000000.0,,1019000000.0,4686000000.0,845000000.0,3841000000.0,56832000000.0,8374000000.0,48458000000.0,26428626446.0,219000000.0,-3000000.0,20000000.0,174000000.0,-266000000.0,-182000000.0,-1078000000.0,-65000000.0,1479000000.0,0.0,497000000.0,490000000.0,490000000.0,0.0,0.0,0.08,533000000.0,1026000000.0,2357000000.0,0.544,1.238,22.783,22.706,45994000000.0,7000000.0,30.88,1.055,1.055,2861000000.0,9660000000.0,6141000000.0,6141000000.0,0.0,,,,,0.0,0.0,1.0,855849302.0,856000000,860000000.0,7.174,75795000000.0,288000000.0,239000000.0,11564000000.0,88.546,1035000000.0
33,EXC,MRQ,2013-03-31,2013-03-31,2013-03-31,2021-08-04,-2673000000.0,78243000000.0,,9274000000.0,68969000000.0,,24.665,-1447000000.0,920000000.0,920000000.0,5022000000.0,1000000.0,1.115,2.695,19962000000.0,2607000000.0,17355000000.0,19962000000.0,0.0,1017000000.0,0.0,0.057,0.525,680000000.0,1697000000.0,0.279,1697000000.0,680000000.0,57000000.0,-0.01,-0.01,-0.01,21089000000.0,,21089000000.0,47465064499.0,17.0,6.618,-588000000.0,-0.688,1.0,1060000000.0,0.174,2625000000.0,623000000.0,86339000000.0,,913000000.0,4458000000.0,666000000.0,3792000000.0,56830000000.0,8321000000.0,48509000000.0,29481064499.0,-714000000.0,0.0,12000000.0,381000000.0,-450000000.0,-102000000.0,-1471000000.0,-52000000.0,859000000.0,0.0,1000000.0,-4000000.0,-4000000.0,0.0,0.0,-0.001,543000000.0,517000000.0,2386000000.0,-52.5,1.398,30.838,30.513,45784000000.0,5000000.0,34.48,1.185,1.185,3120000000.0,9437000000.0,6082000000.0,6082000000.0,0.0,,,,,0.0,0.0,1.0,855019272.0,855000000,855000000.0,7.113,75618000000.0,331000000.0,56000000.0,11344000000.0,88.442,953000000.0
34,EXC,MRQ,2012-12-31,2012-12-31,2012-12-31,2021-08-04,-2767000000.0,78561000000.0,,10140000000.0,68421000000.0,,25.154,-1256000000.0,1619000000.0,1619000000.0,5023000000.0,384000000.0,1.302,2.648,19603000000.0,1257000000.0,18346000000.0,19603000000.0,0.0,1170000000.0,0.0,0.071,0.525,797000000.0,1967000000.0,0.315,1967000000.0,797000000.0,566000000.0,0.45,0.45,0.45,21431000000.0,,21431000000.0,43215379453.0,16.0,6.351,301000000.0,0.353,1.0,1231000000.0,0.197,2625000000.0,231000000.0,86129000000.0,,1014000000.0,4930000000.0,938000000.0,3992000000.0,56744000000.0,7791000000.0,48953000000.0,25406379453.0,-214000000.0,-21000000.0,11000000.0,-3000000.0,-490000000.0,-537000000.0,-1234000000.0,-56000000.0,1557000000.0,0.0,384000000.0,378000000.0,378000000.0,0.0,0.0,0.06,512000000.0,719000000.0,2692000000.0,1.167,1.185,21.902,20.944,45186000000.0,6000000.0,29.74,1.082,1.033,3087000000.0,9893000000.0,6254000000.0,6254000000.0,0.0,,,,,0.0,0.0,1.0,854283102.0,852000000,858000000.0,7.34,75936000000.0,189000000.0,182000000.0,11609000000.0,89.127,2349000000.0
35,EXC,MRQ,2012-09-30,2012-09-30,2012-09-30,2021-08-04,-2405000000.0,78353000000.0,,11328000000.0,67025000000.0,,25.552,-1362000000.0,1840000000.0,1840000000.0,5486000000.0,297000000.0,1.458,2.574,19649000000.0,1404000000.0,18245000000.0,19649000000.0,0.0,1014000000.0,0.0,0.059,0.525,704000000.0,1718000000.0,0.261,1718000000.0,704000000.0,458000000.0,0.35,0.35,0.35,21821000000.0,,21821000000.0,48269136591.0,15.0,7.245,499000000.0,0.584,1.0,1093000000.0,0.166,2625000000.0,246000000.0,85767000000.0,,1031000000.0,5084000000.0,928000000.0,4156000000.0,56163000000.0,7770000000.0,48393000000.0,30370136591.0,351000000.0,0.0,19000000.0,308000000.0,-453000000.0,-136000000.0,-1374000000.0,-42000000.0,1861000000.0,0.0,297000000.0,296000000.0,296000000.0,0.0,0.0,0.045,500000000.0,593000000.0,2491000000.0,1.5,1.392,21.881,18.926,43914000000.0,1000000.0,35.58,1.406,1.407,3060000000.0,9959000000.0,6579000000.0,6579000000.0,0.0,,,,,0.0,0.0,1.0,853573260.0,854000000,857000000.0,7.704,75728000000.0,254000000.0,161000000.0,11652000000.0,88.674,3558000000.0
36,EXC,MRQ,2012-06-30,2012-06-30,2012-06-30,2021-08-04,-2313000000.0,77434000000.0,,11754000000.0,65680000000.0,,25.83,-1304000000.0,1466000000.0,1466000000.0,4701000000.0,289000000.0,1.454,2.497,19365000000.0,1192000000.0,18173000000.0,19365000000.0,0.0,1119000000.0,0.0,0.056,0.379,671000000.0,1790000000.0,0.3,1790000000.0,671000000.0,415000000.0,0.34,0.33,0.34,22033000000.0,,22033000000.0,49993674433.0,14.0,7.608,415000000.0,0.487,1.0,1265000000.0,0.212,2625000000.0,256000000.0,84625000000.0,,999000000.0,5545000000.0,1170000000.0,4375000000.0,55025000000.0,8083000000.0,46942000000.0,32067674433.0,628000000.0,0.0,30000000.0,690000000.0,-423000000.0,237000000.0,-1328000000.0,-59000000.0,1719000000.0,0.0,289000000.0,286000000.0,286000000.0,0.0,0.0,0.048,494000000.0,771000000.0,2302000000.0,1.115,1.455,18.941,15.418,42613000000.0,3000000.0,37.62,1.582,1.583,3069000000.0,10114000000.0,5966000000.0,5966000000.0,0.0,,,,,0.0,0.0,1.0,852410272.0,853000000,856000000.0,6.994,74809000000.0,63000000.0,126000000.0,11305000000.0,87.701,3671000000.0
37,EXC,MRQ,2012-03-31,2012-03-31,2012-03-31,2021-08-04,-2199000000.0,77628000000.0,,11815000000.0,65813000000.0,,30.945,-1496000000.0,831000000.0,831000000.0,3927000000.0,200000000.0,1.305,2.541,18757000000.0,1299000000.0,17458000000.0,18757000000.0,0.0,776000000.0,0.0,0.057,0.671,553000000.0,1329000000.0,0.283,1329000000.0,553000000.0,358000000.0,0.28,0.28,0.28,21816000000.0,,21816000000.0,38370362669.0,10.0,5.923,-502000000.0,-0.712,1.0,763000000.0,0.163,2625000000.0,195000000.0,83877000000.0,,942000000.0,6115000000.0,1491000000.0,4624000000.0,55439000000.0,9052000000.0,46387000000.0,26021362669.0,-295000000.0,964000000.0,12000000.0,-310000000.0,-350000000.0,-649000000.0,-640000000.0,-46000000.0,994000000.0,0.0,200000000.0,200000000.0,200000000.0,0.0,0.0,0.043,382000000.0,381000000.0,2263000000.0,2.396,1.193,12.837,12.941,42105000000.0,0.0,39.21,1.384,1.471,3109000000.0,9830000000.0,4690000000.0,4690000000.0,0.0,,,,,0.0,0.0,1.0,663640976.0,705000000,707000000.0,6.652,75003000000.0,0.0,158000000.0,11222000000.0,106.387,2763000000.0
38,EXC,MRQ,2011-12-31,2011-12-31,2011-12-31,2021-08-04,-2450000000.0,54995000000.0,,5713000000.0,49282000000.0,,21.697,-1457000000.0,1056000000.0,1056000000.0,2935000000.0,607000000.0,1.113,2.817,13405000000.0,1216000000.0,12189000000.0,13405000000.0,0.0,614000000.0,0.0,0.048,0.525,1211000000.0,1825000000.0,0.419,1825000000.0,1211000000.0,1030000000.0,0.91,0.91,0.91,14385000000.0,,14385000000.0,41609856766.0,9.0,5.946,479000000.0,0.722,1.0,1423000000.0,0.327,2625000000.0,181000000.0,59585000000.0,,864000000.0,1848000000.0,432000000.0,1416000000.0,40520000000.0,5134000000.0,35386000000.0,28754856766.0,-55000000.0,380000000.0,12000000.0,-1087000000.0,-349000000.0,-1419000000.0,-572000000.0,-18000000.0,1936000000.0,0.0,607000000.0,606000000.0,606000000.0,0.0,0.0,0.139,360000000.0,1063000000.0,1444000000.0,0.577,1.999,11.525,11.535,32570000000.0,1000000.0,43.37,1.508,1.508,1613000000.0,10055000000.0,4358000000.0,4358000000.0,0.0,,,,,0.0,0.0,1.0,663012607.0,663000000,668000000.0,6.573,52370000000.0,0.0,423000000.0,8254000000.0,78.989,579000000.0
39,EXC,MRQ,2011-09-30,2011-09-30,2011-09-30,2021-08-04,-2540000000.0,54156000000.0,,6287000000.0,47869000000.0,,21.653,-987000000.0,1636000000.0,1636000000.0,3741000000.0,602000000.0,1.263,2.766,14491000000.0,1926000000.0,12565000000.0,14491000000.0,0.0,588000000.0,0.0,0.049,0.525,1039000000.0,1627000000.0,0.31,1627000000.0,1039000000.0,857000000.0,0.91,0.9,0.91,14356000000.0,,14356000000.0,41207317284.0,9.0,5.943,917000000.0,1.383,1.0,1513000000.0,0.288,2625000000.0,182000000.0,59409000000.0,,851000000.0,1532000000.0,478000000.0,1054000000.0,39710000000.0,4977000000.0,34733000000.0,28237317284.0,509000000.0,-380000000.0,11000000.0,921000000.0,-349000000.0,562000000.0,-1957000000.0,-58000000.0,1904000000.0,0.0,602000000.0,601000000.0,601000000.0,0.0,0.0,0.114,332000000.0,1181000000.0,1388000000.0,0.577,1.967,11.702,11.674,31882000000.0,1000000.0,42.61,1.471,1.471,1685000000.0,10146000000.0,5254000000.0,5254000000.0,0.0,,,,,0.0,0.0,1.0,662692262.0,663000000,665000000.0,7.925,51531000000.0,183000000.0,255000000.0,7958000000.0,77.724,1310000000.0
40,EXC,MRQ,2011-06-30,2011-06-30,2011-06-30,2021-08-04,-2509000000.0,51986000000.0,,4987000000.0,46999000000.0,,21.285,-835000000.0,597000000.0,597000000.0,3133000000.0,621000000.0,1.168,2.677,13567000000.0,1413000000.0,12154000000.0,13567000000.0,0.0,562000000.0,0.0,0.049,0.525,1135000000.0,1697000000.0,0.377,1697000000.0,1135000000.0,953000000.0,0.93,0.93,0.93,14112000000.0,,14112000000.0,41343649227.0,8.0,5.384,385000000.0,0.581,1.0,1363000000.0,0.303,2625000000.0,182000000.0,58063000000.0,,786000000.0,1513000000.0,438000000.0,1075000000.0,37784000000.0,4268000000.0,33516000000.0,28376649227.0,75000000.0,0.0,7000000.0,89000000.0,-347000000.0,-250000000.0,-895000000.0,-63000000.0,1220000000.0,0.0,621000000.0,620000000.0,620000000.0,0.0,0.0,0.138,329000000.0,1034000000.0,1297000000.0,0.565,2.011,10.68,10.657,30856000000.0,1000000.0,42.84,1.475,1.476,1766000000.0,9894000000.0,4496000000.0,4496000000.0,0.0,,,,,0.0,0.0,1.0,662386770.0,663000000,664000000.0,6.781,49361000000.0,69000000.0,332000000.0,7391000000.0,74.451,719000000.0
41,EXC,MRQ,2011-03-31,2011-03-31,2011-03-31,2021-08-04,-2397000000.0,51376000000.0,,4659000000.0,46717000000.0,,21.044,-1150000000.0,509000000.0,509000000.0,3427000000.0,669000000.0,1.117,2.681,13476000000.0,1324000000.0,12152000000.0,13476000000.0,0.0,552000000.0,0.0,0.051,0.525,1296000000.0,1848000000.0,0.373,1848000000.0,1296000000.0,1115000000.0,1.01,1.01,1.01,13931000000.0,,13931000000.0,38481226532.0,8.0,5.053,-1357000000.0,-2.05,1.0,1529000000.0,0.309,2625000000.0,181000000.0,57547000000.0,,728000000.0,1627000000.0,462000000.0,1165000000.0,37355000000.0,4171000000.0,33184000000.0,27295226532.0,-1125000000.0,0.0,8000000.0,648000000.0,-348000000.0,261000000.0,-1179000000.0,-52000000.0,-207000000.0,0.0,669000000.0,668000000.0,668000000.0,0.0,0.0,0.135,327000000.0,1202000000.0,1331000000.0,0.52,1.959,10.997,10.968,30549000000.0,1000000.0,41.24,1.426,1.426,1800000000.0,9623000000.0,4956000000.0,4956000000.0,0.0,,,,,0.0,0.0,1.0,661862913.0,662000000,664000000.0,7.486,48751000000.0,90000000.0,446000000.0,7215000000.0,73.642,488000000.0
42,EXC,MRQ,2010-12-31,2010-12-31,2010-12-31,2021-08-04,-2423000000.0,52240000000.0,,6398000000.0,45842000000.0,,20.514,-1837000000.0,1642000000.0,1642000000.0,3090000000.0,524000000.0,1.509,2.846,12828000000.0,824000000.0,12004000000.0,12828000000.0,0.0,688000000.0,0.0,0.05,0.525,1074000000.0,1762000000.0,0.392,1762000000.0,1074000000.0,891000000.0,0.8,0.79,0.8,13560000000.0,,13560000000.0,37675251228.0,7.0,4.721,-705000000.0,-1.067,1.0,1404000000.0,0.312,2625000000.0,183000000.0,56561000000.0,,806000000.0,1628000000.0,487000000.0,1141000000.0,38590000000.0,4240000000.0,34350000000.0,27541251228.0,-1123000000.0,0.0,14000000.0,-66000000.0,-347000000.0,-398000000.0,-1857000000.0,-29000000.0,1132000000.0,0.0,524000000.0,524000000.0,524000000.0,0.0,0.0,0.117,464000000.0,940000000.0,1373000000.0,0.656,2.031,10.746,10.732,29941000000.0,0.0,41.64,1.477,1.476,1932000000.0,9304000000.0,4494000000.0,4494000000.0,0.0,,,,,0.0,0.0,1.0,661413334.0,661000000,666000000.0,6.799,49615000000.0,0.0,367000000.0,6706000000.0,75.061,2158000000.0
43,EXC,MRQ,2010-09-30,2010-09-30,2010-09-30,2021-08-04,-1828000000.0,50948000000.0,,6760000000.0,44188000000.0,,21.08,-798000000.0,2761000000.0,2761000000.0,3347000000.0,845000000.0,1.704,2.645,12895000000.0,843000000.0,12052000000.0,12895000000.0,0.0,800000000.0,0.0,0.049,0.525,1572000000.0,2372000000.0,0.448,2372000000.0,1572000000.0,1397000000.0,1.28,1.27,1.28,13955000000.0,,13955000000.0,38852178426.0,8.0,4.848,945000000.0,1.427,1.0,1944000000.0,0.367,2625000000.0,175000000.0,54490000000.0,,809000000.0,1921000000.0,522000000.0,1399000000.0,36906000000.0,3967000000.0,32939000000.0,28145178426.0,1567000000.0,0.0,12000000.0,558000000.0,-348000000.0,203000000.0,-379000000.0,-10000000.0,1743000000.0,0.0,845000000.0,845000000.0,845000000.0,0.0,0.0,0.16,578000000.0,1366000000.0,1056000000.0,0.41,2.017,10.742,10.753,28554000000.0,0.0,42.58,1.541,1.543,1816000000.0,9128000000.0,5291000000.0,5291000000.0,0.0,,,,,0.0,0.0,1.0,660995266.0,662000000,663000000.0,7.992,48323000000.0,0.0,552000000.0,6357000000.0,72.995,2793000000.0
44,EXC,MRQ,2010-06-30,2010-06-30,2010-06-30,2021-08-04,-2078000000.0,49173000000.0,,5600000000.0,43573000000.0,,19.949,-706000000.0,1627000000.0,1627000000.0,2861000000.0,445000000.0,1.39,2.723,12334000000.0,1133000000.0,11201000000.0,12334000000.0,0.0,737000000.0,0.0,0.055,0.525,896000000.0,1633000000.0,0.371,1633000000.0,896000000.0,621000000.0,0.67,0.67,0.67,13186000000.0,,13186000000.0,35229173163.0,7.0,4.478,-198000000.0,-0.3,1.0,1537000000.0,0.349,2625000000.0,275000000.0,53225000000.0,,759000000.0,1768000000.0,418000000.0,1350000000.0,35900000000.0,4030000000.0,31870000000.0,25082173163.0,-1356000000.0,0.0,11000000.0,-581000000.0,-347000000.0,-915000000.0,-949000000.0,-41000000.0,508000000.0,0.0,445000000.0,445000000.0,445000000.0,0.0,0.0,0.101,519000000.0,1018000000.0,1181000000.0,0.784,1.902,9.906,9.914,28030000000.0,0.0,37.97,1.449,1.45,1886000000.0,8631000000.0,4398000000.0,4398000000.0,0.0,,,,,0.0,0.0,1.0,660578698.0,661000000,662000000.0,6.654,46548000000.0,0.0,176000000.0,5588000000.0,70.421,1570000000.0
45,EXC,MRQ,2010-03-31,2010-03-31,2010-03-31,2021-08-04,-1695000000.0,50741000000.0,,6384000000.0,44357000000.0,,20.349,-878000000.0,2763000000.0,2763000000.0,2545000000.0,749000000.0,1.306,2.766,12910000000.0,1712000000.0,11198000000.0,12910000000.0,0.0,718000000.0,0.0,0.048,0.525,1495000000.0,2213000000.0,0.496,2213000000.0,1495000000.0,1312000000.0,1.13,1.13,1.13,13451000000.0,,13451000000.0,39454002841.0,7.0,4.852,983000000.0,1.487,1.0,1916000000.0,0.43,2625000000.0,183000000.0,53373000000.0,,692000000.0,2054000000.0,463000000.0,1591000000.0,37203000000.0,4890000000.0,32313000000.0,28910002841.0,514000000.0,0.0,11000000.0,-302000000.0,-347000000.0,-638000000.0,-709000000.0,-57000000.0,1861000000.0,0.0,749000000.0,749000000.0,749000000.0,0.0,0.0,0.168,514000000.0,1402000000.0,1143000000.0,0.465,2.149,10.536,10.531,27737000000.0,0.0,43.81,1.695,1.698,1628000000.0,8534000000.0,4461000000.0,4461000000.0,0.0,,,,,0.0,0.0,1.0,659895066.0,661000000,662000000.0,6.749,48116000000.0,0.0,563000000.0,6203000000.0,72.793,1494000000.0
46,EXC,MRQ,2009-12-31,2009-12-31,2009-12-31,2021-08-04,-2089000000.0,49180000000.0,,5441000000.0,43739000000.0,,19.181,-1021000000.0,2050000000.0,2050000000.0,2566000000.0,581000000.0,1.284,2.884,12594000000.0,1209000000.0,11385000000.0,12594000000.0,0.0,666000000.0,0.0,0.043,0.525,1130000000.0,1796000000.0,0.436,1796000000.0,1130000000.0,954000000.0,0.88,0.88,0.88,12640000000.0,,12640000000.0,42821772854.0,8.0,5.525,444000000.0,0.674,1.0,1550000000.0,0.377,2625000000.0,176000000.0,52861000000.0,,757000000.0,1749000000.0,376000000.0,1373000000.0,36453000000.0,4238000000.0,32215000000.0,32223772854.0,-364000000.0,0.0,14000000.0,-419000000.0,-347000000.0,-755000000.0,-1074000000.0,-46000000.0,1465000000.0,0.0,581000000.0,581000000.0,581000000.0,0.0,0.0,0.141,474000000.0,1076000000.0,1345000000.0,0.597,2.549,11.904,11.92,27341000000.0,0.0,48.87,1.861,1.86,1563000000.0,8134000000.0,4116000000.0,4116000000.0,0.0,,,,,0.0,0.0,1.0,659377386.0,659000000,665000000.0,6.246,46555000000.0,0.0,373000000.0,5902000000.0,70.645,1203000000.0
47,EXC,MRQ,2009-09-30,2009-09-30,2009-09-30,2021-08-04,-1973000000.0,49502000000.0,,5895000000.0,43607000000.0,,18.924,-808000000.0,2417000000.0,2417000000.0,2451000000.0,757000000.0,1.327,2.956,13015000000.0,1604000000.0,11411000000.0,13015000000.0,0.0,682000000.0,0.0,0.042,0.525,1543000000.0,2225000000.0,0.513,2225000000.0,1543000000.0,1355000000.0,1.15,1.14,1.15,12490000000.0,,12490000000.0,43701545333.0,8.0,5.651,774000000.0,1.173,1.0,1888000000.0,0.435,2625000000.0,188000000.0,53031000000.0,,784000000.0,1681000000.0,467000000.0,1214000000.0,36925000000.0,4444000000.0,32481000000.0,32703545333.0,536000000.0,0.0,9000000.0,134000000.0,-346000000.0,-208000000.0,-838000000.0,-51000000.0,1582000000.0,0.0,757000000.0,757000000.0,757000000.0,0.0,0.0,0.174,485000000.0,1403000000.0,1075000000.0,0.457,2.618,11.544,11.54,26653000000.0,0.0,49.62,1.848,1.851,1418000000.0,7905000000.0,4339000000.0,4339000000.0,0.0,,,,,0.0,0.0,1.0,659079914.0,660000000,662000000.0,6.574,46877000000.0,0.0,598000000.0,5975000000.0,71.026,1451000000.0
48,EXC,MRQ,2009-06-30,2009-06-30,2009-06-30,2021-08-04,-1873000000.0,48979000000.0,,5825000000.0,43154000000.0,,18.442,-732000000.0,1884000000.0,1884000000.0,2686000000.0,657000000.0,1.398,3.023,12882000000.0,848000000.0,12034000000.0,12882000000.0,0.0,631000000.0,0.0,0.041,0.525,1267000000.0,1898000000.0,0.458,1898000000.0,1267000000.0,1087000000.0,1.0,0.99,1.0,12153000000.0,,12153000000.0,44697840324.0,9.0,6.051,365000000.0,0.554,1.0,1455000000.0,0.351,2625000000.0,180000000.0,53186000000.0,,750000000.0,2013000000.0,627000000.0,1386000000.0,36739000000.0,4166000000.0,32573000000.0,33734840324.0,-311000000.0,0.0,10000000.0,-278000000.0,-346000000.0,-614000000.0,-794000000.0,-70000000.0,1097000000.0,0.0,657000000.0,657000000.0,657000000.0,0.0,0.0,0.159,439000000.0,1016000000.0,1144000000.0,0.525,2.776,12.152,12.164,26305000000.0,0.0,51.21,1.815,1.816,1536000000.0,7494000000.0,4141000000.0,4141000000.0,0.0,,,,,0.0,0.0,1.0,658754937.0,659000000,661000000.0,6.284,46354000000.0,0.0,430000000.0,5436000000.0,70.34,1659000000.0
49,EXC,MRQ,2009-03-31,2009-03-31,2009-03-31,2021-08-04,-1680000000.0,48863000000.0,,6343000000.0,42520000000.0,,18.228,-712000000.0,2201000000.0,2201000000.0,3031000000.0,712000000.0,1.453,3.061,13164000000.0,771000000.0,12393000000.0,13164000000.0,0.0,622000000.0,0.0,0.045,0.525,1210000000.0,1832000000.0,0.388,1832000000.0,1210000000.0,1023000000.0,1.08,1.08,1.08,12012000000.0,,12012000000.0,41682626530.0,8.0,5.622,1238000000.0,1.879,1.0,1691000000.0,0.358,2625000000.0,187000000.0,52835000000.0,,699000000.0,2150000000.0,618000000.0,1532000000.0,36764000000.0,4366000000.0,32398000000.0,29877626530.0,878000000.0,0.0,9000000.0,12000000.0,-346000000.0,-320000000.0,-752000000.0,-59000000.0,1950000000.0,0.0,712000000.0,712000000.0,712000000.0,0.0,0.0,0.151,436000000.0,1255000000.0,1121000000.0,0.486,2.487,10.421,10.434,25928000000.0,0.0,45.39,1.567,1.569,1764000000.0,7185000000.0,4722000000.0,4722000000.0,0.0,,,,,0.0,0.0,1.0,658242488.0,659000000,661000000.0,7.165,46238000000.0,0.0,311000000.0,5317000000.0,70.164,1977000000.0
50,EXC,MRQ,2008-12-31,2008-12-31,2008-12-31,2021-08-04,-2251000000.0,47546000000.0,,5130000000.0,42416000000.0,,16.789,-835000000.0,1346000000.0,1346000000.0,2756000000.0,707000000.0,1.346,3.296,13151000000.0,559000000.0,12592000000.0,13151000000.0,0.0,583000000.0,0.0,0.036,0.525,1196000000.0,1779000000.0,0.396,1779000000.0,1196000000.0,1002000000.0,1.07,1.07,1.07,11047000000.0,,11047000000.0,49319062440.0,10.0,6.856,1349000000.0,2.05,1.0,1737000000.0,0.387,2625000000.0,194000000.0,52915000000.0,,843000000.0,1874000000.0,480000000.0,1394000000.0,36412000000.0,3811000000.0,32601000000.0,36587062440.0,1089000000.0,0.0,8000000.0,145000000.0,-346000000.0,-194000000.0,-901000000.0,-56000000.0,2184000000.0,0.0,707000000.0,707000000.0,707000000.0,-21000000.0,0.0,0.157,404000000.0,1333000000.0,1416000000.0,0.491,3.312,13.368,13.368,25813000000.0,0.0,55.61,1.94,1.94,1928000000.0,6820000000.0,4493000000.0,4493000000.0,0.0,,,,,0.0,0.0,1.0,657922360.0,658000000,659000000.0,6.828,44921000000.0,0.0,295000000.0,5016000000.0,68.269,1319000000.0
51,EXC,MRQ,2008-09-30,2008-09-30,2008-09-30,2021-08-04,-1325000000.0,45214000000.0,,4371000000.0,40843000000.0,,17.609,-771000000.0,258000000.0,258000000.0,3384000000.0,700000000.0,1.02,2.895,12990000000.0,709000000.0,12281000000.0,12990000000.0,0.0,629000000.0,0.0,0.031,0.5,1249000000.0,1878000000.0,0.359,1878000000.0,1249000000.0,1046000000.0,1.06,1.06,1.06,11587000000.0,,11587000000.0,55455140485.0,12.0,7.845,1922000000.0,2.921,1.0,1844000000.0,0.353,2625000000.0,203000000.0,51034000000.0,,866000000.0,1380000000.0,391000000.0,989000000.0,33540000000.0,4287000000.0,29253000000.0,41162140485.0,-150000000.0,0.0,17000000.0,-1766000000.0,-330000000.0,-2065000000.0,-778000000.0,-65000000.0,2693000000.0,0.0,700000000.0,700000000.0,700000000.0,0.0,0.0,0.134,431000000.0,1413000000.0,1278000000.0,0.472,3.552,15.88,15.934,25336000000.0,0.0,62.62,2.175,2.178,1789000000.0,6459000000.0,5228000000.0,5228000000.0,0.0,,,,,0.0,0.0,1.0,657332170.0,658000000,662000000.0,7.945,42589000000.0,104000000.0,346000000.0,5474000000.0,64.725,84000000.0
52,EXC,MRQ,2008-06-30,2008-06-30,2008-06-30,2021-08-04,-2616000000.0,46800000000.0,,5607000000.0,41193000000.0,,15.049,-614000000.0,461000000.0,461000000.0,2790000000.0,748000000.0,0.844,3.725,14754000000.0,2113000000.0,12641000000.0,14754000000.0,0.0,544000000.0,0.0,0.021,0.5,1381000000.0,1925000000.0,0.416,1925000000.0,1381000000.0,1167000000.0,1.14,1.13,1.14,9887000000.0,,9887000000.0,73309996595.0,15.0,10.157,342000000.0,0.521,1.0,1832000000.0,0.396,2625000000.0,214000000.0,51827000000.0,,774000000.0,1623000000.0,700000000.0,923000000.0,36826000000.0,6641000000.0,30185000000.0,59013996595.0,170000000.0,0.0,61000000.0,47000000.0,-329000000.0,-192000000.0,-594000000.0,-99000000.0,956000000.0,0.0,748000000.0,748000000.0,748000000.0,1000000.0,0.0,0.162,402000000.0,1430000000.0,1458000000.0,0.439,5.969,22.086,22.323,25072000000.0,0.0,89.96,3.152,3.156,1930000000.0,6088000000.0,4622000000.0,4622000000.0,0.0,,,,,0.0,0.0,1.0,656002630.0,657000000,662000000.0,7.035,44175000000.0,601000000.0,419000000.0,5095000000.0,67.237,-1034000000.0
53,EXC,MRQ,2008-03-31,2008-03-31,2008-03-31,2021-08-04,-2150000000.0,45848000000.0,,4840000000.0,41008000000.0,,14.921,-897000000.0,411000000.0,411000000.0,2996000000.0,581000000.0,0.847,3.654,14707000000.0,1908000000.0,12799000000.0,14707000000.0,0.0,552000000.0,0.0,0.022,0.5,1060000000.0,1612000000.0,0.357,1612000000.0,1060000000.0,839000000.0,0.88,0.88,0.88,9833000000.0,,9833000000.0,66995381258.0,14.0,9.495,-179000000.0,-0.272,1.0,1521000000.0,0.337,2625000000.0,221000000.0,51808000000.0,,656000000.0,1164000000.0,314000000.0,850000000.0,35928000000.0,5711000000.0,30217000000.0,53737381258.0,-149000000.0,0.0,-392000000.0,998000000.0,-330000000.0,238000000.0,-1105000000.0,-65000000.0,718000000.0,0.0,581000000.0,581000000.0,581000000.0,0.0,0.0,0.129,398000000.0,1123000000.0,1308000000.0,0.568,5.465,20.464,20.679,24737000000.0,0.0,81.27,2.888,2.879,1868000000.0,5669000000.0,4517000000.0,4517000000.0,0.0,,,,,0.0,0.0,1.0,661220392.0,659000000,664000000.0,6.854,43223000000.0,417000000.0,258000000.0,5177000000.0,65.589,-871000000.0
54,EXC,MRQ,2007-12-31,2007-12-31,2007-12-31,2021-08-04,-1534000000.0,45361000000.0,,4580000000.0,40781000000.0,,15.336,-782000000.0,429000000.0,429000000.0,3285000000.0,563000000.0,0.814,3.466,13687000000.0,1722000000.0,11965000000.0,13687000000.0,0.0,540000000.0,0.0,0.022,0.44,1114000000.0,1654000000.0,0.363,1654000000.0,1114000000.0,902000000.0,0.85,0.85,0.85,10137000000.0,,10137000000.0,67093850709.0,13.0,9.299,201000000.0,0.304,1.0,1269000000.0,0.279,2625000000.0,212000000.0,50365000000.0,,723000000.0,1033000000.0,247000000.0,786000000.0,35137000000.0,5629000000.0,29508000000.0,53879850709.0,-129000000.0,0.0,33000000.0,-47000000.0,-291000000.0,-268000000.0,-844000000.0,-20000000.0,983000000.0,0.0,563000000.0,563000000.0,563000000.0,0.0,0.0,0.124,374000000.0,895000000.0,1450000000.0,0.518,5.315,19.693,20.01,24153000000.0,0.0,81.64,2.848,2.892,2041000000.0,4930000000.0,4554000000.0,4554000000.0,0.0,,,,,0.0,0.0,1.0,659968774.0,661000000,667000000.0,6.89,42736000000.0,102000000.0,339000000.0,5081000000.0,64.654,-1049000000.0
55,EXC,MRQ,2007-09-30,2007-09-30,2007-09-30,2021-08-04,-1228000000.0,45719000000.0,,5193000000.0,40526000000.0,,15.484,-608000000.0,514000000.0,514000000.0,3273000000.0,780000000.0,0.938,3.379,13728000000.0,1996000000.0,11732000000.0,13728000000.0,0.0,577000000.0,0.0,0.023,0.44,1450000000.0,2027000000.0,0.403,2027000000.0,1450000000.0,1239000000.0,1.16,1.15,1.16,10421000000.0,,10421000000.0,63676587903.0,13.0,8.896,1279000000.0,1.9,1.0,1759000000.0,0.35,2641000000.0,211000000.0,50754000000.0,,731000000.0,1678000000.0,709000000.0,969000000.0,35211000000.0,5538000000.0,29673000000.0,50805587903.0,305000000.0,0.0,-1134000000.0,616000000.0,-297000000.0,-884000000.0,-698000000.0,-61000000.0,1887000000.0,0.0,780000000.0,780000000.0,780000000.0,-1000000.0,0.0,0.155,408000000.0,1351000000.0,1326000000.0,0.379,4.875,18.375,18.38,23652000000.0,0.0,75.36,2.814,2.809,2077000000.0,4989000000.0,5032000000.0,5032000000.0,0.0,,,,,0.0,0.0,1.0,674171814.0,673000000,678000000.0,7.477,43078000000.0,0.0,459000000.0,5403000000.0,64.009,-345000000.0
56,EXC,MRQ,2007-06-30,2007-06-30,2007-06-30,2021-08-04,-1220000000.0,45305000000.0,,4959000000.0,40346000000.0,,16.55,-612000000.0,233000000.0,233000000.0,2901000000.0,702000000.0,0.925,3.048,13104000000.0,2098000000.0,11006000000.0,13104000000.0,0.0,533000000.0,0.0,0.023,0.44,1230000000.0,1763000000.0,0.392,1763000000.0,1230000000.0,1016000000.0,1.04,1.03,1.04,11171000000.0,,11171000000.0,61777397042.0,15.0,9.913,346000000.0,0.513,1.0,1600000000.0,0.355,2641000000.0,214000000.0,50174000000.0,,669000000.0,1712000000.0,765000000.0,947000000.0,34047000000.0,5361000000.0,28686000000.0,48834397042.0,-245000000.0,0.0,47000000.0,-267000000.0,-296000000.0,-495000000.0,-708000000.0,-72000000.0,958000000.0,0.0,702000000.0,702000000.0,702000000.0,1000000.0,0.0,0.156,369000000.0,1231000000.0,1289000000.0,0.423,4.372,25.159,25.296,23431000000.0,0.0,72.6,2.802,2.812,2046000000.0,4506000000.0,4501000000.0,4501000000.0,0.0,,,,,0.0,0.0,1.0,672650097.0,675000000,680000000.0,6.668,42664000000.0,0.0,314000000.0,5193000000.0,63.206,-402000000.0
57,EXC,MRQ,2007-03-31,2007-03-31,2007-03-31,2021-08-04,-1489000000.0,44711000000.0,,4811000000.0,39900000000.0,,15.054,-672000000.0,429000000.0,429000000.0,3269000000.0,691000000.0,0.871,3.411,13372000000.0,1716000000.0,11656000000.0,13372000000.0,0.0,533000000.0,0.0,0.024,0.44,1238000000.0,1771000000.0,0.367,1771000000.0,1238000000.0,1025000000.0,1.02,1.02,1.02,10116000000.0,,10116000000.0,58809510488.0,14.0,9.434,-4000000.0,-0.006,1.0,1560000000.0,0.323,2641000000.0,213000000.0,49491000000.0,,598000000.0,1391000000.0,506000000.0,885000000.0,34508000000.0,5522000000.0,28986000000.0,46046510488.0,156000000.0,0.0,61000000.0,348000000.0,-296000000.0,147000000.0,-659000000.0,33000000.0,668000000.0,0.0,691000000.0,691000000.0,691000000.0,-10000000.0,0.0,0.143,369000000.0,1191000000.0,1251000000.0,0.431,4.552,24.454,24.627,23133000000.0,0.0,68.71,2.77,2.778,2077000000.0,3805000000.0,4829000000.0,4829000000.0,0.0,,,,,0.0,0.0,1.0,670157335.0,672000000,677000000.0,7.186,42070000000.0,133000000.0,334000000.0,5114000000.0,62.604,-711000000.0
58,EXC,MRQ,2006-12-31,2006-12-31,2006-12-31,2021-08-04,-1103000000.0,44319000000.0,,4992000000.0,39327000000.0,,14.936,-666000000.0,282000000.0,282000000.0,2280000000.0,592000000.0,0.861,3.42,13045000000.0,1134000000.0,11911000000.0,13045000000.0,0.0,511000000.0,0.0,0.026,0.4,1086000000.0,1597000000.0,0.432,1597000000.0,1086000000.0,869000000.0,0.88,0.87,0.88,10007000000.0,,10007000000.0,54506374871.0,15.0,9.381,616000000.0,0.919,1.0,1415000000.0,0.383,2694000000.0,217000000.0,48593000000.0,,731000000.0,2399000000.0,1418000000.0,981000000.0,34225000000.0,5795000000.0,28430000000.0,41525374871.0,-55000000.0,0.0,-97000000.0,-255000000.0,-268000000.0,-609000000.0,-728000000.0,-64000000.0,1282000000.0,0.0,592000000.0,592000000.0,592000000.0,1000000.0,0.0,0.16,352000000.0,1063000000.0,1382000000.0,0.455,4.15,26.084,26.114,22775000000.0,0.0,61.89,2.653,2.649,1747000000.0,3426000000.0,3695000000.0,3695000000.0,0.0,,,,,0.0,0.0,1.0,670954514.0,670000000,676000000.0,5.515,41625000000.0,0.0,277000000.0,5340000000.0,62.127,-803000000.0
59,EXC,MRQ,2006-09-30,2006-09-30,2006-09-30,2021-08-04,-1191000000.0,41648000000.0,,4322000000.0,37326000000.0,,14.459,-596000000.0,316000000.0,316000000.0,2787000000.0,-44000000.0,0.782,3.284,13297000000.0,1722000000.0,11575000000.0,13297000000.0,0.0,561000000.0,0.0,0.026,0.4,540000000.0,1101000000.0,0.25,1101000000.0,540000000.0,322000000.0,-0.07,-0.07,-0.07,9702000000.0,,9702000000.0,53927872536.0,25.0,12.698,769000000.0,1.146,1.0,1614000000.0,0.367,2694000000.0,218000000.0,46408000000.0,,696000000.0,1990000000.0,809000000.0,1181000000.0,31859000000.0,5527000000.0,26332000000.0,40530872536.0,-3000000.0,0.0,41000000.0,-436000000.0,-268000000.0,-694000000.0,-674000000.0,-71000000.0,1365000000.0,0.0,-44000000.0,-44000000.0,-44000000.0,-1000000.0,0.0,-0.01,1176000000.0,438000000.0,1147000000.0,-5.714,4.178,248.656,252.25,22415000000.0,0.0,60.54,2.566,2.572,1590000000.0,3130000000.0,4401000000.0,4401000000.0,0.0,,,,,0.0,0.0,1.0,669489140.0,671000000,671000000.0,6.559,38954000000.0,113000000.0,366000000.0,5414000000.0,58.054,-1205000000.0
60,EXC,MRQ,2006-06-30,2006-06-30,2006-06-30,2021-08-04,-1377000000.0,42290000000.0,,4258000000.0,38032000000.0,,14.53,-543000000.0,330000000.0,330000000.0,2124000000.0,644000000.0,0.676,3.335,13727000000.0,2315000000.0,11412000000.0,13727000000.0,0.0,536000000.0,0.0,0.028,0.4,1229000000.0,1765000000.0,0.477,1765000000.0,1229000000.0,1007000000.0,0.96,0.95,0.96,9735000000.0,,9735000000.0,51856717130.0,18.0,10.482,797000000.0,1.19,1.0,1573000000.0,0.425,3476000000.0,222000000.0,45908000000.0,,663000000.0,2142000000.0,737000000.0,1405000000.0,32468000000.0,6303000000.0,26165000000.0,37990717130.0,108000000.0,0.0,27000000.0,-355000000.0,-268000000.0,-585000000.0,-647000000.0,-83000000.0,1340000000.0,0.0,644000000.0,644000000.0,644000000.0,-3000000.0,0.0,0.174,371000000.0,1202000000.0,1195000000.0,0.417,3.902,40.763,40.885,22122000000.0,0.0,56.83,2.394,2.399,1609000000.0,3443000000.0,3697000000.0,3697000000.0,0.0,,,,,0.0,0.0,1.0,668497574.0,670000000,676000000.0,5.518,38814000000.0,114000000.0,363000000.0,5213000000.0,57.931,-2045000000.0
61,EXC,MRQ,2006-03-31,2006-03-31,2006-03-31,2021-08-04,-1504000000.0,42294000000.0,,4037000000.0,38257000000.0,,13.729,-613000000.0,218000000.0,218000000.0,2680000000.0,400000000.0,0.645,3.595,14084000000.0,2430000000.0,11654000000.0,14084000000.0,0.0,524000000.0,0.0,0.03,0.4,825000000.0,1349000000.0,0.349,1349000000.0,825000000.0,601000000.0,0.6,0.59,0.6,9185000000.0,,9185000000.0,49071630514.0,19.0,10.677,235000000.0,0.351,1.0,1181000000.0,0.306,3475000000.0,224000000.0,46425000000.0,,605000000.0,1821000000.0,637000000.0,1184000000.0,33022000000.0,6260000000.0,26762000000.0,35296630514.0,34000000.0,0.0,27000000.0,119000000.0,-267000000.0,-101000000.0,-713000000.0,-68000000.0,848000000.0,0.0,400000000.0,400000000.0,400000000.0,-1000000.0,0.0,0.104,363000000.0,818000000.0,1153000000.0,0.667,3.843,44.011,44.083,22295000000.0,0.0,52.9,2.255,2.26,1606000000.0,3068000000.0,3861000000.0,3861000000.0,0.0,,,,,0.0,0.0,1.0,667233091.0,669000000,675000000.0,5.771,38819000000.0,96000000.0,201000000.0,5167000000.0,58.025,-2223000000.0
62,EXC,MRQ,2005-12-31,2005-12-31,2005-12-31,2021-08-04,-1624000000.0,42797000000.0,,4637000000.0,38160000000.0,,13.64,-644000000.0,189000000.0,189000000.0,2716000000.0,-837000000.0,0.707,3.68,13964000000.0,2204000000.0,11760000000.0,13964000000.0,0.0,490000000.0,0.0,0.03,0.4,-458000000.0,32000000.0,0.008,32000000.0,-458000000.0,-672000000.0,-1.25,-1.24,-1.25,9125000000.0,,9125000000.0,48713348563.0,18.0,10.447,-43000000.0,-0.064,1.0,1122000000.0,0.292,3475000000.0,214000000.0,46534000000.0,,662000000.0,2100000000.0,916000000.0,1184000000.0,33584000000.0,6563000000.0,27021000000.0,35456348563.0,-13000000.0,0.0,-71000000.0,522000000.0,-266000000.0,188000000.0,-802000000.0,-74000000.0,601000000.0,0.0,-837000000.0,-837000000.0,-837000000.0,-1000000.0,0.0,-0.218,1538000000.0,-416000000.0,1467000000.0,-0.32,3.886,38.414,38.507,21981000000.0,0.0,53.14,2.309,2.315,1858000000.0,3206000000.0,3838000000.0,3838000000.0,0.0,,,,,0.0,0.0,1.0,667225227.0,669000000,676000000.0,5.737,39322000000.0,80000000.0,165000000.0,5078000000.0,58.777,-1926000000.0
63,EXC,MRQ,2005-09-30,2005-09-30,2005-09-30,2021-08-04,-1747000000.0,43152000000.0,,4723000000.0,38429000000.0,,15.16,-458000000.0,185000000.0,185000000.0,2803000000.0,725000000.0,0.781,3.24,13442000000.0,1279000000.0,12163000000.0,13442000000.0,0.0,516000000.0,0.0,0.03,0.4,1285000000.0,1801000000.0,0.403,1801000000.0,1285000000.0,1069000000.0,1.08,1.07,1.08,10157000000.0,,10157000000.0,49314593121.0,13.0,8.614,802000000.0,1.197,1.0,1670000000.0,0.373,4696000000.0,216000000.0,45668000000.0,,598000000.0,2448000000.0,1240000000.0,1208000000.0,32907000000.0,6045000000.0,26862000000.0,35834593121.0,-392000000.0,4000000.0,-217000000.0,-622000000.0,-269000000.0,-1110000000.0,-542000000.0,-46000000.0,1260000000.0,0.0,725000000.0,725000000.0,725000000.0,-1000000.0,0.0,0.162,358000000.0,1312000000.0,1434000000.0,0.37,3.528,16.879,16.805,21613000000.0,0.0,53.44,2.416,2.414,1834000000.0,4309000000.0,4473000000.0,4473000000.0,0.0,,,,,0.0,0.0,1.0,670557506.0,670000000,677000000.0,6.676,38456000000.0,108000000.0,344000000.0,5018000000.0,57.397,-1322000000.0
64,EXC,MRQ,2005-06-30,2005-06-30,2005-06-30,2021-08-04,-1601000000.0,42082000000.0,,4038000000.0,38044000000.0,,14.984,-546000000.0,592000000.0,592000000.0,2262000000.0,514000000.0,0.831,3.183,14072000000.0,1526000000.0,12546000000.0,14072000000.0,0.0,483000000.0,0.0,0.029,0.4,931000000.0,1414000000.0,0.406,1414000000.0,931000000.0,721000000.0,0.77,0.76,0.77,10039000000.0,,10039000000.0,48210370479.0,14.0,8.77,749000000.0,1.118,1.0,1222000000.0,0.351,4696000000.0,210000000.0,46004000000.0,,516000000.0,1677000000.0,508000000.0,1169000000.0,31955000000.0,4862000000.0,27093000000.0,34314370479.0,185000000.0,0.0,53000000.0,-266000000.0,-268000000.0,-533000000.0,-577000000.0,-55000000.0,1295000000.0,0.0,514000000.0,514000000.0,514000000.0,2000000.0,0.0,0.148,325000000.0,897000000.0,1237000000.0,0.519,3.418,17.454,17.341,21390000000.0,0.0,51.33,2.433,2.438,1613000000.0,3853000000.0,3484000000.0,3484000000.0,0.0,,,,,0.0,0.0,1.0,668505172.0,670000000,677000000.0,5.2,37386000000.0,108000000.0,207000000.0,5127000000.0,55.8,-824000000.0
65,EXC,MRQ,2005-03-31,2005-03-31,2005-03-31,2021-08-04,-1561000000.0,42408000000.0,,4342000000.0,38066000000.0,,14.584,-517000000.0,438000000.0,438000000.0,2311000000.0,521000000.0,0.635,3.357,14334000000.0,3337000000.0,10997000000.0,14334000000.0,0.0,478000000.0,0.0,0.03,0.4,938000000.0,1416000000.0,0.398,1416000000.0,938000000.0,748000000.0,0.78,0.77,0.78,9713000000.0,,9713000000.0,43499998829.0,12.0,7.885,-1526000000.0,-2.291,1.0,1250000000.0,0.351,4696000000.0,190000000.0,44768000000.0,,468000000.0,1746000000.0,579000000.0,1167000000.0,32607000000.0,6840000000.0,25767000000.0,30507998829.0,-139000000.0,6000000.0,95000000.0,1611000000.0,-267000000.0,1436000000.0,-566000000.0,-52000000.0,-1009000000.0,0.0,521000000.0,521000000.0,521000000.0,-14000000.0,0.0,0.146,319000000.0,931000000.0,1235000000.0,0.513,3.141,15.463,15.399,21413000000.0,0.0,45.89,2.17,2.174,1533000000.0,3607000000.0,3561000000.0,3561000000.0,0.0,,,,,0.0,0.0,1.0,664807122.0,666000000,675000000.0,5.347,37712000000.0,99000000.0,227000000.0,5243000000.0,56.625,-2498000000.0
66,EXC,MRQ,2004-12-31,2004-12-31,2004-12-31,2021-08-04,-1446000000.0,42724000000.0,,3880000000.0,38844000000.0,,14.291,-644000000.0,559000000.0,559000000.0,2314000000.0,363000000.0,0.802,3.489,13551000000.0,1403000000.0,12148000000.0,13551000000.0,0.0,484000000.0,0.0,0.028,0.4,610000000.0,1094000000.0,0.33,1094000000.0,610000000.0,415000000.0,0.55,0.53,0.55,9489000000.0,,9489000000.0,42520553600.0,12.0,7.966,600000000.0,0.904,1.0,998000000.0,0.301,4705000000.0,195000000.0,46175000000.0,,542000000.0,1590000000.0,403000000.0,1187000000.0,33106000000.0,4836000000.0,28270000000.0,29198553600.0,-30000000.0,124000000.0,41000000.0,-488000000.0,-266000000.0,-742000000.0,-532000000.0,-123000000.0,1244000000.0,0.0,363000000.0,363000000.0,363000000.0,30000000.0,0.0,0.11,321000000.0,677000000.0,1255000000.0,0.727,3.077,15.664,15.628,21482000000.0,0.0,44.07,2.066,2.061,1649000000.0,3353000000.0,3312000000.0,3312000000.0,0.0,,,,,0.0,0.0,1.0,662549435.0,664000000,672000000.0,4.988,38019000000.0,68000000.0,52000000.0,4763000000.0,57.258,-956000000.0
67,EXC,MRQ,2004-09-30,2004-09-30,2004-09-30,2021-08-04,-1167000000.0,42059000000.0,,4054000000.0,38005000000.0,,14.442,-466000000.0,750000000.0,750000000.0,2188000000.0,568000000.0,0.9,3.391,14072000000.0,1316000000.0,12756000000.0,14072000000.0,0.0,526000000.0,0.0,0.03,0.305,1047000000.0,1573000000.0,0.42,1573000000.0,1047000000.0,847000000.0,0.86,0.85,0.86,9546000000.0,,9546000000.0,38082902216.0,11.0,7.251,781000000.0,1.182,1.0,1560000000.0,0.416,4707000000.0,200000000.0,46169000000.0,,517000000.0,1730000000.0,403000000.0,1327000000.0,32373000000.0,4505000000.0,27868000000.0,24220902216.0,-211000000.0,11000000.0,52000000.0,-799000000.0,-201000000.0,-948000000.0,-510000000.0,-8000000.0,1247000000.0,0.0,568000000.0,568000000.0,568000000.0,0.0,0.0,0.152,362000000.0,1198000000.0,1136000000.0,0.355,2.537,13.646,13.589,20724000000.0,0.0,36.69,1.764,1.766,1613000000.0,3256000000.0,3748000000.0,3748000000.0,0.0,,,,,0.0,0.0,1.0,660149965.0,661000000,669000000.0,5.67,37352000000.0,49000000.0,279000000.0,5013000000.0,56.508,-451000000.0
68,EXC,MRQ,2004-06-30,2004-06-30,2004-06-30,2021-08-04,-1251000000.0,42102000000.0,,4551000000.0,37551000000.0,,13.655,-414000000.0,973000000.0,973000000.0,2274000000.0,521000000.0,1.051,3.649,14835000000.0,916000000.0,13919000000.0,14835000000.0,0.0,478000000.0,0.0,0.032,0.275,956000000.0,1434000000.0,0.417,1434000000.0,956000000.0,744000000.0,0.79,0.78,0.79,9026000000.0,,9026000000.0,36471893171.0,15.0,8.84,644000000.0,0.974,1.0,1164000000.0,0.339,4714000000.0,212000000.0,46921000000.0,,483000000.0,1746000000.0,433000000.0,1313000000.0,32939000000.0,4329000000.0,28610000000.0,22003893171.0,267000000.0,222000000.0,-41000000.0,-274000000.0,-183000000.0,-465000000.0,-326000000.0,-65000000.0,1058000000.0,0.0,521000000.0,521000000.0,521000000.0,-18000000.0,0.0,0.152,311000000.0,853000000.0,1221000000.0,0.348,2.438,19.913,19.815,20228000000.0,0.0,33.29,1.525,1.525,1645000000.0,2889000000.0,3438000000.0,3438000000.0,0.0,,,,,0.0,0.0,1.0,660976064.0,661000000,667000000.0,5.201,37388000000.0,145000000.0,223000000.0,4861000000.0,56.563,222000000.0
69,EXC,MRQ,2004-03-31,2004-03-31,2004-03-31,2021-08-04,-1266000000.0,43559000000.0,,5980000000.0,37579000000.0,,13.2,-397000000.0,648000000.0,648000000.0,2563000000.0,412000000.0,1.011,3.991,15116000000.0,1092000000.0,14024000000.0,15116000000.0,0.0,445000000.0,0.0,0.029,0.275,792000000.0,1237000000.0,0.34,1237000000.0,792000000.0,571000000.0,0.63,0.62,0.63,8699000000.0,,8699000000.0,37844440070.0,17.0,9.632,452000000.0,0.686,1.0,1072000000.0,0.295,4714000000.0,221000000.0,47397000000.0,,426000000.0,964000000.0,0.0,964000000.0,34716000000.0,5916000000.0,28800000000.0,22674440070.0,6000000.0,24000000.0,106000000.0,-400000000.0,-181000000.0,-472000000.0,-371000000.0,-71000000.0,849000000.0,0.0,412000000.0,412000000.0,412000000.0,17000000.0,0.0,0.113,301000000.0,771000000.0,1125000000.0,0.437,2.607,23.718,23.586,20133000000.0,0.0,34.435,1.542,1.543,1601000000.0,2544000000.0,3635000000.0,3635000000.0,0.0,,,,,0.0,0.0,1.0,658470744.0,659000000,665000000.0,5.516,38845000000.0,650000000.0,159000000.0,4985000000.0,58.945,64000000.0
70,EXC,MRQ,2003-12-31,2003-12-31,2003-12-31,2021-08-04,-1109000000.0,41936000000.0,,4561000000.0,37375000000.0,,13.002,-448000000.0,590000000.0,590000000.0,1845000000.0,274000000.0,0.797,3.922,15760000000.0,2271000000.0,13489000000.0,15760000000.0,0.0,391000000.0,0.0,0.029,0.25,617000000.0,1008000000.0,0.346,1008000000.0,617000000.0,405000000.0,0.42,0.42,0.42,8503000000.0,,8503000000.0,35825126168.0,17.0,9.31,383000000.0,0.586,1.0,1067000000.0,0.366,4719000000.0,212000000.0,46667000000.0,,522000000.0,1425000000.0,337000000.0,1088000000.0,33346000000.0,5720000000.0,27626000000.0,21701126168.0,-138000000.0,-230000000.0,42000000.0,71000000.0,-159000000.0,-57000000.0,-912000000.0,-25000000.0,831000000.0,0.0,274000000.0,274000000.0,274000000.0,99000000.0,0.0,0.094,273000000.0,794000000.0,1238000000.0,0.595,2.552,23.979,23.871,20630000000.0,0.0,33.18,1.433,1.426,1659000000.0,2320000000.0,2912000000.0,2912000000.0,0.0,,,,,0.0,0.0,1.0,654042380.0,654000000,663000000.0,4.453,37217000000.0,122000000.0,131000000.0,4608000000.0,56.907,-1159000000.0
71,EXC,MRQ,2003-09-30,2003-09-30,2003-09-30,2021-08-04,-1109000000.0,39144000000.0,,4169000000.0,34975000000.0,,12.771,-477000000.0,922000000.0,922000000.0,3197000000.0,-102000000.0,0.725,3.69,15046000000.0,2475000000.0,12571000000.0,15046000000.0,0.0,444000000.0,0.0,0.029,0.25,3000000.0,447000000.0,0.101,447000000.0,3000000.0,-214000000.0,-0.16,-0.16,-0.16,8327000000.0,,8327000000.0,35580379178.0,15.0,8.561,784000000.0,1.202,1.0,1244000000.0,0.28,4734000000.0,217000000.0,42781000000.0,,487000000.0,1198000000.0,0.0,1198000000.0,30729000000.0,5753000000.0,24976000000.0,20691379178.0,126000000.0,180000000.0,48000000.0,-700000000.0,-176000000.0,-928000000.0,-207000000.0,-57000000.0,1261000000.0,0.0,-102000000.0,-102000000.0,-102000000.0,0.0,0.0,-0.023,1238000000.0,6000000.0,1692000000.0,-1.562,2.485,20.128,20.159,19476000000.0,0.0,31.75,1.298,1.298,1952000000.0,2210000000.0,4441000000.0,4441000000.0,0.0,,,,,0.0,0.0,1.0,651696982.0,652000000,652000000.0,6.811,34410000000.0,0.0,-112000000.0,4089000000.0,52.776,-1584000000.0
72,EXC,MRQ,2003-06-30,2003-06-30,2003-06-30,2021-08-04,-1266000000.0,40288000000.0,,4450000000.0,35838000000.0,,12.889,-592000000.0,889000000.0,889000000.0,2646000000.0,372000000.0,0.671,3.809,15778000000.0,3298000000.0,12480000000.0,15778000000.0,0.0,423000000.0,0.0,0.03,0.23,814000000.0,1237000000.0,0.332,1237000000.0,814000000.0,594000000.0,0.57,0.57,0.57,8378000000.0,,8378000000.0,34516466701.0,10.0,6.585,317000000.0,0.488,1.0,1075000000.0,0.289,4735000000.0,220000000.0,43813000000.0,,481000000.0,1189000000.0,0.0,1189000000.0,31910000000.0,6629000000.0,25281000000.0,19392466701.0,-13000000.0,41000000.0,60000000.0,-183000000.0,-140000000.0,-289000000.0,-633000000.0,-56000000.0,909000000.0,0.0,372000000.0,372000000.0,372000000.0,0.0,0.0,0.1,275000000.0,800000000.0,1762000000.0,0.404,2.315,11.536,11.546,20323000000.0,0.0,29.905,1.222,1.224,1903000000.0,2475000000.0,3721000000.0,3721000000.0,0.0,,,,,0.0,0.0,1.0,648469042.0,650000000,655000000.0,5.725,35553000000.0,0.0,222000000.0,4268000000.0,54.697,-2179000000.0
73,EXC,MRQ,2003-03-31,2003-03-31,2003-03-31,2021-08-04,-1349000000.0,39901000000.0,,4324000000.0,35577000000.0,,12.352,-427000000.0,825000000.0,825000000.0,3043000000.0,361000000.0,0.714,3.985,15949000000.0,2581000000.0,13368000000.0,15949000000.0,0.0,423000000.0,0.0,0.035,0.23,734000000.0,1157000000.0,0.284,1157000000.0,734000000.0,509000000.0,0.555,0.555,0.555,8004000000.0,,8004000000.0,31215299991.0,8.0,5.748,-44000000.0,-0.068,1.0,1031000000.0,0.253,4788000000.0,225000000.0,44178000000.0,,480000000.0,1171000000.0,0.0,1171000000.0,31897000000.0,6059000000.0,25838000000.0,16336299991.0,34000000.0,0.0,31000000.0,207000000.0,-145000000.0,34000000.0,-383000000.0,-50000000.0,383000000.0,0.0,361000000.0,361000000.0,361000000.0,0.0,0.0,0.089,274000000.0,757000000.0,1815000000.0,0.414,2.041,9.106,9.099,20237000000.0,0.0,25.205,1.042,1.042,2141000000.0,2254000000.0,4074000000.0,4074000000.0,0.0,,,,,0.0,0.0,1.0,648137274.0,648000000,652000000.0,6.287,35113000000.0,10000000.0,148000000.0,4147000000.0,54.187,-1735000000.0
74,EXC,MRQ,2002-12-31,2002-12-31,2002-12-31,2021-08-04,-1358000000.0,37869000000.0,,4125000000.0,33744000000.0,,11.948,-173000000.0,865000000.0,865000000.0,2500000000.0,397000000.0,0.702,3.805,15744000000.0,2617000000.0,13127000000.0,15744000000.0,0.0,417000000.0,0.0,0.033,0.22,898000000.0,1315000000.0,0.354,1315000000.0,898000000.0,671000000.0,0.61,0.61,0.61,7742000000.0,,7742000000.0,30484904835.0,9.0,5.972,806000000.0,1.244,1.0,1210000000.0,0.326,4992000000.0,227000000.0,41882000000.0,,481000000.0,1403000000.0,0.0,1403000000.0,29455000000.0,5874000000.0,23581000000.0,17043904835.0,8000000.0,-116000000.0,11000000.0,-28000000.0,-143000000.0,-268000000.0,-703000000.0,-388000000.0,979000000.0,0.0,397000000.0,397000000.0,397000000.0,0.0,0.0,0.107,328000000.0,882000000.0,1607000000.0,0.361,2.201,11.836,11.832,17957000000.0,0.0,26.385,1.14,1.138,2076000000.0,2042000000.0,3710000000.0,3710000000.0,0.0,,,,,0.0,0.0,1.0,645969484.0,648000000,652000000.0,5.725,32877000000.0,6000000.0,274000000.0,4003000000.0,50.736,-1749000000.0
75,EXC,MRQ,2002-09-30,2002-09-30,2002-09-30,2021-08-04,-313000000.0,35236000000.0,,3911000000.0,31325000000.0,,13.175,-506000000.0,752000000.0,752000000.0,3025000000.0,551000000.0,0.778,3.14,14193000000.0,2289000000.0,11904000000.0,14193000000.0,0.0,436000000.0,0.0,0.037,0.22,1097000000.0,1533000000.0,0.351,1533000000.0,1097000000.0,848000000.0,0.855,0.85,0.855,8511000000.0,,8511000000.0,29058549152.0,9.0,5.913,519000000.0,0.803,1.0,1345000000.0,0.308,4964000000.0,249000000.0,38683000000.0,,501000000.0,1665000000.0,0.0,1665000000.0,26725000000.0,5030000000.0,21695000000.0,15336549152.0,-252000000.0,33000000.0,4000000.0,-676000000.0,-140000000.0,-686000000.0,-591000000.0,-90000000.0,1025000000.0,0.0,551000000.0,551000000.0,551000000.0,0.0,0.0,0.126,345000000.0,1000000000.0,1304000000.0,0.257,1.802,11.097,11.072,14926000000.0,0.0,23.75,1.055,1.055,2047000000.0,1830000000.0,4370000000.0,4370000000.0,0.0,,,,,0.0,0.0,1.0,645749438.0,646000000,648000000.0,6.765,30272000000.0,101000000.0,297000000.0,4811000000.0,46.861,-1119000000.0
76,EXC,MRQ,2002-06-30,2002-06-30,2002-06-30,2021-08-04,-193000000.0,35576000000.0,,4336000000.0,31240000000.0,,12.759,-885000000.0,1111000000.0,1111000000.0,2374000000.0,485000000.0,0.822,3.33,14833000000.0,2242000000.0,12591000000.0,14833000000.0,0.0,421000000.0,0.0,0.033,0.22,1005000000.0,1426000000.0,0.405,1426000000.0,1005000000.0,764000000.0,0.75,0.75,0.75,8217000000.0,,8217000000.0,30567956006.0,10.0,6.335,-73000000.0,-0.113,1.0,1145000000.0,0.325,4971000000.0,241000000.0,39055000000.0,,514000000.0,1613000000.0,0.0,1613000000.0,27359000000.0,5272000000.0,22087000000.0,16840956006.0,17000000.0,-29000000.0,42000000.0,99000000.0,-139000000.0,-157000000.0,-638000000.0,256000000.0,812000000.0,0.0,485000000.0,485000000.0,485000000.0,0.0,0.0,0.138,332000000.0,813000000.0,1164000000.0,0.293,2.05,13.953,13.947,14654000000.0,0.0,26.15,1.173,1.173,2085000000.0,1421000000.0,3519000000.0,3519000000.0,0.0,,,,,0.0,0.0,1.0,644013614.0,644000000,648000000.0,5.464,30605000000.0,76000000.0,279000000.0,4596000000.0,47.523,-936000000.0
77,EXC,MRQ,2002-03-31,2002-03-31,2002-03-31,2021-08-04,-93000000.0,34869000000.0,,3907000000.0,30962000000.0,,12.35,-586000000.0,933000000.0,933000000.0,2417000000.0,8000000.0,0.821,3.398,14660000000.0,2051000000.0,12609000000.0,14660000000.0,0.0,427000000.0,0.0,0.032,0.22,405000000.0,832000000.0,0.248,832000000.0,405000000.0,156000000.0,0.01,0.01,0.01,7929000000.0,,7929000000.0,30388256997.0,10.0,6.495,240000000.0,0.374,1.0,940000000.0,0.28,4971000000.0,249000000.0,38864000000.0,,457000000.0,1748000000.0,0.0,1748000000.0,26940000000.0,4761000000.0,22179000000.0,16997256997.0,211000000.0,-46000000.0,18000000.0,15000000.0,-141000000.0,15000000.0,-630000000.0,-25000000.0,826000000.0,0.0,8000000.0,8000000.0,8000000.0,0.0,0.0,0.002,335000000.0,605000000.0,1078000000.0,22.0,2.144,16.391,16.399,14059000000.0,0.0,26.485,1.176,1.177,2035000000.0,1073000000.0,3357000000.0,3357000000.0,0.0,,,,,0.0,0.0,1.0,641769190.0,642000000,646000000.0,5.229,29898000000.0,0.0,148000000.0,4735000000.0,46.57,-854000000.0
78,EXC,MRQ,2001-12-31,2001-12-31,2001-12-31,2021-08-04,-26000000.0,34744000000.0,,3735000000.0,31009000000.0,,12.659,-736000000.0,857000000.0,857000000.0,2184000000.0,338000000.0,0.855,3.288,14645000000.0,1766000000.0,12879000000.0,14645000000.0,0.0,353000000.0,0.0,0.038,0.211,770000000.0,1123000000.0,0.341,1123000000.0,770000000.0,527000000.0,0.53,0.53,0.53,8102000000.0,,8102000000.0,28754954409.0,8.0,5.425,-78000000.0,-0.122,1.0,1109000000.0,0.337,5335000000.0,243000000.0,38827000000.0,,471000000.0,1623000000.0,0.0,1623000000.0,26642000000.0,4370000000.0,22272000000.0,15363954409.0,-892000000.0,9000000.0,-13000000.0,-339000000.0,-135000000.0,-685000000.0,-865000000.0,-188000000.0,658000000.0,0.0,338000000.0,338000000.0,338000000.0,0.0,0.0,0.103,340000000.0,769000000.0,964000000.0,0.398,1.896,10.759,10.735,13791000000.0,0.0,23.94,1.03,1.027,1731000000.0,1169000000.0,3293000000.0,3293000000.0,0.0,,,,,0.0,0.0,1.0,641769190.0,640000000,638000000.0,5.145,29409000000.0,23000000.0,189000000.0,4678000000.0,45.952,-635000000.0
79,EXC,MRQ,2001-09-30,2001-09-30,2001-09-30,2021-08-04,-174000000.0,35540000000.0,,5213000000.0,30327000000.0,,12.089,-415000000.0,1598000000.0,1598000000.0,2904000000.0,376000000.0,1.104,3.579,14989000000.0,1604000000.0,13385000000.0,14989000000.0,0.0,542000000.0,0.0,0.04,0.211,902000000.0,1444000000.0,0.345,1444000000.0,902000000.0,619000000.0,0.585,0.58,0.585,7761000000.0,,7761000000.0,28008642407.0,9.0,5.836,589000000.0,0.917,1.0,1281000000.0,0.306,5509000000.0,283000000.0,38698000000.0,,491000000.0,1616000000.0,0.0,1616000000.0,27779000000.0,4724000000.0,23055000000.0,14303642407.0,217000000.0,0.0,1000000.0,-220000000.0,-136000000.0,-200000000.0,-587000000.0,-17000000.0,1004000000.0,0.0,376000000.0,376000000.0,376000000.0,0.0,0.0,0.09,369000000.0,912000000.0,1052000000.0,0.361,1.843,12.591,13.851,13268000000.0,0.0,22.3,0.969,0.97,2630000000.0,995000000.0,4185000000.0,4185000000.0,0.0,,,,,0.0,0.0,1.0,641418942.0,642000000,646000000.0,6.519,30031000000.0,0.0,243000000.0,4644000000.0,46.777,489000000.0
80,EXC,MRQ,2001-06-30,2001-06-30,2001-06-30,2021-08-04,-158000000.0,35359000000.0,,5036000000.0,30323000000.0,,11.735,-490000000.0,1490000000.0,1490000000.0,2462000000.0,315000000.0,1.192,3.693,15195000000.0,1345000000.0,13850000000.0,15195000000.0,0.0,449000000.0,0.0,0.025,0.211,831000000.0,1280000000.0,0.354,1280000000.0,831000000.0,542000000.0,0.49,0.485,0.49,7534000000.0,,7534000000.0,34815864754.0,13.0,8.819,666000000.0,1.037,1.0,1154000000.0,0.319,5531000000.0,289000000.0,39309000000.0,,466000000.0,1616000000.0,0.0,1616000000.0,27825000000.0,4224000000.0,23601000000.0,20556864754.0,335000000.0,-1000000.0,15000000.0,-99000000.0,-136000000.0,-340000000.0,-481000000.0,-13000000.0,1156000000.0,0.0,315000000.0,315000000.0,315000000.0,0.0,0.0,0.087,362000000.0,792000000.0,1178000000.0,0.431,2.729,20.723,18.749,13103000000.0,0.0,32.06,1.685,1.687,2441000000.0,755000000.0,3616000000.0,3616000000.0,0.0,,,,,0.0,0.0,1.0,641199774.0,642000000,648000000.0,5.632,29828000000.0,0.0,227000000.0,4702000000.0,46.461,812000000.0
81,EXC,MRQ,2001-03-31,2001-03-31,2001-03-31,2021-08-04,-132000000.0,34590000000.0,,4363000000.0,30227000000.0,,11.495,-447000000.0,1035000000.0,1035000000.0,2556000000.0,399000000.0,0.948,3.702,15294000000.0,2404000000.0,12890000000.0,15294000000.0,0.0,490000000.0,0.0,0.022,0.276,963000000.0,1453000000.0,0.38,1453000000.0,963000000.0,671000000.0,0.625,0.615,0.625,7357000000.0,,7357000000.0,27562695029.0,13.0,8.903,350000000.0,0.547,1.0,1267000000.0,0.331,5521000000.0,292000000.0,38724000000.0,,394000000.0,1613000000.0,0.0,1613000000.0,27233000000.0,4604000000.0,22629000000.0,20889695029.0,299000000.0,-38000000.0,36000000.0,55000000.0,-176000000.0,19000000.0,-517000000.0,-21000000.0,797000000.0,0.0,399000000.0,399000000.0,399000000.0,0.0,0.0,0.104,378000000.0,889000000.0,1158000000.0,0.442,2.839,26.343,21.093,12980000000.0,0.0,32.8,2.095,2.106,2480000000.0,570000000.0,3823000000.0,3823000000.0,0.0,,,,,0.0,0.0,1.0,636880946.0,640000000,648000000.0,5.973,29069000000.0,0.0,272000000.0,4692000000.0,45.42,-241000000.0
82,EXC,MRQ,2000-12-31,2000-12-31,2000-12-31,2021-08-04,0.0,34786000000.0,,4151000000.0,30635000000.0,,17.859,-317000000.0,840000000.0,840000000.0,2222000000.0,46000000.0,0.831,3.821,15239000000.0,2281000000.0,12958000000.0,15239000000.0,0.0,272000000.0,0.0,0.016,0.204,350000000.0,622000000.0,0.199,622000000.0,350000000.0,69000000.0,-0.09,-0.1,-0.09,7215000000.0,,7215000000.0,29030705609.0,19.0,13.528,182000000.0,0.45,1.0,911000000.0,0.291,5186000000.0,281000000.0,39006000000.0,,454000000.0,1546000000.0,0.0,1546000000.0,27571000000.0,4993000000.0,22578000000.0,22357705609.0,-505000000.0,-391000000.0,45000000.0,-224000000.0,-26000000.0,-394000000.0,-610000000.0,1113000000.0,499000000.0,0.0,46000000.0,46000000.0,46000000.0,0.0,0.0,0.015,490000000.0,421000000.0,1193000000.0,-2.267,3.099,38.153,24.127,12936000000.0,0.0,35.105,2.981,1.891,2137000000.0,332000000.0,3133000000.0,3133000000.0,0.0,,,,,0.0,0.0,1.0,636880946.0,404000000,408000000.0,7.755,29600000000.0,62000000.0,23000000.0,4739000000.0,73.267,-842000000.0
83,EXC,MRQ,2000-09-30,2000-09-30,2000-09-30,2021-08-04,26000000.0,13667000000.0,,1357000000.0,12310000000.0,,5.482,-148000000.0,169000000.0,169000000.0,1100000000.0,232000000.0,0.887,6.332,6842000000.0,590000000.0,6252000000.0,6842000000.0,0.0,107000000.0,0.0,0.017,0.125,486000000.0,593000000.0,0.364,593000000.0,486000000.0,373000000.0,0.685,0.675,0.685,1864000000.0,,1864000000.0,17019095294.0,12.0,8.864,115000000.0,0.338,1.0,529000000.0,0.325,192000000.0,113000000.0,18618000000.0,,232000000.0,722000000.0,0.0,722000000.0,11803000000.0,1530000000.0,10273000000.0,10280095294.0,-36000000.0,0.0,17000000.0,-154000000.0,-43000000.0,-155000000.0,-144000000.0,0.0,263000000.0,0.0,232000000.0,232000000.0,232000000.0,0.0,0.0,0.142,83000000.0,446000000.0,308000000.0,0.182,5.515,15.552,16.069,5196000000.0,0.0,30.29,1.824,1.827,776000000.0,301000000.0,1629000000.0,1629000000.0,0.0,,,,,0.0,0.0,1.0,339389082.0,340000000,344000000.0,4.791,13475000000.0,638000000.0,141000000.0,2741000000.0,39.632,-173000000.0
84,EXC,MRQ,2000-06-30,2000-06-30,2000-06-30,2021-08-04,0.0,13515000000.0,,1371000000.0,12144000000.0,,4.624,-166000000.0,263000000.0,263000000.0,995000000.0,116000000.0,0.907,7.4,7002000000.0,571000000.0,6431000000.0,7002000000.0,0.0,121000000.0,0.0,0.025,0.125,307000000.0,428000000.0,0.309,428000000.0,307000000.0,191000000.0,0.335,0.33,0.335,1609000000.0,,1609000000.0,12906400722.0,9.0,6.793,-2000000.0,-0.006,1.0,390000000.0,0.282,194000000.0,116000000.0,18548000000.0,,208000000.0,603000000.0,0.0,603000000.0,11906000000.0,1512000000.0,10394000000.0,6835400722.0,60000000.0,-91000000.0,-496000000.0,823000000.0,-43000000.0,181000000.0,-285000000.0,43000000.0,164000000.0,0.0,116000000.0,116000000.0,116000000.0,0.0,0.0,0.084,81000000.0,309000000.0,290000000.0,0.373,4.248,10.404,11.135,5155000000.0,0.0,20.155,1.192,1.223,728000000.0,89000000.0,1385000000.0,1385000000.0,0.0,,,,,0.0,0.0,1.0,339141688.0,348000000,350000000.0,3.98,13321000000.0,638000000.0,75000000.0,2948000000.0,38.279,-141000000.0
85,EXC,MRQ,2000-03-31,2000-03-31,2000-03-31,2021-08-04,3000000.0,13031000000.0,,1084000000.0,11947000000.0,,5.613,-121000000.0,110000000.0,110000000.0,921000000.0,191000000.0,0.922,5.413,6181000000.0,286000000.0,5895000000.0,6181000000.0,0.0,107000000.0,0.0,0.027,0.125,396000000.0,503000000.0,0.372,503000000.0,396000000.0,292000000.0,0.525,0.52,0.525,2032000000.0,,2032000000.0,12723725923.0,9.0,7.156,49000000.0,0.135,1.0,432000000.0,0.319,117000000.0,104000000.0,17809000000.0,,176000000.0,568000000.0,0.0,568000000.0,10999000000.0,1176000000.0,9823000000.0,6691841923.0,-21000000.0,0.0,0.0,-79000000.0,-45000000.0,-27000000.0,-164000000.0,-43000000.0,170000000.0,0.0,191000000.0,191000000.0,191000000.0,0.0,0.0,0.141,80000000.0,352000000.0,251000000.0,0.238,3.293,11.024,11.21,5080000000.0,0.0,18.44,1.206,1.203,594000000.0,14000000.0,1353000000.0,1353000000.0,0.0,,,,,0.0,0.0,1.0,362898152.0,362000000,366000000.0,3.738,12914000000.0,638000000.0,101000000.0,3029000000.0,35.674,-92000000.0
86,EXC,MRQ,1999-12-31,1999-12-31,1999-12-31,2021-08-04,4000000.0,13087000000.0,,1221000000.0,11866000000.0,,4.898,-129000000.0,228000000.0,228000000.0,911000000.0,113000000.0,0.949,6.381,6260000000.0,291000000.0,5969000000.0,6260000000.0,0.0,112000000.0,0.0,0.029,0.125,284000000.0,396000000.0,0.312,396000000.0,284000000.0,184000000.0,0.34,0.34,0.34,1773000000.0,,1773000000.0,12134070658.0,9.0,7.214,94000000.0,0.26,1.0,358000000.0,0.282,121000000.0,100000000.0,17712000000.0,,206000000.0,130000000.0,0.0,130000000.0,11314000000.0,1286000000.0,10028000000.0,6456070658.0,-610000000.0,-280000000.0,-181000000.0,-87000000.0,-36000000.0,-437000000.0,-396000000.0,42000000.0,223000000.0,0.0,113000000.0,122000000.0,122000000.0,0.0,0.0,0.096,66000000.0,292000000.0,270000000.0,0.368,3.641,11.326,11.942,5004000000.0,-9000000.0,17.375,1.179,1.243,344000000.0,-100000000.0,1269000000.0,1269000000.0,0.0,,,,,0.0,0.0,1.0,371572412.0,362000000,362000000.0,3.506,12966000000.0,0.0,71000000.0,2711000000.0,35.818,-65000000.0
87,EXC,MRQ,1999-09-30,1999-09-30,1999-09-30,2021-08-04,0.0,13185900000.0,,664200000.0,12521700000.0,,10.0,-118000000.0,664200000.0,664200000.0,1201000000.0,231000000.0,0.559,2.526,6319800000.0,268000000.0,6051800000.0,6319800000.0,0.0,97000000.0,0.0,0.027,0.125,476000000.0,573000000.0,0.331,573000000.0,476000000.0,368000000.0,0.61,0.605,0.61,3740000000.0,,3740000000.0,12562827725.0,12.0,8.061,276000000.0,0.738,1.0,528000000.0,0.305,0.0,108000000.0,17654100000.0,,180700000.0,604500000.0,0.0,0.0,9445900000.0,1187400000.0,8258500000.0,6997627725.0,-250000000.0,-60000000.0,0.0,-111000000.0,-50000000.0,-433000000.0,-211000000.0,-33000000.0,394000000.0,0.0,231000000.0,228000000.0,228000000.0,0.0,0.0,0.132,57000000.0,471000000.0,373400000.0,0.205,1.871,16.741,17.689,683000000.0,3000000.0,18.75,1.317,1.32,216600000.0,-225600000.0,1729000000.0,1729000000.0,0.0,,,,,0.0,0.0,1.0,373206812.0,374000000,374000000.0,4.623,13185900000.0,623000000.0,137000000.0,2938200000.0,35.256,-523200000.0
88,EXC,MRQ,1999-06-30,1999-06-30,1999-06-30,2021-08-04,0.0,13361100000.0,,914000000.0,12447100000.0,,9.667,-167000000.0,914000000.0,914000000.0,888000000.0,70000000.0,0.713,2.599,6464800000.0,372100000.0,6092700000.0,6464800000.0,0.0,75000000.0,0.0,0.024,0.125,231000000.0,306000000.0,0.255,306000000.0,231000000.0,117000000.0,0.17,0.17,0.17,3712000000.0,,3712000000.0,12559999375.0,11.0,7.446,-83000000.0,-0.216,1.0,311000000.0,0.259,0.0,114000000.0,17629200000.0,,171700000.0,554800000.0,0.0,0.0,9649100000.0,1282700000.0,8366400000.0,8033099375.0,-1789000000.0,0.0,-797000000.0,-792000000.0,-50000000.0,-1676000000.0,-197000000.0,-30000000.0,84000000.0,0.0,70000000.0,66000000.0,66000000.0,0.0,0.0,0.055,58000000.0,253000000.0,357500000.0,0.735,2.164,17.444,19.848,672200000.0,4000000.0,20.94,1.496,1.497,213100000.0,-407000000.0,1199000000.0,1199000000.0,0.0,,,,,0.0,0.0,1.0,383624612.0,384000000,384000000.0,3.122,13361100000.0,616900000.0,47000000.0,2846200000.0,34.795,-368700000.0
89,EXC,MRQ,1999-03-31,1999-03-31,1999-03-31,2021-08-04,0.0,14971300000.0,,2702800000.0,12268500000.0,,8.579,-77000000.0,2702800000.0,2702800000.0,820000000.0,156000000.0,1.354,2.913,7229700000.0,1076200000.0,6153500000.0,7229700000.0,0.0,74000000.0,0.0,0.022,0.125,333000000.0,407000000.0,0.325,407000000.0,333000000.0,259000000.0,0.345,0.34,0.345,3826300000.0,,3826300000.0,13319264215.0,11.0,7.067,105000000.0,0.235,1.0,432000000.0,0.345,0.0,74000000.0,17502400000.0,,168000000.0,534000000.0,0.0,0.0,11145000000.0,1995800000.0,9149200000.0,9406924215.0,2655000000.0,0.0,-696000000.0,3290000000.0,-60000000.0,2555000000.0,-82000000.0,-5000000.0,182000000.0,0.0,156000000.0,153000000.0,153000000.0,0.0,0.0,0.122,56000000.0,376000000.0,276900000.0,0.362,2.458,17.334,19.033,556400000.0,3000000.0,23.125,1.746,1.915,183000000.0,-422300000.0,1252000000.0,1252000000.0,0.0,,,,,0.0,0.0,1.0,406785912.0,446000000,446000000.0,2.807,14971300000.0,613900000.0,103000000.0,3009700000.0,33.568,707000000.0
90,EXC,MRQ,1998-12-31,1998-12-31,1998-12-31,2021-08-04,0.0,12048363000.0,,582055000.0,11466308000.0,,7.144,-98100000.0,48083000.0,48083000.0,769200000.0,-38800000.0,0.335,2.771,3960423000.0,955534000.0,3004889000.0,3960423000.0,0.0,250800000.0,0.0,0.024,0.125,21600000.0,272400000.0,0.24,272400000.0,21600000.0,-56500000.0,-0.065,-0.065,-0.065,3194814000.0,,3194814000.0,13435899876.0,12.0,7.012,338800000.0,0.758,1.0,364900000.0,0.322,0.0,78100000.0,14225283000.0,,174356000.0,497648000.0,0.0,497648000.0,8853549000.0,1735420000.0,7118129000.0,9353899876.0,4500000.0,-59000000.0,-46400000.0,-223500000.0,-46100000.0,-268300000.0,-164100000.0,40000000.0,436900000.0,0.0,-38800000.0,-29000000.0,-29000000.0,0.0,0.0,-0.026,299200000.0,65700000.0,316292000.0,-1.923,2.928,18.708,18.638,4804469000.0,-9800000.0,20.875,1.757,1.748,181210000.0,-500929000.0,1134100000.0,1134100000.0,0.0,,,,,0.0,0.0,1.0,448091012.0,447200000,447200000.0,2.536,12048363000.0,614445000.0,-17700000.0,2861454000.0,26.942,-1153365000.0
91,EXC,MRQ,1998-09-30,1998-09-30,1998-09-30,2021-08-04,0.0,12348000000.0,,43900000.0,12304100000.0,,8.262,-87800000.0,43900000.0,43900000.0,1083500000.0,273700000.0,0.032,2.35,4125900000.0,443300000.0,3682600000.0,4125900000.0,0.0,171200000.0,0.0,0.033,0.125,530200000.0,701400000.0,0.393,701400000.0,530200000.0,448300000.0,0.605,0.6,0.605,3686400000.0,,3686400000.0,12676742810.0,-18.0,441.483,451300000.0,1.011,1.0,702000000.0,0.393,0.0,81900000.0,15058300000.0,,171600000.0,512000000.0,0.0,0.0,8661600000.0,1371700000.0,7289900000.0,8191442810.0,-61400000.0,0.0,37100000.0,-395600000.0,-59100000.0,-508500000.0,-92000000.0,-4200000.0,539100000.0,0.0,273700000.0,270500000.0,270500000.0,0.0,0.0,0.151,153200000.0,548800000.0,288100000.0,0.207,2.222,-6.0,-5.985,1015000000.0,3200000.0,18.375,1.54,1.542,233100000.0,-444900000.0,1785500000.0,1785500000.0,0.0,,,,,0.0,0.0,1.0,445792806.0,446200000,446200000.0,4.002,12348000000.0,614200000.0,174600000.0,3017900000.0,27.674,-1327800000.0
92,EXC,MRQ,1998-06-30,1998-06-30,1998-06-30,2021-08-04,0.0,12388300000.0,,105300000.0,12283000000.0,,8.051,-112600000.0,105300000.0,105300000.0,688000000.0,151500000.0,0.06,2.455,4590600000.0,921600000.0,3669000000.0,4590600000.0,0.0,172100000.0,0.0,0.048,0.125,331900000.0,504000000.0,0.415,504000000.0,331900000.0,245900000.0,0.33,0.33,0.33,3585900000.0,,3585900000.0,11088934145.0,-13.0,-87.462,166300000.0,0.373,1.0,527200000.0,0.434,0.0,86000000.0,15122700000.0,,166800000.0,531700000.0,0.0,0.0,8802400000.0,1750900000.0,7051500000.0,6496134145.0,50300000.0,0.0,9300000.0,-123400000.0,-58900000.0,-91300000.0,-137300000.0,-24700000.0,278900000.0,0.0,151500000.0,148200000.0,148200000.0,0.0,0.0,0.122,160900000.0,366300000.0,295600000.0,0.379,1.812,-4.383,-4.383,1018100000.0,3300000.0,14.595,1.35,1.351,169300000.0,-649900000.0,1215200000.0,1215200000.0,0.0,,,,,0.0,0.0,1.0,445093124.0,445400000,445400000.0,2.728,12388300000.0,559500000.0,94400000.0,2811500000.0,27.814,-1645600000.0
93,EXC,MRQ,1998-03-31,1998-03-31,1998-03-31,2021-08-04,0.0,12357600000.0,,55000000.0,12302600000.0,,8.052,-116500000.0,55000000.0,55000000.0,748300000.0,113600000.0,0.03,2.449,4647800000.0,4557000000.0,90800000.0,4647800000.0,0.0,170900000.0,0.0,0.072,0.125,267300000.0,438200000.0,0.368,438200000.0,267300000.0,182300000.0,0.25,0.25,0.25,3583000000.0,,3583000000.0,9566986951.0,-11.0,-69.687,114600000.0,0.258,1.0,441900000.0,0.371,0.0,85000000.0,15133800000.0,,158100000.0,516000000.0,0.0,0.0,8774600000.0,1816600000.0,6958000000.0,4922729951.0,21600000.0,0.0,0.0,-22500000.0,-58900000.0,-81900000.0,-127600000.0,-11100000.0,231100000.0,0.0,113600000.0,110300000.0,110300000.0,0.0,0.0,0.093,154700000.0,287200000.0,306900000.0,0.5,1.374,-3.256,-3.258,988900000.0,3300000.0,11.06,1.064,1.063,156000000.0,-740600000.0,1190200000.0,1190200000.0,0.0,,,,,0.0,0.0,1.0,445093124.0,445000000,445000000.0,2.675,12357600000.0,594900000.0,68700000.0,2884100000.0,27.77,-1761600000.0
94,EXC,MRQ,1997-12-31,1997-12-31,1997-12-31,2021-08-04,0.0,12356568000.0,,1002775000.0,11353793000.0,,6.123,-128100000.0,33404000.0,33404000.0,914351000.0,-1890906000.0,0.62,3.532,4677661000.0,704395000.0,3973266000.0,4677661000.0,0.0,208994000.0,0.0,0.074,0.225,-1823880000.0,-1614886000.0,-1.433,-1614886000.0,-1823880000.0,-1917437000.0,-4.255,-4.255,-4.255,2726731000.0,,2726731000.0,,,,48337000.0,0.109,1.0,212826000.0,0.189,0.0,93557000.0,15382153000.0,,175748000.0,515835000.0,0.0,515835000.0,9629837000.0,1618672000.0,8011165000.0,5396754128.0,-34331000.0,-30086000.0,117000.0,99510000.0,-103383000.0,-73421000.0,-137347000.0,20839000.0,176437000.0,0.0,-1890906000.0,-1894210000.0,-1894210000.0,0.0,0.0,-1.68,146995000.0,65831000.0,323816000.0,-0.053,1.979,-3.565,-3.566,4670724000.0,3304000.0,12.125,1.173,1.173,173350000.0,-792239000.0,1127177000.0,1127177000.0,0.0,,,,,0.0,0.0,1.0,445093124.0,445344000,445344000.0,2.531,12356568000.0,590267000.0,-26531000.0,2867200000.0,27.746,-615897000.0
95,EXC,MRQ,1997-09-30,1997-09-30,1997-09-30,2021-08-04,,,,,,,,-116200000.0,,,746600000.0,158000000.0,,,,,,,,166700000.0,,0.077,0.225,379200000.0,545900000.0,0.427,545900000.0,379200000.0,286000000.0,0.345,0.345,0.345,,,,,,,360400000.0,0.81,1.0,531600000.0,0.416,,93200000.0,,,,,,,,,,,25700000.0,0.0,0.0,-200100000.0,-104700000.0,-301400000.0,-149500000.0,-33300000.0,476600000.0,0.0,158000000.0,153500000.0,153500000.0,0.0,0.0,0.12,143500000.0,388100000.0,,0.652,,,,,4500000.0,11.72,,,,,1278200000.0,1278200000.0,0.0,,,,,0.0,0.0,1.0,,445000000,445000000.0,2.872,,,128000000.0,,,
96,EXC,MRQ,1997-06-30,1997-06-30,1997-06-30,2021-08-04,,,,,,,,-144500000.0,,,635000000.0,122800000.0,,,,,,,,177800000.0,,0.085,0.225,315700000.0,493500000.0,0.478,493500000.0,315700000.0,222400000.0,0.265,0.265,0.265,,,,,,,49500000.0,0.111,1.0,397300000.0,0.385,,93300000.0,,,,,,,,,,,2300000.0,0.0,0.0,39000000.0,-104600000.0,-9500000.0,-182200000.0,-37700000.0,194000000.0,0.0,122800000.0,118300000.0,118300000.0,0.0,0.0,0.115,147600000.0,249700000.0,,0.849,,,,,4500000.0,10.5,,,,,1032300000.0,1032300000.0,0.0,,,,,0.0,0.0,1.0,,445000000,445000000.0,2.32,,,99600000.0,,,
97,EXC,MRQ,1997-03-31,1997-03-31,1997-03-31,2021-08-04,0.0,,,,,,8.036,-101400000.0,,,718900000.0,113000000.0,,2.456,4677600000.0,4557500000.0,120100000.0,4677600000.0,0.0,149900000.0,0.0,0.087,0.225,297500000.0,447400000.0,0.385,447400000.0,297500000.0,204700000.0,0.245,0.245,0.245,3575800000.0,,3575800000.0,,,,119800000.0,0.269,1.0,444500000.0,0.382,,92800000.0,,,,,,,8780800000.0,1618700000.0,7162100000.0,,10500000.0,0.0,0.0,15000000.0,-104700000.0,-76200000.0,-134500000.0,-33100000.0,221200000.0,0.0,113000000.0,108500000.0,108500000.0,0.0,0.0,0.093,142500000.0,302000000.0,0.0,0.918,,,,,4500000.0,10.19,,,,-792200000.0,1163400000.0,1163400000.0,0.0,,,,,0.0,0.0,1.0,,445000000,445000000.0,2.614,,,91700000.0,2867300000.0,,
98,EXC,MRQ,1996-12-31,1996-12-31,1996-12-31,2021-08-04,0.0,15260619000.0,,420394000.0,14840225000.0,,10.441,,29235000.0,29235000.0,,,0.381,2.285,4688405000.0,620150000.0,4068255000.0,4688405000.0,0.0,,0.0,0.07,0.225,,,,,,,,,,4645981000.0,,4645981000.0,,,,,,1.0,,,0.0,,18816425000.0,,204376000.0,432574000.0,0.0,432574000.0,10614638000.0,1103364000.0,9511274000.0,,,,,,,,,,,,,,,,,,,,212966000.0,,,,11.272,10941540000.0,,12.625,,1.311,19159000.0,1127041000.0,,,,,,,,,,1.0,,444980000,,,15260619000.0,2325721000.0,,4155601000.0,34.295,-682970000.0
0,EXC,MRT,2021-06-30,2021-06-30,2021-06-30,2021-08-04,-3289000000.0,129396000000.0,129120000000.0,12348000000.0,117048000000.0,0.269,32.863,-8315000000.0,1957000000.0,1957000000.0,27229000000.0,1216000000.0,0.887,2.953,40965000000.0,5498000000.0,35467000000.0,40965000000.0,0.0,7966000000.0,0.0,0.035,1.53,3055000000.0,11021000000.0,0.317,11021000000.0,3055000000.0,1475000000.0,0.99,0.99,0.99,32140000000.0,32406000000.0,32140000000.0,83063634663.0,27.0,7.537,-5622000000.0,-5.748,1.0,7543000000.0,0.217,6677000000.0,1580000000.0,147808000000.0,148015500000.0,1702000000.0,1613000000.0,749000000.0,864000000.0,94896000000.0,13919000000.0,80977000000.0,43298634663.0,-671000000.0,770000000.0,46000000.0,1006000000.0,-1493000000.0,-557000000.0,-2807000000.0,4707000000.0,2693000000.0,0.0,972000000.0,972000000.0,972000000.0,0.0,244000000.0,0.028,6260000000.0,1283000000.0,3552000000.0,1.545,1.347,44.546,44.758,82120000000.0,0.0,44.31,1.245,1.246,4492000000.0,16098000000.0,34772000000.0,34772000000.0,0.0,0.008,0.03,0.021,0.088,0.0,0.0,1.0,977175235.0,978000000,979000000.0,35.554,122719000000.0,0.0,503000000.0,13194000000.0,125.48,-1571000000.0
1,EXC,MRT,2021-03-31,2021-03-31,2021-03-31,2021-08-04,-3346000000.0,130000000000.0,128349250000.0,12997000000.0,117003000000.0,0.266,32.769,-8172000000.0,2282000000.0,2282000000.0,27102000000.0,1314000000.0,0.957,2.989,42047000000.0,5409000000.0,36638000000.0,42047000000.0,0.0,7253000000.0,0.0,0.035,1.53,3351000000.0,10604000000.0,0.31,10604000000.0,3351000000.0,1740000000.0,1.11,1.11,1.11,32015000000.0,32546750000.0,32015000000.0,80937015328.0,24.0,7.633,-6278000000.0,-6.426,1.0,7077000000.0,0.207,6677000000.0,1611000000.0,149508000000.0,147614500000.0,1632000000.0,1490000000.0,568000000.0,922000000.0,95687000000.0,13580000000.0,82107000000.0,42705015328.0,342000000.0,726000000.0,46000000.0,2222000000.0,-1493000000.0,614000000.0,-2166000000.0,5242000000.0,1894000000.0,0.0,1092000000.0,1092000000.0,1092000000.0,0.0,222000000.0,0.032,5595000000.0,1482000000.0,3435000000.0,1.378,1.334,39.107,39.405,82588000000.0,0.0,43.74,1.249,1.25,4816000000.0,16072000000.0,34179000000.0,34179000000.0,0.0,0.009,0.034,0.023,0.098,0.0,0.0,1.0,976337799.0,977000000,977000000.0,34.984,123323000000.0,0.0,648000000.0,13129000000.0,126.226,-583000000.0
2,EXC,MRT,2020-12-31,2020-12-31,2020-12-31,2021-08-04,-3400000000.0,129317000000.0,127018500000.0,12562000000.0,116755000000.0,0.26,33.386,-8048000000.0,1101000000.0,1101000000.0,25226000000.0,1954000000.0,0.984,2.899,39333000000.0,3850000000.0,35483000000.0,39333000000.0,0.0,6527000000.0,0.0,0.036,1.53,3971000000.0,10498000000.0,0.318,10498000000.0,3971000000.0,2336000000.0,2.01,2.01,2.01,32585000000.0,32663500000.0,32585000000.0,78005669388.0,20.0,7.431,-3813000000.0,-3.907,1.0,7813000000.0,0.236,6677000000.0,1635000000.0,148101000000.0,146332500000.0,1722000000.0,1639000000.0,644000000.0,995000000.0,94449000000.0,12771000000.0,81678000000.0,41188669388.0,44000000.0,46000000.0,45000000.0,1728000000.0,-1492000000.0,145000000.0,-4336000000.0,3648000000.0,4235000000.0,0.0,1963000000.0,1963000000.0,1963000000.0,0.0,-9000000.0,0.059,4990000000.0,2823000000.0,3567000000.0,0.761,1.264,20.983,21.005,82584000000.0,0.0,42.22,1.247,1.247,4629000000.0,16735000000.0,33039000000.0,33039000000.0,0.0,0.015,0.06,0.027,0.12,0.0,0.0,1.0,975572463.0,976000000,977000000.0,33.851,122640000000.0,0.0,373000000.0,13035000000.0,125.656,-209000000.0
3,EXC,MRT,2020-09-30,2020-09-30,2020-09-30,2021-08-04,-3104000000.0,127767000000.0,125933500000.0,12312000000.0,115455000000.0,0.264,33.693,-7595000000.0,2343000000.0,2343000000.0,25452000000.0,2327000000.0,1.093,2.818,39160000000.0,3258000000.0,35902000000.0,39160000000.0,0.0,5806000000.0,0.0,0.042,1.51,4301000000.0,10107000000.0,0.304,10107000000.0,4301000000.0,2665000000.0,2.43,2.43,2.43,32884000000.0,32573250000.0,32884000000.0,72481259285.0,17.0,7.171,-2113000000.0,-2.165,1.0,7812000000.0,0.235,6677000000.0,1636000000.0,146645000000.0,144549500000.0,1716000000.0,1299000000.0,472000000.0,827000000.0,92664000000.0,11262000000.0,81402000000.0,34848259285.0,302000000.0,41000000.0,80000000.0,1492000000.0,-1472000000.0,-23000000.0,-5157000000.0,2408000000.0,5482000000.0,0.0,2376000000.0,2376000000.0,2376000000.0,0.0,-49000000.0,0.071,4296000000.0,3516000000.0,3187000000.0,0.621,1.06,14.667,14.716,82561000000.0,0.0,35.76,1.048,1.049,4293000000.0,16749000000.0,33264000000.0,33264000000.0,0.0,0.019,0.073,0.03,0.129,0.0,0.0,1.0,974503895.0,976000000,977000000.0,34.082,121090000000.0,0.0,289000000.0,13058000000.0,124.068,1050000000.0
4,EXC,MRT,2020-06-30,2020-06-30,2020-06-30,2021-08-04,-3132000000.0,126313000000.0,124676250000.0,12533000000.0,113780000000.0,0.267,33.507,-7449000000.0,2502000000.0,2502000000.0,25130000000.0,2518000000.0,1.133,2.796,40135000000.0,3633000000.0,36502000000.0,40135000000.0,0.0,5599000000.0,0.0,0.041,1.49,4533000000.0,10132000000.0,0.304,10132000000.0,4533000000.0,2892000000.0,2.71,2.71,2.71,32703000000.0,32358000000.0,32703000000.0,73515260804.0,16.0,7.256,-1008000000.0,-1.033,1.0,8210000000.0,0.246,6677000000.0,1641000000.0,146204000000.0,142562500000.0,1781000000.0,1463000000.0,573000000.0,890000000.0,91442000000.0,11065000000.0,80377000000.0,35361260804.0,1502000000.0,-2000000.0,83000000.0,3080000000.0,-1450000000.0,1581000000.0,-6520000000.0,941000000.0,6441000000.0,0.0,2647000000.0,2647000000.0,2647000000.0,0.0,-129000000.0,0.079,4110000000.0,4100000000.0,3052000000.0,0.55,1.081,13.359,13.391,81748000000.0,0.0,36.29,1.061,1.062,4302000000.0,16622000000.0,33340000000.0,33340000000.0,0.0,0.021,0.082,0.032,0.136,0.0,0.0,1.0,974407848.0,976000000,976000000.0,34.16,119636000000.0,0.0,245000000.0,12720000000.0,122.578,1468000000.0
5,EXC,MRT,2020-03-31,2020-03-31,2020-03-31,2021-08-04,-3173000000.0,124677000000.0,123497000000.0,12476000000.0,112201000000.0,0.273,33.315,-7391000000.0,1871000000.0,1871000000.0,25164000000.0,2438000000.0,1.06,2.773,40025000000.0,4827000000.0,35198000000.0,40025000000.0,0.0,5698000000.0,0.0,0.04,1.47,4403000000.0,10101000000.0,0.3,10101000000.0,4403000000.0,2780000000.0,2.68,2.68,2.68,32482000000.0,32069250000.0,32482000000.0,72718703188.0,17.0,7.199,-696000000.0,-0.714,1.0,8543000000.0,0.253,6677000000.0,1623000000.0,144380000000.0,140544500000.0,1687000000.0,1699000000.0,656000000.0,1043000000.0,90061000000.0,11774000000.0,78287000000.0,35864703188.0,678000000.0,4000000.0,91000000.0,2959000000.0,-1429000000.0,1532000000.0,-7549000000.0,-134000000.0,6695000000.0,0.0,2610000000.0,2610000000.0,2610000000.0,0.0,-172000000.0,0.077,4167000000.0,4376000000.0,2888000000.0,0.549,1.104,13.741,13.735,81017000000.0,0.0,36.81,1.064,1.065,5381000000.0,16475000000.0,33707000000.0,33707000000.0,0.0,0.021,0.081,0.031,0.131,0.0,0.0,1.0,974319565.0,975000000,976000000.0,34.571,118000000000.0,0.0,170000000.0,12242000000.0,121.026,702000000.0
6,EXC,MRT,2019-12-31,2019-12-31,2019-12-31,2021-08-04,-3194000000.0,124977000000.0,122726000000.0,12037000000.0,112940000000.0,0.281,33.118,-7248000000.0,945000000.0,945000000.0,25844000000.0,3028000000.0,0.849,2.805,37799000000.0,6080000000.0,31719000000.0,37799000000.0,0.0,5780000000.0,0.0,0.032,1.451,5326000000.0,11106000000.0,0.322,11106000000.0,5326000000.0,3710000000.0,3.02,3.01,3.02,32224000000.0,31788000000.0,32224000000.0,80039443155.0,15.0,7.207,-589000000.0,-0.605,1.0,8594000000.0,0.25,6677000000.0,1616000000.0,140969000000.0,139123500000.0,1768000000.0,1651000000.0,679000000.0,972000000.0,90404000000.0,14185000000.0,76219000000.0,44318443155.0,-659000000.0,12000000.0,112000000.0,1320000000.0,-1408000000.0,-58000000.0,-7260000000.0,-36000000.0,6659000000.0,0.0,2936000000.0,2936000000.0,2936000000.0,0.0,92000000.0,0.085,4220000000.0,4374000000.0,3565000000.0,0.48,1.375,15.095,15.096,80233000000.0,0.0,45.59,1.287,1.288,6175000000.0,16267000000.0,34438000000.0,34438000000.0,0.0,0.024,0.092,0.038,0.155,0.0,0.0,1.0,972108865.0,973000000,974000000.0,35.394,118300000000.0,0.0,774000000.0,12351000000.0,121.583,-2148000000.0
7,EXC,MRT,2019-09-30,2019-09-30,2019-09-30,2021-08-04,-2963000000.0,122738000000.0,121390250000.0,12206000000.0,110532000000.0,0.288,32.912,-7356000000.0,1992000000.0,1992000000.0,26503000000.0,2320000000.0,0.933,2.76,37713000000.0,5267000000.0,32446000000.0,37713000000.0,0.0,5853000000.0,0.0,0.03,1.433,4429000000.0,10282000000.0,0.295,10282000000.0,4429000000.0,2792000000.0,2.37,2.37,2.37,32023000000.0,31417250000.0,32023000000.0,83084247002.0,19.0,8.081,12000000.0,0.012,1.0,8400000000.0,0.241,6677000000.0,1637000000.0,138697000000.0,138002500000.0,1783000000.0,1559000000.0,601000000.0,958000000.0,88386000000.0,13085000000.0,75301000000.0,46937247002.0,-143000000.0,-79000000.0,132000000.0,1262000000.0,-1388000000.0,-71000000.0,-7440000000.0,-55000000.0,7368000000.0,0.0,2310000000.0,2310000000.0,2310000000.0,0.0,10000000.0,0.066,4286000000.0,4114000000.0,3353000000.0,0.605,1.466,20.319,20.384,78593000000.0,0.0,48.31,1.345,1.347,5273000000.0,15871000000.0,34903000000.0,34903000000.0,0.0,0.019,0.074,0.032,0.127,0.0,0.0,1.0,971584496.0,973000000,974000000.0,35.872,116061000000.0,0.0,482000000.0,12133000000.0,119.282,-879000000.0
8,EXC,MRT,2019-06-30,2019-06-30,2019-06-30,2021-08-04,-2990000000.0,121596000000.0,120577000000.0,11655000000.0,109941000000.0,0.293,32.457,-7359000000.0,987000000.0,987000000.0,27174000000.0,2360000000.0,0.901,2.78,37134000000.0,4835000000.0,32299000000.0,37134000000.0,0.0,5893000000.0,0.0,0.03,1.415,4339000000.0,10232000000.0,0.289,10232000000.0,4339000000.0,2718000000.0,2.34,2.34,2.34,31548000000.0,31166500000.0,31548000000.0,82556576899.0,19.0,8.068,314000000.0,0.323,1.0,8203000000.0,0.232,6677000000.0,1621000000.0,138132000000.0,137584250000.0,1670000000.0,1681000000.0,526000000.0,1155000000.0,87689000000.0,12934000000.0,74755000000.0,46547576899.0,150000000.0,-81000000.0,153000000.0,1233000000.0,-1370000000.0,-76000000.0,-7447000000.0,-60000000.0,7673000000.0,0.0,2271000000.0,2271000000.0,2271000000.0,0.0,89000000.0,0.064,4296000000.0,3907000000.0,3253000000.0,0.605,1.475,20.497,20.487,78030000000.0,0.0,47.94,1.316,1.317,5133000000.0,15452000000.0,35377000000.0,35377000000.0,0.0,0.019,0.073,0.032,0.123,0.0,0.0,1.0,970954879.0,972000000,974000000.0,36.396,114919000000.0,0.0,447000000.0,11826000000.0,118.229,-1279000000.0
9,EXC,MRT,2019-03-31,2019-03-31,2019-03-31,2021-08-04,-3012000000.0,121593000000.0,119490250000.0,12476000000.0,109117000000.0,0.299,32.294,-7587000000.0,1103000000.0,1103000000.0,27422000000.0,2408000000.0,1.02,2.803,37112000000.0,3762000000.0,33350000000.0,37112000000.0,0.0,5930000000.0,0.0,0.028,1.397,4280000000.0,10210000000.0,0.285,10210000000.0,4280000000.0,2695000000.0,2.4,2.4,2.4,31357000000.0,30908250000.0,31357000000.0,83545363621.0,20.0,8.183,599000000.0,0.617,1.0,8342000000.0,0.233,6677000000.0,1585000000.0,138696000000.0,137057250000.0,1559000000.0,1726000000.0,652000000.0,1074000000.0,87889000000.0,12229000000.0,75660000000.0,48613363621.0,215000000.0,-134000000.0,144000000.0,1091000000.0,-1351000000.0,-208000000.0,-7763000000.0,-129000000.0,8186000000.0,0.0,2326000000.0,2326000000.0,2326000000.0,0.0,82000000.0,0.065,4334000000.0,4008000000.0,3332000000.0,0.582,1.55,20.9,20.887,77460000000.0,0.0,50.13,1.359,1.361,4564000000.0,15321000000.0,35764000000.0,35764000000.0,0.0,0.019,0.075,0.031,0.12,0.0,0.0,1.0,969745933.0,971000000,972000000.0,36.832,114916000000.0,0.0,369000000.0,11642000000.0,118.348,247000000.0
10,EXC,MRT,2018-12-31,2018-12-31,2018-12-31,2021-08-04,-2995000000.0,119634000000.0,118346500000.0,13328000000.0,106306000000.0,0.304,31.79,-7594000000.0,1596000000.0,1596000000.0,27790000000.0,2079000000.0,1.169,2.817,36528000000.0,2063000000.0,34465000000.0,36528000000.0,0.0,5971000000.0,0.0,0.031,1.38,3677000000.0,9648000000.0,0.268,9648000000.0,3677000000.0,2123000000.0,2.07,2.07,2.07,30741000000.0,30626750000.0,30741000000.0,77968139545.0,21.0,8.081,1050000000.0,1.086,1.0,8188000000.0,0.228,6677000000.0,1554000000.0,136485000000.0,136219000000.0,1685000000.0,1881000000.0,804000000.0,1077000000.0,86587000000.0,11404000000.0,75183000000.0,43612139545.0,591000000.0,-63000000.0,105000000.0,1116000000.0,-1332000000.0,-219000000.0,-7834000000.0,-235000000.0,8644000000.0,0.0,2005000000.0,2005000000.0,2005000000.0,0.0,74000000.0,0.056,4297000000.0,3891000000.0,3805000000.0,0.667,1.419,21.752,21.787,76707000000.0,0.0,45.1,1.212,1.212,5863000000.0,14743000000.0,35978000000.0,35978000000.0,0.0,0.017,0.065,0.027,0.102,0.0,0.0,1.0,967009746.0,967000000,969000000.0,37.206,112957000000.0,0.0,118000000.0,11321000000.0,116.812,1924000000.0
11,EXC,MRT,2018-09-30,2018-09-30,2018-09-30,2021-08-04,-2869000000.0,119485000000.0,117630500000.0,13473000000.0,106012000000.0,0.302,32.045,-7525000000.0,2158000000.0,2158000000.0,27047000000.0,3919000000.0,1.329,2.776,36514000000.0,1605000000.0,34909000000.0,36514000000.0,0.0,5939000000.0,0.0,0.031,1.362,4767000000.0,10706000000.0,0.301,10706000000.0,4767000000.0,3264000000.0,3.89,3.88,3.89,31020000000.0,30415500000.0,31020000000.0,77249486566.0,16.0,7.216,957000000.0,0.989,1.0,8503000000.0,0.239,6677000000.0,1503000000.0,137024000000.0,135540750000.0,1665000000.0,1794000000.0,696000000.0,1098000000.0,86097000000.0,10140000000.0,75957000000.0,42171486566.0,776000000.0,-54000000.0,156000000.0,1402000000.0,-1314000000.0,131000000.0,-7837000000.0,-246000000.0,8482000000.0,0.0,3729000000.0,3729000000.0,3729000000.0,0.0,190000000.0,0.105,4031000000.0,4472000000.0,3353000000.0,0.35,1.359,11.309,11.224,75840000000.0,0.0,43.66,1.186,1.189,4239000000.0,14949000000.0,35550000000.0,35550000000.0,0.0,0.032,0.123,0.035,0.134,0.0,0.0,1.0,965906701.0,968000000,970000000.0,36.725,112808000000.0,0.0,-465000000.0,11702000000.0,116.537,3333000000.0
12,EXC,MRT,2018-06-30,2018-06-30,2018-06-30,2021-08-04,-2921000000.0,117249000000.0,117377500000.0,11489000000.0,105760000000.0,0.297,31.556,-7546000000.0,900000000.0,900000000.0,26173000000.0,3984000000.0,1.194,2.766,35978000000.0,2410000000.0,33568000000.0,35978000000.0,0.0,5836000000.0,0.0,0.032,1.344,5164000000.0,11000000000.0,0.315,11000000000.0,5164000000.0,3668000000.0,3.99,3.97,3.99,30515000000.0,29685500000.0,30515000000.0,76280269749.0,15.0,6.935,908000000.0,0.939,1.0,8742000000.0,0.25,6677000000.0,1496000000.0,136024000000.0,134745250000.0,1590000000.0,1892000000.0,799000000.0,1093000000.0,84410000000.0,9626000000.0,74784000000.0,41125269749.0,217000000.0,-43000000.0,134000000.0,474000000.0,-1295000000.0,-401000000.0,-7836000000.0,-244000000.0,8454000000.0,0.0,3819000000.0,3819000000.0,3819000000.0,0.0,165000000.0,0.109,3924000000.0,4818000000.0,3118000000.0,0.337,1.348,10.769,10.677,75284000000.0,0.0,42.6,1.178,1.18,4094000000.0,14551000000.0,34915000000.0,34915000000.0,0.0,0.033,0.129,0.038,0.148,0.0,0.0,1.0,965381919.0,967000000,969000000.0,36.107,110572000000.0,0.0,-151000000.0,11484000000.0,114.345,1863000000.0
13,EXC,MRT,2018-03-31,2018-03-31,2018-03-31,2021-08-04,-2965000000.0,117018000000.0,117341250000.0,11533000000.0,105485000000.0,0.294,31.295,-7455000000.0,996000000.0,996000000.0,26574000000.0,3536000000.0,1.136,2.794,36151000000.0,2857000000.0,33294000000.0,36151000000.0,0.0,5654000000.0,0.0,0.034,1.326,4655000000.0,10309000000.0,0.299,10309000000.0,4655000000.0,3096000000.0,3.53,3.51,3.53,30231000000.0,28943250000.0,30231000000.0,72122796855.0,15.0,6.996,453000000.0,0.469,1.0,7930000000.0,0.23,6677000000.0,1559000000.0,135343000000.0,133740750000.0,1471000000.0,2145000000.0,978000000.0,1167000000.0,84453000000.0,10153000000.0,74300000000.0,37645796855.0,210000000.0,193000000.0,1300000000.0,-474000000.0,-1266000000.0,-153000000.0,-7545000000.0,-261000000.0,7908000000.0,0.0,3375000000.0,3375000000.0,3375000000.0,0.0,161000000.0,0.098,3754000000.0,4176000000.0,3212000000.0,0.376,1.245,11.154,11.051,74711000000.0,0.0,39.01,1.091,1.092,4190000000.0,14346000000.0,34504000000.0,34504000000.0,0.0,0.029,0.117,0.035,0.135,0.0,0.0,1.0,965029399.0,966000000,968000000.0,35.718,110341000000.0,0.0,-279000000.0,11344000000.0,114.225,1380000000.0
14,EXC,MRT,2017-12-31,2017-12-31,2017-12-31,2021-08-04,-3026000000.0,116770000000.0,117353750000.0,11896000000.0,104874000000.0,0.286,31.569,-7584000000.0,1105000000.0,1105000000.0,25791000000.0,3869000000.0,1.102,2.829,35582000000.0,3017000000.0,32565000000.0,35582000000.0,0.0,5427000000.0,0.0,0.033,1.308,5213000000.0,10640000000.0,0.317,10640000000.0,5213000000.0,3653000000.0,3.99,3.98,3.99,29896000000.0,28018000000.0,29896000000.0,72308195961.0,14.0,6.796,-104000000.0,-0.11,1.0,7767000000.0,0.231,6677000000.0,1560000000.0,133772000000.0,133022250000.0,1651000000.0,1953000000.0,976000000.0,977000000.0,84583000000.0,10798000000.0,73785000000.0,37867195961.0,276000000.0,-76000000.0,1300000000.0,390000000.0,-1236000000.0,767000000.0,-7971000000.0,-268000000.0,7480000000.0,0.0,3779000000.0,3779000000.0,3779000000.0,0.0,90000000.0,0.113,3612000000.0,4155000000.0,3537000000.0,0.328,1.267,10.02,9.877,74202000000.0,0.0,39.41,1.128,1.112,4445000000.0,14081000000.0,33558000000.0,33558000000.0,0.0,0.032,0.135,0.039,0.155,0.0,0.0,1.0,960852473.0,947000000,949000000.0,35.436,110093000000.0,0.0,-126000000.0,11235000000.0,116.254,1098000000.0
15,EXC,MRT,2017-09-30,2017-09-30,2017-09-30,2021-08-04,-2589000000.0,118473000000.0,116887250000.0,12724000000.0,105749000000.0,0.283,29.21,-7790000000.0,1523000000.0,1523000000.0,25360000000.0,2170000000.0,1.027,3.137,35964000000.0,3874000000.0,32090000000.0,35964000000.0,0.0,5566000000.0,0.0,0.034,1.299,4379000000.0,9945000000.0,0.301,9945000000.0,4379000000.0,2827000000.0,2.23,2.22,2.23,28100000000.0,27003250000.0,28100000000.0,71710511118.0,16.0,7.211,-1019000000.0,-1.059,1.0,7700000000.0,0.233,6677000000.0,1552000000.0,133842000000.0,132028000000.0,1668000000.0,1759000000.0,699000000.0,1060000000.0,88156000000.0,12395000000.0,75761000000.0,36166511118.0,-562000000.0,45000000.0,1230000000.0,11000000.0,-1214000000.0,641000000.0,-7974000000.0,-259000000.0,6771000000.0,0.0,2099000000.0,2099000000.0,2099000000.0,0.0,71000000.0,0.063,4013000000.0,3687000000.0,3137000000.0,0.583,1.287,17.23,16.892,73067000000.0,0.0,37.67,1.094,1.096,3854000000.0,11950000000.0,33060000000.0,33060000000.0,0.0,0.018,0.078,0.033,0.132,0.0,0.0,1.0,960087898.0,962000000,965000000.0,34.366,111796000000.0,0.0,728000000.0,19250000000.0,116.212,329000000.0
16,EXC,MRT,2017-06-30,2017-06-30,2017-06-30,2021-08-04,-2633000000.0,117104000000.0,115902750000.0,12232000000.0,104872000000.0,0.287,29.493,-7954000000.0,788000000.0,788000000.0,25628000000.0,1831000000.0,0.876,3.188,36332000000.0,5376000000.0,30956000000.0,36332000000.0,0.0,5771000000.0,0.0,0.036,1.29,4065000000.0,9836000000.0,0.295,9836000000.0,4065000000.0,2383000000.0,1.9,1.9,1.9,27546000000.0,26485000000.0,27546000000.0,69919306526.0,17.0,7.109,-1151000000.0,-1.232,1.0,7666000000.0,0.23,6677000000.0,1682000000.0,132006000000.0,130952000000.0,1601000000.0,1935000000.0,833000000.0,1102000000.0,87814000000.0,13965000000.0,73849000000.0,33404306526.0,-1046000000.0,-221000000.0,1231000000.0,587000000.0,-1191000000.0,705000000.0,-8554000000.0,-251000000.0,6803000000.0,0.0,1766000000.0,1766000000.0,1766000000.0,0.0,65000000.0,0.053,4204000000.0,3462000000.0,3142000000.0,0.679,1.213,18.915,18.984,72748000000.0,0.0,36.07,1.003,1.012,3825000000.0,11442000000.0,33294000000.0,33294000000.0,0.0,0.015,0.067,0.031,0.122,0.0,0.0,1.0,926096660.0,934000000,936000000.0,35.647,110427000000.0,0.0,617000000.0,18521000000.0,118.23,-1733000000.0
17,EXC,MRT,2017-03-31,2017-03-31,2017-03-31,2021-08-04,-2670000000.0,117068000000.0,114821250000.0,12194000000.0,104874000000.0,0.283,28.588,-8360000000.0,863000000.0,863000000.0,24530000000.0,2043000000.0,0.845,3.346,37378000000.0,5693000000.0,31685000000.0,37378000000.0,0.0,5787000000.0,0.0,0.036,1.281,4341000000.0,10128000000.0,0.311,10128000000.0,4341000000.0,2719000000.0,2.09,2.09,2.09,26530000000.0,26037500000.0,26530000000.0,68363694312.0,16.0,6.75,-298000000.0,-0.321,1.0,8009000000.0,0.246,6677000000.0,1622000000.0,132469000000.0,129992000000.0,1561000000.0,2034000000.0,847000000.0,1187000000.0,88777000000.0,14437000000.0,74340000000.0,33338694312.0,-281000000.0,-407000000.0,58000000.0,1879000000.0,-1182000000.0,842000000.0,-9185000000.0,-251000000.0,8062000000.0,0.0,1938000000.0,1938000000.0,1938000000.0,0.0,105000000.0,0.06,4200000000.0,3809000000.0,3019000000.0,0.613,1.257,17.203,17.215,72630000000.0,0.0,35.98,1.025,1.026,3886000000.0,12720000000.0,32539000000.0,32539000000.0,0.0,0.017,0.074,0.033,0.133,0.0,0.0,1.0,926589614.0,928000000,930000000.0,35.064,110391000000.0,0.0,781000000.0,18518000000.0,118.956,-2243000000.0
18,EXC,MRT,2016-12-31,2016-12-31,2016-12-31,2021-08-04,-2660000000.0,114904000000.0,113489750000.0,12412000000.0,102492000000.0,0.276,27.962,-8553000000.0,888000000.0,888000000.0,24170000000.0,1196000000.0,0.922,3.379,35913000000.0,3697000000.0,32216000000.0,35913000000.0,0.0,5576000000.0,0.0,0.036,1.264,3410000000.0,8986000000.0,0.286,8986000000.0,3410000000.0,1874000000.0,1.21,1.21,1.21,25837000000.0,25834250000.0,25837000000.0,66599863444.0,20.0,7.412,-92000000.0,-0.1,1.0,7196000000.0,0.229,6677000000.0,1536000000.0,129795000000.0,128314500000.0,1638000000.0,2038000000.0,917000000.0,1121000000.0,87292000000.0,13457000000.0,73835000000.0,32766863444.0,-5798000000.0,-6862000000.0,55000000.0,2205000000.0,-1166000000.0,1191000000.0,-15450000000.0,118000000.0,8461000000.0,0.0,1121000000.0,1121000000.0,1121000000.0,0.0,75000000.0,0.036,3984000000.0,3212000000.0,3449000000.0,1.045,1.268,29.23,29.331,71555000000.0,0.0,35.49,1.045,1.045,4158000000.0,12030000000.0,31366000000.0,31366000000.0,0.0,0.01,0.043,0.027,0.109,0.0,0.0,1.0,923270314.0,924000000,927000000.0,33.946,108227000000.0,0.0,753000000.0,18138000000.0,117.129,-1045000000.0
19,EXC,MRT,2016-09-30,2016-09-30,2016-09-30,2021-08-04,-2523000000.0,114535000000.0,108609750000.0,12208000000.0,102327000000.0,0.278,28.137,-8498000000.0,2218000000.0,2218000000.0,23677000000.0,1246000000.0,1.004,3.345,36051000000.0,3079000000.0,32972000000.0,36051000000.0,0.0,5066000000.0,0.0,0.038,1.256,3591000000.0,8657000000.0,0.287,8657000000.0,3591000000.0,2134000000.0,1.33,1.33,1.33,26027000000.0,25823250000.0,26027000000.0,64700421297.0,18.0,7.474,807000000.0,0.872,1.0,6509000000.0,0.216,6672000000.0,1457000000.0,129538000000.0,121667250000.0,1562000000.0,2015000000.0,754000000.0,1261000000.0,87049000000.0,12158000000.0,74891000000.0,30722421297.0,-5368000000.0,-6908000000.0,44000000.0,1981000000.0,-1159000000.0,679000000.0,-15352000000.0,115000000.0,9305000000.0,0.0,1240000000.0,1240000000.0,1240000000.0,0.0,6000000.0,0.041,3404000000.0,3105000000.0,3052000000.0,0.944,1.18,24.776,25.03,71214000000.0,0.0,33.29,1.018,1.02,4061000000.0,12121000000.0,30186000000.0,30186000000.0,0.0,0.011,0.048,0.03,0.119,0.0,0.0,1.0,922872373.0,925000000,927000000.0,32.634,107863000000.0,0.0,894000000.0,18115000000.0,116.609,50000000.0
20,EXC,MRT,2016-06-30,2016-06-30,2016-06-30,2021-08-04,-2565000000.0,112778000000.0,103758000000.0,11495000000.0,101283000000.0,0.275,27.874,-8606000000.0,1848000000.0,1848000000.0,22733000000.0,1307000000.0,0.966,3.318,35826000000.0,3644000000.0,32182000000.0,35826000000.0,0.0,4426000000.0,0.0,0.034,1.248,3242000000.0,7668000000.0,0.268,7668000000.0,3242000000.0,2048000000.0,1.49,1.49,1.49,25756000000.0,25759000000.0,25756000000.0,66737735804.0,21.0,8.703,-406000000.0,-0.439,1.0,5852000000.0,0.205,6696000000.0,1194000000.0,128166000000.0,115223750000.0,1500000000.0,1807000000.0,759000000.0,1048000000.0,85456000000.0,11894000000.0,73562000000.0,32262735804.0,-4367000000.0,-6654000000.0,1901000000.0,1847000000.0,-1150000000.0,2586000000.0,-15153000000.0,114000000.0,8200000000.0,0.0,1379000000.0,1379000000.0,1379000000.0,0.0,-72000000.0,0.048,2814000000.0,3038000000.0,2834000000.0,0.838,1.253,23.396,24.403,70693000000.0,0.0,36.36,1.129,1.175,3671000000.0,11926000000.0,28585000000.0,28585000000.0,0.0,0.013,0.054,0.028,0.113,0.0,0.0,1.0,887313966.0,924000000,926000000.0,30.936,106082000000.0,0.0,669000000.0,17662000000.0,114.807,-399000000.0
21,EXC,MRT,2016-03-31,2016-03-31,2016-03-31,2021-08-04,-2596000000.0,111742000000.0,98616750000.0,11364000000.0,100378000000.0,0.286,27.862,-8037000000.0,1178000000.0,1178000000.0,22165000000.0,1634000000.0,0.825,3.287,35653000000.0,5698000000.0,29955000000.0,35653000000.0,0.0,4102000000.0,0.0,0.035,1.24,3617000000.0,7719000000.0,0.274,7719000000.0,3617000000.0,2644000000.0,1.94,1.94,1.94,25717000000.0,25196500000.0,25717000000.0,52600501248.0,15.0,6.814,-438000000.0,-0.475,1.0,6024000000.0,0.214,6688000000.0,973000000.0,125759000000.0,109023250000.0,1514000000.0,2481000000.0,1185000000.0,1296000000.0,84537000000.0,13770000000.0,70767000000.0,32988501248.0,-865000000.0,-6670000000.0,1901000000.0,5422000000.0,-1123000000.0,6155000000.0,-14619000000.0,117000000.0,7599000000.0,0.0,1750000000.0,1750000000.0,1750000000.0,0.0,-116000000.0,0.062,2499000000.0,3525000000.0,2882000000.0,0.639,1.283,18.851,18.485,69406000000.0,0.0,35.86,1.17,1.174,3594000000.0,11954000000.0,28189000000.0,28189000000.0,0.0,0.018,0.069,0.033,0.128,0.0,0.0,1.0,919924742.0,923000000,925000000.0,30.541,105054000000.0,0.0,894000000.0,17474000000.0,113.818,-2406000000.0
22,EXC,MRT,2015-12-31,2015-12-31,2015-12-31,2021-08-04,-2624000000.0,95384000000.0,92529000000.0,15334000000.0,80050000000.0,0.318,28.981,-7477000000.0,6707000000.0,6707000000.0,22606000000.0,2250000000.0,1.682,2.639,26319000000.0,2033000000.0,24286000000.0,26319000000.0,0.0,3987000000.0,0.0,0.045,1.24,4375000000.0,8362000000.0,0.284,8362000000.0,4375000000.0,3342000000.0,2.55,2.54,2.55,25793000000.0,24533500000.0,25793000000.0,44691302833.0,10.0,5.345,139000000.0,0.156,1.0,6841000000.0,0.232,2672000000.0,1033000000.0,103206000000.0,102073250000.0,1566000000.0,2762000000.0,1365000000.0,1397000000.0,68062000000.0,9118000000.0,58944000000.0,25536302833.0,4624000000.0,-40000000.0,1900000000.0,4102000000.0,-1105000000.0,4830000000.0,-7822000000.0,-252000000.0,7616000000.0,0.0,2269000000.0,2269000000.0,2269000000.0,0.0,-19000000.0,0.077,2432000000.0,4409000000.0,2891000000.0,0.486,0.99,11.254,10.89,57439000000.0,0.0,27.77,0.867,0.839,3187000000.0,12068000000.0,29447000000.0,29447000000.0,0.0,0.025,0.092,0.043,0.149,0.0,0.0,1.0,919564380.0,890000000,893000000.0,33.087,92712000000.0,0.0,1073000000.0,13776000000.0,104.171,6216000000.0
23,EXC,MRT,2015-09-30,2015-09-30,2015-09-30,2021-08-04,-2596000000.0,95128000000.0,90287000000.0,16867000000.0,78261000000.0,0.332,28.226,-6202000000.0,7606000000.0,7606000000.0,23671000000.0,2053000000.0,2.149,2.632,26761000000.0,1572000000.0,25189000000.0,26761000000.0,0.0,3942000000.0,0.0,0.042,1.24,3900000000.0,7842000000.0,0.261,7842000000.0,3900000000.0,2804000000.0,2.25,2.25,2.25,25770000000.0,23737250000.0,25770000000.0,45939046611.0,12.0,5.858,286000000.0,0.313,1.0,6330000000.0,0.211,2672000000.0,1096000000.0,103764000000.0,100008750000.0,1516000000.0,2537000000.0,1116000000.0,1421000000.0,67839000000.0,7847000000.0,59992000000.0,25590046611.0,4502000000.0,-323000000.0,1902000000.0,4200000000.0,-1085000000.0,4926000000.0,-6912000000.0,-258000000.0,6488000000.0,0.0,1979000000.0,1979000000.0,1979000000.0,0.0,74000000.0,0.066,2309000000.0,4021000000.0,2995000000.0,0.551,0.993,12.931,13.2,55814000000.0,0.0,29.7,0.853,0.904,3215000000.0,12046000000.0,30001000000.0,30001000000.0,0.0,0.022,0.083,0.039,0.13,0.0,0.0,1.0,861617731.0,913000000,915000000.0,32.86,92456000000.0,213000000.0,825000000.0,13480000000.0,101.266,9020000000.0
24,EXC,MRT,2015-06-30,2015-06-30,2015-06-30,2021-08-04,-2626000000.0,92213000000.0,87821000000.0,15425000000.0,76788000000.0,0.336,27.238,-5204000000.0,6288000000.0,6288000000.0,23010000000.0,2540000000.0,2.364,2.856,26637000000.0,769000000.0,25868000000.0,26637000000.0,0.0,3900000000.0,0.0,0.039,1.24,4576000000.0,8476000000.0,0.287,8476000000.0,4576000000.0,3475000000.0,2.71,2.71,2.71,23506000000.0,23193500000.0,23506000000.0,47674272341.0,10.0,5.625,1471000000.0,1.705,1.0,6502000000.0,0.22,2672000000.0,1101000000.0,103364000000.0,97456250000.0,1432000000.0,2823000000.0,1405000000.0,1418000000.0,67144000000.0,6526000000.0,60618000000.0,27060272341.0,4652000000.0,-324000000.0,33000000.0,5131000000.0,-1069000000.0,3935000000.0,-5958000000.0,-255000000.0,6675000000.0,0.0,2343000000.0,2343000000.0,2343000000.0,0.0,197000000.0,0.079,1943000000.0,4559000000.0,2735000000.0,0.458,1.151,11.549,11.594,53935000000.0,0.0,31.42,0.917,0.919,3227000000.0,11704000000.0,29512000000.0,29512000000.0,0.0,0.027,0.101,0.047,0.155,0.0,0.0,1.0,861243550.0,863000000,866000000.0,34.197,89541000000.0,175000000.0,1132000000.0,13309000000.0,103.756,8899000000.0
25,EXC,MRT,2015-03-31,2015-03-31,2015-03-31,2021-08-04,-2673000000.0,87391000000.0,85681750000.0,11357000000.0,76034000000.0,0.339,26.758,-4801000000.0,2122000000.0,2122000000.0,23091000000.0,2464000000.0,1.54,2.721,22736000000.0,1569000000.0,21167000000.0,22736000000.0,0.0,3908000000.0,0.0,0.037,1.24,4493000000.0,8401000000.0,0.289,8401000000.0,4493000000.0,3309000000.0,2.58,2.57,2.58,23065000000.0,23030250000.0,23065000000.0,49021998658.0,11.0,5.835,981000000.0,1.138,1.0,5931000000.0,0.204,2672000000.0,1184000000.0,97959000000.0,94689000000.0,1301000000.0,2598000000.0,1117000000.0,1481000000.0,62753000000.0,7374000000.0,55379000000.0,28898998658.0,911000000.0,-248000000.0,36000000.0,2087000000.0,-1068000000.0,468000000.0,-5339000000.0,-164000000.0,5782000000.0,0.0,2227000000.0,2227000000.0,2227000000.0,0.0,237000000.0,0.077,1925000000.0,4006000000.0,2847000000.0,0.481,1.253,12.977,13.027,53001000000.0,0.0,33.61,0.996,0.998,3702000000.0,11334000000.0,29022000000.0,29022000000.0,0.0,0.026,0.097,0.047,0.155,0.0,0.0,1.0,859833343.0,862000000,867000000.0,33.668,84719000000.0,231000000.0,1082000000.0,13218000000.0,98.282,3983000000.0
26,EXC,MRT,2014-12-31,2014-12-31,2014-12-31,2021-08-04,-2684000000.0,86416000000.0,83701000000.0,11853000000.0,74563000000.0,0.328,26.288,-4358000000.0,2149000000.0,2149000000.0,22725000000.0,1820000000.0,1.353,2.755,22115000000.0,2262000000.0,19853000000.0,22115000000.0,0.0,3868000000.0,0.0,0.033,1.24,3354000000.0,7222000000.0,0.263,7222000000.0,3354000000.0,2289000000.0,1.89,1.88,1.89,22608000000.0,22906000000.0,22608000000.0,51261953746.0,15.0,7.098,99000000.0,0.115,1.0,4704000000.0,0.171,2672000000.0,1065000000.0,94948000000.0,92429000000.0,1603000000.0,2596000000.0,1279000000.0,1317000000.0,62283000000.0,8762000000.0,53521000000.0,31868953746.0,269000000.0,-233000000.0,35000000.0,2040000000.0,-1065000000.0,411000000.0,-4599000000.0,184000000.0,4457000000.0,0.0,1623000000.0,1623000000.0,1623000000.0,0.0,197000000.0,0.059,1877000000.0,2827000000.0,3056000000.0,0.656,1.41,19.636,19.619,52170000000.0,0.0,37.08,1.162,1.163,3482000000.0,10910000000.0,27429000000.0,27429000000.0,0.0,0.019,0.071,0.036,0.122,0.0,0.0,1.0,859464772.0,860000000,864000000.0,31.894,83744000000.0,0.0,666000000.0,12778000000.0,97.377,3091000000.0
27,EXC,MRT,2014-09-30,2014-09-30,2014-09-30,2021-08-04,-1917000000.0,85264000000.0,82078000000.0,11837000000.0,73427000000.0,0.321,27.404,-4962000000.0,3081000000.0,3081000000.0,21023000000.0,2218000000.0,1.404,2.552,22474000000.0,2626000000.0,19848000000.0,22474000000.0,0.0,3791000000.0,0.0,0.036,1.24,4014000000.0,7805000000.0,0.296,7805000000.0,4014000000.0,3045000000.0,2.44,2.43,2.44,23595000000.0,22937000000.0,23595000000.0,49170040832.0,12.0,6.3,630000000.0,0.732,1.0,5313000000.0,0.202,2672000000.0,969000000.0,93554000000.0,90671000000.0,1591000000.0,1856000000.0,744000000.0,1112000000.0,60214000000.0,8431000000.0,51783000000.0,29290040832.0,1119000000.0,177000000.0,32000000.0,1952000000.0,-1067000000.0,327000000.0,-4800000000.0,198000000.0,5592000000.0,0.0,2089000000.0,2100000000.0,2100000000.0,0.0,129000000.0,0.08,1908000000.0,3405000000.0,2524000000.0,0.508,1.241,13.948,13.971,51630000000.0,-11000000.0,34.09,1.112,1.115,2815000000.0,11160000000.0,26336000000.0,26336000000.0,0.0,0.026,0.092,0.044,0.152,0.0,0.0,1.0,859197443.0,861000000,863000000.0,30.588,82592000000.0,38000000.0,956000000.0,13207000000.0,95.926,3406000000.0
28,EXC,MRT,2014-06-30,2014-06-30,2014-06-30,2021-08-04,-1906000000.0,83656000000.0,80677250000.0,9823000000.0,73833000000.0,0.321,26.573,-5318000000.0,1569000000.0,1569000000.0,20842000000.0,1880000000.0,1.147,2.6,21449000000.0,2668000000.0,18781000000.0,21449000000.0,0.0,3732000000.0,0.0,0.034,1.24,3750000000.0,7482000000.0,0.289,7482000000.0,3750000000.0,2805000000.0,2.15,2.14,2.15,22853000000.0,22503000000.0,22853000000.0,50753160575.0,14.0,6.783,438000000.0,0.509,1.0,5084000000.0,0.196,2674000000.0,945000000.0,92295000000.0,89323750000.0,1450000000.0,1972000000.0,629000000.0,1343000000.0,59427000000.0,8567000000.0,50860000000.0,31326160575.0,371000000.0,181000000.0,33000000.0,1445000000.0,-1066000000.0,-353000000.0,-5032000000.0,218000000.0,5756000000.0,0.0,1832000000.0,1845000000.0,1845000000.0,0.0,48000000.0,0.071,2200000000.0,2884000000.0,2671000000.0,0.577,1.371,16.979,16.967,51747000000.0,-13000000.0,36.48,1.208,1.21,2973000000.0,10435000000.0,25926000000.0,25926000000.0,0.0,0.023,0.082,0.042,0.145,0.0,0.0,1.0,858721507.0,860000000,864000000.0,30.147,80982000000.0,426000000.0,973000000.0,13209000000.0,94.165,1256000000.0
29,EXC,MRT,2014-03-31,2014-03-31,2014-03-31,2021-08-04,-2036000000.0,79468000000.0,79368250000.0,9675000000.0,69793000000.0,0.328,26.303,-5115000000.0,1121000000.0,1121000000.0,20558000000.0,1820000000.0,1.316,2.512,20548000000.0,1353000000.0,19195000000.0,20548000000.0,0.0,3670000000.0,0.0,0.037,1.24,3701000000.0,7371000000.0,0.283,7371000000.0,3701000000.0,2742000000.0,2.11,2.11,2.11,22568000000.0,22128000000.0,22568000000.0,47120008689.0,13.0,6.393,534000000.0,0.622,1.0,5485000000.0,0.211,2625000000.0,959000000.0,88919000000.0,87859250000.0,1023000000.0,4084000000.0,756000000.0,3328000000.0,56690000000.0,7351000000.0,49339000000.0,28775008689.0,142000000.0,115000000.0,42000000.0,855000000.0,-1065000000.0,-573000000.0,-4934000000.0,119000000.0,5649000000.0,0.0,1807000000.0,1813000000.0,1813000000.0,0.0,13000000.0,0.07,2156000000.0,3329000000.0,2855000000.0,0.588,1.275,15.871,15.905,47742000000.0,-6000000.0,33.56,1.105,1.106,3455000000.0,10180000000.0,26043000000.0,26043000000.0,0.0,0.023,0.082,0.042,0.142,0.0,0.0,1.0,857419806.0,858000000,861000000.0,30.353,76843000000.0,454000000.0,935000000.0,12832000000.0,89.561,2324000000.0
30,EXC,MRT,2013-12-31,2013-12-31,2013-12-31,2021-08-04,-2040000000.0,79924000000.0,79062000000.0,10137000000.0,69787000000.0,0.315,26.556,-5363000000.0,1776000000.0,1776000000.0,19089000000.0,1729000000.0,1.312,2.507,20121000000.0,1850000000.0,18271000000.0,20121000000.0,0.0,3779000000.0,0.0,0.053,1.455,4119000000.0,7898000000.0,0.317,7898000000.0,4119000000.0,2763000000.0,2.01,2.0,2.01,22732000000.0,21758250000.0,22732000000.0,42106599793.0,10.0,5.331,980000000.0,1.145,1.0,5799000000.0,0.233,2625000000.0,1356000000.0,87916000000.0,87214250000.0,1105000000.0,4446000000.0,727000000.0,3719000000.0,56984000000.0,7728000000.0,49256000000.0,23470599793.0,123000000.0,115000000.0,47000000.0,798000000.0,-1249000000.0,-826000000.0,-5394000000.0,-215000000.0,6343000000.0,0.0,1719000000.0,1719000000.0,1719000000.0,0.0,10000000.0,0.069,2140000000.0,3659000000.0,2600000000.0,0.724,1.032,13.654,13.627,47330000000.0,0.0,27.39,0.943,0.942,2981000000.0,10358000000.0,24888000000.0,24888000000.0,0.0,0.022,0.079,0.047,0.166,0.0,0.0,1.0,856903972.0,856000000,860000000.0,29.075,77299000000.0,573000000.0,1044000000.0,12945000000.0,90.303,2409000000.0
31,EXC,MRT,2013-09-30,2013-09-30,2013-09-30,2021-08-04,-2661000000.0,79661000000.0,78721250000.0,9951000000.0,69710000000.0,0.317,25.506,-5111000000.0,1791000000.0,1791000000.0,19382000000.0,1618000000.0,1.326,2.635,20427000000.0,1857000000.0,18570000000.0,20427000000.0,0.0,4014000000.0,0.0,0.056,1.67,3874000000.0,7888000000.0,0.316,7888000000.0,3874000000.0,2534000000.0,1.87,1.87,1.87,21859000000.0,21433000000.0,21859000000.0,44404538731.0,11.0,5.629,840000000.0,0.98,1.0,5597000000.0,0.224,2625000000.0,1340000000.0,88165000000.0,86767500000.0,1109000000.0,4625000000.0,730000000.0,3895000000.0,57594000000.0,7507000000.0,50087000000.0,25388538731.0,-56000000.0,-21000000.0,51000000.0,1077000000.0,-1471000000.0,-803000000.0,-5204000000.0,-213000000.0,5951000000.0,0.0,1618000000.0,1602000000.0,1602000000.0,0.0,0.0,0.064,2118000000.0,3479000000.0,2477000000.0,0.893,1.161,15.848,15.85,46495000000.0,16000000.0,29.64,1.016,1.017,2761000000.0,10131000000.0,24979000000.0,24979000000.0,0.0,0.02,0.075,0.045,0.155,0.0,0.0,1.0,856563385.0,857000000,860000000.0,29.147,77036000000.0,292000000.0,916000000.0,11981000000.0,89.89,2444000000.0
32,EXC,MRT,2013-06-30,2013-06-30,2013-06-30,2021-08-04,-2673000000.0,78420000000.0,78394250000.0,9409000000.0,69011000000.0,0.32,24.945,-5132000000.0,1105000000.0,1105000000.0,20113000000.0,1179000000.0,1.124,2.662,20121000000.0,2903000000.0,17218000000.0,20121000000.0,0.0,4156000000.0,0.0,0.061,1.885,3169000000.0,7325000000.0,0.292,7325000000.0,3169000000.0,1817000000.0,1.36,1.36,1.36,21353000000.0,21423500000.0,21353000000.0,45470626446.0,14.0,6.208,624000000.0,0.729,1.0,4943000000.0,0.197,2625000000.0,1352000000.0,86437000000.0,86168000000.0,1019000000.0,4686000000.0,845000000.0,3841000000.0,56832000000.0,8374000000.0,48458000000.0,26428626446.0,-358000000.0,-24000000.0,62000000.0,860000000.0,-1659000000.0,-957000000.0,-5157000000.0,-215000000.0,5756000000.0,0.0,1179000000.0,1160000000.0,1160000000.0,0.0,0.0,0.046,2088000000.0,2855000000.0,2357000000.0,1.386,1.238,22.783,22.706,45994000000.0,19000000.0,30.88,1.055,1.055,2861000000.0,9660000000.0,25056000000.0,25056000000.0,0.0,0.015,0.054,0.037,0.126,0.0,0.0,1.0,855849302.0,856000000,860000000.0,29.271,75795000000.0,288000000.0,638000000.0,11564000000.0,88.546,1035000000.0
33,EXC,MRT,2013-03-31,2013-03-31,2013-03-31,2021-08-04,-2673000000.0,78243000000.0,78147750000.0,9274000000.0,68969000000.0,0.318,24.665,-5369000000.0,920000000.0,920000000.0,20232000000.0,971000000.0,1.115,2.695,19962000000.0,2607000000.0,17355000000.0,19962000000.0,0.0,4320000000.0,0.0,0.057,1.954,2852000000.0,7172000000.0,0.288,7172000000.0,2852000000.0,1496000000.0,1.13,1.12,1.13,21089000000.0,21593500000.0,21089000000.0,47465064499.0,17.0,6.618,627000000.0,0.733,1.0,4649000000.0,0.187,2625000000.0,1356000000.0,86339000000.0,85715000000.0,913000000.0,4458000000.0,666000000.0,3792000000.0,56830000000.0,8321000000.0,48509000000.0,29481064499.0,51000000.0,-21000000.0,72000000.0,1376000000.0,-1816000000.0,-538000000.0,-5407000000.0,-209000000.0,5996000000.0,0.0,971000000.0,956000000.0,956000000.0,0.0,0.0,0.038,2049000000.0,2600000000.0,2386000000.0,1.729,1.398,30.838,30.513,45784000000.0,15000000.0,34.48,1.185,1.185,3120000000.0,9437000000.0,24881000000.0,24881000000.0,0.0,0.012,0.044,0.033,0.115,0.0,0.0,1.0,855019272.0,855000000,855000000.0,29.101,75618000000.0,331000000.0,525000000.0,11344000000.0,88.442,953000000.0
34,EXC,MRT,2012-12-31,2012-12-31,2012-12-31,2021-08-04,-2767000000.0,78561000000.0,77994000000.0,10140000000.0,68421000000.0,0.301,26.263,-5418000000.0,1619000000.0,1619000000.0,19137000000.0,1171000000.0,1.302,2.648,19603000000.0,1257000000.0,18346000000.0,19603000000.0,0.0,4079000000.0,0.0,0.071,2.1,2726000000.0,6805000000.0,0.29,6805000000.0,2726000000.0,1798000000.0,1.42,1.42,1.42,21431000000.0,21775250000.0,21431000000.0,43215379453.0,16.0,6.351,713000000.0,0.874,1.0,4352000000.0,0.185,2625000000.0,928000000.0,86129000000.0,85099500000.0,1014000000.0,4930000000.0,938000000.0,3992000000.0,56744000000.0,7791000000.0,48953000000.0,25406379453.0,470000000.0,943000000.0,72000000.0,685000000.0,-1716000000.0,-1085000000.0,-4576000000.0,-203000000.0,6131000000.0,0.0,1171000000.0,1160000000.0,1160000000.0,0.0,0.0,0.049,1888000000.0,2464000000.0,2692000000.0,1.479,1.185,21.902,20.944,45186000000.0,11000000.0,29.74,1.082,1.033,3087000000.0,9893000000.0,23489000000.0,23489000000.0,0.0,0.015,0.053,0.032,0.116,0.0,0.0,1.0,854283102.0,816000000,819000000.0,28.786,75936000000.0,189000000.0,627000000.0,11609000000.0,93.059,2349000000.0
35,EXC,MRT,2012-09-30,2012-09-30,2012-09-30,2021-08-04,-2405000000.0,78353000000.0,72102500000.0,11328000000.0,67025000000.0,0.299,25.552,-5619000000.0,1840000000.0,1840000000.0,17049000000.0,1393000000.0,1.458,2.574,19649000000.0,1404000000.0,18245000000.0,19649000000.0,0.0,3523000000.0,0.0,0.059,2.1,3139000000.0,6662000000.0,0.309,6662000000.0,3139000000.0,2261000000.0,1.88,1.87,1.88,21821000000.0,20013750000.0,21821000000.0,48269136591.0,15.0,7.245,891000000.0,1.043,1.0,4544000000.0,0.21,2625000000.0,878000000.0,85767000000.0,78463500000.0,1031000000.0,5084000000.0,928000000.0,4156000000.0,56163000000.0,7770000000.0,48393000000.0,30370136591.0,629000000.0,1344000000.0,73000000.0,-399000000.0,-1575000000.0,-1967000000.0,-3914000000.0,-165000000.0,6510000000.0,0.0,1393000000.0,1388000000.0,1388000000.0,0.0,0.0,0.064,1736000000.0,2808000000.0,2491000000.0,1.117,1.392,21.881,18.926,43914000000.0,5000000.0,35.58,1.406,1.407,3060000000.0,9959000000.0,21593000000.0,21593000000.0,0.0,0.019,0.069,0.04,0.145,0.0,0.0,1.0,853573260.0,854000000,857000000.0,25.285,75728000000.0,254000000.0,868000000.0,11652000000.0,88.674,3558000000.0
36,EXC,MRT,2012-06-30,2012-06-30,2012-06-30,2021-08-04,-2313000000.0,77434000000.0,66053250000.0,11754000000.0,65680000000.0,0.307,25.83,-5244000000.0,1466000000.0,1466000000.0,15304000000.0,1698000000.0,1.454,2.497,19365000000.0,1192000000.0,18173000000.0,19365000000.0,0.0,3097000000.0,0.0,0.056,2.1,3474000000.0,6571000000.0,0.324,6571000000.0,3474000000.0,2660000000.0,2.44,2.42,2.44,22033000000.0,18147500000.0,22033000000.0,49993674433.0,14.0,7.608,1309000000.0,1.535,1.0,4964000000.0,0.245,2625000000.0,814000000.0,84625000000.0,71874000000.0,999000000.0,5545000000.0,1170000000.0,4375000000.0,55025000000.0,8083000000.0,46942000000.0,32067674433.0,787000000.0,964000000.0,65000000.0,214000000.0,-1471000000.0,-1269000000.0,-4497000000.0,-181000000.0,6553000000.0,0.0,1698000000.0,1693000000.0,1693000000.0,0.0,0.0,0.084,1568000000.0,3396000000.0,2302000000.0,0.861,1.455,18.941,15.418,42613000000.0,5000000.0,37.62,1.582,1.583,3069000000.0,10114000000.0,20268000000.0,20268000000.0,0.0,0.026,0.093,0.048,0.171,0.0,0.0,1.0,852410272.0,853000000,856000000.0,23.761,74809000000.0,63000000.0,962000000.0,11305000000.0,87.701,3671000000.0
37,EXC,MRT,2012-03-31,2012-03-31,2012-03-31,2021-08-04,-2199000000.0,77628000000.0,59691250000.0,11815000000.0,65813000000.0,0.315,30.945,-4775000000.0,831000000.0,831000000.0,13736000000.0,2030000000.0,1.305,2.541,18757000000.0,1299000000.0,17458000000.0,18757000000.0,0.0,2540000000.0,0.0,0.057,2.246,3938000000.0,6478000000.0,0.345,6478000000.0,3938000000.0,3198000000.0,3.03,3.02,3.03,21816000000.0,16167250000.0,21816000000.0,38370362669.0,10.0,5.923,1279000000.0,1.814,1.0,5062000000.0,0.269,2625000000.0,740000000.0,83877000000.0,65233500000.0,942000000.0,6115000000.0,1491000000.0,4624000000.0,55439000000.0,9052000000.0,46387000000.0,26021362669.0,234000000.0,964000000.0,42000000.0,-387000000.0,-1395000000.0,-1756000000.0,-4064000000.0,-185000000.0,6054000000.0,0.0,2030000000.0,2027000000.0,2027000000.0,0.0,0.0,0.108,1403000000.0,3659000000.0,2263000000.0,0.741,1.193,12.837,12.941,42105000000.0,3000000.0,39.21,1.384,1.471,3109000000.0,9830000000.0,18798000000.0,18798000000.0,0.0,0.034,0.125,0.06,0.209,0.0,0.0,1.0,663640976.0,705000000,707000000.0,26.664,75003000000.0,0.0,1168000000.0,11222000000.0,106.387,2763000000.0
38,EXC,MRT,2011-12-31,2011-12-31,2011-12-31,2021-08-04,-2450000000.0,54995000000.0,53128250000.0,5713000000.0,49282000000.0,0.359,21.697,-4429000000.0,1056000000.0,1056000000.0,13236000000.0,2499000000.0,1.113,2.817,13405000000.0,1216000000.0,12189000000.0,13405000000.0,0.0,2316000000.0,0.0,0.048,2.1,4682000000.0,6998000000.0,0.367,6998000000.0,4682000000.0,3956000000.0,3.76,3.75,3.76,14385000000.0,14196000000.0,14385000000.0,41609856766.0,9.0,5.946,424000000.0,0.64,1.0,5827000000.0,0.306,2625000000.0,726000000.0,59585000000.0,58651000000.0,864000000.0,1848000000.0,432000000.0,1416000000.0,40520000000.0,5134000000.0,35386000000.0,28754856766.0,-596000000.0,0.0,38000000.0,571000000.0,-1393000000.0,-846000000.0,-4603000000.0,-191000000.0,4853000000.0,0.0,2499000000.0,2495000000.0,2495000000.0,0.0,0.0,0.131,1347000000.0,4480000000.0,1444000000.0,0.559,1.999,11.525,11.535,32570000000.0,4000000.0,43.37,1.508,1.508,1613000000.0,10055000000.0,19063000000.0,19063000000.0,0.0,0.047,0.176,0.08,0.246,0.0,0.0,1.0,663012607.0,663000000,665000000.0,28.753,52370000000.0,0.0,1457000000.0,8254000000.0,78.989,579000000.0
39,EXC,MRT,2011-09-30,2011-09-30,2011-09-30,2021-08-04,-2540000000.0,54156000000.0,52439500000.0,6287000000.0,47869000000.0,0.366,21.653,-4809000000.0,1636000000.0,1636000000.0,13391000000.0,2416000000.0,1.263,2.766,14491000000.0,1926000000.0,12565000000.0,14491000000.0,0.0,2390000000.0,0.0,0.049,2.1,4544000000.0,6934000000.0,0.361,6934000000.0,4544000000.0,3816000000.0,3.65,3.63,3.65,14356000000.0,13989750000.0,14356000000.0,41207317284.0,9.0,5.943,-760000000.0,-1.146,1.0,5809000000.0,0.303,2625000000.0,728000000.0,59409000000.0,57895000000.0,851000000.0,1532000000.0,478000000.0,1054000000.0,39710000000.0,4977000000.0,34733000000.0,28237317284.0,-1664000000.0,-380000000.0,40000000.0,1592000000.0,-1391000000.0,175000000.0,-5888000000.0,-202000000.0,4049000000.0,0.0,2416000000.0,2413000000.0,2413000000.0,0.0,0.0,0.126,1452000000.0,4357000000.0,1388000000.0,0.575,1.967,11.702,11.674,31882000000.0,3000000.0,42.61,1.471,1.471,1685000000.0,10146000000.0,19200000000.0,19200000000.0,0.0,0.046,0.172,0.078,0.237,0.0,0.0,1.0,662692262.0,663000000,665000000.0,28.959,51531000000.0,183000000.0,1400000000.0,7958000000.0,77.724,1310000000.0
40,EXC,MRT,2011-06-30,2011-06-30,2011-06-30,2021-08-04,-2509000000.0,51986000000.0,51637500000.0,4987000000.0,46999000000.0,0.373,21.285,-4620000000.0,597000000.0,597000000.0,12997000000.0,2659000000.0,1.168,2.677,13567000000.0,1413000000.0,12154000000.0,13567000000.0,0.0,2602000000.0,0.0,0.049,2.1,5077000000.0,7679000000.0,0.399,7679000000.0,5077000000.0,4356000000.0,4.02,4.0,4.02,14112000000.0,13889500000.0,14112000000.0,41343649227.0,8.0,5.384,-732000000.0,-1.104,1.0,6240000000.0,0.324,2625000000.0,721000000.0,58063000000.0,56665250000.0,786000000.0,1513000000.0,438000000.0,1075000000.0,37784000000.0,4268000000.0,33516000000.0,28376649227.0,-606000000.0,0.0,41000000.0,1229000000.0,-1390000000.0,-184000000.0,-4310000000.0,-154000000.0,3888000000.0,0.0,2659000000.0,2657000000.0,2657000000.0,0.0,0.0,0.138,1698000000.0,4542000000.0,1297000000.0,0.522,2.011,10.68,10.657,30856000000.0,2000000.0,42.84,1.475,1.476,1766000000.0,9894000000.0,19237000000.0,19237000000.0,0.0,0.051,0.191,0.09,0.264,0.0,0.0,1.0,662386770.0,663000000,664000000.0,29.015,49361000000.0,69000000.0,1697000000.0,7391000000.0,74.451,719000000.0
41,EXC,MRT,2011-03-31,2011-03-31,2011-03-31,2021-08-04,-2397000000.0,51376000000.0,50934250000.0,4659000000.0,46717000000.0,0.376,21.044,-4491000000.0,509000000.0,509000000.0,12725000000.0,2483000000.0,1.117,2.681,13476000000.0,1324000000.0,12152000000.0,13476000000.0,0.0,2777000000.0,0.0,0.051,2.1,4838000000.0,7615000000.0,0.398,7615000000.0,4838000000.0,4024000000.0,3.76,3.74,3.76,13931000000.0,13658000000.0,13931000000.0,38481226532.0,8.0,5.053,-1315000000.0,-1.986,1.0,6414000000.0,0.335,2625000000.0,814000000.0,57547000000.0,55455750000.0,728000000.0,1627000000.0,462000000.0,1165000000.0,37355000000.0,4171000000.0,33184000000.0,27295226532.0,-2037000000.0,0.0,45000000.0,559000000.0,-1390000000.0,-849000000.0,-4364000000.0,-132000000.0,3176000000.0,0.0,2483000000.0,2482000000.0,2482000000.0,0.0,0.0,0.13,1888000000.0,4526000000.0,1331000000.0,0.559,1.959,10.997,10.968,30549000000.0,1000000.0,41.24,1.426,1.426,1800000000.0,9623000000.0,19139000000.0,19139000000.0,0.0,0.049,0.182,0.087,0.253,0.0,0.0,1.0,661862913.0,662000000,664000000.0,28.911,48751000000.0,90000000.0,1541000000.0,7215000000.0,73.642,488000000.0
42,EXC,MRT,2010-12-31,2010-12-31,2010-12-31,2021-08-04,-2423000000.0,52240000000.0,50775500000.0,6398000000.0,45842000000.0,0.367,20.514,-4219000000.0,1642000000.0,1642000000.0,11843000000.0,2563000000.0,1.509,2.846,12828000000.0,824000000.0,12004000000.0,12828000000.0,0.0,2943000000.0,0.0,0.05,2.1,5038000000.0,7981000000.0,0.428,7981000000.0,5038000000.0,4221000000.0,3.88,3.87,3.88,13560000000.0,13538000000.0,13560000000.0,37675251228.0,7.0,4.721,1025000000.0,1.551,1.0,6801000000.0,0.365,2625000000.0,817000000.0,56561000000.0,54412250000.0,806000000.0,1628000000.0,487000000.0,1141000000.0,38590000000.0,4240000000.0,34350000000.0,27541251228.0,-398000000.0,0.0,48000000.0,-391000000.0,-1389000000.0,-1748000000.0,-3894000000.0,-137000000.0,5244000000.0,0.0,2563000000.0,2563000000.0,2563000000.0,0.0,0.0,0.137,2075000000.0,4726000000.0,1373000000.0,0.541,2.031,10.746,10.732,29941000000.0,0.0,41.64,1.477,1.476,1932000000.0,9304000000.0,18644000000.0,18644000000.0,0.0,0.05,0.189,0.093,0.27,0.0,0.0,1.0,661413334.0,661000000,663000000.0,28.206,49615000000.0,0.0,1658000000.0,6706000000.0,75.061,2158000000.0
43,EXC,MRT,2010-09-30,2010-09-30,2010-09-30,2021-08-04,-1828000000.0,50948000000.0,50010500000.0,6760000000.0,44188000000.0,0.365,21.08,-3403000000.0,2761000000.0,2761000000.0,11319000000.0,2620000000.0,1.704,2.645,12895000000.0,843000000.0,12052000000.0,12895000000.0,0.0,2921000000.0,0.0,0.049,2.1,5093000000.0,8014000000.0,0.439,8014000000.0,5093000000.0,4284000000.0,3.96,3.95,3.96,13955000000.0,13308000000.0,13955000000.0,38852178426.0,8.0,4.848,2174000000.0,3.284,1.0,6947000000.0,0.38,2625000000.0,809000000.0,54490000000.0,53487250000.0,809000000.0,1921000000.0,522000000.0,1399000000.0,36906000000.0,3967000000.0,32939000000.0,28145178426.0,361000000.0,0.0,48000000.0,-744000000.0,-1389000000.0,-2105000000.0,-3111000000.0,-154000000.0,5577000000.0,0.0,2620000000.0,2620000000.0,2620000000.0,0.0,0.0,0.143,2085000000.0,4862000000.0,1056000000.0,0.53,2.017,10.742,10.753,28554000000.0,0.0,42.58,1.541,1.543,1816000000.0,9128000000.0,18266000000.0,18266000000.0,0.0,0.052,0.197,0.095,0.279,0.0,0.0,1.0,660995266.0,662000000,663000000.0,27.592,48323000000.0,0.0,1664000000.0,6357000000.0,72.995,2793000000.0
44,EXC,MRT,2010-06-30,2010-06-30,2010-06-30,2021-08-04,-2078000000.0,49173000000.0,49649000000.0,5600000000.0,43573000000.0,0.349,19.949,-3413000000.0,1627000000.0,1627000000.0,10423000000.0,2532000000.0,1.39,2.723,12334000000.0,1133000000.0,11201000000.0,12334000000.0,0.0,2803000000.0,0.0,0.055,2.1,5064000000.0,7867000000.0,0.454,7867000000.0,5064000000.0,4242000000.0,3.83,3.82,3.83,13186000000.0,12941750000.0,13186000000.0,35229173163.0,7.0,4.478,2003000000.0,3.03,1.0,6891000000.0,0.398,2625000000.0,822000000.0,53225000000.0,53122500000.0,759000000.0,1768000000.0,418000000.0,1350000000.0,35900000000.0,4030000000.0,31870000000.0,25082173163.0,-670000000.0,0.0,45000000.0,-1168000000.0,-1387000000.0,-2516000000.0,-3570000000.0,-195000000.0,5416000000.0,0.0,2532000000.0,2532000000.0,2532000000.0,0.0,0.0,0.146,1992000000.0,4899000000.0,1181000000.0,0.548,1.902,9.906,9.914,28030000000.0,0.0,37.97,1.449,1.45,1886000000.0,8631000000.0,17314000000.0,17314000000.0,0.0,0.051,0.196,0.095,0.292,0.0,0.0,1.0,660578698.0,661000000,662000000.0,26.194,46548000000.0,0.0,1710000000.0,5588000000.0,70.421,1570000000.0
45,EXC,MRT,2010-03-31,2010-03-31,2010-03-31,2021-08-04,-1695000000.0,50741000000.0,49600500000.0,6384000000.0,44357000000.0,0.344,20.349,-3439000000.0,2763000000.0,2763000000.0,10248000000.0,2744000000.0,1.306,2.766,12910000000.0,1712000000.0,11198000000.0,12910000000.0,0.0,2697000000.0,0.0,0.048,2.1,5435000000.0,8132000000.0,0.477,8132000000.0,5435000000.0,4708000000.0,4.16,4.14,4.16,13451000000.0,12683500000.0,13451000000.0,39454002841.0,7.0,4.852,2566000000.0,3.882,1.0,6809000000.0,0.399,2625000000.0,727000000.0,53373000000.0,53112750000.0,692000000.0,2054000000.0,463000000.0,1591000000.0,37203000000.0,4890000000.0,32313000000.0,28910002841.0,375000000.0,0.0,44000000.0,-865000000.0,-1386000000.0,-2215000000.0,-3415000000.0,-224000000.0,6005000000.0,0.0,2744000000.0,2744000000.0,2744000000.0,0.0,0.0,0.161,1912000000.0,4897000000.0,1143000000.0,0.505,2.149,10.536,10.531,27737000000.0,0.0,43.81,1.695,1.698,1628000000.0,8534000000.0,17057000000.0,17057000000.0,0.0,0.055,0.216,0.102,0.319,0.0,0.0,1.0,659895066.0,661000000,662000000.0,25.805,48116000000.0,0.0,1964000000.0,6203000000.0,72.793,1494000000.0
46,EXC,MRT,2009-12-31,2009-12-31,2009-12-31,2021-08-04,-2089000000.0,49180000000.0,49131000000.0,5441000000.0,43739000000.0,0.352,19.181,-3273000000.0,2050000000.0,2050000000.0,10734000000.0,2707000000.0,1.284,2.884,12594000000.0,1209000000.0,11385000000.0,12594000000.0,0.0,2601000000.0,0.0,0.043,2.1,5150000000.0,7751000000.0,0.448,7751000000.0,5150000000.0,4419000000.0,4.1,4.09,4.1,12640000000.0,12323750000.0,12640000000.0,42821772854.0,8.0,5.525,2821000000.0,4.281,1.0,6584000000.0,0.38,2625000000.0,731000000.0,52861000000.0,52978250000.0,757000000.0,1749000000.0,376000000.0,1373000000.0,36453000000.0,4238000000.0,32215000000.0,32223772854.0,739000000.0,0.0,42000000.0,-551000000.0,-1385000000.0,-1897000000.0,-3458000000.0,-226000000.0,6094000000.0,0.0,2707000000.0,2707000000.0,2707000000.0,0.0,0.0,0.156,1834000000.0,4750000000.0,1345000000.0,0.512,2.549,11.904,11.92,27341000000.0,0.0,48.87,1.861,1.86,1563000000.0,8134000000.0,17318000000.0,17318000000.0,0.0,0.055,0.22,0.097,0.297,0.0,0.0,1.0,659377386.0,659000000,662000000.0,26.279,46555000000.0,0.0,1712000000.0,5902000000.0,70.645,1203000000.0
47,EXC,MRT,2009-09-30,2009-09-30,2009-09-30,2021-08-04,-1973000000.0,49502000000.0,48722500000.0,5895000000.0,43607000000.0,0.363,18.924,-3087000000.0,2417000000.0,2417000000.0,10924000000.0,2833000000.0,1.327,2.956,13015000000.0,1604000000.0,11411000000.0,13015000000.0,0.0,2518000000.0,0.0,0.042,2.1,5216000000.0,7734000000.0,0.437,7734000000.0,5216000000.0,4467000000.0,4.3,4.28,4.3,12490000000.0,11925500000.0,12490000000.0,43701545333.0,8.0,5.651,3726000000.0,5.645,1.0,6771000000.0,0.383,2625000000.0,749000000.0,53031000000.0,52991750000.0,784000000.0,1681000000.0,467000000.0,1214000000.0,36925000000.0,4444000000.0,32481000000.0,32703545333.0,2192000000.0,0.0,36000000.0,13000000.0,-1384000000.0,-1336000000.0,-3285000000.0,-236000000.0,6813000000.0,0.0,2833000000.0,2833000000.0,2833000000.0,-21000000.0,0.0,0.16,1764000000.0,5007000000.0,1075000000.0,0.488,2.618,11.544,11.54,26653000000.0,0.0,49.62,1.848,1.851,1418000000.0,7905000000.0,17695000000.0,17695000000.0,0.0,0.058,0.238,0.098,0.295,0.0,0.0,1.0,659079914.0,660000000,662000000.0,26.811,46877000000.0,0.0,1634000000.0,5975000000.0,71.026,1451000000.0
48,EXC,MRT,2009-06-30,2009-06-30,2009-06-30,2021-08-04,-1873000000.0,48979000000.0,47650500000.0,5825000000.0,43154000000.0,0.39,18.442,-3050000000.0,1884000000.0,1884000000.0,11857000000.0,2776000000.0,1.398,3.023,12882000000.0,848000000.0,12034000000.0,12882000000.0,0.0,2465000000.0,0.0,0.041,2.075,4922000000.0,7387000000.0,0.397,7387000000.0,4922000000.0,4158000000.0,4.21,4.2,4.21,12153000000.0,11699750000.0,12153000000.0,44697840324.0,9.0,6.051,4874000000.0,7.396,1.0,6727000000.0,0.362,2625000000.0,764000000.0,53186000000.0,52492500000.0,750000000.0,2013000000.0,627000000.0,1386000000.0,36739000000.0,4166000000.0,32573000000.0,33734840324.0,1506000000.0,0.0,44000000.0,-1887000000.0,-1368000000.0,-3193000000.0,-3225000000.0,-250000000.0,7924000000.0,0.0,2776000000.0,2776000000.0,2776000000.0,-21000000.0,0.0,0.149,1710000000.0,5017000000.0,1144000000.0,0.493,2.776,12.152,12.164,26305000000.0,0.0,51.21,1.815,1.816,1536000000.0,7494000000.0,18584000000.0,18584000000.0,0.0,0.058,0.237,0.094,0.265,0.0,0.0,1.0,658754937.0,659000000,661000000.0,28.2,46354000000.0,0.0,1382000000.0,5436000000.0,70.34,1659000000.0
49,EXC,MRT,2009-03-31,2009-03-31,2009-03-31,2021-08-04,-1680000000.0,48863000000.0,47105750000.0,6343000000.0,42520000000.0,0.405,18.228,-2932000000.0,2201000000.0,2201000000.0,11961000000.0,2867000000.0,1.453,3.061,13164000000.0,771000000.0,12393000000.0,13164000000.0,0.0,2378000000.0,0.0,0.045,2.05,5036000000.0,7414000000.0,0.389,7414000000.0,5036000000.0,4238000000.0,4.35,4.34,4.35,12012000000.0,11133250000.0,12012000000.0,41682626530.0,8.0,5.622,4851000000.0,7.361,1.0,7104000000.0,0.373,2625000000.0,798000000.0,52835000000.0,52152750000.0,699000000.0,2150000000.0,618000000.0,1532000000.0,36764000000.0,4366000000.0,32398000000.0,29877626530.0,1987000000.0,0.0,95000000.0,-1562000000.0,-1351000000.0,-2771000000.0,-3025000000.0,-279000000.0,7783000000.0,0.0,2867000000.0,2867000000.0,2867000000.0,-20000000.0,0.0,0.15,1673000000.0,5431000000.0,1121000000.0,0.471,2.487,10.421,10.434,25928000000.0,0.0,45.39,1.567,1.569,1764000000.0,7185000000.0,19065000000.0,19065000000.0,0.0,0.061,0.258,0.097,0.264,0.0,0.0,1.0,658242488.0,659000000,661000000.0,28.93,46238000000.0,0.0,1371000000.0,5317000000.0,70.164,1977000000.0
50,EXC,MRT,2008-12-31,2008-12-31,2008-12-31,2021-08-04,-2251000000.0,47546000000.0,46352000000.0,5130000000.0,42416000000.0,0.407,16.789,-3117000000.0,1346000000.0,1346000000.0,11926000000.0,2737000000.0,1.346,3.296,13151000000.0,559000000.0,12592000000.0,13151000000.0,0.0,2308000000.0,0.0,0.036,2.025,4886000000.0,7194000000.0,0.381,7194000000.0,4886000000.0,4054000000.0,4.16,4.13,4.16,11047000000.0,10588500000.0,11047000000.0,49319062440.0,10.0,6.856,3434000000.0,5.219,1.0,6933000000.0,0.368,2625000000.0,832000000.0,52915000000.0,51896000000.0,843000000.0,1874000000.0,480000000.0,1394000000.0,36412000000.0,3811000000.0,32601000000.0,36587062440.0,960000000.0,0.0,-306000000.0,-576000000.0,-1335000000.0,-2213000000.0,-3378000000.0,-285000000.0,6551000000.0,0.0,2737000000.0,2737000000.0,2737000000.0,-20000000.0,0.0,0.145,1634000000.0,5299000000.0,1416000000.0,0.487,3.312,13.368,13.368,25813000000.0,0.0,55.61,1.94,1.94,1928000000.0,6820000000.0,18859000000.0,18859000000.0,0.0,0.059,0.258,0.094,0.259,0.0,0.0,1.0,657922360.0,658000000,662000000.0,28.661,44921000000.0,0.0,1317000000.0,5016000000.0,68.269,1319000000.0
51,EXC,MRT,2008-09-30,2008-09-30,2008-09-30,2021-08-04,-1325000000.0,45214000000.0,45805750000.0,4371000000.0,40843000000.0,0.413,17.609,-3064000000.0,258000000.0,258000000.0,12455000000.0,2592000000.0,1.02,2.895,12990000000.0,709000000.0,12281000000.0,12990000000.0,0.0,2265000000.0,0.0,0.031,1.94,4804000000.0,7069000000.0,0.374,7069000000.0,4804000000.0,3954000000.0,3.93,3.92,3.93,11587000000.0,10361000000.0,11587000000.0,55455140485.0,12.0,7.845,2286000000.0,3.474,1.0,6466000000.0,0.342,2625000000.0,850000000.0,51034000000.0,51258500000.0,866000000.0,1380000000.0,391000000.0,989000000.0,33540000000.0,4287000000.0,29253000000.0,41162140485.0,-258000000.0,0.0,-281000000.0,-768000000.0,-1280000000.0,-2287000000.0,-3321000000.0,-249000000.0,5350000000.0,0.0,2592000000.0,2592000000.0,2592000000.0,1000000.0,0.0,0.137,1605000000.0,4861000000.0,1278000000.0,0.494,3.552,15.88,15.934,25336000000.0,0.0,62.62,2.175,2.178,1789000000.0,6459000000.0,18921000000.0,18921000000.0,0.0,0.057,0.25,0.094,0.254,0.0,0.0,1.0,657332170.0,658000000,662000000.0,28.755,42589000000.0,104000000.0,1362000000.0,5474000000.0,64.725,84000000.0
52,EXC,MRT,2008-06-30,2008-06-30,2008-06-30,2021-08-04,-2616000000.0,46800000000.0,45932000000.0,5607000000.0,41193000000.0,0.408,15.049,-2901000000.0,461000000.0,461000000.0,12344000000.0,2672000000.0,0.844,3.725,14754000000.0,2113000000.0,12641000000.0,14754000000.0,0.0,2213000000.0,0.0,0.021,1.88,5005000000.0,7218000000.0,0.385,7218000000.0,5005000000.0,4147000000.0,4.03,4.01,4.03,9887000000.0,10069500000.0,9887000000.0,73309996595.0,15.0,10.157,1643000000.0,2.501,1.0,6381000000.0,0.341,2625000000.0,858000000.0,51827000000.0,51188500000.0,774000000.0,1623000000.0,700000000.0,923000000.0,36826000000.0,6641000000.0,30185000000.0,59013996595.0,197000000.0,0.0,-1432000000.0,1614000000.0,-1247000000.0,-1106000000.0,-3241000000.0,-245000000.0,4544000000.0,0.0,2672000000.0,2672000000.0,2672000000.0,0.0,0.0,0.143,1582000000.0,4799000000.0,1458000000.0,0.467,5.969,22.086,22.323,25072000000.0,0.0,89.96,3.152,3.156,1930000000.0,6088000000.0,18725000000.0,18725000000.0,0.0,0.058,0.265,0.098,0.267,0.0,0.0,1.0,656002630.0,657000000,662000000.0,28.501,44175000000.0,601000000.0,1475000000.0,5095000000.0,67.237,-1034000000.0
53,EXC,MRT,2008-03-31,2008-03-31,2008-03-31,2021-08-04,-2150000000.0,45848000000.0,45558250000.0,4840000000.0,41008000000.0,0.408,14.921,-2899000000.0,411000000.0,411000000.0,12455000000.0,2626000000.0,0.847,3.654,14707000000.0,1908000000.0,12799000000.0,14707000000.0,0.0,2202000000.0,0.0,0.022,1.82,4854000000.0,7056000000.0,0.379,7056000000.0,4854000000.0,3996000000.0,3.93,3.91,3.93,9833000000.0,10390500000.0,9833000000.0,66995381258.0,14.0,9.495,1647000000.0,2.499,1.0,6149000000.0,0.331,2625000000.0,858000000.0,51808000000.0,50775250000.0,656000000.0,1164000000.0,314000000.0,850000000.0,35928000000.0,5711000000.0,30217000000.0,53737381258.0,-218000000.0,0.0,-1446000000.0,1300000000.0,-1214000000.0,-1409000000.0,-3355000000.0,-218000000.0,4546000000.0,0.0,2626000000.0,2626000000.0,2626000000.0,0.0,0.0,0.141,1549000000.0,4600000000.0,1308000000.0,0.463,5.465,20.464,20.679,24737000000.0,0.0,81.27,2.888,2.879,1868000000.0,5669000000.0,18604000000.0,18604000000.0,0.0,0.058,0.253,0.096,0.261,0.0,0.0,1.0,661220392.0,659000000,664000000.0,28.231,43223000000.0,417000000.0,1370000000.0,5177000000.0,65.589,-871000000.0
54,EXC,MRT,2007-12-31,2007-12-31,2007-12-31,2021-08-04,-1534000000.0,45361000000.0,45274000000.0,4580000000.0,40781000000.0,0.418,15.13,-2674000000.0,429000000.0,429000000.0,12728000000.0,2736000000.0,0.814,3.466,13687000000.0,1722000000.0,11965000000.0,13687000000.0,0.0,2183000000.0,0.0,0.022,1.76,5032000000.0,7215000000.0,0.381,7215000000.0,5032000000.0,4182000000.0,4.08,4.05,4.08,10137000000.0,10461250000.0,10137000000.0,67093850709.0,13.0,9.299,1822000000.0,2.719,1.0,6188000000.0,0.327,2625000000.0,850000000.0,50365000000.0,50196000000.0,723000000.0,1033000000.0,247000000.0,786000000.0,35137000000.0,5629000000.0,29508000000.0,53879850709.0,87000000.0,0.0,-993000000.0,650000000.0,-1180000000.0,-1500000000.0,-2909000000.0,-120000000.0,4496000000.0,0.0,2736000000.0,2736000000.0,2736000000.0,-10000000.0,0.0,0.145,1520000000.0,4668000000.0,1450000000.0,0.431,5.315,19.693,20.01,24153000000.0,0.0,81.64,2.848,2.892,2041000000.0,4930000000.0,18916000000.0,18916000000.0,0.0,0.06,0.262,0.1,0.266,0.0,0.0,1.0,659968774.0,670000000,676000000.0,28.233,42736000000.0,102000000.0,1446000000.0,5081000000.0,63.785,-1049000000.0
55,EXC,MRT,2007-09-30,2007-09-30,2007-09-30,2021-08-04,-1228000000.0,45719000000.0,45013500000.0,5193000000.0,40526000000.0,0.401,15.484,-2558000000.0,514000000.0,514000000.0,11723000000.0,2765000000.0,0.938,3.379,13728000000.0,1996000000.0,11732000000.0,13728000000.0,0.0,2154000000.0,0.0,0.023,1.72,5004000000.0,7158000000.0,0.396,7158000000.0,5004000000.0,4149000000.0,4.1,4.07,4.1,10421000000.0,10428750000.0,10421000000.0,63676587903.0,13.0,8.896,2237000000.0,3.324,1.0,6334000000.0,0.351,2641000000.0,855000000.0,50754000000.0,49753000000.0,731000000.0,1678000000.0,709000000.0,969000000.0,35211000000.0,5538000000.0,29673000000.0,50805587903.0,161000000.0,0.0,-1123000000.0,442000000.0,-1157000000.0,-1841000000.0,-2793000000.0,-164000000.0,4795000000.0,0.0,2765000000.0,2765000000.0,2765000000.0,-9000000.0,0.0,0.153,1498000000.0,4836000000.0,1326000000.0,0.42,4.875,18.375,18.38,23652000000.0,0.0,75.36,2.814,2.809,2077000000.0,4989000000.0,18057000000.0,18057000000.0,0.0,0.061,0.265,0.101,0.277,0.0,0.0,1.0,674171814.0,673000000,678000000.0,26.831,43078000000.0,0.0,1384000000.0,5403000000.0,64.009,-345000000.0
56,EXC,MRT,2007-06-30,2007-06-30,2007-06-30,2021-08-04,-1220000000.0,45305000000.0,43995750000.0,4959000000.0,40346000000.0,0.396,16.55,-2546000000.0,233000000.0,233000000.0,11237000000.0,1941000000.0,0.925,3.048,13104000000.0,2098000000.0,11006000000.0,13104000000.0,0.0,2138000000.0,0.0,0.023,1.68,4094000000.0,6232000000.0,0.358,6232000000.0,4094000000.0,3232000000.0,2.87,2.85,2.87,11171000000.0,10249000000.0,11171000000.0,61777397042.0,15.0,9.913,1727000000.0,2.559,1.0,6189000000.0,0.355,2641000000.0,862000000.0,50174000000.0,48666500000.0,669000000.0,1712000000.0,765000000.0,947000000.0,34047000000.0,5361000000.0,28686000000.0,48834397042.0,-147000000.0,0.0,52000000.0,-610000000.0,-1128000000.0,-1651000000.0,-2769000000.0,-174000000.0,4273000000.0,0.0,1941000000.0,1941000000.0,1941000000.0,-9000000.0,0.0,0.111,2266000000.0,3923000000.0,1289000000.0,0.585,4.372,25.159,25.296,23431000000.0,0.0,72.6,2.802,2.812,2046000000.0,4506000000.0,17426000000.0,17426000000.0,0.0,0.044,0.189,0.084,0.235,0.0,0.0,1.0,672650097.0,675000000,680000000.0,25.816,42664000000.0,0.0,1291000000.0,5193000000.0,63.206,-402000000.0
57,EXC,MRT,2007-03-31,2007-03-31,2007-03-31,2021-08-04,-1489000000.0,44711000000.0,43242000000.0,4811000000.0,39900000000.0,0.384,15.054,-2477000000.0,429000000.0,429000000.0,10460000000.0,1883000000.0,0.871,3.411,13372000000.0,1716000000.0,11656000000.0,13372000000.0,0.0,2141000000.0,0.0,0.024,1.64,4093000000.0,6234000000.0,0.375,6234000000.0,4093000000.0,3223000000.0,2.79,2.77,2.79,10116000000.0,9890000000.0,10116000000.0,58809510488.0,14.0,9.434,2178000000.0,3.241,1.0,6162000000.0,0.371,2641000000.0,870000000.0,49491000000.0,47600000000.0,598000000.0,1391000000.0,506000000.0,885000000.0,34508000000.0,5522000000.0,28986000000.0,46046510488.0,206000000.0,0.0,32000000.0,-698000000.0,-1100000000.0,-1741000000.0,-2708000000.0,-185000000.0,4655000000.0,0.0,1883000000.0,1883000000.0,1883000000.0,-13000000.0,0.0,0.113,2268000000.0,3894000000.0,1251000000.0,0.588,4.552,24.454,24.627,23133000000.0,0.0,68.71,2.77,2.778,2077000000.0,3805000000.0,16622000000.0,16622000000.0,0.0,0.044,0.19,0.086,0.246,0.0,0.0,1.0,670157335.0,672000000,677000000.0,24.735,42070000000.0,133000000.0,1340000000.0,5114000000.0,62.604,-711000000.0
58,EXC,MRT,2006-12-31,2006-12-31,2006-12-31,2021-08-04,-1103000000.0,44319000000.0,42637750000.0,4992000000.0,39327000000.0,0.367,14.936,-2418000000.0,282000000.0,282000000.0,9871000000.0,1592000000.0,0.861,3.42,13045000000.0,1134000000.0,11911000000.0,13045000000.0,0.0,2132000000.0,0.0,0.026,1.6,3678000000.0,5810000000.0,0.371,5810000000.0,3678000000.0,2798000000.0,2.37,2.35,2.37,10007000000.0,9657250000.0,10007000000.0,54506374871.0,15.0,9.381,2417000000.0,3.607,1.0,5784000000.0,0.369,2694000000.0,880000000.0,48593000000.0,46833500000.0,731000000.0,2399000000.0,1418000000.0,981000000.0,34225000000.0,5795000000.0,28430000000.0,41525374871.0,84000000.0,0.0,-2000000.0,-927000000.0,-1071000000.0,-1989000000.0,-2762000000.0,-286000000.0,4835000000.0,0.0,1592000000.0,1592000000.0,1592000000.0,-2000000.0,0.0,0.102,2263000000.0,3521000000.0,1382000000.0,0.675,4.15,26.084,26.114,22775000000.0,0.0,61.89,2.653,2.649,1747000000.0,3426000000.0,15655000000.0,15655000000.0,0.0,0.037,0.165,0.079,0.235,0.0,0.0,1.0,670954514.0,670000000,676000000.0,23.366,41625000000.0,0.0,1206000000.0,5340000000.0,62.127,-803000000.0
59,EXC,MRT,2006-09-30,2006-09-30,2006-09-30,2021-08-04,-1191000000.0,41648000000.0,42257250000.0,4322000000.0,37326000000.0,0.374,14.459,-2396000000.0,316000000.0,316000000.0,10307000000.0,163000000.0,0.782,3.284,13297000000.0,1722000000.0,11575000000.0,13297000000.0,0.0,2111000000.0,0.0,0.026,1.6,2136000000.0,4247000000.0,0.269,4247000000.0,2136000000.0,1258000000.0,0.24,0.23,0.24,9702000000.0,9436750000.0,9702000000.0,53927872536.0,25.0,12.698,1758000000.0,2.62,1.0,5490000000.0,0.348,2694000000.0,878000000.0,46408000000.0,46318750000.0,696000000.0,1990000000.0,809000000.0,1181000000.0,31859000000.0,5527000000.0,26332000000.0,40530872536.0,126000000.0,0.0,24000000.0,-150000000.0,-1069000000.0,-1192000000.0,-2836000000.0,-296000000.0,4154000000.0,0.0,163000000.0,163000000.0,163000000.0,-6000000.0,0.0,0.01,3448000000.0,2042000000.0,1147000000.0,6.667,4.178,248.656,252.25,22415000000.0,0.0,60.54,2.566,2.572,1590000000.0,3130000000.0,15797000000.0,15797000000.0,0.0,0.004,0.017,0.046,0.135,0.0,0.0,1.0,669489140.0,671000000,671000000.0,23.542,38954000000.0,113000000.0,1095000000.0,5414000000.0,58.054,-1205000000.0
60,EXC,MRT,2006-06-30,2006-06-30,2006-06-30,2021-08-04,-1377000000.0,42290000000.0,42633250000.0,4258000000.0,38032000000.0,0.372,14.53,-2258000000.0,330000000.0,330000000.0,10323000000.0,932000000.0,0.676,3.335,13727000000.0,2315000000.0,11412000000.0,13727000000.0,0.0,2066000000.0,0.0,0.028,1.6,2881000000.0,4947000000.0,0.312,4947000000.0,2881000000.0,2005000000.0,1.39,1.37,1.39,9735000000.0,9550500000.0,9735000000.0,51856717130.0,18.0,10.482,1791000000.0,2.673,1.0,5546000000.0,0.349,3476000000.0,876000000.0,45908000000.0,46133750000.0,663000000.0,2142000000.0,737000000.0,1405000000.0,32468000000.0,6303000000.0,26165000000.0,37990717130.0,-263000000.0,4000000.0,-234000000.0,-336000000.0,-1070000000.0,-1608000000.0,-2704000000.0,-271000000.0,4049000000.0,0.0,932000000.0,932000000.0,932000000.0,-6000000.0,0.0,0.059,2630000000.0,2916000000.0,1195000000.0,1.151,3.902,40.763,40.885,22122000000.0,0.0,56.83,2.394,2.399,1609000000.0,3443000000.0,15869000000.0,15869000000.0,0.0,0.022,0.098,0.062,0.182,0.0,0.0,1.0,668497574.0,670000000,676000000.0,23.685,38814000000.0,114000000.0,1073000000.0,5213000000.0,57.931,-2045000000.0
61,EXC,MRT,2006-03-31,2006-03-31,2006-03-31,2021-08-04,-1504000000.0,42294000000.0,42581250000.0,4037000000.0,38257000000.0,0.368,13.729,-2261000000.0,218000000.0,218000000.0,10461000000.0,802000000.0,0.645,3.595,14084000000.0,2430000000.0,11654000000.0,14084000000.0,0.0,2013000000.0,0.0,0.03,1.6,2583000000.0,4596000000.0,0.294,4596000000.0,2583000000.0,1719000000.0,1.2,1.18,1.2,9185000000.0,9626500000.0,9185000000.0,49071630514.0,19.0,10.677,1743000000.0,2.605,1.0,5195000000.0,0.332,3475000000.0,864000000.0,46425000000.0,46157750000.0,605000000.0,1821000000.0,637000000.0,1184000000.0,33022000000.0,6260000000.0,26762000000.0,35296630514.0,-186000000.0,4000000.0,-208000000.0,-247000000.0,-1070000000.0,-1556000000.0,-2634000000.0,-243000000.0,4004000000.0,0.0,802000000.0,802000000.0,802000000.0,-1000000.0,0.0,0.051,2584000000.0,2611000000.0,1153000000.0,1.333,3.843,44.011,44.083,22295000000.0,0.0,52.9,2.255,2.26,1606000000.0,3068000000.0,15656000000.0,15656000000.0,0.0,0.019,0.083,0.056,0.165,0.0,0.0,1.0,667233091.0,669000000,675000000.0,23.402,38819000000.0,96000000.0,917000000.0,5167000000.0,58.025,-2223000000.0
62,EXC,MRT,2005-12-31,2005-12-31,2005-12-31,2021-08-04,-1624000000.0,42797000000.0,42609750000.0,4637000000.0,38160000000.0,0.36,13.64,-2165000000.0,189000000.0,189000000.0,10092000000.0,923000000.0,0.707,3.68,13964000000.0,2204000000.0,11760000000.0,13964000000.0,0.0,1967000000.0,0.0,0.03,1.6,2696000000.0,4663000000.0,0.304,4663000000.0,2696000000.0,1867000000.0,1.38,1.36,1.38,9125000000.0,9758500000.0,9125000000.0,48713348563.0,18.0,10.447,-18000000.0,-0.027,1.0,5265000000.0,0.343,3475000000.0,829000000.0,46534000000.0,45743500000.0,662000000.0,2100000000.0,916000000.0,1184000000.0,33584000000.0,6563000000.0,27021000000.0,35456348563.0,-359000000.0,10000000.0,-140000000.0,1245000000.0,-1070000000.0,-19000000.0,-2487000000.0,-227000000.0,2147000000.0,0.0,923000000.0,923000000.0,923000000.0,-14000000.0,0.0,0.06,2541000000.0,2724000000.0,1467000000.0,1.159,3.886,38.414,38.507,21981000000.0,0.0,53.14,2.309,2.315,1858000000.0,3206000000.0,15357000000.0,15357000000.0,0.0,0.022,0.095,0.059,0.176,0.0,0.0,1.0,667225227.0,669000000,676000000.0,22.955,39322000000.0,80000000.0,944000000.0,5078000000.0,58.777,-1926000000.0
63,EXC,MRT,2005-09-30,2005-09-30,2005-09-30,2021-08-04,-1747000000.0,43152000000.0,42591500000.0,4723000000.0,38429000000.0,0.348,15.16,-2165000000.0,185000000.0,185000000.0,9690000000.0,2123000000.0,0.781,3.24,13442000000.0,1279000000.0,12163000000.0,13442000000.0,0.0,1961000000.0,0.0,0.03,1.6,3764000000.0,5725000000.0,0.386,5725000000.0,3764000000.0,2953000000.0,3.18,3.13,3.18,10157000000.0,9849500000.0,10157000000.0,49314593121.0,13.0,8.614,625000000.0,0.933,1.0,5140000000.0,0.347,4696000000.0,811000000.0,45668000000.0,45653750000.0,598000000.0,2448000000.0,1240000000.0,1208000000.0,32907000000.0,6045000000.0,26862000000.0,35834593121.0,-376000000.0,134000000.0,-28000000.0,235000000.0,-1070000000.0,-949000000.0,-2217000000.0,-276000000.0,2790000000.0,0.0,2123000000.0,2123000000.0,2123000000.0,17000000.0,0.0,0.143,1323000000.0,3817000000.0,1434000000.0,0.503,3.528,16.879,16.805,21613000000.0,0.0,53.44,2.416,2.414,1834000000.0,4309000000.0,14830000000.0,14830000000.0,0.0,0.05,0.216,0.082,0.254,0.0,0.0,1.0,670557506.0,670000000,677000000.0,22.134,38456000000.0,108000000.0,830000000.0,5018000000.0,57.397,-1322000000.0
64,EXC,MRT,2005-06-30,2005-06-30,2005-06-30,2021-08-04,-1601000000.0,42082000000.0,42318250000.0,4038000000.0,38044000000.0,0.333,14.984,-2173000000.0,592000000.0,592000000.0,9075000000.0,1966000000.0,0.831,3.183,14072000000.0,1526000000.0,12546000000.0,14072000000.0,0.0,1971000000.0,0.0,0.029,1.505,3526000000.0,5497000000.0,0.39,5497000000.0,3526000000.0,2731000000.0,2.96,2.91,2.96,10039000000.0,9696750000.0,10039000000.0,48210370479.0,14.0,8.77,604000000.0,0.901,1.0,5030000000.0,0.357,4696000000.0,795000000.0,46004000000.0,45779000000.0,516000000.0,1677000000.0,508000000.0,1169000000.0,31955000000.0,4862000000.0,27093000000.0,34314370479.0,-195000000.0,141000000.0,241000000.0,58000000.0,-1002000000.0,-787000000.0,-2185000000.0,-238000000.0,2777000000.0,0.0,1966000000.0,1966000000.0,1966000000.0,18000000.0,0.0,0.139,1327000000.0,3703000000.0,1237000000.0,0.508,3.418,17.454,17.341,21390000000.0,0.0,51.33,2.433,2.438,1613000000.0,3853000000.0,14105000000.0,14105000000.0,0.0,0.046,0.203,0.077,0.25,0.0,0.0,1.0,668505172.0,670000000,677000000.0,21.052,37386000000.0,108000000.0,765000000.0,5127000000.0,55.8,-824000000.0
65,EXC,MRT,2005-03-31,2005-03-31,2005-03-31,2021-08-04,-1561000000.0,42408000000.0,42323250000.0,4342000000.0,38066000000.0,0.332,14.584,-2041000000.0,438000000.0,438000000.0,9087000000.0,1973000000.0,0.635,3.357,14334000000.0,3337000000.0,10997000000.0,14334000000.0,0.0,1966000000.0,0.0,0.03,1.38,3551000000.0,5517000000.0,0.392,5517000000.0,3551000000.0,2754000000.0,2.98,2.93,2.98,9713000000.0,9443500000.0,9713000000.0,43499998829.0,12.0,7.885,499000000.0,0.749,1.0,4972000000.0,0.354,4696000000.0,797000000.0,44768000000.0,46008250000.0,468000000.0,1746000000.0,579000000.0,1167000000.0,32607000000.0,6840000000.0,25767000000.0,30507998829.0,-113000000.0,363000000.0,147000000.0,50000000.0,-917000000.0,-719000000.0,-1934000000.0,-248000000.0,2540000000.0,0.0,1973000000.0,1973000000.0,1973000000.0,-2000000.0,0.0,0.14,1313000000.0,3659000000.0,1235000000.0,0.463,3.141,15.463,15.399,21413000000.0,0.0,45.89,2.17,2.174,1533000000.0,3607000000.0,14059000000.0,14059000000.0,0.0,0.047,0.209,0.077,0.253,0.0,0.0,1.0,664807122.0,666000000,675000000.0,21.11,37712000000.0,99000000.0,781000000.0,5243000000.0,56.625,-2498000000.0
66,EXC,MRT,2004-12-31,2004-12-31,2004-12-31,2021-08-04,-1446000000.0,42724000000.0,42611000000.0,3880000000.0,38844000000.0,0.332,14.356,-1921000000.0,559000000.0,559000000.0,9339000000.0,1864000000.0,0.802,3.489,13551000000.0,1403000000.0,12148000000.0,13551000000.0,0.0,1933000000.0,0.0,0.028,1.255,3405000000.0,5338000000.0,0.378,5338000000.0,3405000000.0,2577000000.0,2.82,2.78,2.82,9489000000.0,9190000000.0,9489000000.0,42520553600.0,12.0,7.966,2477000000.0,3.747,1.0,4794000000.0,0.339,4705000000.0,828000000.0,46175000000.0,46665500000.0,542000000.0,1590000000.0,403000000.0,1187000000.0,33106000000.0,4836000000.0,28270000000.0,29198553600.0,32000000.0,381000000.0,158000000.0,-1961000000.0,-831000000.0,-2627000000.0,-1739000000.0,-267000000.0,4398000000.0,0.0,1864000000.0,1864000000.0,1864000000.0,29000000.0,0.0,0.132,1295000000.0,3499000000.0,1255000000.0,0.445,3.077,15.664,15.628,21482000000.0,0.0,44.07,2.066,2.061,1649000000.0,3353000000.0,14133000000.0,14133000000.0,0.0,0.044,0.203,0.073,0.241,0.0,0.0,1.0,662549435.0,661000000,669000000.0,21.381,38019000000.0,68000000.0,713000000.0,4763000000.0,57.517,-956000000.0
67,EXC,MRT,2004-09-30,2004-09-30,2004-09-30,2021-08-04,-1167000000.0,42059000000.0,42414000000.0,4054000000.0,38005000000.0,0.324,14.442,-1725000000.0,750000000.0,750000000.0,8870000000.0,1775000000.0,0.9,3.391,14072000000.0,1316000000.0,12756000000.0,14072000000.0,0.0,1840000000.0,0.0,0.03,1.105,3412000000.0,5252000000.0,0.382,5252000000.0,3412000000.0,2567000000.0,2.7,2.67,2.7,9546000000.0,8943500000.0,9546000000.0,38082902216.0,11.0,7.251,2260000000.0,3.419,1.0,4863000000.0,0.354,4707000000.0,845000000.0,46169000000.0,46788500000.0,517000000.0,1730000000.0,403000000.0,1327000000.0,32373000000.0,4505000000.0,27868000000.0,24220902216.0,-76000000.0,27000000.0,159000000.0,-1402000000.0,-724000000.0,-1942000000.0,-2119000000.0,-169000000.0,3985000000.0,0.0,1775000000.0,1775000000.0,1775000000.0,98000000.0,0.0,0.129,1247000000.0,3616000000.0,1136000000.0,0.409,2.537,13.646,13.589,20724000000.0,0.0,36.69,1.764,1.766,1613000000.0,3256000000.0,13733000000.0,13733000000.0,0.0,0.042,0.198,0.073,0.248,0.0,0.0,1.0,660149965.0,661000000,669000000.0,20.776,37352000000.0,49000000.0,792000000.0,5013000000.0,56.508,-451000000.0
68,EXC,MRT,2004-06-30,2004-06-30,2004-06-30,2021-08-04,-1251000000.0,42102000000.0,41685250000.0,4551000000.0,37551000000.0,0.346,13.655,-1736000000.0,973000000.0,973000000.0,9879000000.0,1105000000.0,1.051,3.649,14835000000.0,916000000.0,13919000000.0,14835000000.0,0.0,1758000000.0,0.0,0.032,1.05,2368000000.0,4126000000.0,0.286,4126000000.0,2368000000.0,1506000000.0,1.68,1.66,1.68,9026000000.0,8638750000.0,9026000000.0,36471893171.0,15.0,8.84,2263000000.0,3.424,1.0,4547000000.0,0.315,4714000000.0,862000000.0,46921000000.0,45941500000.0,483000000.0,1746000000.0,433000000.0,1313000000.0,32939000000.0,4329000000.0,28610000000.0,22003893171.0,261000000.0,196000000.0,155000000.0,-1303000000.0,-699000000.0,-1922000000.0,-1816000000.0,-218000000.0,3999000000.0,0.0,1105000000.0,1105000000.0,1105000000.0,98000000.0,0.0,0.077,2123000000.0,2424000000.0,1221000000.0,0.625,2.438,19.913,19.815,20228000000.0,0.0,33.29,1.525,1.525,1645000000.0,2889000000.0,14426000000.0,14426000000.0,0.0,0.027,0.128,0.052,0.164,0.0,0.0,1.0,660976064.0,661000000,667000000.0,21.825,37388000000.0,145000000.0,401000000.0,4861000000.0,56.563,222000000.0
69,EXC,MRT,2004-03-31,2004-03-31,2004-03-31,2021-08-04,-1266000000.0,43559000000.0,41231750000.0,5980000000.0,37579000000.0,0.357,13.2,-1914000000.0,648000000.0,648000000.0,10251000000.0,956000000.0,1.011,3.991,15116000000.0,1092000000.0,14024000000.0,15116000000.0,0.0,1703000000.0,0.0,0.029,1.005,2226000000.0,3929000000.0,0.267,3929000000.0,2226000000.0,1356000000.0,1.46,1.45,1.46,8699000000.0,8476750000.0,8699000000.0,37844440070.0,17.0,9.632,1936000000.0,2.938,1.0,4458000000.0,0.303,4714000000.0,870000000.0,47397000000.0,45164500000.0,426000000.0,964000000.0,0.0,964000000.0,34716000000.0,5916000000.0,28800000000.0,22674440070.0,-19000000.0,15000000.0,256000000.0,-1212000000.0,-656000000.0,-1746000000.0,-2123000000.0,-209000000.0,3850000000.0,0.0,956000000.0,956000000.0,956000000.0,116000000.0,0.0,0.065,2087000000.0,2371000000.0,1125000000.0,0.688,2.607,23.718,23.586,20133000000.0,0.0,34.435,1.542,1.543,1601000000.0,2544000000.0,14709000000.0,14709000000.0,0.0,0.023,0.113,0.049,0.151,0.0,0.0,1.0,658470744.0,659000000,665000000.0,22.32,38845000000.0,650000000.0,400000000.0,4985000000.0,58.945,64000000.0
70,EXC,MRT,2003-12-31,2003-12-31,2003-12-31,2021-08-04,-1109000000.0,41936000000.0,40317250000.0,4561000000.0,37375000000.0,0.376,13.061,-1944000000.0,590000000.0,590000000.0,10679000000.0,905000000.0,0.797,3.922,15760000000.0,2271000000.0,13489000000.0,15760000000.0,0.0,1681000000.0,0.0,0.029,0.96,2167000000.0,3848000000.0,0.254,3848000000.0,2167000000.0,1294000000.0,1.39,1.38,1.39,8503000000.0,8303000000.0,8503000000.0,35825126168.0,17.0,9.31,1440000000.0,2.212,1.0,4469000000.0,0.295,4719000000.0,873000000.0,46667000000.0,44359750000.0,522000000.0,1425000000.0,337000000.0,1088000000.0,33346000000.0,5720000000.0,27626000000.0,21701126168.0,9000000.0,-9000000.0,181000000.0,-605000000.0,-620000000.0,-1240000000.0,-2135000000.0,-188000000.0,3384000000.0,0.0,905000000.0,905000000.0,905000000.0,99000000.0,0.0,0.06,2060000000.0,2409000000.0,1238000000.0,0.691,2.552,23.979,23.871,20630000000.0,0.0,33.18,1.433,1.426,1659000000.0,2320000000.0,15148000000.0,15148000000.0,0.0,0.022,0.109,0.049,0.143,0.0,0.0,1.0,654042380.0,651000000,657000000.0,23.269,37217000000.0,122000000.0,389000000.0,4608000000.0,57.169,-1159000000.0
71,EXC,MRT,2003-09-30,2003-09-30,2003-09-30,2021-08-04,-1109000000.0,39144000000.0,39300500000.0,4169000000.0,34975000000.0,0.406,12.771,-1669000000.0,922000000.0,922000000.0,11386000000.0,1028000000.0,0.725,3.69,15046000000.0,2475000000.0,12571000000.0,15046000000.0,0.0,1707000000.0,0.0,0.029,0.93,2449000000.0,4156000000.0,0.261,4156000000.0,2449000000.0,1560000000.0,1.575,1.575,1.575,8327000000.0,8112750000.0,8327000000.0,35580379178.0,15.0,8.561,1863000000.0,2.857,1.0,4560000000.0,0.286,4734000000.0,889000000.0,42781000000.0,43163500000.0,487000000.0,1198000000.0,0.0,1198000000.0,30729000000.0,5753000000.0,24976000000.0,20691379178.0,155000000.0,105000000.0,150000000.0,-704000000.0,-604000000.0,-1451000000.0,-1926000000.0,-551000000.0,3532000000.0,0.0,1028000000.0,1028000000.0,1028000000.0,0.0,0.0,0.064,2115000000.0,2445000000.0,1692000000.0,0.59,2.485,20.128,20.159,19476000000.0,0.0,31.75,1.298,1.298,1952000000.0,2210000000.0,15946000000.0,15946000000.0,0.0,0.026,0.127,0.057,0.154,0.0,0.0,1.0,651696982.0,652000000,652000000.0,24.457,34410000000.0,0.0,532000000.0,4089000000.0,52.776,-1584000000.0
72,EXC,MRT,2003-06-30,2003-06-30,2003-06-30,2021-08-04,-1266000000.0,40288000000.0,38323500000.0,4450000000.0,35838000000.0,0.414,12.889,-1698000000.0,889000000.0,889000000.0,11214000000.0,1681000000.0,0.671,3.809,15778000000.0,3298000000.0,12480000000.0,15778000000.0,0.0,1699000000.0,0.0,0.03,0.9,3543000000.0,5242000000.0,0.33,5242000000.0,3543000000.0,2622000000.0,2.59,2.585,2.59,8378000000.0,8158750000.0,8378000000.0,34516466701.0,10.0,6.585,1598000000.0,2.458,1.0,4661000000.0,0.294,4735000000.0,921000000.0,43813000000.0,42139000000.0,481000000.0,1189000000.0,0.0,1189000000.0,31910000000.0,6629000000.0,25281000000.0,19392466701.0,-223000000.0,-42000000.0,106000000.0,-680000000.0,-568000000.0,-1209000000.0,-2310000000.0,-584000000.0,3296000000.0,0.0,1681000000.0,1681000000.0,1681000000.0,0.0,0.0,0.106,1222000000.0,3439000000.0,1762000000.0,0.347,2.315,11.536,11.546,20323000000.0,0.0,29.905,1.222,1.224,1903000000.0,2475000000.0,15875000000.0,15875000000.0,0.0,0.044,0.206,0.084,0.223,0.0,0.0,1.0,648469042.0,650000000,655000000.0,24.423,35553000000.0,0.0,941000000.0,4268000000.0,54.697,-2179000000.0
73,EXC,MRT,2003-03-31,2003-03-31,2003-03-31,2021-08-04,-1349000000.0,39901000000.0,37145500000.0,4324000000.0,35577000000.0,0.422,12.352,-1991000000.0,825000000.0,825000000.0,10942000000.0,1794000000.0,0.714,3.985,15949000000.0,2581000000.0,13368000000.0,15949000000.0,0.0,1697000000.0,0.0,0.035,0.89,3734000000.0,5431000000.0,0.347,5431000000.0,3734000000.0,2792000000.0,2.77,2.765,2.77,8004000000.0,8118500000.0,8004000000.0,31215299991.0,8.0,5.748,1208000000.0,1.864,1.0,4731000000.0,0.302,4788000000.0,942000000.0,44178000000.0,40949500000.0,480000000.0,1171000000.0,0.0,1171000000.0,31897000000.0,6059000000.0,25838000000.0,16336299991.0,-193000000.0,-112000000.0,88000000.0,-398000000.0,-567000000.0,-1077000000.0,-2315000000.0,-272000000.0,3199000000.0,0.0,1794000000.0,1794000000.0,1794000000.0,0.0,0.0,0.114,1279000000.0,3452000000.0,1815000000.0,0.321,2.041,9.106,9.099,20237000000.0,0.0,25.205,1.042,1.042,2141000000.0,2254000000.0,15673000000.0,15673000000.0,0.0,0.048,0.221,0.091,0.238,0.0,0.0,1.0,648137274.0,648000000,652000000.0,24.187,35113000000.0,10000000.0,998000000.0,4147000000.0,54.187,-1735000000.0
74,EXC,MRT,2002-12-31,2002-12-31,2002-12-31,2021-08-04,-1358000000.0,37869000000.0,35887500000.0,4125000000.0,33744000000.0,0.417,12.003,-2150000000.0,865000000.0,865000000.0,10316000000.0,1440000000.0,0.702,3.805,15744000000.0,2617000000.0,13127000000.0,15744000000.0,0.0,1701000000.0,0.0,0.033,0.88,3404000000.0,5105000000.0,0.341,5105000000.0,3404000000.0,2438000000.0,2.23,2.22,2.23,7742000000.0,8099750000.0,7742000000.0,30484904835.0,9.0,5.972,1492000000.0,2.313,1.0,4639000000.0,0.31,4992000000.0,966000000.0,41882000000.0,39621000000.0,481000000.0,1403000000.0,0.0,1403000000.0,29455000000.0,5874000000.0,23581000000.0,17043904835.0,-16000000.0,-158000000.0,75000000.0,-590000000.0,-563000000.0,-1096000000.0,-2562000000.0,-247000000.0,3642000000.0,0.0,1440000000.0,1440000000.0,1440000000.0,0.0,0.0,0.096,1340000000.0,3299000000.0,1607000000.0,0.395,2.201,11.836,11.832,17957000000.0,0.0,26.385,1.14,1.138,2076000000.0,2042000000.0,14955000000.0,14955000000.0,0.0,0.04,0.178,0.086,0.228,0.0,0.0,1.0,645969484.0,645000000,649000000.0,23.186,32877000000.0,6000000.0,998000000.0,4003000000.0,50.972,-1749000000.0
75,EXC,MRT,2002-09-30,2002-09-30,2002-09-30,2021-08-04,-313000000.0,35236000000.0,35106250000.0,3911000000.0,31325000000.0,0.414,13.175,-2713000000.0,752000000.0,752000000.0,10000000000.0,1382000000.0,0.778,3.14,14193000000.0,2289000000.0,11904000000.0,14193000000.0,0.0,1637000000.0,0.0,0.037,0.871,3277000000.0,4914000000.0,0.338,4914000000.0,3277000000.0,2295000000.0,2.145,2.14,2.145,8511000000.0,8189750000.0,8511000000.0,29058549152.0,9.0,5.913,608000000.0,0.941,1.0,4539000000.0,0.312,4964000000.0,982000000.0,38683000000.0,38857250000.0,501000000.0,1665000000.0,0.0,1665000000.0,26725000000.0,5030000000.0,21695000000.0,15336549152.0,-916000000.0,-33000000.0,51000000.0,-901000000.0,-555000000.0,-1513000000.0,-2724000000.0,-47000000.0,3321000000.0,0.0,1382000000.0,1382000000.0,1382000000.0,0.0,0.0,0.095,1352000000.0,3187000000.0,1304000000.0,0.406,1.802,11.097,11.072,14926000000.0,0.0,23.75,1.055,1.055,2047000000.0,1830000000.0,14539000000.0,14539000000.0,0.0,0.039,0.169,0.084,0.225,0.0,0.0,1.0,645749438.0,646000000,648000000.0,22.506,30272000000.0,101000000.0,913000000.0,4811000000.0,46.861,-1119000000.0
76,EXC,MRT,2002-06-30,2002-06-30,2002-06-30,2021-08-04,-193000000.0,35576000000.0,35182250000.0,4336000000.0,31240000000.0,0.408,12.759,-2622000000.0,1111000000.0,1111000000.0,9879000000.0,1207000000.0,0.822,3.33,14833000000.0,2242000000.0,12591000000.0,14833000000.0,0.0,1743000000.0,0.0,0.033,0.863,3082000000.0,4825000000.0,0.336,4825000000.0,3082000000.0,2066000000.0,1.875,1.87,1.875,8217000000.0,8002250000.0,8217000000.0,30567956006.0,10.0,6.335,678000000.0,1.053,1.0,4475000000.0,0.312,4971000000.0,1016000000.0,39055000000.0,38861000000.0,514000000.0,1613000000.0,0.0,1613000000.0,27359000000.0,5272000000.0,22087000000.0,16840956006.0,-447000000.0,-66000000.0,48000000.0,-445000000.0,-551000000.0,-1027000000.0,-2720000000.0,26000000.0,3300000000.0,0.0,1207000000.0,1207000000.0,1207000000.0,0.0,0.0,0.084,1376000000.0,3099000000.0,1164000000.0,0.46,2.05,13.953,13.947,14654000000.0,0.0,26.15,1.173,1.173,2085000000.0,1421000000.0,14354000000.0,14354000000.0,0.0,0.034,0.151,0.079,0.215,0.0,0.0,1.0,644013614.0,644000000,648000000.0,22.289,30605000000.0,76000000.0,859000000.0,4596000000.0,47.523,-936000000.0
77,EXC,MRT,2002-03-31,2002-03-31,2002-03-31,2021-08-04,-93000000.0,34869000000.0,35128000000.0,3907000000.0,30962000000.0,0.411,12.35,-2227000000.0,933000000.0,933000000.0,9967000000.0,1037000000.0,0.821,3.398,14660000000.0,2051000000.0,12609000000.0,14660000000.0,0.0,1771000000.0,0.0,0.032,0.854,2908000000.0,4679000000.0,0.324,4679000000.0,2908000000.0,1844000000.0,1.615,1.605,1.615,7929000000.0,7831500000.0,7929000000.0,30388256997.0,10.0,6.495,1417000000.0,2.207,1.0,4484000000.0,0.31,4971000000.0,1064000000.0,38864000000.0,38924500000.0,457000000.0,1748000000.0,0.0,1748000000.0,26940000000.0,4761000000.0,22179000000.0,16997256997.0,-129000000.0,-38000000.0,21000000.0,-643000000.0,-548000000.0,-1210000000.0,-2563000000.0,-243000000.0,3644000000.0,0.0,1037000000.0,1037000000.0,1037000000.0,0.0,0.0,0.072,1406000000.0,3078000000.0,1078000000.0,0.529,2.144,16.391,16.399,14059000000.0,0.0,26.485,1.176,1.177,2035000000.0,1073000000.0,14451000000.0,14451000000.0,0.0,0.03,0.132,0.075,0.201,0.0,0.0,1.0,641769190.0,642000000,646000000.0,22.509,29898000000.0,0.0,807000000.0,4735000000.0,46.57,-854000000.0
78,EXC,MRT,2001-12-31,2001-12-31,2001-12-31,2021-08-04,-26000000.0,34744000000.0,35058250000.0,3735000000.0,31009000000.0,0.426,12.659,-2088000000.0,857000000.0,857000000.0,10107000000.0,1428000000.0,0.855,3.288,14645000000.0,1766000000.0,12879000000.0,14645000000.0,0.0,1834000000.0,0.0,0.038,0.91,3466000000.0,5300000000.0,0.355,5300000000.0,3466000000.0,2359000000.0,2.23,2.215,2.23,8102000000.0,7688500000.0,8102000000.0,28754954409.0,8.0,5.425,1527000000.0,2.386,1.0,4811000000.0,0.322,5335000000.0,1107000000.0,38827000000.0,38889500000.0,471000000.0,1623000000.0,0.0,1623000000.0,26642000000.0,4370000000.0,22272000000.0,15363954409.0,-41000000.0,-30000000.0,39000000.0,-603000000.0,-583000000.0,-1206000000.0,-2450000000.0,-239000000.0,3615000000.0,0.0,1428000000.0,1428000000.0,1428000000.0,0.0,0.0,0.096,1449000000.0,3362000000.0,964000000.0,0.408,1.896,10.759,10.735,13791000000.0,0.0,23.94,1.03,1.027,1731000000.0,1169000000.0,14918000000.0,14918000000.0,0.0,0.041,0.186,0.089,0.232,0.0,0.0,1.0,641769190.0,640000000,644000000.0,23.309,29409000000.0,23000000.0,931000000.0,4678000000.0,45.952,-635000000.0
79,EXC,MRT,2001-09-30,2001-09-30,2001-09-30,2021-08-04,-174000000.0,35540000000.0,35068750000.0,5213000000.0,30327000000.0,0.421,12.089,-1669000000.0,1598000000.0,1598000000.0,10144000000.0,1136000000.0,1.104,3.579,14989000000.0,1604000000.0,13385000000.0,14989000000.0,0.0,1753000000.0,0.0,0.04,0.903,3046000000.0,4799000000.0,0.325,4799000000.0,3046000000.0,1901000000.0,1.61,1.58,1.61,7761000000.0,7466750000.0,7761000000.0,28008642407.0,9.0,5.836,1787000000.0,2.783,1.0,4613000000.0,0.313,5509000000.0,1145000000.0,38698000000.0,38934250000.0,491000000.0,1616000000.0,0.0,1616000000.0,27779000000.0,4724000000.0,23055000000.0,14303642407.0,346000000.0,-430000000.0,97000000.0,-488000000.0,-474000000.0,-915000000.0,-2195000000.0,1062000000.0,3456000000.0,0.0,1136000000.0,1136000000.0,1136000000.0,0.0,0.0,0.077,1599000000.0,3014000000.0,1052000000.0,0.561,1.843,12.591,13.851,13268000000.0,0.0,22.3,0.969,0.97,2630000000.0,995000000.0,14757000000.0,14757000000.0,0.0,0.032,0.152,0.078,0.206,0.0,0.0,1.0,641418942.0,642000000,646000000.0,22.986,30031000000.0,0.0,765000000.0,4644000000.0,46.777,489000000.0
80,EXC,MRT,2001-06-30,2001-06-30,2001-06-30,2021-08-04,-158000000.0,35359000000.0,29600500000.0,5036000000.0,30323000000.0,0.412,11.735,-1402000000.0,1490000000.0,1490000000.0,8340000000.0,992000000.0,1.192,3.693,15195000000.0,1345000000.0,13850000000.0,15195000000.0,0.0,1318000000.0,0.0,0.025,0.817,2630000000.0,3948000000.0,0.324,3948000000.0,2630000000.0,1655000000.0,1.71,1.675,1.71,7534000000.0,5992500000.0,7534000000.0,34815864754.0,13.0,8.819,1313000000.0,2.045,1.0,3861000000.0,0.316,5531000000.0,975000000.0,39309000000.0,33914250000.0,466000000.0,1616000000.0,0.0,1616000000.0,27825000000.0,4224000000.0,23601000000.0,20556864754.0,93000000.0,-430000000.0,113000000.0,-422000000.0,-381000000.0,-870000000.0,-1752000000.0,1079000000.0,2715000000.0,0.0,992000000.0,992000000.0,992000000.0,0.0,0.0,0.081,1313000000.0,2548000000.0,1178000000.0,0.478,2.729,20.723,18.749,13103000000.0,0.0,32.06,1.685,1.687,2441000000.0,755000000.0,12201000000.0,12201000000.0,0.0,0.034,0.166,0.078,0.216,0.0,0.0,1.0,641199774.0,642000000,648000000.0,19.005,29828000000.0,0.0,663000000.0,4702000000.0,46.461,812000000.0
81,EXC,MRT,2001-03-31,2001-03-31,2001-03-31,2021-08-04,-132000000.0,34590000000.0,24139500000.0,4363000000.0,30227000000.0,0.413,11.495,-1078000000.0,1035000000.0,1035000000.0,6873000000.0,793000000.0,0.948,3.702,15294000000.0,2404000000.0,12890000000.0,15294000000.0,0.0,990000000.0,0.0,0.022,0.73,2106000000.0,3096000000.0,0.311,3096000000.0,2106000000.0,1304000000.0,1.555,1.52,1.555,7357000000.0,4511250000.0,7357000000.0,27562695029.0,13.0,8.903,645000000.0,1.008,1.0,3097000000.0,0.311,5521000000.0,802000000.0,38724000000.0,28724000000.0,394000000.0,1613000000.0,0.0,1613000000.0,27233000000.0,4604000000.0,22629000000.0,20889695029.0,-182000000.0,-520000000.0,-398000000.0,500000000.0,-288000000.0,-349000000.0,-1556000000.0,1135000000.0,1723000000.0,0.0,793000000.0,793000000.0,793000000.0,0.0,0.0,0.08,1032000000.0,2065000000.0,1158000000.0,0.469,2.839,26.343,21.093,12980000000.0,0.0,32.8,2.095,2.106,2480000000.0,570000000.0,9970000000.0,9970000000.0,0.0,0.033,0.176,0.073,0.211,0.0,0.0,1.0,636880946.0,640000000,648000000.0,15.578,29069000000.0,0.0,511000000.0,4692000000.0,45.42,-241000000.0
82,EXC,MRT,2000-12-31,2000-12-31,2000-12-31,2021-08-04,0.0,34786000000.0,18749750000.0,4151000000.0,30635000000.0,0.4,17.859,-752000000.0,840000000.0,840000000.0,5238000000.0,586000000.0,0.831,3.821,15239000000.0,2281000000.0,12958000000.0,15239000000.0,0.0,607000000.0,0.0,0.016,0.579,1539000000.0,2146000000.0,0.286,2146000000.0,1539000000.0,925000000.0,1.455,1.435,1.455,7215000000.0,3180000000.0,7215000000.0,29030705609.0,19.0,13.528,344000000.0,0.851,1.0,2261000000.0,0.302,5186000000.0,614000000.0,39006000000.0,23495250000.0,454000000.0,1546000000.0,0.0,1546000000.0,27571000000.0,4993000000.0,22578000000.0,22357705609.0,-502000000.0,-482000000.0,-434000000.0,366000000.0,-157000000.0,-395000000.0,-1203000000.0,1113000000.0,1096000000.0,0.0,586000000.0,586000000.0,586000000.0,0.0,0.0,0.078,734000000.0,1527000000.0,1193000000.0,0.398,3.099,38.153,24.127,12936000000.0,0.0,35.105,2.981,1.891,2137000000.0,332000000.0,7499000000.0,7499000000.0,0.0,0.031,0.184,0.066,0.205,0.0,0.0,1.0,636880946.0,404000000,408000000.0,18.562,29600000000.0,62000000.0,339000000.0,4739000000.0,73.267,-842000000.0
83,EXC,MRT,2000-09-30,2000-09-30,2000-09-30,2021-08-04,26000000.0,13667000000.0,13325000000.0,1357000000.0,12310000000.0,0.423,5.482,-564000000.0,169000000.0,169000000.0,3927000000.0,652000000.0,0.887,6.332,6842000000.0,590000000.0,6252000000.0,6842000000.0,0.0,447000000.0,0.0,0.017,0.5,1473000000.0,1920000000.0,0.341,1920000000.0,1473000000.0,1040000000.0,1.885,1.865,1.885,1864000000.0,1819500000.0,1864000000.0,17019095294.0,12.0,8.864,256000000.0,0.753,1.0,1709000000.0,0.303,192000000.0,433000000.0,18618000000.0,18171750000.0,232000000.0,722000000.0,0.0,722000000.0,11803000000.0,1530000000.0,10273000000.0,10280095294.0,-607000000.0,-371000000.0,-660000000.0,503000000.0,-167000000.0,-438000000.0,-989000000.0,42000000.0,820000000.0,0.0,652000000.0,661000000.0,661000000.0,0.0,0.0,0.117,310000000.0,1399000000.0,308000000.0,0.265,5.515,15.552,16.069,5196000000.0,-9000000.0,30.29,1.824,1.827,776000000.0,301000000.0,5636000000.0,5636000000.0,0.0,0.05,0.363,0.081,0.261,0.0,0.0,1.0,339389082.0,340000000,344000000.0,16.576,13475000000.0,638000000.0,388000000.0,2741000000.0,39.632,-173000000.0
84,EXC,MRT,2000-06-30,2000-06-30,2000-06-30,2021-08-04,0.0,13515000000.0,13204725000.0,1371000000.0,12144000000.0,0.434,4.624,-534000000.0,263000000.0,263000000.0,4028000000.0,651000000.0,0.907,7.4,7002000000.0,571000000.0,6431000000.0,7002000000.0,0.0,437000000.0,0.0,0.025,0.5,1463000000.0,1900000000.0,0.331,1900000000.0,1463000000.0,1035000000.0,1.81,1.795,1.81,1609000000.0,2288500000.0,1609000000.0,12906400722.0,9.0,6.793,417000000.0,1.198,1.0,1708000000.0,0.298,194000000.0,428000000.0,18548000000.0,17930775000.0,208000000.0,603000000.0,0.0,603000000.0,11906000000.0,1512000000.0,10394000000.0,6835400722.0,-821000000.0,-431000000.0,-677000000.0,546000000.0,-174000000.0,-716000000.0,-1056000000.0,9000000.0,951000000.0,0.0,651000000.0,657000000.0,657000000.0,0.0,0.0,0.115,284000000.0,1424000000.0,290000000.0,0.276,4.248,10.404,11.135,5155000000.0,-6000000.0,20.155,1.192,1.223,728000000.0,89000000.0,5736000000.0,5736000000.0,0.0,0.05,0.287,0.082,0.255,0.0,0.0,1.0,339141688.0,348000000,350000000.0,16.483,13321000000.0,638000000.0,384000000.0,2948000000.0,38.279,-141000000.0
85,EXC,MRT,2000-03-31,2000-03-31,2000-03-31,2021-08-04,3000000.0,13031000000.0,13166250000.0,1084000000.0,11947000000.0,0.422,5.613,-535000000.0,110000000.0,110000000.0,3921000000.0,605000000.0,0.922,5.413,6181000000.0,286000000.0,5895000000.0,6181000000.0,0.0,391000000.0,0.0,0.027,0.5,1387000000.0,1778000000.0,0.32,1778000000.0,1387000000.0,961000000.0,1.645,1.635,1.645,2032000000.0,2814250000.0,2032000000.0,12723725923.0,9.0,7.156,336000000.0,0.928,1.0,1629000000.0,0.294,117000000.0,426000000.0,17809000000.0,17701075000.0,176000000.0,568000000.0,0.0,568000000.0,10999000000.0,1176000000.0,9823000000.0,6691841923.0,-2670000000.0,-340000000.0,-978000000.0,-1069000000.0,-181000000.0,-2573000000.0,-968000000.0,-64000000.0,871000000.0,0.0,605000000.0,607000000.0,607000000.0,0.0,0.0,0.109,261000000.0,1368000000.0,251000000.0,0.304,3.293,11.024,11.21,5080000000.0,-2000000.0,18.44,1.206,1.203,594000000.0,14000000.0,5550000000.0,5550000000.0,0.0,0.046,0.216,0.078,0.25,0.0,0.0,1.0,362898152.0,362000000,366000000.0,15.331,12914000000.0,638000000.0,356000000.0,3029000000.0,35.674,-92000000.0
86,EXC,MRT,1999-12-31,1999-12-31,1999-12-31,2021-08-04,4000000.0,13087000000.0,13651325000.0,1221000000.0,11866000000.0,0.401,4.523,-491000000.0,228000000.0,228000000.0,3868000000.0,570000000.0,0.949,6.381,6260000000.0,291000000.0,5969000000.0,6260000000.0,0.0,358000000.0,0.0,0.029,0.5,1324000000.0,1682000000.0,0.307,1682000000.0,1324000000.0,928000000.0,1.455,1.445,1.455,1773000000.0,3262825000.0,1773000000.0,12134070658.0,9.0,7.214,392000000.0,1.0,1.0,1610000000.0,0.294,121000000.0,396000000.0,17712000000.0,17624425000.0,206000000.0,130000000.0,0.0,130000000.0,11314000000.0,1286000000.0,10028000000.0,6456070658.0,6000000.0,-340000000.0,-1674000000.0,2300000000.0,-196000000.0,9000000.0,-886000000.0,-26000000.0,883000000.0,0.0,570000000.0,570000000.0,570000000.0,0.0,0.0,0.104,237000000.0,1373000000.0,270000000.0,0.344,3.641,11.326,11.942,5004000000.0,0.0,17.375,1.179,1.243,344000000.0,-100000000.0,5478000000.0,5478000000.0,0.0,0.042,0.175,0.075,0.242,0.0,0.0,1.0,371572412.0,392000000,392000000.0,13.974,12966000000.0,0.0,358000000.0,2711000000.0,33.077,-65000000.0
87,EXC,MRT,1999-09-30,1999-09-30,1999-09-30,2021-08-04,0.0,13185900000.0,13391665750.0,664200000.0,12521700000.0,0.397,10.0,-460100000.0,664200000.0,664200000.0,3678200000.0,418200000.0,0.559,2.526,6319800000.0,268000000.0,6051800000.0,6319800000.0,0.0,496800000.0,0.0,0.027,0.5,1061600000.0,1558400000.0,0.293,1558400000.0,1061600000.0,687500000.0,1.06,1.05,1.06,3740000000.0,3618278500.0,3740000000.0,12562827725.0,12.0,8.061,636800000.0,1.703,1.0,1635900000.0,0.308,0.0,374100000.0,17654100000.0,16752745750.0,180700000.0,604500000.0,0.0,0.0,9445900000.0,1187400000.0,8258500000.0,6997627725.0,620500000.0,-119000000.0,-1539400000.0,2163500000.0,-206100000.0,177700000.0,-654100000.0,-28000000.0,1096900000.0,0.0,418200000.0,418000000.0,418000000.0,0.0,0.0,0.079,470200000.0,1165700000.0,373400000.0,0.472,1.871,16.741,17.689,683000000.0,200000.0,18.75,1.317,1.32,216600000.0,-225600000.0,5314100000.0,5314100000.0,0.0,0.031,0.116,0.063,0.2,0.0,0.0,1.0,373206812.0,374000000,374000000.0,14.209,13185900000.0,623000000.0,269300000.0,2938200000.0,35.256,-523200000.0
88,EXC,MRT,1999-06-30,1999-06-30,1999-06-30,2021-08-04,0.0,13361100000.0,13182190750.0,914000000.0,12447100000.0,0.407,9.667,-429900000.0,914000000.0,914000000.0,3560700000.0,460900000.0,0.713,2.599,6464800000.0,372100000.0,6092700000.0,6464800000.0,0.0,571000000.0,0.0,0.024,0.5,1115800000.0,1686800000.0,0.314,1686800000.0,1115800000.0,767800000.0,1.055,1.045,1.055,3712000000.0,3604878500.0,3712000000.0,12559999375.0,11.0,7.446,812100000.0,2.115,1.0,1809900000.0,0.337,0.0,348000000.0,17629200000.0,16103795750.0,171700000.0,554800000.0,0.0,0.0,9649100000.0,1282700000.0,8366400000.0,8033099375.0,809100000.0,-59000000.0,-1502300000.0,1878900000.0,-215200000.0,102200000.0,-535100000.0,800000.0,1242000000.0,0.0,460900000.0,460500000.0,460500000.0,0.0,0.0,0.086,566400000.0,1243500000.0,357500000.0,0.474,2.164,17.444,19.848,672200000.0,400000.0,20.94,1.496,1.497,213100000.0,-407000000.0,5370600000.0,5370600000.0,0.0,0.035,0.128,0.069,0.208,0.0,0.0,1.0,383624612.0,384000000,384000000.0,13.986,13361100000.0,616900000.0,306900000.0,2846200000.0,34.795,-368700000.0
89,EXC,MRT,1999-03-31,1999-03-31,1999-03-31,2021-08-04,0.0,14971300000.0,12938990750.0,2702800000.0,12268500000.0,0.416,8.579,-375500000.0,2702800000.0,2702800000.0,3360700000.0,542400000.0,1.354,2.913,7229700000.0,1076200000.0,6153500000.0,7229700000.0,0.0,668100000.0,0.0,0.022,0.5,1216700000.0,1884800000.0,0.35,1884800000.0,1216700000.0,896700000.0,1.215,1.205,1.215,3826300000.0,3573353500.0,3826300000.0,13319264215.0,11.0,7.067,1061400000.0,2.38,1.0,2026100000.0,0.376,0.0,320000000.0,17502400000.0,15477170750.0,168000000.0,534000000.0,0.0,0.0,11145000000.0,1995800000.0,9149200000.0,9406924215.0,2648400000.0,-59000000.0,-696000000.0,2547500000.0,-224100000.0,1686900000.0,-475400000.0,6100000.0,1436900000.0,0.0,542400000.0,542700000.0,542700000.0,0.0,0.0,0.101,669300000.0,1356800000.0,276900000.0,0.412,2.458,17.334,19.033,556400000.0,-300000.0,23.125,1.746,1.915,183000000.0,-422300000.0,5386800000.0,5386800000.0,0.0,0.042,0.152,0.079,0.226,0.0,0.0,1.0,406785912.0,446000000,446000000.0,12.078,14971300000.0,613900000.0,354300000.0,3009700000.0,33.568,707000000.0
90,EXC,MRT,1998-12-31,1998-12-31,1998-12-31,2021-08-04,0.0,12048363000.0,12285565750.0,582055000.0,11466308000.0,0.433,7.163,-415000000.0,48083000.0,48083000.0,3289000000.0,500000000.0,0.335,2.771,3960423000.0,955534000.0,3004889000.0,3960423000.0,0.0,765000000.0,0.0,0.024,0.5,1151000000.0,1916000000.0,0.36,1916000000.0,1151000000.0,820000000.0,1.12,1.115,1.12,3194814000.0,3512528500.0,3194814000.0,13435899876.0,12.0,7.012,1071000000.0,2.401,1.0,2036000000.0,0.382,0.0,331000000.0,14225283000.0,14885020750.0,174356000.0,497648000.0,0.0,497648000.0,8853549000.0,1735420000.0,7118129000.0,9353899876.0,15000000.0,-59000000.0,0.0,-765000000.0,-223000000.0,-950000000.0,-521000000.0,0.0,1486000000.0,0.0,500000000.0,500000000.0,500000000.0,0.0,0.0,0.094,768000000.0,1268000000.0,316292000.0,0.446,2.928,18.708,18.638,4804469000.0,0.0,20.875,1.757,1.748,181210000.0,-500929000.0,5325000000.0,5325000000.0,0.0,0.041,0.142,0.077,0.216,0.0,0.0,1.0,448091012.0,446000000,446000000.0,11.939,12048363000.0,614445000.0,320000000.0,2861454000.0,27.014,-1153365000.0
91,EXC,MRT,1998-09-30,1998-09-30,1998-09-30,2021-08-04,0.0,12348000000.0,12362617000.0,43900000.0,12304100000.0,0.43,8.262,-445000000.0,43900000.0,43900000.0,3434151000.0,-1352106000.0,0.032,2.35,4125900000.0,443300000.0,3682600000.0,4125900000.0,0.0,723194000.0,0.0,0.033,0.6,-694480000.0,28714000.0,0.005,28714000.0,-694480000.0,-1040937000.0,-3.07,-3.075,-3.07,3686400000.0,3395507750.0,3686400000.0,12676742810.0,-18.0,441.483,780537000.0,1.749,1.0,1883926000.0,0.354,0.0,346457000.0,15058300000.0,15174238250.0,171600000.0,512000000.0,0.0,0.0,8661600000.0,1371700000.0,7289900000.0,8191442810.0,-23831000.0,-30086000.0,46517000.0,-441990000.0,-280283000.0,-755121000.0,-494247000.0,-19161000.0,1225537000.0,0.0,-1352106000.0,-1365210000.0,-1365210000.0,0.0,0.0,-0.257,615795000.0,1268131000.0,288100000.0,-0.195,2.222,-6.0,-5.985,1015000000.0,13104000.0,18.375,1.54,1.542,233100000.0,-444900000.0,5318077000.0,5318077000.0,0.0,-0.11,-0.402,-0.046,-0.131,0.0,0.0,1.0,445792806.0,446200000,446200000.0,11.919,12348000000.0,614200000.0,311169000.0,3017900000.0,27.674,-1327800000.0
92,EXC,MRT,1998-06-30,1998-06-30,1998-06-30,2021-08-04,0.0,12388300000.0,,105300000.0,12283000000.0,,8.051,-473400000.0,105300000.0,105300000.0,3097251000.0,-1467806000.0,0.06,2.455,4590600000.0,921600000.0,3669000000.0,4590600000.0,0.0,718694000.0,0.0,0.048,0.7,-845480000.0,-126786000.0,-0.026,-126786000.0,-845480000.0,-1203237000.0,-3.33,-3.33,-3.33,3585900000.0,,3585900000.0,11088934145.0,-13.0,-87.462,689637000.0,1.548,1.0,1713526000.0,0.356,0.0,357757000.0,15122700000.0,,166800000.0,531700000.0,0.0,0.0,8802400000.0,1750900000.0,7051500000.0,6496134145.0,63269000.0,-30086000.0,9417000.0,-246490000.0,-325883000.0,-548021000.0,-551747000.0,-48261000.0,1163037000.0,0.0,-1467806000.0,-1482210000.0,-1482210000.0,0.0,0.0,-0.308,606095000.0,1107431000.0,295600000.0,-0.21,1.812,-4.383,-4.383,1018100000.0,14404000.0,14.595,1.35,1.351,169300000.0,-649900000.0,4810777000.0,4810777000.0,0.0,,,,-0.176,0.0,0.0,1.0,445093124.0,445400000,445400000.0,10.801,12388300000.0,559500000.0,264569000.0,2811500000.0,27.814,-1645600000.0
93,EXC,MRT,1998-03-31,1998-03-31,1998-03-31,2021-08-04,0.0,12357600000.0,,55000000.0,12302600000.0,,8.052,-505300000.0,55000000.0,55000000.0,3044251000.0,-1496506000.0,0.03,2.449,4647800000.0,4557000000.0,90800000.0,4647800000.0,0.0,724394000.0,0.0,0.072,0.8,-861680000.0,-137286000.0,-0.03,-137286000.0,-861680000.0,-1226737000.0,-3.395,-3.395,-3.395,3583000000.0,3579400000.0,3583000000.0,9566986951.0,-11.0,-69.687,572837000.0,1.287,1.0,1583626000.0,0.342,0.0,365057000.0,15133800000.0,,158100000.0,516000000.0,0.0,0.0,8774600000.0,1816600000.0,6958000000.0,4922729951.0,15269000.0,-30086000.0,117000.0,-84090000.0,-371583000.0,-466221000.0,-596647000.0,-61261000.0,1078137000.0,0.0,-1496506000.0,-1512110000.0,-1512110000.0,0.0,0.0,-0.327,592795000.0,990831000.0,306900000.0,-0.236,1.374,-3.256,-3.258,988900000.0,15604000.0,11.06,1.064,1.063,156000000.0,-740600000.0,4627877000.0,4627877000.0,0.0,,-0.422,,-0.186,0.0,0.0,1.0,445093124.0,445000000,445000000.0,10.4,12357600000.0,594900000.0,269769000.0,2884100000.0,27.77,-1761600000.0
94,EXC,MRT,1997-12-31,1997-12-31,1997-12-31,2021-08-04,0.0,12356568000.0,13808593500.0,1002775000.0,11353793000.0,0.333,6.126,-490200000.0,33404000.0,33404000.0,3014851000.0,-1497106000.0,0.62,3.532,4677661000.0,704395000.0,3973266000.0,4677661000.0,0.0,703394000.0,0.0,0.074,0.9,-831480000.0,-128086000.0,-0.028,-128086000.0,-831480000.0,-1204337000.0,-3.4,-3.4,-3.4,2726731000.0,3686356000.0,2726731000.0,,,,578037000.0,1.299,1.0,1586226000.0,0.345,0.0,372857000.0,15382153000.0,17099289000.0,175748000.0,515835000.0,0.0,515835000.0,9629837000.0,1618672000.0,8011165000.0,5396754128.0,4169000.0,-30086000.0,117000.0,-46590000.0,-417383000.0,-460521000.0,-603547000.0,-83261000.0,1068237000.0,0.0,-1497106000.0,-1513910000.0,-1513910000.0,0.0,0.0,-0.329,580595000.0,1005631000.0,323816000.0,-0.265,1.979,-3.565,-3.566,4670724000.0,16804000.0,12.125,1.173,1.173,173350000.0,-792239000.0,4601077000.0,4601077000.0,0.0,-0.11,-0.411,-0.049,-0.181,0.0,0.0,1.0,445093124.0,445086000,445086000.0,10.338,12356568000.0,590267000.0,292769000.0,2867200000.0,27.762,-615897000.0
95,EXC,MRT,1997-09-30,1997-09-30,1997-09-30,2021-08-04,,,,,,,,,,,,,,,,,,,,,,0.077,0.9,,,,,,,,,,,,,,,,,,1.0,,,,,,,,,,,,,,,,,,,,,,,,,,,,,,,,,,,,,,,,11.72,,,,,,,,,,,,,,1.0,,445000000,,,,,,,,
96,EXC,MRT,1997-06-30,1997-06-30,1997-06-30,2021-08-04,,,,,,,,,,,,,,,,,,,,,,0.085,0.893,,,,,,,,,,,,,,,,,,1.0,,,,,,,,,,,,,,,,,,,,,,,,,,,,,,,,,,,,,,,,10.5,,,,,,,,,,,,,,1.0,,445000000,,,,,,,,
97,EXC,MRT,1997-03-31,1997-03-31,1997-03-31,2021-08-04,0.0,,,,,,8.036,,,,,,,2.456,4677600000.0,4557500000.0,120100000.0,4677600000.0,0.0,,0.0,0.087,0.885,,,,,,,,,,3575800000.0,,3575800000.0,,,,,,1.0,,,,,,,,,,,8780800000.0,1618700000.0,7162100000.0,,,,,,,,,,,,,,,,,,,,0.0,,,,,,,10.19,,,,-792200000.0,,,,,,,,,,1.0,,445000000,,,,,,2867300000.0,,
98,EXC,MRT,1996-12-31,1996-12-31,1996-12-31,2021-08-04,0.0,15260619000.0,,420394000.0,14840225000.0,,10.441,-548854000.0,29235000.0,29235000.0,2546148000.0,517205000.0,0.381,2.285,4688405000.0,620150000.0,4068255000.0,4688405000.0,0.0,597812000.0,0.0,0.07,0.878,1239749000.0,1837561000.0,0.429,1837561000.0,1239749000.0,857306000.0,1.12,1.12,1.12,4645981000.0,,4645981000.0,,,,623391000.0,1.401,1.0,1737502000.0,0.406,0.0,382443000.0,18816425000.0,,204376000.0,432574000.0,0.0,432574000.0,10614638000.0,1103364000.0,9511274000.0,,8633000.0,0.0,11301000.0,-127663000.0,-411569000.0,-500632000.0,-662980000.0,-114126000.0,1172245000.0,0.0,517205000.0,499169000.0,499169000.0,0.0,0.0,0.117,489001000.0,1248501000.0,212966000.0,0.784,,,11.272,10941540000.0,18036000.0,12.625,,1.311,19159000.0,1127041000.0,4283650000.0,4283650000.0,0.0,,,,0.289,0.0,0.0,1.0,,444980000,444980000.0,9.627,15260619000.0,2325721000.0,340101000.0,4155601000.0,34.295,-682970000.0
99,EXC,MRT,1995-12-31,1995-12-31,1995-12-31,2021-08-04,,,,,,,,-532614000.0,,,2328106000.0,609732000.0,,,,,,,,574199000.0,,0.055,0.825,1465160000.0,2039359000.0,0.487,2039359000.0,1465160000.0,1041449000.0,1.32,1.32,1.32,,,,,,,707722000.0,1.595,1.0,1858050000.0,0.444,,423711000.0,,,,,,,,,,,-26368000.0,150000000.0,15585000.0,-447572000.0,-390340000.0,-802049000.0,-464655000.0,-82041000.0,1240336000.0,0.0,609732000.0,586515000.0,586515000.0,0.0,0.0,0.14,457254000.0,1400796000.0,,0.625,,,11.409,,23217000.0,15.06,,1.596,,,4186156000.0,4186156000.0,0.0,,,,0.35,0.0,0.0,1.0,,443718000,443718000.0,9.434,,,431717000.0,,,
