None,ticker,dimension,calendardate,datekey,reportperiod,lastupdated,accoci,assets,assetsavg,assetsc,assetsnc,assetturnover,bvps,capex,cashneq,cashnequsd,cor,consolinc,currentratio,de,debt,debtc,debtnc,debtusd,deferredrev,depamor,deposits,divyield,dps,ebit,ebitda,ebitdamargin,ebitdausd,ebitusd,ebt,eps,epsdil,epsusd,equity,equityavg,equityusd,ev,evebit,evebitda,fcf,fcfps,fxusd,gp,grossmargin,intangibles,intexp,invcap,invcapavg,inventory,investments,investmentsc,investmentsnc,liabilities,liabilitiesc,liabilitiesnc,marketcap,ncf,ncfbus,ncfcommon,ncfdebt,ncfdiv,ncff,ncfi,ncfinv,ncfo,ncfx,netinc,netinccmn,netinccmnusd,netincdis,netincnci,netmargin,opex,opinc,payables,payoutratio,pb,pe,pe1,ppnenet,prefdivis,price,ps,ps1,receivables,retearn,revenue,revenueusd,rnd,roa,roe,roic,ros,sbcomp,sgna,sharefactor,sharesbas,shareswa,shareswadil,sps,tangibles,taxassets,taxexp,taxliabilities,tbvps,workingcapital
0,MOS,MRY,2020-12-31,2020-12-31,2020-12-31,2021-08-03,-1806200000.0,19789800000.0,19159375000.0,3521200000.0,16268600000.0,0.453,25.281,-1170600000.0,574000000.0,574000000.0,7616800000.0,665600000.0,1.119,1.047,4578100000.0,504300000.0,4073800000.0,4578100000.0,0.0,847600000.0,0.0,0.009,0.2,268200000.0,1115800000.0,0.129,1115800000.0,268200000.0,87600000.0,1.76,1.75,1.76,9581400000.0,8748350000.0,9581400000.0,12593161199.0,47.0,11.286,412000000.0,1.087,1.0,1064900000.0,0.123,1173000000.0,180600000.0,19474400000.0,19067475000.0,1739200000.0,673100000.0,0.0,673100000.0,10034600000.0,3146500000.0,6888100000.0,8722861199.0,62100000.0,0.0,0.0,-202400000.0,-75800000.0,-283800000.0,-1189500000.0,-15900000.0,1582600000.0,-47200000.0,666100000.0,666100000.0,666100000.0,0.0,-500000.0,0.077,652000000.0,412900000.0,769100000.0,0.114,0.91,13.095,13.074,11854300000.0,0.0,23.01,1.005,1.005,881100000.0,10511000000.0,8681700000.0,8681700000.0,0.0,0.035,0.076,0.014,0.031,17800000.0,371500000.0,1.0,379090013.0,379000000.0,381300000.0,22.907,18616800000.0,1179400000.0,-578500000.0,1060800000.0,49.121,374700000.0
1,MOS,MRY,2019-12-31,2019-12-31,2019-12-31,2021-08-03,-1598200000.0,19298500000.0,20206950000.0,3718200000.0,15580300000.0,0.441,23.933,-1272200000.0,519100000.0,519100000.0,8009000000.0,-1090800000.0,1.435,1.081,4614300000.0,88800000.0,4525500000.0,4614300000.0,0.0,882700000.0,0.0,0.008,0.175,-1109200000.0,-226500000.0,-0.025,-226500000.0,-1109200000.0,-1292100000.0,-2.78,-2.78,-2.78,9185500000.0,10090025000.0,9185500000.0,12219423768.0,-11.0,-53.949,-176800000.0,-0.461,1.0,897300000.0,0.101,1156900000.0,182900000.0,19645100000.0,20244825000.0,2076400000.0,763600000.0,0.0,763600000.0,9930900000.0,2591700000.0,7339200000.0,8196423768.0,-338700000.0,-51100000.0,-149900000.0,135600000.0,-67200000.0,-82200000.0,-1360900000.0,-37500000.0,1095400000.0,9000000.0,-1067400000.0,-1067400000.0,-1067400000.0,0.0,-23400000.0,-0.12,1992200000.0,-1094900000.0,680400000.0,-0.063,0.892,-7.679,-7.784,11690000000.0,0.0,21.64,0.92,0.933,803900000.0,9921500000.0,8906300000.0,8906300000.0,0.0,-0.053,-0.106,-0.055,-0.125,27900000.0,354100000.0,1.0,378762651.0,383800000.0,383800000.0,23.206,18141600000.0,515400000.0,-224700000.0,1040700000.0,47.268,1126500000.0
2,MOS,MRY,2018-12-31,2018-12-31,2018-12-31,2021-08-03,-1657100000.0,20119200000.0,20346050000.0,4237000000.0,15882200000.0,0.471,27.02,-954500000.0,847700000.0,847700000.0,8088900000.0,469900000.0,1.706,0.915,4529000000.0,37500000.0,4491500000.0,4529000000.0,0.0,883900000.0,0.0,0.003,0.1,713200000.0,1597100000.0,0.167,1597100000.0,713200000.0,547100000.0,1.22,1.22,1.22,10397300000.0,10372575000.0,10397300000.0,14839681183.0,21.0,9.292,455300000.0,1.183,1.0,1498400000.0,0.156,1707500000.0,166100000.0,19609300000.0,20088475000.0,2270200000.0,826600000.0,0.0,826600000.0,9514500000.0,2483700000.0,7030800000.0,11259581183.0,-1323400000.0,-972700000.0,0.0,-680900000.0,-38500000.0,-724800000.0,-1944700000.0,-15700000.0,1409800000.0,-63700000.0,470000000.0,470000000.0,470000000.0,0.0,-100000.0,0.049,570100000.0,928300000.0,780900000.0,0.082,1.083,23.957,23.943,11746500000.0,0.0,29.21,1.174,1.172,838500000.0,11064700000.0,9587300000.0,9587300000.0,0.0,0.023,0.045,0.036,0.074,27500000.0,341100000.0,1.0,385470085.0,384800000.0,386400000.0,24.915,18411700000.0,343800000.0,77100000.0,1080600000.0,47.847,1753300000.0
3,MOS,MRY,2017-12-31,2017-12-31,2017-12-31,2021-08-03,-1061600000.0,18633400000.0,17744325000.0,4616500000.0,14016900000.0,0.418,27.408,-820100000.0,2153500000.0,2153500000.0,6566600000.0,-104200000.0,2.273,0.935,5227700000.0,349600000.0,4878100000.0,5227700000.0,0.0,665500000.0,0.0,0.023,0.6,525800000.0,1191300000.0,0.161,1191300000.0,525800000.0,387700000.0,-0.31,-0.31,-0.31,9617500000.0,9777400000.0,9617500000.0,12237333993.0,23.0,10.272,115400000.0,0.329,1.0,842800000.0,0.114,1693600000.0,138100000.0,17982900000.0,17418175000.0,1547200000.0,1089500000.0,0.0,1089500000.0,8994300000.0,2031100000.0,6963200000.0,9007933993.0,1483000000.0,188700000.0,0.0,1412100000.0,-210600000.0,1200800000.0,-667800000.0,-18200000.0,935500000.0,14500000.0,-107200000.0,-107200000.0,-107200000.0,0.0,3000000.0,-0.014,377100000.0,465700000.0,540900000.0,-1.935,0.937,-84.029,-82.774,9711700000.0,0.0,25.66,1.216,1.215,642600000.0,10631100000.0,7409400000.0,7409400000.0,0.0,-0.006,-0.011,0.03,0.071,28000000.0,301300000.0,1.0,351049649.0,350900000.0,350900000.0,21.115,16939800000.0,254600000.0,494900000.0,1117300000.0,48.275,2585400000.0
4,MOS,MRY,2016-12-31,2016-12-31,2016-12-31,2021-08-03,-1312200000.0,16840700000.0,17353950000.0,3057700000.0,13783000000.0,0.413,27.353,-843100000.0,673100000.0,673100000.0,6352800000.0,301200000.0,2.07,0.753,3818200000.0,38900000.0,3779300000.0,3818200000.0,0.0,711200000.0,0.0,0.038,1.1,336000000.0,1047200000.0,0.146,1047200000.0,336000000.0,223600000.0,0.85,0.85,0.85,9584600000.0,9843950000.0,9584600000.0,13495696642.0,40.0,12.887,417100000.0,1.19,1.0,810000000.0,0.113,1630900000.0,112400000.0,16878100000.0,16912375000.0,1391100000.0,1063100000.0,0.0,1063100000.0,7218200000.0,1476800000.0,5741400000.0,10272496642.0,-1425600000.0,-412100000.0,-75000000.0,-432000000.0,-385100000.0,-888600000.0,-1866000000.0,-630100000.0,1260200000.0,68800000.0,297800000.0,297800000.0,297800000.0,0.0,3400000.0,0.042,495300000.0,314700000.0,471800000.0,1.294,1.072,34.495,34.506,9198500000.0,0.0,29.33,1.434,1.435,627800000.0,10863400000.0,7162800000.0,7162800000.0,0.0,0.017,0.03,0.02,0.047,30500000.0,304200000.0,1.0,350238549.0,350400000.0,351700000.0,20.442,15209800000.0,836400000.0,-74200000.0,1009200000.0,43.407,1580900000.0
5,MOS,MRY,2015-12-31,2015-12-31,2015-12-31,2021-08-03,-1492900000.0,17389500000.0,17479050000.0,4143400000.0,13246100000.0,0.509,26.588,-1000300000.0,1276300000.0,1276300000.0,7177400000.0,1001800000.0,2.024,0.821,3836700000.0,67200000.0,3769500000.0,3836700000.0,0.0,739800000.0,0.0,0.039,1.075,1197300000.0,1937100000.0,0.218,1937100000.0,1197300000.0,1099500000.0,2.79,2.78,2.79,9531800000.0,9868775000.0,9531800000.0,12239290726.0,10.0,6.318,1038000000.0,2.895,1.0,1717900000.0,0.193,1595300000.0,97800000.0,16307600000.0,15974100000.0,1563500000.0,980500000.0,0.0,980500000.0,7824500000.0,2047000000.0,5777500000.0,9725890726.0,-237600000.0,-119200000.0,-709500000.0,197100000.0,-384700000.0,-893400000.0,-1118400000.0,0.0,2038300000.0,-264100000.0,1000400000.0,1000400000.0,1000400000.0,0.0,1400000.0,0.112,456300000.0,1261600000.0,520600000.0,0.385,1.02,9.722,9.889,8721000000.0,0.0,27.59,1.093,1.112,675000000.0,11014800000.0,8895300000.0,8895300000.0,0.0,0.057,0.101,0.075,0.135,41300000.0,361200000.0,1.0,352515068.0,358500000.0,360300000.0,24.813,15794200000.0,691900000.0,99100000.0,977400000.0,44.056,2096400000.0
6,MOS,MRY,2014-12-31,2014-12-31,2014-12-31,2021-08-03,-473700000.0,18283000000.0,18286075000.0,5215500000.0,13067500000.0,0.495,28.61,-929100000.0,2374600000.0,2374600000.0,7129200000.0,1030400000.0,3.266,0.707,3832500000.0,54500000.0,3778000000.0,3832500000.0,0.0,750900000.0,0.0,0.022,1.0,1320900000.0,2071800000.0,0.229,2071800000.0,1320900000.0,1213300000.0,2.69,2.68,2.69,10703100000.0,10931475000.0,10703100000.0,17795641456.0,13.0,8.589,1193000000.0,3.189,1.0,1926600000.0,0.213,1806500000.0,107600000.0,16337700000.0,15582300000.0,1718300000.0,849800000.0,0.0,849800000.0,7562400000.0,1596700000.0,5965700000.0,16950641456.0,-2918500000.0,-1798600000.0,-2755300000.0,961300000.0,-382500000.0,-2168400000.0,-2739100000.0,0.0,2122100000.0,-133100000.0,1028600000.0,1028600000.0,1028600000.0,0.0,1800000.0,0.114,620600000.0,1306000000.0,559600000.0,0.372,1.584,16.479,16.97,9313900000.0,0.0,45.65,1.872,1.886,754400000.0,11168900000.0,9055800000.0,9055800000.0,0.0,0.056,0.094,0.085,0.146,54300000.0,382400000.0,1.0,371317447.0,374100000.0,375600000.0,24.207,16476500000.0,543100000.0,184700000.0,1006500000.0,44.043,3618800000.0
7,MOS,MRY,2013-12-31,2013-05-31,2013-05-31,2021-08-03,326400000.0,18086000000.0,17388200000.0,6880500000.0,11205500000.0,0.574,31.537,-1588300000.0,3697100000.0,3697100000.0,7213900000.0,1891800000.0,3.899,0.346,1079200000.0,69600000.0,1009600000.0,1079200000.0,0.0,604800000.0,0.0,0.016,1.0,2210900000.0,2815700000.0,0.282,2815700000.0,2210900000.0,2229700000.0,4.44,4.42,4.44,13425400000.0,12704250000.0,13425400000.0,23644286561.0,11.0,8.397,292200000.0,0.686,1.0,2760200000.0,0.277,1844600000.0,-18800000.0,11858600000.0,11014450000.0,1557300000.0,431500000.0,0.0,431500000.0,4643100000.0,1764900000.0,2878200000.0,25894386561.0,-113900000.0,-15000000.0,0.0,33400000.0,-426600000.0,-390800000.0,-1589800000.0,0.0,1880500000.0,-13800000.0,1888700000.0,1888700000.0,1888700000.0,0.0,3100000.0,0.189,550600000.0,2209600000.0,763100000.0,0.225,1.929,13.71,13.698,8486800000.0,0.0,60.82,2.596,2.596,1015700000.0,11603400000.0,9974100000.0,9974100000.0,0.0,0.109,0.149,0.201,0.222,28200000.0,427300000.0,1.0,425754465.0,425700000.0,426900000.0,23.43,16241400000.0,288400000.0,341000000.0,1048500000.0,38.152,5115600000.0
8,MOS,MRY,2012-12-31,2012-05-31,2012-05-31,2021-08-03,378000000.0,16690400000.0,16152550000.0,6581100000.0,10109300000.0,0.688,27.535,-1639300000.0,3811000000.0,3811000000.0,8022800000.0,1930800000.0,3.432,0.391,1053000000.0,43000000.0,1010000000.0,1053000000.0,0.0,508100000.0,0.0,0.006,0.275,2622900000.0,3131000000.0,0.282,3131000000.0,2622900000.0,2641600000.0,4.44,4.42,4.44,11983100000.0,11828075000.0,11983100000.0,18177403462.0,7.0,5.806,1066500000.0,2.451,1.0,3085000000.0,0.278,1844400000.0,-18700000.0,10170300000.0,9898575000.0,1237600000.0,454200000.0,0.0,454200000.0,4691000000.0,1917700000.0,2773300000.0,20286003462.0,-95400000.0,0.0,-1162500000.0,224300000.0,-119500000.0,-1061100000.0,-1627400000.0,0.0,2705800000.0,-112700000.0,1930200000.0,1930200000.0,1930200000.0,0.0,600000.0,0.174,473900000.0,2611100000.0,912400000.0,0.062,1.693,10.51,10.739,7545900000.0,0.0,47.68,1.826,1.868,751600000.0,10141300000.0,11107800000.0,11107800000.0,0.0,0.119,0.163,0.265,0.236,23400000.0,410100000.0,1.0,425461482.0,435200000.0,436500000.0,25.523,14846000000.0,288400000.0,711400000.0,850300000.0,34.113,4663400000.0
9,MOS,MRY,2011-12-31,2011-05-31,2011-05-31,2021-08-03,710200000.0,15786900000.0,14439325000.0,6684900000.0,9102000000.0,0.688,26.102,-1263200000.0,3906400000.0,3906400000.0,6816000000.0,2513500000.0,3.466,0.354,832900000.0,71600000.0,761300000.0,832900000.0,0.0,447400000.0,0.0,0.003,0.2,3272500000.0,3719900000.0,0.374,3719900000.0,3272500000.0,3267400000.0,5.64,5.62,5.64,11641600000.0,10474225000.0,11641600000.0,29170206384.0,9.0,7.842,1163500000.0,2.609,1.0,3121800000.0,0.314,1829800000.0,5100000.0,8955100000.0,8753675000.0,1266400000.0,434300000.0,0.0,434300000.0,4125000000.0,1928500000.0,2196500000.0,31635606384.0,1383400000.0,-328900000.0,20300000.0,-512100000.0,-89300000.0,-585000000.0,-572100000.0,1030000000.0,2426700000.0,113800000.0,2514600000.0,2514600000.0,2514600000.0,0.0,-1100000.0,0.253,457600000.0,2664200000.0,941100000.0,0.035,2.717,12.581,12.562,6635900000.0,0.0,70.85,3.183,3.18,926000000.0,8330600000.0,9937800000.0,9937800000.0,0.0,0.174,0.24,0.374,0.329,21100000.0,372500000.0,1.0,446515263.0,446000000.0,447500000.0,22.282,13957100000.0,284300000.0,752800000.0,652300000.0,31.294,4756400000.0
10,MOS,MRY,2010-12-31,2010-05-31,2010-05-31,2021-08-03,289400000.0,12707700000.0,12540350000.0,4974800000.0,7732900000.0,0.539,19.596,-910600000.0,2523000000.0,2523000000.0,5065800000.0,831500000.0,3.815,0.454,1343900000.0,98300000.0,1245600000.0,1343900000.0,0.0,445000000.0,0.0,0.032,1.5,1224000000.0,1669000000.0,0.247,1669000000.0,1224000000.0,1174400000.0,1.86,1.85,1.86,8722200000.0,8500875000.0,8722200000.0,19630849706.0,16.0,11.762,445400000.0,1.001,1.0,1693300000.0,0.251,1763200000.0,49600000.0,8461500000.0,8216775000.0,1002300000.0,54700000.0,0.0,54700000.0,3959300000.0,1303900000.0,2655400000.0,20563849706.0,-180200000.0,17600000.0,12500000.0,-51200000.0,-668000000.0,-710600000.0,-866300000.0,0.0,1356000000.0,40700000.0,827100000.0,827100000.0,827100000.0,0.0,4400000.0,0.122,422500000.0,1270800000.0,566700000.0,0.806,2.358,24.863,24.823,5465600000.0,0.0,46.17,3.042,3.04,614800000.0,5905300000.0,6759100000.0,6759100000.0,0.0,0.066,0.097,0.149,0.181,20200000.0,360300000.0,1.0,445394189.0,445100000.0,446600000.0,15.186,10944500000.0,421600000.0,347300000.0,535100000.0,24.589,3670900000.0
11,MOS,MRY,2009-12-31,2009-05-31,2009-05-31,2021-08-03,258600000.0,12676200000.0,12471825000.0,5307800000.0,7368400000.0,0.826,19.115,-781100000.0,2703200000.0,2703200000.0,7531300000.0,2356500000.0,3.273,0.49,1392500000.0,136000000.0,1256500000.0,1392500000.0,0.0,360500000.0,0.0,0.004,0.2,3042800000.0,3403300000.0,0.33,3403300000.0,3042800000.0,2999500000.0,5.29,5.27,5.29,8493000000.0,7947100000.0,8493000000.0,23168229945.0,8.0,6.808,461500000.0,1.039,1.0,2766700000.0,0.269,1734100000.0,43300000.0,8009600000.0,7808125000.0,1125900000.0,357800000.0,0.0,357800000.0,4161000000.0,1621800000.0,2539200000.0,24309329945.0,742500000.0,-17300000.0,11100000.0,-143400000.0,-88900000.0,-224900000.0,-81600000.0,745700000.0,1242600000.0,-193600000.0,2350200000.0,2350200000.0,2350200000.0,0.0,6300000.0,0.228,365800000.0,2400900000.0,383600000.0,0.038,2.862,10.344,10.34,4899300000.0,0.0,54.7,2.361,2.36,597600000.0,5746200000.0,10298000000.0,10298000000.0,0.0,0.188,0.296,0.39,0.295,22500000.0,321400000.0,1.0,444411882.0,444300000.0,446200000.0,23.178,10942100000.0,467700000.0,649300000.0,849000000.0,24.628,3686000000.0
12,MOS,MRY,2008-12-31,2008-05-31,2008-05-31,2021-08-03,790600000.0,11819800000.0,10356900000.0,4809500000.0,7010300000.0,0.947,15.205,-372100000.0,1960700000.0,1960700000.0,6652100000.0,2091500000.0,2.2,0.756,1551400000.0,176400000.0,1375000000.0,1551400000.0,0.0,358100000.0,0.0,0.0,0.0,2888200000.0,3246300000.0,0.331,3246300000.0,2888200000.0,2797700000.0,4.7,4.67,4.7,6731200000.0,5576275000.0,6731200000.0,56117095933.0,19.0,17.286,2174500000.0,4.912,1.0,3160500000.0,0.322,1875200000.0,90500000.0,7349200000.0,7186400000.0,1350900000.0,353800000.0,0.0,353800000.0,5088600000.0,2186100000.0,2902500000.0,55597995933.0,1540100000.0,-200000.0,109700000.0,-807200000.0,0.0,-709800000.0,-341600000.0,24600000.0,2546600000.0,44900000.0,2082800000.0,2082800000.0,2082800000.0,0.0,8700000.0,0.212,353800000.0,2806700000.0,1022100000.0,0.0,8.26,26.694,26.664,4648000000.0,0.0,125.32,5.666,5.654,1039200000.0,3485400000.0,9812600000.0,9812600000.0,0.0,0.201,0.374,0.402,0.294,18500000.0,323800000.0,1.0,443648228.0,442700000.0,445700000.0,22.165,9944600000.0,267000000.0,714900000.0,682900000.0,22.464,2623400000.0
13,MOS,MRY,2007-12-31,2007-05-31,2007-05-31,2021-08-03,458900000.0,9163600000.0,8821375000.0,1955500000.0,7208100000.0,0.655,9.634,-292100000.0,420600000.0,420600000.0,4847600000.0,419700000.0,1.2,1.19,2360500000.0,542400000.0,1818100000.0,2360500000.0,0.0,329400000.0,0.0,0.0,0.0,692700000.0,1022100000.0,0.177,1022100000.0,692700000.0,543100000.0,0.97,0.95,0.97,4183900000.0,3778100000.0,4183900000.0,17583193674.0,25.0,17.203,415800000.0,0.957,1.0,926100000.0,0.16,2283800000.0,149600000.0,7190000000.0,7360600000.0,787400000.0,384900000.0,0.0,384900000.0,4979700000.0,1629700000.0,3350000000.0,15470893674.0,247300000.0,-1400000.0,48100000.0,-79000000.0,-2600000.0,-173200000.0,-304000000.0,0.0,707900000.0,16600000.0,419700000.0,419700000.0,419700000.0,0.0,0.0,0.073,309800000.0,616300000.0,433500000.0,0.0,3.698,36.862,36.216,4449400000.0,0.0,35.13,2.68,2.642,557000000.0,1402600000.0,5773700000.0,5773700000.0,0.0,0.048,0.111,0.094,0.12,23400000.0,309800000.0,1.0,440389800.0,434300000.0,440300000.0,13.294,6879800000.0,35000000.0,123400000.0,770900000.0,15.841,325800000.0
14,MOS,MRY,2006-12-31,2006-05-31,2006-05-31,2021-08-03,299200000.0,8723000000.0,8682575000.0,1582800000.0,7140200000.0,0.611,9.238,-404400000.0,173300000.0,173300000.0,4668400000.0,-121400000.0,1.403,1.471,2610200000.0,222100000.0,2388100000.0,2610200000.0,0.0,324100000.0,0.0,0.0,0.0,37100000.0,361200000.0,0.068,361200000.0,37100000.0,-116100000.0,-0.35,-0.35,-0.35,3530800000.0,3549875000.0,3530800000.0,8559317726.0,231.0,23.697,-110000000.0,-0.288,1.0,637400000.0,0.12,2347100000.0,153200000.0,7684300000.0,7730975000.0,760900000.0,318900000.0,0.0,318900000.0,5192200000.0,1128500000.0,4063700000.0,6064717726.0,-71700000.0,44000000.0,28900000.0,-6000000.0,-10300000.0,6300000.0,-359200000.0,0.0,294400000.0,-13200000.0,-121400000.0,-132500000.0,-132500000.0,0.0,0.0,-0.025,535500000.0,101900000.0,389200000.0,0.0,1.718,-45.771,-44.457,4416600000.0,11100000.0,15.56,1.143,1.121,508200000.0,982900000.0,5305800000.0,5305800000.0,0.0,-0.015,-0.037,0.005,0.007,8100000.0,241300000.0,1.0,389763350.0,382200000.0,382200000.0,13.882,6375900000.0,50500000.0,5300000.0,772900000.0,16.682,454300000.0
15,MOS,MRY,2005-12-31,2005-05-31,2005-05-31,2021-08-03,-72000000.0,8411500000.0,5141000000.0,1728300000.0,6683200000.0,0.855,9.803,-255200000.0,245000000.0,245000000.0,3871200000.0,165600000.0,1.499,1.618,2668600000.0,204900000.0,2463700000.0,2668600000.0,0.0,219300000.0,0.0,0.0,0.0,376600000.0,595900000.0,0.136,595900000.0,376600000.0,265900000.0,0.48,0.46,0.48,3213500000.0,2027950000.0,3213500000.0,7574964716.0,20.0,12.712,76700000.0,0.234,1.0,525500000.0,0.12,2160300000.0,110700000.0,7522200000.0,4584850000.0,753400000.0,331400000.0,0.0,331400000.0,5198000000.0,1152600000.0,4045400000.0,5030964716.0,234900000.0,33200000.0,26400000.0,106500000.0,-9600000.0,108100000.0,-215100000.0,0.0,331900000.0,10000000.0,167600000.0,161300000.0,161300000.0,0.0,-2000000.0,0.037,207000000.0,318500000.0,462700000.0,0.0,1.566,31.19,27.25,4121400000.0,6300000.0,13.08,1.144,0.975,654000000.0,1115400000.0,4396700000.0,4396700000.0,0.0,0.031,0.08,0.082,0.086,2100000.0,207000000.0,1.0,384630330.0,327800000.0,360400000.0,13.413,6251200000.0,2200000.0,98300000.0,797200000.0,19.07,575700000.0
16,MOS,MRY,2004-12-31,2004-05-31,2004-05-31,2021-08-03,-113700000.0,1870500000.0,,668500000.0,1202000000.0,,3.362,-162100000.0,10100000.0,10100000.0,2196400000.0,72300000.0,1.459,1.22,245300000.0,212700000.0,32600000.0,245300000.0,26500000.0,104600000.0,0.0,0.003,0.04,103700000.0,208300000.0,0.088,208300000.0,103700000.0,74500000.0,0.29,0.29,0.29,842400000.0,,842400000.0,3541644969.0,34.0,17.003,-40600000.0,-0.162,1.0,177600000.0,0.075,0.0,29200000.0,1647500000.0,,358000000.0,286400000.0,100000.0,286300000.0,1028100000.0,458200000.0,569900000.0,1441944969.0,2300000.0,-56500000.0,0.0,-29000000.0,0.0,95800000.0,-214800000.0,0.0,121500000.0,-200000.0,72300000.0,72300000.0,72300000.0,0.0,0.0,0.03,100800000.0,76800000.0,111300000.0,0.138,1.712,19.944,42.931,892100000.0,0.0,12.45,0.607,1.314,232300000.0,956100000.0,2374000000.0,2374000000.0,0.0,,,,0.044,0.0,100100000.0,1.0,115818873.0,250600000.0,250600000.0,9.473,1870500000.0,15000000.0,2200000.0,112000000.0,7.464,210300000.0
17,MOS,MRY,2003-12-31,2003-05-31,2003-05-31,2021-08-03,,,,,,,,-114800000.0,,,1503500000.0,53900000.0,,,,,,,,87800000.0,,0.002,0.02,98900000.0,186700000.0,0.112,186700000.0,98900000.0,57700000.0,0.22,0.22,0.22,,,,3173438956.0,32.0,16.998,-83300000.0,-0.332,1.0,159200000.0,0.096,,41200000.0,,,,,,,,,,1006338956.0,-1200000.0,-130100000.0,0.0,76400000.0,0.0,197400000.0,-245200000.0,0.0,31500000.0,6900000.0,53900000.0,53900000.0,53900000.0,-500000.0,0.0,0.032,86800000.0,72400000.0,,0.091,,18.67,39.727,,0.0,8.74,0.605,1.317,,,1662700000.0,1662700000.0,0.0,,,,0.059,0.0,87600000.0,1.0,115141757.0,250600000.0,250600000.0,6.635,,,3800000.0,,,
18,MOS,MRY,2002-12-31,2002-12-31,2002-12-31,2021-08-03,-146400000.0,3711000000.0,3753550000.0,773900000.0,2937100000.0,0.548,3.418,-140000000.0,123200000.0,123200000.0,1794300000.0,-110200000.0,1.473,8.474,2271500000.0,106200000.0,2165300000.0,2271500000.0,0.0,165300000.0,0.0,0.0,0.0,93800000.0,259100000.0,0.126,259100000.0,93800000.0,-80400000.0,-0.97,-0.97,-0.97,391700000.0,499725000.0,391700000.0,3282689311.0,35.0,12.67,-130400000.0,-1.138,1.0,263100000.0,0.128,319000000.0,174200000.0,5014900000.0,5040875000.0,349100000.0,0.0,0.0,0.0,3319300000.0,525400000.0,2793900000.0,1226689311.0,-231000000.0,-8100000.0,-11600000.0,-324400000.0,-9200000.0,-79500000.0,-161100000.0,0.0,9600000.0,0.0,-110200000.0,-110200000.0,-110200000.0,96400000.0,0.0,-0.054,82700000.0,180400000.0,154800000.0,0.0,3.132,-11.131,-11.0,2300700000.0,0.0,10.67,0.596,0.594,179000000.0,-984700000.0,2057400000.0,2057400000.0,0.0,-0.029,-0.221,0.019,0.046,0.0,80700000.0,1.0,114966196.0,114600000.0,114600000.0,17.953,3392000000.0,11600000.0,29800000.0,57600000.0,29.599,248500000.0
19,MOS,MRY,2001-12-31,2001-12-31,2001-12-31,2021-08-03,-117100000.0,4248900000.0,4290525000.0,1153200000.0,3095700000.0,0.457,4.722,-123100000.0,622700000.0,622700000.0,1768700000.0,-66500000.0,1.491,6.858,2596900000.0,380800000.0,2216100000.0,2596900000.0,0.0,157200000.0,0.0,0.0,0.0,75400000.0,232600000.0,0.119,232600000.0,75400000.0,-76900000.0,-0.57,-0.57,-0.57,540700000.0,584725000.0,540700000.0,4121739455.0,55.0,17.72,-246600000.0,-2.154,1.0,190000000.0,0.097,319000000.0,152300000.0,5130900000.0,6031925000.0,292300000.0,0.0,0.0,0.0,3708200000.0,773200000.0,2935000000.0,1493739455.0,164200000.0,625800000.0,0.0,212800000.0,-17500000.0,-215000000.0,502700000.0,0.0,-123500000.0,0.0,-66500000.0,-66500000.0,-66500000.0,0.0,0.0,-0.034,94300000.0,95700000.0,150300000.0,0.0,2.763,-22.462,-22.807,2308600000.0,0.0,13.0,0.763,0.76,217600000.0,-865300000.0,1958700000.0,1958700000.0,0.0,-0.015,-0.114,0.013,0.038,0.0,81800000.0,1.0,114903035.0,114500000.0,114500000.0,17.107,3929900000.0,14100000.0,-10400000.0,176300000.0,34.322,380000000.0
20,MOS,MRY,2000-12-31,2000-12-31,2000-12-31,2021-08-03,-58600000.0,4261600000.0,4799400000.0,592900000.0,3668700000.0,0.437,5.904,-118100000.0,84500000.0,84500000.0,1767200000.0,-345000000.0,0.94,5.31,2360600000.0,217500000.0,2143100000.0,2360600000.0,0.0,171600000.0,0.0,0.0,0.0,-185600000.0,-14000000.0,-0.007,-14000000.0,-185600000.0,-298200000.0,-3.0,-3.0,-3.0,675400000.0,1004375000.0,675400000.0,4031352305.0,-22.0,-287.954,245300000.0,2.144,1.0,328700000.0,0.157,0.0,112600000.0,5907200000.0,6596875000.0,332600000.0,0.0,0.0,0.0,3586200000.0,630500000.0,2955700000.0,1786252305.0,3700000.0,0.0,0.0,-188000000.0,-26300000.0,-246000000.0,-113700000.0,0.0,363400000.0,0.0,-345000000.0,-345000000.0,-345000000.0,429300000.0,0.0,-0.165,101500000.0,227200000.0,201300000.0,0.0,2.645,-5.178,-5.187,2345800000.0,0.0,15.56,0.852,0.849,82500000.0,-790000000.0,2095900000.0,2095900000.0,0.0,-0.072,-0.343,-0.028,-0.089,0.0,102700000.0,1.0,114797706.0,114400000.0,114800000.0,18.321,4261600000.0,84400000.0,46800000.0,291600000.0,37.252,-37600000.0
21,MOS,MRY,1999-12-31,1999-12-31,1999-12-31,2021-08-03,-37300000.0,5195900000.0,5879675000.0,927900000.0,4268000000.0,0.388,9.433,-248400000.0,80800000.0,80800000.0,1843500000.0,-773300000.0,1.89,3.811,2548600000.0,29900000.0,2518700000.0,2548600000.0,0.0,232500000.0,0.0,0.0,0.0,-520600000.0,-288100000.0,-0.126,-288100000.0,-520600000.0,-632000000.0,-6.75,-6.75,-6.75,1080100000.0,1742900000.0,1080100000.0,4363680369.0,-8.0,-15.146,210000000.0,1.834,1.0,439400000.0,0.192,0.0,111400000.0,7172800000.0,7907700000.0,439600000.0,0.0,0.0,0.0,4115800000.0,490900000.0,3624900000.0,1875180369.0,-29800000.0,295900000.0,0.0,-501600000.0,-36600000.0,-557300000.0,69100000.0,0.0,458400000.0,0.0,-773300000.0,-773300000.0,-773300000.0,234200000.0,0.0,-0.339,723100000.0,-283700000.0,200900000.0,0.0,1.736,-2.425,-2.427,3250700000.0,0.0,16.38,0.821,0.822,254200000.0,-411100000.0,2282900000.0,2282900000.0,0.0,-0.132,-0.444,-0.066,-0.228,0.0,127800000.0,1.0,114479876.0,114500000.0,114500000.0,19.938,5195900000.0,135300000.0,141300000.0,589600000.0,45.379,437000000.0
22,MOS,MRY,1998-12-31,1998-12-31,1998-12-31,2021-08-03,-66300000.0,6456900000.0,6195225000.0,1482600000.0,4974300000.0,0.388,16.291,-361200000.0,110600000.0,110600000.0,1768600000.0,-9000000.0,1.638,2.471,3047000000.0,408300000.0,2638700000.0,3047000000.0,0.0,251700000.0,0.0,0.0,0.0,195600000.0,447300000.0,0.186,447300000.0,195600000.0,90900000.0,-0.08,-0.08,-0.08,1860400000.0,1981375000.0,1860400000.0,5320710613.0,27.0,11.895,-92100000.0,-0.806,1.0,635000000.0,0.264,0.0,104700000.0,8488200000.0,7432475000.0,580600000.0,0.0,0.0,0.0,4596500000.0,905100000.0,3691400000.0,2444410613.0,900000.0,-348500000.0,0.0,544800000.0,-36600000.0,441500000.0,-709700000.0,0.0,269100000.0,0.0,-9000000.0,-9000000.0,-9000000.0,141800000.0,0.0,-0.004,285300000.0,349700000.0,255900000.0,0.0,1.314,-271.601,-267.25,3697400000.0,0.0,21.38,1.017,1.016,421500000.0,400600000.0,2403600000.0,2403600000.0,0.0,-0.001,-0.005,0.026,0.081,0.0,123000000.0,1.0,114331647.0,114200000.0,114800000.0,21.047,6456900000.0,91100000.0,99900000.0,566600000.0,56.54,577500000.0
23,MOS,MRY,1997-12-31,1997-12-31,1997-12-31,2021-08-03,-30800000.0,4673900000.0,4079550000.0,1062200000.0,3611700000.0,0.519,20.593,-235200000.0,109700000.0,109700000.0,1541100000.0,62900000.0,1.578,1.415,1424100000.0,188900000.0,1235200000.0,1424100000.0,0.0,183200000.0,0.0,0.0,0.0,133500000.0,316700000.0,0.15,316700000.0,133500000.0,93300000.0,0.67,0.67,0.67,1935700000.0,1630950000.0,1935700000.0,,,,328200000.0,3.491,1.0,574900000.0,0.272,0.0,40200000.0,5315200000.0,4549000000.0,592800000.0,0.0,0.0,0.0,2738200000.0,673100000.0,2065100000.0,3735093320.0,46400000.0,-91400000.0,-182000000.0,167700000.0,-29700000.0,-190400000.0,-326600000.0,0.0,563400000.0,0.0,62900000.0,62900000.0,62900000.0,-18000000.0,0.0,0.03,315500000.0,259400000.0,253300000.0,0.0,1.93,59.381,48.881,2506000000.0,0.0,32.75,1.765,1.455,288100000.0,446200000.0,2116000000.0,2116000000.0,0.0,0.015,0.039,0.029,0.063,0.0,131800000.0,1.0,114048651.0,94000000.0,94700000.0,22.511,4673900000.0,54200000.0,30400000.0,389700000.0,49.722,389100000.0
24,MOS,MRY,1996-12-31,1996-12-31,1996-12-31,2021-08-03,-17200000.0,3485200000.0,,933600000.0,2551600000.0,,14.306,-196600000.0,63300000.0,63300000.0,1547000000.0,127100000.0,2.66,1.628,711900000.0,55100000.0,656800000.0,711900000.0,0.0,171000000.0,0.0,0.0,0.0,252000000.0,423000000.0,0.197,423000000.0,252000000.0,208400000.0,1.37,1.31,1.37,1326200000.0,,1326200000.0,,,,290100000.0,3.129,1.0,596300000.0,0.278,0.0,43600000.0,3782800000.0,,571500000.0,0.0,0.0,0.0,2159000000.0,351000000.0,1808000000.0,,-72300000.0,-7100000.0,18000000.0,-73000000.0,-34500000.0,-355300000.0,-203700000.0,0.0,486700000.0,0.0,127100000.0,127100000.0,127100000.0,-13500000.0,0.0,0.059,169900000.0,426400000.0,183900000.0,0.0,,,28.555,2381400000.0,0.0,39.12,,1.692,226800000.0,413000000.0,2143300000.0,2143300000.0,0.0,,,,0.118,0.0,132600000.0,1.0,,92700000.0,97000000.0,23.121,3485200000.0,55300000.0,81300000.0,323700000.0,37.597,582600000.0
25,MOS,MRY,1995-12-31,1995-12-31,1995-12-31,2021-08-03,,,,,,,,-145200000.0,,,2161700000.0,215500000.0,,,,,,,,166400000.0,,0.0,0.0,414700000.0,581100000.0,0.198,581100000.0,414700000.0,344900000.0,2.37,2.3,2.37,,,,,,,368600000.0,4.051,1.0,778700000.0,0.265,,69800000.0,,,,,,,,,,,53100000.0,-203800000.0,14200000.0,119500000.0,-33200000.0,-111700000.0,-349000000.0,0.0,513800000.0,0.0,215500000.0,215500000.0,215500000.0,0.0,0.0,0.073,212100000.0,566600000.0,,0.0,,,17.194,,0.0,40.75,,1.261,,,2940400000.0,2940400000.0,0.0,,,,0.141,0.0,212100000.0,1.0,,91000000.0,95500000.0,32.312,,,129400000.0,,,
0,MOS,MRQ,2021-06-30,2021-06-30,2021-06-30,2021-08-03,-1624300000.0,21473500000.0,,4987600000.0,16485900000.0,,27.22,-297200000.0,1417600000.0,1417600000.0,2048400000.0,438800000.0,1.205,1.06,4462900000.0,495000000.0,3967900000.0,4462900000.0,0.0,203500000.0,0.0,0.007,0.075,590400000.0,793900000.0,0.283,793900000.0,590400000.0,553100000.0,1.15,1.14,1.15,10338000000.0,,10338000000.0,15911558017.0,12.0,7.408,717900000.0,1.89,1.0,752300000.0,0.269,1201300000.0,37300000.0,19179600000.0,,2194400000.0,668700000.0,0.0,668700000.0,10957900000.0,4137900000.0,6820000000.0,12118958017.0,731100000.0,0.0,0.0,1900000.0,-28600000.0,-82100000.0,-271100000.0,-1500000.0,1015100000.0,69200000.0,437200000.0,437200000.0,437200000.0,0.0,1600000.0,0.156,110200000.0,642100000.0,924800000.0,0.065,1.172,8.561,8.555,12062800000.0,0.0,31.91,1.22,1.22,930500000.0,11075900000.0,2800700000.0,2800700000.0,0.0,,,,,4300000.0,107600000.0,1.0,379785585.0,379800000.0,383300000.0,7.374,20272200000.0,1169400000.0,115900000.0,1073500000.0,53.376,849700000.0
1,MOS,MRQ,2021-03-31,2021-03-31,2021-03-31,2021-08-03,-1923500000.0,19902100000.0,,3727300000.0,16174800000.0,,25.38,-288600000.0,692000000.0,692000000.0,1862200000.0,158200000.0,1.111,1.05,4484600000.0,513800000.0,3970800000.0,4484600000.0,0.0,209100000.0,0.0,0.006,0.05,261400000.0,470500000.0,0.205,470500000.0,261400000.0,216400000.0,0.41,0.41,0.41,9624200000.0,,9624200000.0,15987240541.0,19.0,9.611,30200000.0,0.08,1.0,434900000.0,0.189,1180000000.0,45000000.0,19159700000.0,,1860700000.0,673900000.0,0.0,673900000.0,10105100000.0,3355000000.0,6750100000.0,11983140541.0,111900000.0,0.0,0.0,54200000.0,-18900000.0,121700000.0,-308500000.0,-12900000.0,318800000.0,-20100000.0,156700000.0,156700000.0,156700000.0,0.0,1500000.0,0.068,121700000.0,313200000.0,762300000.0,0.122,1.245,11.682,11.664,11798900000.0,0.0,31.61,1.305,1.306,851600000.0,10667700000.0,2297100000.0,2297100000.0,0.0,,,,,14900000.0,101700000.0,1.0,379093342.0,379200000.0,382800000.0,6.058,18722100000.0,1175200000.0,59700000.0,1072100000.0,49.373,372300000.0
2,MOS,MRQ,2020-12-31,2020-12-31,2020-12-31,2021-08-03,-1806200000.0,19789800000.0,,3521200000.0,16268600000.0,,25.281,-384800000.0,574000000.0,574000000.0,2046000000.0,828300000.0,1.119,1.047,4578100000.0,504300000.0,4073800000.0,4578100000.0,0.0,208500000.0,0.0,0.009,0.05,394200000.0,602700000.0,0.245,602700000.0,394200000.0,347000000.0,2.19,2.18,2.19,9581400000.0,,9581400000.0,12593161199.0,47.0,11.286,-146400000.0,-0.386,1.0,411400000.0,0.167,1173000000.0,47200000.0,19474400000.0,,1739200000.0,673100000.0,0.0,673100000.0,10034600000.0,3146500000.0,6888100000.0,8722861199.0,-350700000.0,0.0,0.0,-213800000.0,-19000000.0,-232900000.0,-394800000.0,-7200000.0,238400000.0,38600000.0,827900000.0,827900000.0,827900000.0,0.0,400000.0,0.337,116600000.0,294800000.0,769100000.0,0.023,0.91,13.095,13.074,11854300000.0,0.0,23.01,1.005,1.005,881100000.0,10511000000.0,2457400000.0,2457400000.0,0.0,,,,,12600000.0,110900000.0,1.0,379090013.0,379000000.0,388200000.0,6.484,18616800000.0,1179400000.0,-480900000.0,1060800000.0,49.121,374700000.0
3,MOS,MRQ,2020-09-30,2020-09-30,2020-09-30,2021-08-03,-2053800000.0,18851600000.0,,3748800000.0,15102800000.0,,22.508,-265100000.0,923000000.0,923000000.0,2026400000.0,-4600000.0,1.308,1.189,4793300000.0,273800000.0,4519500000.0,4793300000.0,0.0,205900000.0,0.0,0.011,0.05,74900000.0,280800000.0,0.118,280800000.0,74900000.0,31900000.0,-0.02,-0.02,-0.02,8532800000.0,,8532800000.0,11049774538.0,-9.0,-26.505,75500000.0,0.199,1.0,355100000.0,0.149,1125000000.0,43000000.0,18731200000.0,,1681300000.0,683500000.0,0.0,683500000.0,10147400000.0,2865700000.0,7281700000.0,6925974538.0,-146500000.0,0.0,0.0,-194400000.0,-18900000.0,-218500000.0,-267100000.0,-1300000.0,340600000.0,-1500000.0,-6200000.0,-6200000.0,-6200000.0,0.0,1600000.0,-0.003,256600000.0,98500000.0,736700000.0,-2.5,0.812,-6.396,-6.456,11318200000.0,0.0,18.27,0.834,0.834,794600000.0,9721600000.0,2381500000.0,2381500000.0,0.0,,,,,7100000.0,97600000.0,1.0,379090013.0,379100000.0,379100000.0,6.282,17726600000.0,657000000.0,38100000.0,1030500000.0,46.76,883100000.0
4,MOS,MRQ,2020-06-30,2020-06-30,2020-06-30,2021-08-03,-2113200000.0,19020600000.0,,4055600000.0,14965000000.0,,22.403,-257200000.0,1073300000.0,1073300000.0,1787700000.0,45900000.0,1.303,1.219,5197100000.0,669200000.0,4527900000.0,5197100000.0,0.0,215400000.0,0.0,0.016,0.05,94000000.0,309400000.0,0.151,309400000.0,94000000.0,44700000.0,0.13,0.12,0.13,8493000000.0,,8493000000.0,9252446342.0,-7.0,-22.103,556500000.0,1.468,1.0,257000000.0,0.126,1107600000.0,49300000.0,18923900000.0,,1954000000.0,713800000.0,0.0,713800000.0,10356900000.0,3112900000.0,7244000000.0,4741546342.0,9700000.0,0.0,0.0,-511500000.0,-19000000.0,-530700000.0,-257900000.0,-1300000.0,813700000.0,-15400000.0,47400000.0,47400000.0,47400000.0,0.0,-1500000.0,0.023,171200000.0,85800000.0,811900000.0,0.385,0.558,-4.231,-4.284,11153300000.0,0.0,12.51,0.547,0.547,689600000.0,9747000000.0,2044700000.0,2044700000.0,0.0,,,,,8200000.0,95100000.0,1.0,379020491.0,379100000.0,381300000.0,5.394,17913000000.0,664500000.0,-2700000.0,1054700000.0,47.251,942700000.0
5,MOS,MRQ,2020-03-31,2020-03-31,2020-03-31,2021-08-03,-2184000000.0,18975500000.0,,4221100000.0,14754400000.0,,22.139,-263500000.0,1069200000.0,1069200000.0,1756700000.0,-204000000.0,1.291,1.242,5580100000.0,1054900000.0,4525200000.0,5580100000.0,0.0,217800000.0,0.0,0.018,0.05,-294900000.0,-77100000.0,-0.043,-77100000.0,-294900000.0,-336000000.0,-0.54,-0.54,-0.54,8386200000.0,,8386200000.0,8193431262.0,-5.0,-10.982,-73600000.0,-0.194,1.0,41400000.0,0.023,1077000000.0,41100000.0,19140400000.0,,1930900000.0,742300000.0,0.0,742300000.0,10415600000.0,3269000000.0,7146600000.0,4098231262.0,549600000.0,0.0,0.0,717300000.0,-18900000.0,698300000.0,-269700000.0,-6100000.0,189900000.0,-68900000.0,-203000000.0,-203000000.0,-203000000.0,0.0,-1000000.0,-0.113,107600000.0,-66200000.0,691700000.0,-0.093,0.489,-2.925,-2.964,10989600000.0,0.0,10.82,0.465,0.466,723000000.0,9718700000.0,1798100000.0,1798100000.0,0.0,,,,,-10100000.0,67900000.0,1.0,378764442.0,378800000.0,378800000.0,4.747,17898500000.0,606300000.0,-133000000.0,977000000.0,47.251,952100000.0
6,MOS,MRQ,2019-12-31,2019-12-31,2019-12-31,2021-08-03,-1598200000.0,19298500000.0,,3718200000.0,15580300000.0,,24.255,-341100000.0,519100000.0,519100000.0,1995600000.0,-950400000.0,1.435,1.081,4614300000.0,88800000.0,4525500000.0,4614300000.0,0.0,233100000.0,0.0,0.008,0.05,-1163100000.0,-930000000.0,-0.448,-930000000.0,-1163100000.0,-1209800000.0,-2.4,-2.4,-2.4,9185500000.0,,9185500000.0,12219423768.0,-11.0,-53.949,-63500000.0,-0.168,1.0,80700000.0,0.039,1156900000.0,46700000.0,19645100000.0,,2076400000.0,763600000.0,0.0,763600000.0,9930900000.0,2591700000.0,7339200000.0,8196423768.0,-126200000.0,4000000.0,-32800000.0,-13800000.0,-19000000.0,-65900000.0,-346800000.0,-9200000.0,277600000.0,8900000.0,-921000000.0,-921000000.0,-921000000.0,0.0,-29400000.0,-0.444,1275300000.0,-1194600000.0,680400000.0,-0.021,0.892,-7.679,-7.784,11690000000.0,0.0,21.64,0.92,0.933,803900000.0,9921500000.0,2076300000.0,2076300000.0,0.0,,,,,2900000.0,104300000.0,1.0,378762651.0,378700000.0,378700000.0,5.483,18141600000.0,515400000.0,-288800000.0,1040700000.0,47.905,1126500000.0
7,MOS,MRQ,2019-09-30,2019-09-30,2019-09-30,2021-08-03,-1665400000.0,20440100000.0,,4125300000.0,16314800000.0,,26.235,-322300000.0,641100000.0,641100000.0,2473500000.0,-40000000.0,1.514,1.003,4664100000.0,130900000.0,4533200000.0,4664100000.0,0.0,210800000.0,0.0,0.007,0.05,68300000.0,279100000.0,0.101,279100000.0,68300000.0,25100000.0,-0.11,-0.11,-0.11,10100400000.0,,10100400000.0,12187882048.0,53.0,10.938,163700000.0,0.425,1.0,279900000.0,0.102,1731800000.0,43200000.0,20006800000.0,,2294300000.0,787500000.0,0.0,787500000.0,10128900000.0,2724500000.0,7404400000.0,7910282048.0,240500000.0,0.0,-117100000.0,241700000.0,-19300000.0,105200000.0,-326500000.0,-5200000.0,486000000.0,-24200000.0,-44100000.0,-44100000.0,-44100000.0,0.0,4100000.0,-0.016,140400000.0,139500000.0,766100000.0,-0.455,0.783,-231.973,-256.25,11943400000.0,0.0,20.5,0.846,0.844,801400000.0,10880700000.0,2753400000.0,2753400000.0,0.0,,,,,2900000.0,78200000.0,1.0,385867417.0,385000000.0,385000000.0,7.152,18708300000.0,371400000.0,69200000.0,1150800000.0,48.593,1400800000.0
8,MOS,MRQ,2019-06-30,2019-06-30,2019-06-30,2021-08-03,-1477900000.0,20643900000.0,,4228800000.0,16415100000.0,,27.146,-294900000.0,401900000.0,401900000.0,1949700000.0,-230300000.0,1.674,0.951,4679500000.0,137300000.0,4542200000.0,4679500000.0,0.0,220700000.0,0.0,0.005,0.05,-238800000.0,-18100000.0,-0.008,-18100000.0,-238800000.0,-284800000.0,-0.6,-0.6,-0.6,10473000000.0,,10473000000.0,14012980048.0,26.0,9.808,212400000.0,0.551,1.0,227200000.0,0.104,1745200000.0,46000000.0,20649400000.0,,2713900000.0,812400000.0,0.0,812400000.0,9961600000.0,2526900000.0,7434700000.0,9656280048.0,15600000.0,-55100000.0,0.0,-124300000.0,-19300000.0,-143800000.0,-358700000.0,-7800000.0,507300000.0,10800000.0,-233100000.0,-233100000.0,-233100000.0,0.0,2800000.0,-0.107,469100000.0,-241900000.0,808600000.0,-0.083,0.922,37.5,37.358,11982900000.0,0.0,25.03,1.014,1.014,711700000.0,10944200000.0,2176900000.0,2176900000.0,0.0,,,,,6800000.0,78100000.0,1.0,385788256.0,385800000.0,385800000.0,5.643,18898700000.0,389100000.0,-51700000.0,1146800000.0,48.986,1701900000.0
9,MOS,MRQ,2019-03-31,2019-03-31,2019-03-31,2021-08-03,-1595600000.0,20445300000.0,,4146300000.0,16299000000.0,,27.5,-313900000.0,384600000.0,384600000.0,1590200000.0,129900000.0,1.73,0.909,4741300000.0,208300000.0,4533000000.0,4741300000.0,0.0,218100000.0,0.0,0.004,0.025,224400000.0,442500000.0,0.233,442500000.0,224400000.0,177400000.0,0.34,0.34,0.34,10601200000.0,,10601200000.0,14208499328.0,16.0,7.981,-489400000.0,-1.27,1.0,309500000.0,0.163,1726800000.0,47000000.0,20678000000.0,,2572100000.0,823300000.0,0.0,823300000.0,9637800000.0,2397200000.0,7240600000.0,10527199328.0,-468600000.0,0.0,0.0,32000000.0,-9600000.0,22300000.0,-328900000.0,-15300000.0,-175500000.0,13500000.0,130800000.0,130800000.0,130800000.0,0.0,-900000.0,0.069,107400000.0,202100000.0,781600000.0,0.074,0.993,18.849,18.834,11942700000.0,0.0,27.31,1.102,1.102,792000000.0,11196800000.0,1899700000.0,1899700000.0,0.0,,,,,15300000.0,93500000.0,1.0,385470499.0,385500000.0,387400000.0,4.928,18718500000.0,345900000.0,46600000.0,1122400000.0,48.556,1749100000.0
10,MOS,MRQ,2018-12-31,2018-12-31,2018-12-31,2021-08-03,-1657100000.0,20119200000.0,,4237000000.0,15882200000.0,,26.957,-298400000.0,847700000.0,847700000.0,2054300000.0,112000000.0,1.706,0.915,4529000000.0,37500000.0,4491500000.0,4529000000.0,0.0,235100000.0,0.0,0.003,0.025,175700000.0,410800000.0,0.163,410800000.0,175700000.0,145000000.0,0.29,0.29,0.29,10397300000.0,,10397300000.0,14839681183.0,21.0,9.292,-148400000.0,-0.385,1.0,466200000.0,0.185,1707500000.0,30700000.0,19609300000.0,,2270200000.0,826600000.0,0.0,826600000.0,9514500000.0,2483700000.0,7030800000.0,11259581183.0,-179900000.0,16200000.0,0.0,-30700000.0,-9600000.0,-45200000.0,-283800000.0,-100000.0,150000000.0,-900000.0,112300000.0,112300000.0,112300000.0,0.0,-300000.0,0.045,208200000.0,258000000.0,780900000.0,0.086,1.083,23.957,23.943,11746500000.0,0.0,29.21,1.174,1.172,838500000.0,11064700000.0,2520500000.0,2520500000.0,0.0,,,,,1800000.0,89700000.0,1.0,385470085.0,385700000.0,387300000.0,6.535,18411700000.0,343800000.0,32700000.0,1080600000.0,47.736,1753300000.0
11,MOS,MRQ,2018-09-30,2018-09-30,2018-09-30,2021-08-03,-1517700000.0,20414700000.0,,4178000000.0,16236700000.0,,27.086,-231700000.0,1029900000.0,1029900000.0,2432600000.0,249700000.0,1.67,0.935,4610000000.0,86900000.0,4523100000.0,4610000000.0,0.0,214500000.0,0.0,0.003,0.025,379000000.0,593500000.0,0.203,593500000.0,379000000.0,338100000.0,0.64,0.64,0.64,10441600000.0,,10441600000.0,16502272007.0,26.0,11.325,292100000.0,0.758,1.0,495500000.0,0.169,1753000000.0,40900000.0,19739400000.0,,1957100000.0,828500000.0,0.0,828500000.0,9761400000.0,2502400000.0,7259000000.0,12519672007.0,-27600000.0,0.0,0.0,-286600000.0,-9700000.0,-296400000.0,-243800000.0,-7400000.0,523800000.0,-11200000.0,247500000.0,247500000.0,247500000.0,0.0,2200000.0,0.085,102200000.0,393300000.0,839300000.0,0.039,1.199,-170.568,-108.267,11891600000.0,0.0,32.48,1.367,1.367,834900000.0,10971700000.0,2928100000.0,2928100000.0,0.0,,,,,3000000.0,78500000.0,1.0,385457882.0,385500000.0,387500000.0,7.596,18661700000.0,307700000.0,90600000.0,1195300000.0,48.409,1675600000.0
12,MOS,MRQ,2018-06-30,2018-06-30,2018-06-30,2021-08-03,-1523200000.0,20398000000.0,,4170400000.0,16227600000.0,,26.457,-201100000.0,1035300000.0,1035300000.0,1910400000.0,68100000.0,1.607,0.979,5017900000.0,281400000.0,4736500000.0,5017900000.0,0.0,216800000.0,0.0,0.008,0.025,116700000.0,333500000.0,0.151,333500000.0,116700000.0,71600000.0,0.18,0.18,0.18,10196400000.0,,10196400000.0,15297233021.0,28.0,11.644,605900000.0,1.572,1.0,294600000.0,0.134,1738000000.0,45100000.0,20047700000.0,,2168300000.0,837800000.0,0.0,837800000.0,9982300000.0,2594900000.0,7387400000.0,10810933021.0,375400000.0,4400000.0,0.0,-160100000.0,-9600000.0,-169900000.0,-196700000.0,-6500000.0,807000000.0,-65000000.0,67900000.0,67900000.0,67900000.0,0.0,200000.0,0.031,100700000.0,193900000.0,774800000.0,0.139,1.06,-115.749,-96.724,11559600000.0,0.0,28.05,1.316,1.316,624900000.0,10734100000.0,2205000000.0,2205000000.0,0.0,,,,,7000000.0,79300000.0,1.0,385416507.0,385400000.0,387200000.0,5.721,18660000000.0,515700000.0,3700000.0,1163600000.0,48.417,1575500000.0
13,MOS,MRQ,2018-03-31,2018-03-31,2018-03-31,2021-08-03,-1201600000.0,20452300000.0,,3841400000.0,16610900000.0,,27.326,-223300000.0,659400000.0,659400000.0,1691600000.0,40100000.0,1.73,0.935,5145700000.0,322600000.0,4823100000.0,5145700000.0,0.0,217500000.0,0.0,0.014,0.025,41800000.0,259300000.0,0.134,259300000.0,41800000.0,-7600000.0,0.11,0.11,0.11,10455000000.0,,10455000000.0,12427492694.0,23.0,9.885,-294300000.0,-0.769,1.0,242100000.0,0.125,1760600000.0,49400000.0,20957500000.0,,2059000000.0,836300000.0,0.0,836300000.0,9772600000.0,2220500000.0,7552100000.0,9353292694.0,-1491300000.0,-993300000.0,0.0,-203500000.0,-9600000.0,-213300000.0,-1220400000.0,-1700000.0,-71000000.0,13400000.0,42300000.0,42300000.0,42300000.0,0.0,-2200000.0,0.022,167000000.0,75100000.0,679400000.0,0.227,0.895,-146.145,-127.789,11865300000.0,0.0,24.28,1.205,1.196,708400000.0,10675600000.0,1933700000.0,1933700000.0,0.0,,,,,15700000.0,93600000.0,1.0,385226223.0,382600000.0,384100000.0,5.054,18691700000.0,495900000.0,-49900000.0,1178500000.0,48.854,1620900000.0
14,MOS,MRQ,2017-12-31,2017-12-31,2017-12-31,2021-08-03,-1061600000.0,18633400000.0,,4616500000.0,14016900000.0,,27.408,-299300000.0,2153500000.0,2153500000.0,1811800000.0,-429800000.0,2.273,0.935,5227700000.0,349600000.0,4878100000.0,5227700000.0,0.0,172000000.0,0.0,0.023,0.025,98800000.0,270800000.0,0.129,270800000.0,98800000.0,59100000.0,-1.23,-1.23,-1.23,9617500000.0,,9617500000.0,12237333993.0,23.0,10.272,111900000.0,0.319,1.0,280100000.0,0.134,1693600000.0,39700000.0,17982900000.0,,1547200000.0,1089500000.0,0.0,1089500000.0,8994300000.0,2031100000.0,6963200000.0,9007933993.0,1468000000.0,298900000.0,0.0,1096900000.0,-8800000.0,1089600000.0,-24500000.0,-5600000.0,411200000.0,-8300000.0,-431100000.0,-431100000.0,-431100000.0,0.0,1300000.0,-0.206,153000000.0,127100000.0,540900000.0,-0.02,0.937,-84.029,-82.774,9711700000.0,0.0,25.66,1.216,1.215,642600000.0,10631100000.0,2091900000.0,2091900000.0,0.0,,,,,3500000.0,83100000.0,1.0,351049649.0,350900000.0,347900000.0,5.962,16939800000.0,254600000.0,490200000.0,1117300000.0,48.275,2585400000.0
15,MOS,MRQ,2017-09-30,2017-09-30,2017-09-30,2021-08-03,-1008900000.0,17803100000.0,,3375500000.0,14427600000.0,,28.807,-128500000.0,685700000.0,685700000.0,1744000000.0,229600000.0,1.779,0.756,3915100000.0,192800000.0,3722300000.0,3915100000.0,0.0,168800000.0,0.0,0.039,0.15,281300000.0,450100000.0,0.227,450100000.0,281300000.0,245100000.0,0.65,0.65,0.65,10114200000.0,,10114200000.0,10826061922.0,24.0,9.67,7000000.0,0.02,1.0,240800000.0,0.121,1703400000.0,36200000.0,17431300000.0,,1666200000.0,1138900000.0,0.0,1138900000.0,7647600000.0,1897800000.0,5749800000.0,7579161922.0,27400000.0,-71300000.0,0.0,147300000.0,-52700000.0,94300000.0,-220700000.0,-2400000.0,135500000.0,18300000.0,227500000.0,227500000.0,227500000.0,0.0,2100000.0,0.115,26900000.0,213900000.0,547900000.0,0.231,0.749,22.57,22.49,9696300000.0,0.0,21.59,1.056,1.056,592300000.0,11079800000.0,1984800000.0,1984800000.0,0.0,,,,,3600000.0,66100000.0,1.0,351049649.0,351100000.0,352200000.0,5.653,16099700000.0,765100000.0,17600000.0,1072600000.0,45.855,1477700000.0
16,MOS,MRQ,2017-06-30,2017-06-30,2017-06-30,2021-08-03,-1187100000.0,17444400000.0,,3337200000.0,14107200000.0,,27.795,-168500000.0,660600000.0,660600000.0,1562300000.0,97100000.0,1.783,0.784,3907500000.0,107800000.0,3799700000.0,3907500000.0,0.0,165900000.0,0.0,0.043,0.15,111100000.0,277000000.0,0.158,277000000.0,111100000.0,74700000.0,0.28,0.28,0.28,9756100000.0,,9756100000.0,11290021991.0,53.0,12.876,74300000.0,0.212,1.0,192300000.0,0.11,1661000000.0,36400000.0,17158300000.0,,1683500000.0,1127700000.0,0.0,1127700000.0,7649800000.0,1872000000.0,5777800000.0,8013721991.0,-18000000.0,-13900000.0,0.0,-32300000.0,-52700000.0,-85300000.0,-177000000.0,-8400000.0,242800000.0,1500000.0,97300000.0,97300000.0,97300000.0,0.0,-200000.0,0.055,97700000.0,94600000.0,651100000.0,0.536,0.821,54.33,54.357,9434900000.0,0.0,22.83,1.121,1.121,548000000.0,10905400000.0,1754600000.0,1754600000.0,0.0,,,,,5000000.0,71200000.0,1.0,351017170.0,351000000.0,352000000.0,4.999,15783400000.0,781700000.0,-22600000.0,1021400000.0,44.967,1465200000.0
17,MOS,MRQ,2017-03-31,2017-03-31,2017-03-31,2021-08-03,-1270300000.0,17096400000.0,,3216200000.0,13880200000.0,,27.452,-223800000.0,675300000.0,675300000.0,1448500000.0,-1100000.0,1.969,0.773,3951600000.0,165000000.0,3786600000.0,3951600000.0,0.0,158800000.0,0.0,0.038,0.275,34600000.0,193400000.0,0.123,193400000.0,34600000.0,8800000.0,0.0,0.0,0.0,9621800000.0,,9621800000.0,13365060860.0,115.0,16.652,-77800000.0,-0.222,1.0,129600000.0,0.082,1639100000.0,25800000.0,17100200000.0,,1533700000.0,1063600000.0,0.0,1063600000.0,7435900000.0,1633400000.0,5802500000.0,10219960860.0,5600000.0,-25000000.0,0.0,200200000.0,-96400000.0,102200000.0,-245600000.0,-1800000.0,146000000.0,3000000.0,-900000.0,-900000.0,-900000.0,0.0,-200000.0,-0.001,104000000.0,25600000.0,536700000.0,,1.062,255.499,265.273,9295000000.0,0.0,29.18,1.446,1.447,577800000.0,10861000000.0,1578100000.0,1578100000.0,0.0,,,,,15900000.0,80900000.0,1.0,350238549.0,350500000.0,350500000.0,4.502,15457300000.0,809700000.0,9700000.0,1048300000.0,44.101,1582800000.0
18,MOS,MRQ,2016-12-31,2016-12-31,2016-12-31,2021-08-03,-1312200000.0,16840700000.0,,3057700000.0,13783000000.0,,27.353,-209400000.0,673100000.0,673100000.0,1656200000.0,14600000.0,2.07,0.753,3818200000.0,38900000.0,3779300000.0,3818200000.0,0.0,165500000.0,0.0,0.038,0.275,33600000.0,199100000.0,0.107,199100000.0,33600000.0,6400000.0,0.03,0.04,0.03,9584600000.0,,9584600000.0,13495696642.0,40.0,12.887,113100000.0,0.323,1.0,205900000.0,0.111,1630900000.0,27200000.0,16878100000.0,,1391100000.0,1063100000.0,0.0,1063100000.0,7218200000.0,1476800000.0,5741400000.0,10272496642.0,-208100000.0,-38100000.0,0.0,-154800000.0,-96300000.0,-254500000.0,-266100000.0,-34600000.0,322500000.0,-10000000.0,11900000.0,11900000.0,11900000.0,0.0,2700000.0,0.006,136600000.0,69300000.0,471800000.0,9.167,1.072,34.495,34.506,9198500000.0,0.0,29.33,1.434,1.435,627800000.0,10863400000.0,1862100000.0,1862100000.0,0.0,,,,,4000000.0,74600000.0,1.0,350238549.0,350400000.0,351700000.0,5.314,15209800000.0,836400000.0,-5500000.0,1009200000.0,43.407,1580900000.0
19,MOS,MRQ,2016-09-30,2016-09-30,2016-09-30,2021-08-03,-1231500000.0,17263200000.0,,3449200000.0,13814000000.0,,28.097,-196400000.0,653500000.0,653500000.0,1738900000.0,40700000.0,1.778,0.751,3876700000.0,426400000.0,3450300000.0,3876700000.0,0.0,172700000.0,0.0,0.045,0.275,34600000.0,207300000.0,0.106,207300000.0,34600000.0,9100000.0,0.11,0.11,0.11,9836700000.0,,9836700000.0,11375369749.0,25.0,9.539,-108100000.0,-0.309,1.0,213300000.0,0.109,1651600000.0,25500000.0,16895400000.0,,1500100000.0,1064300000.0,0.0,1064300000.0,7388900000.0,1939400000.0,5449500000.0,8565769749.0,-1006600000.0,-184000000.0,-2600000.0,-15800000.0,-96400000.0,-111600000.0,-975300000.0,-595500000.0,88300000.0,-8000000.0,39200000.0,39200000.0,39200000.0,0.0,1500000.0,0.02,143600000.0,69700000.0,486900000.0,2.5,0.871,19.432,19.568,9230600000.0,0.0,24.46,1.148,1.147,512400000.0,11045400000.0,1952200000.0,1952200000.0,0.0,,,,,4200000.0,66900000.0,1.0,350195002.0,350100000.0,351500000.0,5.576,15611600000.0,789000000.0,-30100000.0,1061500000.0,44.592,1509800000.0
20,MOS,MRQ,2016-06-30,2016-06-30,2016-06-30,2021-08-03,-1168300000.0,17684800000.0,,3792500000.0,13892300000.0,,28.467,-201700000.0,1059300000.0,1059300000.0,1520600000.0,-11100000.0,1.993,0.772,3868900000.0,96300000.0,3772600000.0,3868900000.0,0.0,189300000.0,0.0,0.042,0.275,13500000.0,202800000.0,0.121,202800000.0,13500000.0,-20000000.0,-0.03,-0.03,-0.03,9957700000.0,,9957700000.0,11958292383.0,19.0,8.79,381800000.0,1.091,1.0,154000000.0,0.092,1667500000.0,33500000.0,16924200000.0,,1702100000.0,1043700000.0,0.0,1043700000.0,7690600000.0,1902700000.0,5787900000.0,9158192383.0,7300000.0,-151500000.0,1800000.0,-147800000.0,-96200000.0,-242500000.0,-350800000.0,0.0,583500000.0,17100000.0,-10200000.0,-10200000.0,-10200000.0,0.0,-900000.0,-0.006,141700000.0,12300000.0,622600000.0,-9.167,0.92,16.307,16.465,9197500000.0,0.0,26.18,1.202,1.202,399600000.0,11103000000.0,1674600000.0,1674600000.0,0.0,,,,,5400000.0,72900000.0,1.0,349816363.0,349800000.0,349800000.0,4.787,16017300000.0,726500000.0,-9800000.0,1069600000.0,45.79,1889800000.0
21,MOS,MRQ,2016-03-31,2016-03-31,2016-03-31,2021-08-03,-1225600000.0,17627100000.0,,3957100000.0,13670000000.0,,28.457,-235600000.0,1057700000.0,1057700000.0,1437300000.0,256900000.0,2.181,0.76,3857800000.0,83800000.0,3774000000.0,3857800000.0,0.0,183700000.0,0.0,0.041,0.275,254200000.0,437900000.0,0.262,437900000.0,254200000.0,228100000.0,0.73,0.73,0.73,9996800000.0,,9996800000.0,12101235537.0,11.0,6.593,30300000.0,0.086,1.0,236700000.0,0.141,1661100000.0,26100000.0,16951800000.0,,1566000000.0,973700000.0,0.0,973700000.0,7596100000.0,1814300000.0,5781800000.0,9517935537.0,-218200000.0,-38500000.0,-74200000.0,-113600000.0,-96200000.0,-280000000.0,-273800000.0,0.0,265900000.0,69700000.0,256800000.0,256800000.0,256800000.0,0.0,100000.0,0.153,73300000.0,163400000.0,517700000.0,0.377,0.952,9.89,10.0,9020400000.0,0.0,27.0,1.129,1.125,677200000.0,11206100000.0,1674000000.0,1674000000.0,0.0,,,,,16900000.0,89800000.0,1.0,352516131.0,351300000.0,353200000.0,4.765,15966000000.0,697600000.0,-28700000.0,1065900000.0,45.448,2142800000.0
22,MOS,MRQ,2015-12-31,2015-12-31,2015-12-31,2021-08-03,-1492900000.0,17389500000.0,,4143400000.0,13246100000.0,,27.041,-298100000.0,1276300000.0,1276300000.0,1807700000.0,155500000.0,2.024,0.821,3836700000.0,67200000.0,3769500000.0,3836700000.0,0.0,185000000.0,0.0,0.039,0.275,159500000.0,344500000.0,0.159,344500000.0,159500000.0,140700000.0,0.44,0.45,0.44,9531800000.0,,9531800000.0,12239290726.0,10.0,6.318,219500000.0,0.623,1.0,355500000.0,0.164,1595300000.0,18800000.0,16307600000.0,,1563500000.0,980500000.0,0.0,980500000.0,7824500000.0,2047000000.0,5777500000.0,9725890726.0,852100000.0,-96500000.0,-5400000.0,225700000.0,-96900000.0,135400000.0,230500000.0,0.0,517600000.0,-31400000.0,155000000.0,155000000.0,155000000.0,0.0,500000.0,0.072,168400000.0,187100000.0,520600000.0,0.625,1.02,9.722,9.889,8721000000.0,0.0,27.59,1.093,1.112,675000000.0,11014800000.0,2163200000.0,2163200000.0,0.0,,,,,5400000.0,94900000.0,1.0,352515068.0,352500000.0,354300000.0,6.137,15794200000.0,691900000.0,-14300000.0,977400000.0,44.806,2096400000.0
23,MOS,MRQ,2015-09-30,2015-09-30,2015-09-30,2021-08-03,-1448700000.0,17117900000.0,,4263000000.0,12854900000.0,,27.136,-245300000.0,1284900000.0,1284900000.0,1770200000.0,160700000.0,2.278,0.779,3798300000.0,60200000.0,3738100000.0,3798300000.0,0.0,180900000.0,0.0,0.034,0.275,194300000.0,375200000.0,0.178,375200000.0,194300000.0,170100000.0,0.45,0.45,0.45,9614300000.0,,9614300000.0,12659351024.0,9.0,5.744,-56800000.0,-0.16,1.0,335300000.0,0.159,1625000000.0,24200000.0,16134800000.0,,1549500000.0,876100000.0,0.0,876100000.0,7490900000.0,1871500000.0,5619400000.0,11023351024.0,-925000000.0,54400000.0,-73800000.0,49900000.0,-98300000.0,-131000000.0,-822600000.0,0.0,188500000.0,-159900000.0,160000000.0,160000000.0,160000000.0,0.0,700000.0,0.076,89300000.0,246000000.0,657000000.0,0.611,1.147,9.14,9.427,8734000000.0,0.0,31.11,1.21,1.21,675100000.0,11058500000.0,2105500000.0,2105500000.0,0.0,,,,,2000000.0,76600000.0,1.0,354334652.0,354300000.0,356000000.0,5.943,15492900000.0,598600000.0,10100000.0,895400000.0,43.728,2391500000.0
24,MOS,MRQ,2015-06-30,2015-06-30,2015-06-30,2021-08-03,-941400000.0,17776900000.0,,5100100000.0,12676800000.0,,28.056,-227400000.0,2209900000.0,2209900000.0,1879600000.0,391000000.0,2.708,0.752,3845900000.0,84100000.0,3761800000.0,3845900000.0,0.0,191100000.0,0.0,0.022,0.275,486700000.0,677800000.0,0.272,677800000.0,486700000.0,463200000.0,1.08,1.08,1.08,10136800000.0,,10136800000.0,18415275891.0,12.0,7.927,375900000.0,1.04,1.0,607900000.0,0.244,1709600000.0,23500000.0,15820300000.0,,1612200000.0,930500000.0,0.0,930500000.0,7625100000.0,1883000000.0,5742100000.0,17106075891.0,-307500000.0,-122000000.0,-498800000.0,-1200000.0,-98100000.0,-597400000.0,-343400000.0,0.0,603300000.0,30000000.0,390600000.0,390600000.0,390600000.0,0.0,400000.0,0.157,105700000.0,502200000.0,858200000.0,0.255,1.688,13.707,13.82,9041200000.0,0.0,46.85,1.848,1.829,626600000.0,11065400000.0,2487500000.0,2487500000.0,0.0,,,,,29300000.0,89300000.0,1.0,365124352.0,361300000.0,363300000.0,6.885,16067300000.0,571200000.0,72600000.0,968800000.0,44.471,3217100000.0
25,MOS,MRQ,2015-03-31,2015-03-31,2015-03-31,2021-08-03,-1083200000.0,17631900000.0,,5251600000.0,12380300000.0,,27.848,-229500000.0,2517400000.0,2517400000.0,1719900000.0,294600000.0,3.24,0.729,3826600000.0,51400000.0,3775200000.0,3826600000.0,0.0,182800000.0,0.0,0.022,0.25,356800000.0,539600000.0,0.252,539600000.0,356800000.0,325500000.0,0.81,0.8,0.81,10192200000.0,,10192200000.0,18308675976.0,13.0,8.34,499400000.0,1.364,1.0,419200000.0,0.196,1686700000.0,31300000.0,15633700000.0,,1523000000.0,862100000.0,0.0,862100000.0,7425200000.0,1620700000.0,5804500000.0,16850775976.0,142800000.0,44900000.0,-131500000.0,-77300000.0,-91400000.0,-300400000.0,-182900000.0,0.0,728900000.0,-102800000.0,294800000.0,294800000.0,294800000.0,0.0,-200000.0,0.138,100700000.0,318500000.0,706800000.0,0.309,1.653,15.239,15.561,8899400000.0,0.0,46.06,1.83,1.831,661400000.0,11258500000.0,2139100000.0,2139100000.0,0.0,,,,,4600000.0,100400000.0,1.0,365844029.0,366000000.0,367900000.0,5.845,15945200000.0,541900000.0,30700000.0,910300000.0,43.566,3630900000.0
26,MOS,MRQ,2014-12-31,2014-12-31,2014-12-31,2021-08-03,-473700000.0,18283000000.0,,5215500000.0,13067500000.0,,28.935,-251800000.0,2374600000.0,2374600000.0,1799500000.0,361600000.0,3.266,0.707,3832500000.0,54500000.0,3778000000.0,3832500000.0,0.0,192700000.0,0.0,0.022,0.25,418700000.0,611400000.0,0.257,611400000.0,418700000.0,387700000.0,0.96,0.96,0.96,10703100000.0,,10703100000.0,17795641456.0,13.0,8.589,90500000.0,0.245,1.0,579100000.0,0.243,1806500000.0,31000000.0,16337700000.0,,1718300000.0,849800000.0,0.0,849800000.0,7562400000.0,1596700000.0,5965700000.0,16950641456.0,-596000000.0,-325800000.0,-249900000.0,56900000.0,-93900000.0,-279000000.0,-586400000.0,0.0,342300000.0,-72900000.0,360700000.0,360700000.0,360700000.0,0.0,900000.0,0.152,220300000.0,358800000.0,559600000.0,0.26,1.584,16.479,16.97,9313900000.0,0.0,45.65,1.872,1.886,754400000.0,11168900000.0,2378600000.0,2378600000.0,0.0,,,,,5100000.0,91100000.0,1.0,371317447.0,369900000.0,371400000.0,6.43,16476500000.0,543100000.0,27000000.0,1006500000.0,44.543,3618800000.0
27,MOS,MRQ,2014-09-30,2014-09-30,2014-09-30,2021-08-03,-212800000.0,18455500000.0,,5658500000.0,12797000000.0,,29.264,-188400000.0,2970600000.0,2970600000.0,1836000000.0,202900000.0,3.652,0.685,3815600000.0,41400000.0,3774200000.0,3815600000.0,0.0,189500000.0,0.0,0.023,0.25,304700000.0,494200000.0,0.22,494200000.0,304700000.0,279500000.0,0.54,0.54,0.54,10944600000.0,,10944600000.0,17297627529.0,13.0,8.356,168100000.0,0.449,1.0,414700000.0,0.184,1741300000.0,25200000.0,16009600000.0,,1471500000.0,840000000.0,0.0,840000000.0,7493000000.0,1549600000.0,5943400000.0,16638427529.0,603600000.0,30400000.0,-374000000.0,922400000.0,-93800000.0,455400000.0,-158100000.0,0.0,356500000.0,-50200000.0,201900000.0,201900000.0,201900000.0,0.0,1000000.0,0.09,137400000.0,277300000.0,762200000.0,0.463,1.52,18.835,19.826,9413700000.0,0.0,44.41,1.745,1.742,573900000.0,11153200000.0,2250700000.0,2250700000.0,0.0,,,,,5700000.0,83900000.0,1.0,374654977.0,374000000.0,375900000.0,6.018,16714200000.0,359300000.0,77600000.0,997900000.0,44.69,4108900000.0
28,MOS,MRQ,2014-06-30,2014-06-30,2014-06-30,2021-08-03,130600000.0,18293500000.0,,5188400000.0,13105100000.0,,30.053,-214000000.0,2367000000.0,2367000000.0,1919100000.0,248200000.0,2.699,0.625,3026200000.0,13300000.0,3012900000.0,3026200000.0,0.0,194400000.0,0.0,0.02,0.25,355700000.0,550100000.0,0.225,550100000.0,355700000.0,331100000.0,0.65,0.64,0.65,11245900000.0,,11245900000.0,19532110340.0,18.0,10.512,582300000.0,1.556,1.0,521100000.0,0.214,1792900000.0,24600000.0,15237500000.0,,1579600000.0,720800000.0,0.0,720800000.0,7028900000.0,1922300000.0,5106600000.0,18972010340.0,-123700000.0,-143800000.0,-453700000.0,-25400000.0,-95100000.0,-574500000.0,-360300000.0,0.0,796300000.0,14800000.0,248400000.0,248400000.0,248400000.0,0.0,-200000.0,0.102,119200000.0,401900000.0,750200000.0,0.385,1.687,23.541,24.849,9694500000.0,0.0,49.45,2.064,2.013,604200000.0,11069200000.0,2440200000.0,2440200000.0,0.0,,,,,8600000.0,87500000.0,1.0,383660472.0,374200000.0,376200000.0,6.521,16500600000.0,353300000.0,82700000.0,1029100000.0,44.096,3266100000.0
29,MOS,MRQ,2014-03-31,2014-03-31,2014-03-31,2021-08-03,-120700000.0,18112300000.0,,5355400000.0,12756900000.0,,28.642,-274900000.0,2490700000.0,2490700000.0,1574600000.0,217700000.0,2.476,0.67,3050800000.0,41700000.0,3009100000.0,3050800000.0,0.0,174300000.0,0.0,0.02,0.25,241600000.0,415900000.0,0.209,415900000.0,241600000.0,214900000.0,0.54,0.54,0.54,10832300000.0,,10832300000.0,17681327950.0,14.0,8.704,352100000.0,0.931,1.0,411600000.0,0.207,1764700000.0,26700000.0,14744400000.0,,1606600000.0,579600000.0,0.0,579600000.0,7261200000.0,2163300000.0,5097900000.0,19942527950.0,-2802400000.0,-1359400000.0,-1677700000.0,7400000.0,-99700000.0,-1770300000.0,-1634300000.0,0.0,627000000.0,-24800000.0,217500000.0,217500000.0,217500000.0,0.0,200000.0,0.11,149900000.0,261700000.0,592800000.0,0.463,1.841,20.199,21.277,9551900000.0,0.0,50.0,2.128,2.018,597400000.0,10916700000.0,1986200000.0,1986200000.0,0.0,,,,,34900000.0,120000000.0,1.0,398850559.0,378200000.0,379600000.0,5.252,16347600000.0,345700000.0,-2600000.0,1013000000.0,43.225,3192100000.0
30,MOS,MRQ,2013-12-31,2013-12-31,2013-12-31,2021-08-03,114300000.0,19554000000.0,,8105800000.0,11448200000.0,,26.859,-467500000.0,5293100000.0,5293100000.0,2415800000.0,216700000.0,2.482,0.728,3031900000.0,23000000.0,3008900000.0,3031900000.0,0.0,220100000.0,0.0,0.021,0.25,389900000.0,610000000.0,0.213,610000000.0,389900000.0,374800000.0,0.51,0.51,0.51,11302300000.0,,11302300000.0,17824301497.0,11.0,7.817,489800000.0,1.164,1.0,441400000.0,0.154,1794400000.0,15100000.0,12232500000.0,,1432900000.0,576400000.0,0.0,576400000.0,8233400000.0,3265900000.0,4967500000.0,20136101497.0,2172900000.0,-24400000.0,-4300000.0,1902800000.0,-106700000.0,1771900000.0,-491500000.0,0.0,957300000.0,-64800000.0,215600000.0,215600000.0,215600000.0,0.0,1100000.0,0.075,168600000.0,272800000.0,570200000.0,0.49,1.782,17.516,17.507,8576600000.0,0.0,47.27,2.077,2.051,543100000.0,11182100000.0,2857200000.0,2857200000.0,0.0,,,,,9200000.0,117400000.0,1.0,425980569.0,420800000.0,422000000.0,6.79,17759600000.0,282100000.0,159200000.0,1052000000.0,42.204,4839900000.0
31,MOS,MRQ,2013-09-30,2013-09-30,2013-09-30,2021-08-03,312900000.0,17656600000.0,,6291300000.0,11365300000.0,,31.774,-332500000.0,3338600000.0,3338600000.0,1521800000.0,125800000.0,4.831,0.303,1026800000.0,15300000.0,1011500000.0,1026800000.0,0.0,166100000.0,0.0,0.023,0.25,116000000.0,282100000.0,0.148,282100000.0,116000000.0,117800000.0,0.29,0.29,0.29,13532600000.0,,13532600000.0,15700921313.0,,,-377500000.0,-0.886,1.0,386900000.0,0.203,1833200000.0,-1800000.0,12209300000.0,,1495000000.0,562100000.0,0.0,562100000.0,4105500000.0,1302300000.0,2803200000.0,18318821313.0,-576900000.0,-134500000.0,4300000.0,16300000.0,-106800000.0,-89500000.0,-465700000.0,0.0,-45000000.0,23300000.0,124400000.0,124400000.0,124400000.0,0.0,1400000.0,0.065,242800000.0,144100000.0,611700000.0,0.862,1.354,,,8513000000.0,0.0,43.02,,,478700000.0,11707600000.0,1908700000.0,1908700000.0,0.0,,,,,14100000.0,94400000.0,1.0,425821044.0,425900000.0,427100000.0,4.482,15823400000.0,293700000.0,-6600000.0,1047500000.0,37.153,4989000000.0
32,MOS,MRQ,2013-06-30,2013-05-31,2013-05-31,2021-08-03,326400000.0,18086000000.0,,6880500000.0,11205500000.0,,31.515,-347900000.0,3697100000.0,3697100000.0,1923600000.0,485400000.0,3.899,0.346,1079200000.0,69600000.0,1009600000.0,1079200000.0,0.0,167800000.0,0.0,0.016,0.25,614000000.0,781800000.0,0.29,781800000.0,614000000.0,632800000.0,1.14,1.13,1.14,13425400000.0,,13425400000.0,23644286561.0,11.0,8.397,499800000.0,1.173,1.0,768600000.0,0.285,1844600000.0,-18800000.0,11858600000.0,,1557300000.0,431500000.0,0.0,431500000.0,4643100000.0,1764900000.0,2878200000.0,25894386561.0,374400000.0,-15000000.0,-4300000.0,14000000.0,-106600000.0,-89800000.0,-359800000.0,0.0,847700000.0,-23700000.0,485900000.0,485900000.0,485900000.0,0.0,-500000.0,0.18,147000000.0,621600000.0,763100000.0,0.219,1.929,13.71,13.698,8486800000.0,0.0,60.82,2.596,2.596,1015700000.0,11603400000.0,2692200000.0,2692200000.0,0.0,,,,,2700000.0,122400000.0,1.0,425754465.0,426000000.0,427200000.0,6.32,16241400000.0,288400000.0,146900000.0,1048500000.0,38.125,5115600000.0
33,MOS,MRQ,2013-03-31,2013-03-31,2013-03-31,2021-08-03,,,,,,,,-367500000.0,,,1670600000.0,379900000.0,,,,,,,,155000000.0,,0.015,0.25,509800000.0,664800000.0,0.287,664800000.0,509800000.0,513500000.0,0.89,0.89,0.89,,,,23129123659.0,,,211900000.0,0.498,1.0,641800000.0,0.278,,-3700000.0,,,,,,,,,,25379223659.0,106100000.0,-15000000.0,0.0,19400000.0,-106400000.0,-84800000.0,-378500000.0,0.0,579400000.0,-10000000.0,379800000.0,379800000.0,379800000.0,0.0,100000.0,0.164,151100000.0,490700000.0,,0.281,,,,,0.0,59.61,,,,,2312400000.0,2312400000.0,0.0,,,,,3000000.0,91900000.0,1.0,425754465.0,425700000.0,427200000.0,5.432,,,133700000.0,,,
34,MOS,MRQ,2012-12-31,2012-11-30,2012-11-30,2021-08-03,611100000.0,17440700000.0,,6533100000.0,10907600000.0,,30.732,-393500000.0,3420700000.0,3420700000.0,1860300000.0,630300000.0,3.966,0.332,1032500000.0,21900000.0,1010600000.0,1032500000.0,0.0,147400000.0,0.0,0.012,0.25,550700000.0,698100000.0,0.275,698100000.0,550700000.0,550700000.0,1.48,1.47,1.48,13082400000.0,,13082400000.0,20445141130.0,9.0,7.48,-71100000.0,-0.167,1.0,675900000.0,0.267,1889400000.0,0.0,11515700000.0,,1518500000.0,441400000.0,0.0,441400000.0,4339900000.0,1647400000.0,2692500000.0,23010841130.0,-174100000.0,0.0,500000.0,3400000.0,-106700000.0,-103600000.0,-396100000.0,0.0,322400000.0,3200000.0,628800000.0,628800000.0,628800000.0,0.0,1500000.0,0.248,116300000.0,559600000.0,913700000.0,0.169,1.759,12.514,12.485,8246100000.0,0.0,54.06,2.289,2.29,797500000.0,10986200000.0,2536200000.0,2536200000.0,0.0,,,,,4800000.0,102800000.0,1.0,425653739.0,425700000.0,427000000.0,5.958,15551300000.0,353100000.0,-78100000.0,893600000.0,36.531,4885700000.0
35,MOS,MRQ,2012-09-30,2012-09-30,2012-09-30,2021-08-03,,,,,,,,-384600000.0,,,1871100000.0,419000000.0,,,,,,,,140600000.0,,0.008,0.25,606400000.0,747000000.0,0.282,747000000.0,606400000.0,606400000.0,0.98,0.98,0.98,,,,21753914610.0,,,-40800000.0,-0.096,1.0,774600000.0,0.293,,0.0,,,,,,,,,,24511914610.0,-107700000.0,0.0,-1700000.0,4600000.0,-106600000.0,-102900000.0,-375500000.0,0.0,343800000.0,26900000.0,417400000.0,417400000.0,417400000.0,0.0,1600000.0,0.158,130900000.0,643700000.0,,0.255,,,,,0.0,57.61,,,,,2645700000.0,2645700000.0,0.0,,,,,17700000.0,114800000.0,1.0,425480205.0,425600000.0,426800000.0,6.216,,,189000000.0,,,
36,MOS,MRQ,2012-06-30,2012-05-31,2012-05-31,2021-08-03,378000000.0,16690400000.0,,6581100000.0,10109300000.0,,28.176,-449000000.0,3811000000.0,3811000000.0,1986700000.0,506900000.0,3.432,0.391,1053000000.0,43000000.0,1010000000.0,1053000000.0,0.0,139700000.0,0.0,0.006,0.125,677200000.0,816900000.0,0.29,816900000.0,677200000.0,695900000.0,1.2,1.18,1.2,11983100000.0,,11983100000.0,18177403462.0,7.0,5.806,780300000.0,1.835,1.0,833800000.0,0.296,1844400000.0,-18700000.0,10170300000.0,,1237600000.0,454200000.0,0.0,454200000.0,4691000000.0,1917700000.0,2773300000.0,20286003462.0,609100000.0,0.0,-2500000.0,-39200000.0,-53400000.0,-92000000.0,-445600000.0,0.0,1229300000.0,-82600000.0,507300000.0,507300000.0,507300000.0,0.0,-400000.0,0.18,143800000.0,690000000.0,912400000.0,0.104,1.693,10.51,10.739,7545900000.0,0.0,47.68,1.826,1.868,751600000.0,10141300000.0,2820500000.0,2820500000.0,0.0,,,,,3300000.0,117100000.0,1.0,425461482.0,425300000.0,426600000.0,6.632,14846000000.0,288400000.0,188600000.0,850300000.0,34.907,4663400000.0
37,MOS,MRQ,2012-03-31,2012-02-29,2012-02-29,2021-08-03,664200000.0,15936700000.0,,5930400000.0,10006300000.0,,27.764,-411800000.0,3201900000.0,3201900000.0,1667700000.0,271900000.0,3.673,0.348,1093300000.0,82700000.0,1010600000.0,1093300000.0,0.0,127900000.0,0.0,0.003,0.05,360300000.0,488200000.0,0.223,488200000.0,360300000.0,360300000.0,0.64,0.64,0.64,11810900000.0,,11810900000.0,22490612681.0,8.0,6.889,-7300000.0,-0.017,1.0,521800000.0,0.238,1874200000.0,0.0,10339100000.0,,1327300000.0,438400000.0,0.0,438400000.0,4106400000.0,1614800000.0,2491600000.0,24567512681.0,-425700000.0,0.0,200000.0,-457700000.0,-21400000.0,-479900000.0,-404700000.0,0.0,404500000.0,54400000.0,273300000.0,273300000.0,273300000.0,0.0,-1400000.0,0.125,127200000.0,394600000.0,800500000.0,0.078,2.08,11.856,12.313,7379500000.0,0.0,57.75,2.204,2.204,656300000.0,9687400000.0,2189500000.0,2189500000.0,0.0,,,,,3100000.0,91300000.0,1.0,425411475.0,425400000.0,426700000.0,5.147,14062500000.0,244200000.0,87000000.0,684900000.0,33.057,4315600000.0
38,MOS,MRQ,2011-12-31,2011-11-30,2011-11-30,2021-08-03,408100000.0,15802300000.0,,6359400000.0,9442900000.0,,25.485,-387100000.0,3627600000.0,3627600000.0,2133300000.0,625600000.0,3.03,0.397,1550700000.0,541800000.0,1008900000.0,1550700000.0,0.0,120200000.0,0.0,0.004,0.05,854300000.0,974500000.0,0.323,974500000.0,854300000.0,854300000.0,1.41,1.4,1.41,11300100000.0,,11300100000.0,20352135521.0,6.0,5.64,130600000.0,0.295,1.0,881200000.0,0.292,1830100000.0,0.0,9796600000.0,,1206700000.0,439300000.0,0.0,439300000.0,4482100000.0,2098700000.0,2383400000.0,23565035521.0,-410400000.0,0.0,-1161400000.0,727700000.0,-22300000.0,-460400000.0,-384600000.0,0.0,517700000.0,-83100000.0,623600000.0,623600000.0,623600000.0,0.0,2000000.0,0.207,84200000.0,797000000.0,853600000.0,0.035,2.085,10.067,10.03,6975000000.0,0.0,52.76,2.109,2.094,919200000.0,9435500000.0,3014500000.0,3014500000.0,0.0,,,,,3200000.0,100600000.0,1.0,446645859.0,443400000.0,444700000.0,6.799,13972200000.0,194000000.0,230700000.0,657600000.0,31.512,4260700000.0
39,MOS,MRQ,2011-09-30,2011-08-31,2011-08-31,2021-08-03,769200000.0,16180800000.0,,6757800000.0,9423000000.0,,27.358,-391400000.0,4038000000.0,4038000000.0,2235100000.0,526400000.0,3.788,0.323,825100000.0,87700000.0,737400000.0,825100000.0,0.0,120300000.0,0.0,0.003,0.05,731100000.0,851400000.0,0.276,851400000.0,731100000.0,731100000.0,1.18,1.17,1.18,12218200000.0,,12218200000.0,28692086071.0,8.0,7.08,162900000.0,0.365,1.0,848200000.0,0.275,1895700000.0,0.0,9288300000.0,,1402000000.0,433100000.0,0.0,433100000.0,3942100000.0,1783900000.0,2158200000.0,31765586071.0,131600000.0,0.0,1200000.0,-6500000.0,-22400000.0,-28800000.0,-392500000.0,0.0,554300000.0,-1400000.0,526000000.0,526000000.0,526000000.0,0.0,400000.0,0.171,118600000.0,729600000.0,903100000.0,0.042,2.6,11.581,11.566,6890900000.0,0.0,71.13,2.932,2.932,784600000.0,8834200000.0,3083300000.0,3083300000.0,0.0,,,,,13800000.0,101100000.0,1.0,446584930.0,446600000.0,447900000.0,6.904,14285100000.0,228200000.0,205100000.0,649800000.0,31.986,4973900000.0
40,MOS,MRQ,2011-06-30,2011-05-31,2011-05-31,2021-08-03,710200000.0,15786900000.0,,6684900000.0,9102000000.0,,26.067,-365900000.0,3906400000.0,3906400000.0,1865200000.0,645200000.0,3.466,0.354,832900000.0,71600000.0,761300000.0,832900000.0,0.0,122900000.0,0.0,0.003,0.05,827500000.0,950400000.0,0.332,950400000.0,827500000.0,835200000.0,1.46,1.45,1.46,11641600000.0,,11641600000.0,29170206384.0,9.0,7.842,607000000.0,1.359,1.0,995200000.0,0.348,1829800000.0,-7700000.0,8955100000.0,,1266400000.0,434300000.0,0.0,434300000.0,4125000000.0,1928500000.0,2196500000.0,31635606384.0,554300000.0,6400000.0,1600000.0,-53700000.0,-22300000.0,-69400000.0,-358900000.0,0.0,972900000.0,9700000.0,649200000.0,649200000.0,649200000.0,0.0,-4000000.0,0.227,153300000.0,841900000.0,941100000.0,0.034,2.717,12.581,12.562,6635900000.0,0.0,70.85,3.183,3.18,926000000.0,8330600000.0,2860400000.0,2860400000.0,0.0,,,,,2400000.0,111500000.0,1.0,446515263.0,446600000.0,448100000.0,6.405,13957100000.0,284300000.0,186000000.0,652300000.0,31.252,4756400000.0
41,MOS,MRQ,2011-03-31,2011-02-28,2011-02-28,2021-08-03,702700000.0,14699100000.0,,5693600000.0,9005500000.0,,24.61,-311600000.0,3352100000.0,3352100000.0,1360700000.0,542600000.0,3.71,0.336,886700000.0,124500000.0,762200000.0,886700000.0,0.0,114100000.0,0.0,0.002,0.05,718200000.0,832300000.0,0.376,832300000.0,718200000.0,718000000.0,1.21,1.21,1.21,10983400000.0,,10983400000.0,35951607946.0,12.0,10.483,54300000.0,0.122,1.0,853600000.0,0.385,1828800000.0,200000.0,8870400000.0,,1133600000.0,438900000.0,0.0,438900000.0,3689500000.0,1534500000.0,2155000000.0,38301807946.0,-307300000.0,50000000.0,8000000.0,-423000000.0,-22400000.0,-452400000.0,-271600000.0,0.0,365900000.0,50800000.0,542100000.0,542100000.0,542100000.0,0.0,500000.0,0.245,98900000.0,754700000.0,670100000.0,0.041,3.487,16.936,16.933,6330300000.0,0.0,85.85,4.285,4.287,798400000.0,7703700000.0,2214300000.0,2214300000.0,0.0,,,,,2600000.0,83600000.0,1.0,446148025.0,446300000.0,447700000.0,4.961,12870300000.0,347000000.0,175900000.0,593400000.0,28.838,4159100000.0
42,MOS,MRQ,2010-12-31,2010-11-30,2010-11-30,2021-08-03,496700000.0,14199400000.0,,5524300000.0,8675100000.0,,22.973,-291000000.0,3659400000.0,3659400000.0,1906500000.0,1026800000.0,3.121,0.384,1309200000.0,520800000.0,788400000.0,1309200000.0,0.0,105700000.0,0.0,0.003,0.05,1312500000.0,1418200000.0,0.53,1418200000.0,1312500000.0,1306900000.0,2.3,2.29,2.3,10241200000.0,,10241200000.0,29109493884.0,11.0,9.523,240700000.0,0.54,1.0,768300000.0,0.287,1794200000.0,5600000.0,8285000000.0,,816900000.0,442000000.0,0.0,442000000.0,3928600000.0,1770000000.0,2158600000.0,30139593884.0,1296700000.0,0.0,9200000.0,-24500000.0,-22300000.0,-30200000.0,740000000.0,1030000000.0,531700000.0,55200000.0,1025600000.0,1025600000.0,1025600000.0,0.0,1200000.0,0.383,110400000.0,657900000.0,539300000.0,0.022,2.943,15.52,15.511,5969000000.0,0.0,67.63,3.565,3.566,671600000.0,7184000000.0,2674800000.0,2674800000.0,0.0,,,,,3000000.0,89300000.0,1.0,445654205.0,445800000.0,447300000.0,6.0,12405200000.0,401600000.0,281300000.0,547400000.0,27.827,3754300000.0
43,MOS,MRQ,2010-09-30,2010-08-31,2010-08-31,2021-08-03,309100000.0,13071900000.0,,4754800000.0,8317100000.0,,20.271,-294700000.0,2362700000.0,2362700000.0,1683600000.0,298900000.0,3.448,0.444,1332600000.0,88500000.0,1244100000.0,1332600000.0,0.0,104700000.0,0.0,0.026,0.05,414300000.0,519000000.0,0.237,519000000.0,414300000.0,407300000.0,0.67,0.67,0.67,9030700000.0,,9030700000.0,24953151699.0,17.0,12.812,261500000.0,0.587,1.0,504700000.0,0.231,1758500000.0,7000000.0,8904200000.0,,1045300000.0,442800000.0,0.0,442800000.0,4013200000.0,1379100000.0,2634100000.0,26132251699.0,-160300000.0,-385300000.0,1500000.0,-10900000.0,-22300000.0,-33000000.0,-681600000.0,0.0,556200000.0,-1900000.0,297700000.0,297700000.0,297700000.0,0.0,1200000.0,0.136,94400000.0,410300000.0,559100000.0,0.075,2.894,25.515,25.504,5658100000.0,0.0,58.66,3.489,3.489,572100000.0,6180700000.0,2188300000.0,2188300000.0,0.0,,,,,13100000.0,88100000.0,1.0,445486732.0,445500000.0,446900000.0,4.912,11313400000.0,422000000.0,109600000.0,531800000.0,25.395,3375700000.0
44,MOS,MRQ,2010-06-30,2010-05-31,2010-05-31,2021-08-03,289400000.0,12707700000.0,,4974800000.0,7732900000.0,,19.57,-275000000.0,2523000000.0,2523000000.0,1172700000.0,396500000.0,3.815,0.454,1343900000.0,98300000.0,1245600000.0,1343900000.0,0.0,112400000.0,0.0,0.032,0.05,547700000.0,660100000.0,0.355,660100000.0,547700000.0,534900000.0,0.89,0.88,0.89,8722200000.0,,8722200000.0,19630849706.0,16.0,11.762,257100000.0,0.577,1.0,687600000.0,0.37,1763200000.0,12800000.0,8461500000.0,,1002300000.0,54700000.0,0.0,54700000.0,3959300000.0,1303900000.0,2655400000.0,20563849706.0,231200000.0,4700000.0,1700000.0,-17300000.0,-22300000.0,-38400000.0,-270900000.0,0.0,532100000.0,8400000.0,396100000.0,396100000.0,396100000.0,0.0,400000.0,0.213,140000000.0,547600000.0,566700000.0,0.056,2.358,24.863,24.823,5465600000.0,0.0,46.17,3.042,3.04,614800000.0,5905300000.0,1860300000.0,1860300000.0,0.0,,,,,2900000.0,113700000.0,1.0,445394189.0,445700000.0,446900000.0,4.174,10944500000.0,421600000.0,138800000.0,535100000.0,24.556,3670900000.0
45,MOS,MRQ,2010-03-31,2010-02-28,2010-02-28,2021-08-03,411000000.0,12278200000.0,,4791300000.0,7486900000.0,,19.015,-208800000.0,2291800000.0,2291800000.0,1255400000.0,223500000.0,3.906,0.447,1358800000.0,112800000.0,1246000000.0,1358800000.0,0.0,101600000.0,0.0,0.026,0.05,357900000.0,459500000.0,0.265,459500000.0,357900000.0,347900000.0,0.5,0.5,0.5,8465300000.0,,8465300000.0,24751286525.0,49.0,26.48,267900000.0,0.602,1.0,476500000.0,0.275,1765300000.0,10000000.0,8353300000.0,,939600000.0,54100000.0,0.0,54100000.0,3786000000.0,1226600000.0,2559400000.0,25992986525.0,-356300000.0,0.0,5800000.0,-46800000.0,-600900000.0,-639000000.0,-204700000.0,0.0,476700000.0,10700000.0,222600000.0,222600000.0,222600000.0,0.0,900000.0,0.129,87600000.0,388900000.0,475100000.0,0.1,3.071,44.978,44.915,5253200000.0,0.0,58.39,4.004,4.004,595000000.0,5531500000.0,1731900000.0,1731900000.0,0.0,,,,,0.0,82300000.0,1.0,445161612.0,445200000.0,446800000.0,3.89,10512900000.0,432500000.0,125300000.0,530300000.0,23.614,3564700000.0
46,MOS,MRQ,2009-12-31,2009-11-30,2009-11-30,2021-08-03,384100000.0,12696600000.0,,5011300000.0,7685300000.0,,18.486,-190600000.0,2648100000.0,2648100000.0,1402700000.0,109000000.0,2.683,0.54,1406400000.0,156200000.0,1250200000.0,1406400000.0,0.0,138900000.0,0.0,0.028,1.35,170100000.0,309000000.0,0.181,309000000.0,170100000.0,158200000.0,0.24,0.24,0.24,8226200000.0,,8226200000.0,23018227243.0,92.0,34.703,-15800000.0,-0.036,1.0,307000000.0,0.18,1756600000.0,11900000.0,7830500000.0,,969100000.0,389900000.0,0.0,389900000.0,4443700000.0,1867800000.0,2575900000.0,24226927243.0,49400000.0,12900000.0,2800000.0,15200000.0,-22600000.0,-5700000.0,-154600000.0,0.0,174800000.0,34900000.0,107800000.0,107800000.0,107800000.0,0.0,1200000.0,0.063,106900000.0,200100000.0,505800000.0,5.625,2.945,58.505,58.548,5157900000.0,0.0,54.45,3.948,3.949,579500000.0,5331300000.0,1709700000.0,1709700000.0,0.0,,,,,3500000.0,82900000.0,1.0,444938976.0,445000000.0,446500000.0,3.842,10940000000.0,447000000.0,50400000.0,542700000.0,24.584,3143500000.0
47,MOS,MRQ,2009-09-30,2009-08-31,2009-08-31,2021-08-03,260200000.0,12478900000.0,,5002200000.0,7476700000.0,,19.32,-236200000.0,2598700000.0,2598700000.0,1235000000.0,102500000.0,3.803,0.45,1390000000.0,136800000.0,1253200000.0,1390000000.0,0.0,92100000.0,0.0,0.004,0.05,148300000.0,240400000.0,0.165,240400000.0,148300000.0,133400000.0,0.23,0.23,0.23,8589800000.0,,8589800000.0,20236304493.0,14.0,10.862,-63800000.0,-0.143,1.0,222200000.0,0.152,1733100000.0,14900000.0,8221800000.0,,1046700000.0,375500000.0,0.0,375500000.0,3864300000.0,1315300000.0,2549000000.0,21547004493.0,-104500000.0,0.0,2200000.0,-2300000.0,-22200000.0,-27500000.0,-236100000.0,0.0,172400000.0,-13300000.0,100600000.0,100600000.0,100600000.0,0.0,1900000.0,0.069,88000000.0,134200000.0,429800000.0,0.217,2.508,17.018,17.007,5007700000.0,0.0,48.47,2.899,2.899,485500000.0,5824600000.0,1457200000.0,1457200000.0,0.0,,,,,13800000.0,81400000.0,1.0,444543109.0,444600000.0,446300000.0,3.278,10745800000.0,452700000.0,32800000.0,533000000.0,24.17,3686900000.0
48,MOS,MRQ,2009-06-30,2009-05-31,2009-05-31,2021-08-03,258600000.0,12676200000.0,,5307800000.0,7368400000.0,,19.103,-174300000.0,2703200000.0,2703200000.0,1389400000.0,148500000.0,3.273,0.49,1392500000.0,136000000.0,1256500000.0,1392500000.0,0.0,93000000.0,0.0,0.004,0.05,-167200000.0,-74200000.0,-0.047,-74200000.0,-167200000.0,-183400000.0,0.33,0.33,0.33,8493000000.0,,8493000000.0,23168229945.0,8.0,6.808,131500000.0,0.296,1.0,204100000.0,0.128,1734100000.0,16200000.0,8009600000.0,,1125900000.0,357800000.0,0.0,357800000.0,4161000000.0,1621800000.0,2539200000.0,24309329945.0,174200000.0,-17300000.0,2000000.0,4300000.0,-22300000.0,-17600000.0,-192300000.0,0.0,305800000.0,78300000.0,146900000.0,146900000.0,146900000.0,0.0,1600000.0,0.092,77800000.0,126300000.0,383600000.0,0.152,2.862,10.344,10.34,4899300000.0,0.0,54.7,2.361,2.36,597600000.0,5746200000.0,1593500000.0,1593500000.0,0.0,,,,,5000000.0,83300000.0,1.0,444411882.0,444600000.0,446200000.0,3.584,10942100000.0,467700000.0,-330300000.0,849000000.0,24.611,3686000000.0
49,MOS,MRQ,2009-03-31,2009-02-28,2009-02-28,2021-08-03,-327700000.0,11773300000.0,,5219600000.0,6553700000.0,,17.495,-196700000.0,2529000000.0,2529000000.0,1235200000.0,58100000.0,4.248,0.514,1387900000.0,119800000.0,1268100000.0,1387900000.0,0.0,90400000.0,0.0,0.003,0.05,97700000.0,188100000.0,0.137,188100000.0,97700000.0,89500000.0,0.13,0.13,0.13,7774900000.0,,7774900000.0,17732376392.0,4.0,3.69,-207900000.0,-0.468,1.0,140300000.0,0.102,1660400000.0,8200000.0,7743000000.0,,1434700000.0,300500000.0,0.0,300500000.0,3998400000.0,1228800000.0,2769600000.0,19130576392.0,-282600000.0,0.0,200000.0,-25400000.0,-22200000.0,-47700000.0,-192900000.0,0.0,-11200000.0,-30800000.0,58800000.0,58800000.0,58800000.0,0.0,-700000.0,0.043,96600000.0,43700000.0,296000000.0,0.385,2.461,6.24,6.239,4379900000.0,0.0,43.05,1.572,1.572,633400000.0,5621600000.0,1375500000.0,1375500000.0,0.0,,,,,3600000.0,71300000.0,1.0,444380404.0,444400000.0,445800000.0,3.095,10112900000.0,209300000.0,30700000.0,658700000.0,22.756,3990800000.0
50,MOS,MRQ,2008-12-31,2008-11-30,2008-11-30,2021-08-03,-209300000.0,12427700000.0,,5970500000.0,6457200000.0,,17.675,-223200000.0,2811600000.0,2811600000.0,2232800000.0,961300000.0,3.451,0.583,1413400000.0,140700000.0,1272700000.0,1413400000.0,0.0,89400000.0,0.0,0.003,0.05,1419300000.0,1508700000.0,0.502,1508700000.0,1419300000.0,1411000000.0,2.16,2.15,2.16,7852800000.0,,7852800000.0,12783471903.0,3.0,2.364,163300000.0,0.368,1.0,773700000.0,0.257,1682000000.0,8300000.0,7617600000.0,,1614200000.0,280700000.0,0.0,280700000.0,4574900000.0,1729900000.0,2845000000.0,13483071903.0,621900000.0,0.0,5000000.0,-65700000.0,-22200000.0,-83100000.0,491400000.0,745700000.0,386500000.0,-172900000.0,959800000.0,959800000.0,959800000.0,0.0,1500000.0,0.319,91700000.0,682000000.0,768200000.0,0.023,1.717,3.822,3.822,4331900000.0,0.0,30.35,1.042,1.042,918100000.0,5585000000.0,3006500000.0,3006500000.0,0.0,,,,,3800000.0,76800000.0,1.0,444252781.0,444300000.0,446100000.0,6.767,10745700000.0,208900000.0,451200000.0,658600000.0,24.186,4240600000.0
51,MOS,MRQ,2008-09-30,2008-08-31,2008-08-31,2021-08-03,551500000.0,13010100000.0,,6177000000.0,6833100000.0,,17.266,-186900000.0,2189700000.0,2189700000.0,2673900000.0,1188600000.0,2.34,0.697,1490100000.0,178700000.0,1311400000.0,1490100000.0,0.0,87700000.0,0.0,0.0,0.05,1693000000.0,1780700000.0,0.412,1780700000.0,1693000000.0,1682400000.0,2.67,2.65,2.67,7667700000.0,,7667700000.0,46981374545.0,11.0,10.43,374600000.0,0.844,1.0,1648600000.0,0.381,1808400000.0,10600000.0,7862300000.0,,1945100000.0,356400000.0,0.0,356400000.0,5342400000.0,2639800000.0,2702600000.0,47390674545.0,229000000.0,0.0,3900000.0,-56600000.0,-22200000.0,-76500000.0,-187800000.0,0.0,561500000.0,-68200000.0,1184700000.0,1184700000.0,1184700000.0,0.0,3900000.0,0.274,99700000.0,1548900000.0,1266600000.0,0.019,6.181,16.0,16.003,4559200000.0,0.0,106.74,3.906,3.907,1586300000.0,4647200000.0,4322500000.0,4322500000.0,0.0,,,,,10100000.0,90000000.0,1.0,443982336.0,444100000.0,446500000.0,9.733,11201700000.0,214800000.0,497700000.0,883700000.0,25.223,3537200000.0
52,MOS,MRQ,2008-06-30,2008-05-31,2008-05-31,2021-08-03,790600000.0,11819800000.0,,4809500000.0,7010300000.0,,15.164,-124300000.0,1960700000.0,1960700000.0,2179000000.0,871200000.0,2.2,0.756,1551400000.0,176400000.0,1375000000.0,1551400000.0,0.0,104700000.0,0.0,0.0,0.0,1222800000.0,1327500000.0,0.383,1327500000.0,1222800000.0,1216500000.0,1.94,1.93,1.94,6731200000.0,,6731200000.0,56117095933.0,19.0,17.286,913400000.0,2.058,1.0,1287700000.0,0.371,1875200000.0,6300000.0,7349200000.0,,1350900000.0,353800000.0,0.0,353800000.0,5088600000.0,2186100000.0,2902500000.0,55597995933.0,826500000.0,-8100000.0,20700000.0,-100700000.0,0.0,-90900000.0,-131900000.0,0.0,1037700000.0,11600000.0,862500000.0,862500000.0,862500000.0,0.0,8700000.0,0.249,107600000.0,1180100000.0,1022100000.0,0.0,8.26,26.694,26.664,4648000000.0,0.0,125.32,5.666,5.654,1039200000.0,3485400000.0,3466700000.0,3466700000.0,0.0,,,,,4000000.0,96200000.0,1.0,443648228.0,443900000.0,447500000.0,7.81,9944600000.0,267000000.0,354000000.0,682900000.0,22.403,2623400000.0
53,MOS,MRQ,2008-03-31,2008-02-29,2008-02-29,2021-08-03,783100000.0,10600600000.0,,3167200000.0,7433400000.0,,13.164,-86600000.0,1134200000.0,1134200000.0,1419300000.0,520800000.0,1.749,0.817,1653300000.0,274900000.0,1378400000.0,1653300000.0,0.0,86700000.0,0.0,0.0,0.0,704700000.0,791400000.0,0.369,791400000.0,704700000.0,680000000.0,1.17,1.17,1.17,5835600000.0,,5835600000.0,50362971311.0,25.0,19.626,441400000.0,0.996,1.0,727900000.0,0.339,2100100000.0,24700000.0,7208400000.0,,1037200000.0,486200000.0,0.0,486200000.0,4765000000.0,1811200000.0,2953800000.0,49317671311.0,492000000.0,400000.0,51400000.0,-34900000.0,0.0,17100000.0,-56900000.0,24600000.0,528000000.0,3800000.0,520800000.0,520800000.0,520800000.0,0.0,0.0,0.243,80500000.0,647400000.0,551800000.0,0.0,8.451,34.66,34.565,4602000000.0,0.0,111.3,6.141,6.144,699500000.0,2622900000.0,2147200000.0,2147200000.0,0.0,,,,,6000000.0,81200000.0,1.0,443105762.0,443300000.0,446100000.0,4.844,8500500000.0,192400000.0,159200000.0,628800000.0,19.176,1356000000.0
54,MOS,MRQ,2007-12-31,2007-11-30,2007-11-30,2021-08-03,717900000.0,9694100000.0,,2277800000.0,7416300000.0,,11.734,-79100000.0,642200000.0,642200000.0,1572300000.0,394000000.0,1.577,0.868,1687500000.0,304900000.0,1382600000.0,1687500000.0,0.0,84500000.0,0.0,0.0,0.0,520400000.0,604900000.0,0.276,604900000.0,520400000.0,494900000.0,0.89,0.89,0.89,5190100000.0,,5190100000.0,32103495049.0,23.0,17.199,463400000.0,1.048,1.0,623100000.0,0.284,2160000000.0,25500000.0,7135400000.0,,866700000.0,429300000.0,0.0,429300000.0,4504000000.0,1444000000.0,3060000000.0,30552595049.0,3000000.0,-300000.0,19200000.0,-503000000.0,0.0,-485700000.0,-79100000.0,0.0,542500000.0,25300000.0,394000000.0,394000000.0,394000000.0,0.0,0.0,0.179,93500000.0,529600000.0,515500000.0,0.0,5.887,32.355,32.163,4578200000.0,0.0,69.15,4.266,4.271,613600000.0,2102100000.0,2195400000.0,2195400000.0,0.0,,,,,4700000.0,79800000.0,1.0,441830731.0,442300000.0,445000000.0,4.964,7534100000.0,206400000.0,100900000.0,693200000.0,17.034,833800000.0
55,MOS,MRQ,2007-09-30,2007-08-31,2007-08-31,2021-08-03,495300000.0,9313100000.0,,2170000000.0,7143100000.0,,10.304,-82100000.0,639200000.0,639200000.0,1481500000.0,305500000.0,1.353,1.048,2190100000.0,604400000.0,1585700000.0,2190100000.0,0.0,82200000.0,0.0,0.0,0.0,440300000.0,522500000.0,0.261,522500000.0,440300000.0,406300000.0,0.69,0.69,0.69,4548200000.0,,4548200000.0,20484280358.0,21.0,14.756,356300000.0,0.807,1.0,521800000.0,0.26,2207100000.0,34000000.0,7052600000.0,,817800000.0,379900000.0,0.0,379900000.0,4764900000.0,1604300000.0,3160600000.0,18544380358.0,218600000.0,7800000.0,18400000.0,-168600000.0,0.0,-150300000.0,-73700000.0,0.0,438400000.0,4200000.0,305500000.0,305500000.0,305500000.0,0.0,0.0,0.152,72200000.0,449600000.0,386400000.0,0.0,4.077,30.095,29.801,4447200000.0,0.0,42.02,2.858,2.859,537400000.0,1708100000.0,2003300000.0,2003300000.0,0.0,,,,,3800000.0,66600000.0,1.0,441322712.0,441400000.0,444300000.0,4.539,7106000000.0,60600000.0,100800000.0,582700000.0,16.099,565700000.0
56,MOS,MRQ,2007-06-30,2007-05-31,2007-05-31,2021-08-03,458900000.0,9163600000.0,,1955500000.0,7208100000.0,,9.502,-101500000.0,420600000.0,420600000.0,1228200000.0,202600000.0,1.2,1.19,2360500000.0,542400000.0,1818100000.0,2360500000.0,0.0,329400000.0,0.0,0.0,0.0,318000000.0,647400000.0,0.384,647400000.0,318000000.0,287900000.0,0.47,0.46,0.47,4183900000.0,,4183900000.0,17583193674.0,25.0,17.203,152000000.0,0.345,1.0,456200000.0,0.271,2283800000.0,30100000.0,7190000000.0,,787400000.0,384900000.0,0.0,384900000.0,4979700000.0,1629700000.0,3350000000.0,15470893674.0,-39100000.0,-1400000.0,11700000.0,-212600000.0,-2600000.0,-211000000.0,-101000000.0,0.0,253500000.0,19400000.0,202600000.0,202600000.0,202600000.0,0.0,0.0,0.12,96400000.0,359800000.0,433500000.0,0.0,3.698,36.862,36.216,4449400000.0,0.0,35.13,2.68,2.642,557000000.0,1402600000.0,1684400000.0,1684400000.0,0.0,,,,,23400000.0,95900000.0,1.0,440389800.0,440300000.0,443600000.0,3.826,6879800000.0,35000000.0,85300000.0,770900000.0,15.625,325800000.0
57,MOS,MRQ,2007-03-31,2007-02-28,2007-02-28,2021-08-03,133000000.0,8723100000.0,,1778800000.0,6944300000.0,,8.274,-68400000.0,459700000.0,459700000.0,1165600000.0,42200000.0,1.558,1.399,2572000000.0,145000000.0,2427000000.0,2572000000.0,0.0,0.0,0.0,0.0,0.0,91800000.0,91800000.0,0.072,91800000.0,91800000.0,48800000.0,0.1,0.1,0.1,3636500000.0,,3636500000.0,13418089281.0,84.0,27.695,85600000.0,0.195,1.0,113100000.0,0.088,2271400000.0,43000000.0,7422300000.0,,674800000.0,350500000.0,0.0,350500000.0,5086600000.0,1141700000.0,3944900000.0,11182989281.0,191300000.0,0.0,14500000.0,221300000.0,0.0,103600000.0,-80700000.0,0.0,154000000.0,14400000.0,42200000.0,42200000.0,42200000.0,0.0,0.0,0.033,78900000.0,34200000.0,874100000.0,0.0,3.075,340.945,1272.0,4250700000.0,0.0,25.44,2.063,2.063,522600000.0,1200000000.0,1278700000.0,1278700000.0,0.0,,,,,0.0,77800000.0,1.0,439582912.0,439500000.0,440900000.0,2.909,6451700000.0,49100000.0,6600000.0,708600000.0,14.68,637100000.0
58,MOS,MRQ,2006-12-31,2006-11-30,2006-11-30,2021-08-03,206800000.0,8653200000.0,,1627400000.0,7025800000.0,,8.327,-37000000.0,268400000.0,268400000.0,1361500000.0,65900000.0,1.319,1.372,2503500000.0,292700000.0,2210800000.0,2503500000.0,0.0,0.0,0.0,0.0,0.0,126500000.0,126500000.0,0.083,126500000.0,126500000.0,90000000.0,0.15,0.15,0.15,3648100000.0,,3648100000.0,11687364684.0,835.0,34.568,112800000.0,0.257,1.0,160500000.0,0.105,2305700000.0,36500000.0,7349000000.0,,655400000.0,350900000.0,0.0,350900000.0,5005100000.0,1233600000.0,3771500000.0,9330564684.0,53600000.0,0.0,20400000.0,-57300000.0,0.0,-36900000.0,-37200000.0,0.0,149800000.0,-22100000.0,65900000.0,65900000.0,65900000.0,0.0,0.0,0.043,69800000.0,90700000.0,811400000.0,0.0,2.558,-111.61,-78.889,4304800000.0,0.0,21.3,1.789,1.789,569800000.0,1157800000.0,1522000000.0,1522000000.0,0.0,,,,,0.0,70400000.0,1.0,438054680.0,438100000.0,439400000.0,3.474,6347500000.0,44100000.0,24100000.0,740600000.0,14.489,393800000.0
59,MOS,MRQ,2006-09-30,2006-08-31,2006-08-31,2021-08-03,295100000.0,8745600000.0,,1617800000.0,7127800000.0,,8.686,-85200000.0,214800000.0,214800000.0,1092300000.0,109000000.0,1.258,1.4,2571600000.0,346700000.0,2224900000.0,2571600000.0,0.0,0.0,0.0,0.0,0.0,156400000.0,156400000.0,0.121,156400000.0,156400000.0,116400000.0,0.26,0.25,0.26,3643900000.0,,3643900000.0,9538815180.0,344.0,27.114,65400000.0,0.156,1.0,196300000.0,0.152,2335400000.0,40000000.0,7481100000.0,,772000000.0,336900000.0,0.0,336900000.0,5101700000.0,1285900000.0,3815800000.0,7101915180.0,41500000.0,0.0,1500000.0,-30400000.0,0.0,-28900000.0,-85100000.0,0.0,150600000.0,4900000.0,109000000.0,109000000.0,109000000.0,0.0,0.0,0.085,64700000.0,131600000.0,410200000.0,0.0,1.949,-73.216,-58.0,4390500000.0,0.0,16.24,1.368,1.312,466600000.0,1091900000.0,1288600000.0,1288600000.0,0.0,,,,,0.0,65700000.0,1.0,437310048.0,419500000.0,438100000.0,3.072,6410200000.0,45400000.0,7400000.0,752500000.0,15.281,331900000.0
60,MOS,MRQ,2006-06-30,2006-05-31,2006-05-31,2021-08-03,299200000.0,8723000000.0,,1582800000.0,7140200000.0,,9.253,-140100000.0,173300000.0,173300000.0,1165300000.0,-180900000.0,1.403,1.471,2610200000.0,222100000.0,2388100000.0,2610200000.0,0.0,324100000.0,0.0,0.0,0.0,-214300000.0,109800000.0,0.082,109800000.0,-214300000.0,-242100000.0,-0.49,-0.49,-0.49,3530800000.0,,3530800000.0,8559317726.0,231.0,23.697,62600000.0,0.164,1.0,166200000.0,0.125,2347100000.0,27800000.0,7684300000.0,,760900000.0,318900000.0,0.0,318900000.0,5192200000.0,1128500000.0,4063700000.0,6064717726.0,8700000.0,0.0,1900000.0,-36600000.0,-2600000.0,-43600000.0,-138800000.0,0.0,202700000.0,-11600000.0,-180900000.0,-184300000.0,-184300000.0,0.0,0.0,-0.138,351200000.0,-185000000.0,389200000.0,0.0,1.718,-45.771,-44.457,4416600000.0,3400000.0,15.56,1.143,1.121,508200000.0,982900000.0,1331500000.0,1331500000.0,0.0,,,,,8100000.0,54600000.0,1.0,389763350.0,381600000.0,382200000.0,3.489,6375900000.0,50500000.0,-61200000.0,772900000.0,16.708,454300000.0
61,MOS,MRQ,2006-03-31,2006-02-28,2006-02-28,2021-08-03,220900000.0,8704400000.0,,1480600000.0,7223800000.0,,9.451,-82600000.0,164600000.0,164600000.0,1059200000.0,-71600000.0,1.461,1.401,2659200000.0,252000000.0,2407200000.0,2659200000.0,0.0,0.0,0.0,0.0,0.0,-54600000.0,-54600000.0,-0.051,-54600000.0,-54600000.0,-98800000.0,-0.19,-0.19,-0.19,3625500000.0,,3625500000.0,8572371398.0,20.0,13.132,-153000000.0,-0.399,1.0,14000000.0,0.013,2330500000.0,44200000.0,7855000000.0,,786100000.0,328200000.0,0.0,328200000.0,5078900000.0,1013500000.0,4065400000.0,6185671398.0,-1400000.0,14800000.0,3200000.0,119300000.0,-2600000.0,119900000.0,-67700000.0,0.0,-70400000.0,16800000.0,-71600000.0,-74200000.0,-74200000.0,0.0,0.0,-0.069,58400000.0,-44400000.0,381400000.0,0.0,1.706,43.196,39.75,4468400000.0,2600000.0,15.9,1.14,1.124,427700000.0,1167200000.0,1073200000.0,1073200000.0,0.0,,,,,0.0,61800000.0,1.0,389035937.0,383600000.0,383600000.0,2.798,6373900000.0,0.0,-27200000.0,790800000.0,16.616,467100000.0
62,MOS,MRQ,2005-12-31,2005-11-30,2005-11-30,2021-08-03,143200000.0,8695500000.0,,1651100000.0,7044400000.0,,9.403,-91000000.0,166000000.0,166000000.0,1289100000.0,55000000.0,1.497,1.426,2552700000.0,129400000.0,2423300000.0,2552700000.0,40200000.0,0.0,0.0,0.0,0.0,140200000.0,140200000.0,0.094,140200000.0,140200000.0,97300000.0,0.14,0.13,0.14,3583600000.0,,3583600000.0,7635188183.0,13.0,10.005,-10100000.0,-0.027,1.0,208400000.0,0.139,2304400000.0,42900000.0,7675200000.0,,786300000.0,340900000.0,0.0,340900000.0,5111900000.0,1102600000.0,4009300000.0,5238588183.0,-35300000.0,17400000.0,300000.0,-30900000.0,-2500000.0,-32700000.0,-72600000.0,0.0,80900000.0,-10900000.0,55000000.0,52500000.0,52500000.0,0.0,0.0,0.035,69100000.0,139300000.0,461700000.0,0.0,1.462,20.649,19.623,4317100000.0,2500000.0,13.54,0.953,0.939,571400000.0,1241400000.0,1497500000.0,1497500000.0,0.0,,,,,0.0,68000000.0,1.0,386897207.0,381100000.0,434500000.0,3.929,6391100000.0,0.0,42300000.0,854200000.0,16.77,548500000.0
63,MOS,MRQ,2005-09-30,2005-08-31,2005-08-31,2021-08-03,73300000.0,8607400000.0,,1758200000.0,6849200000.0,,9.104,-90700000.0,201300000.0,201300000.0,1154800000.0,76100000.0,1.62,1.488,2597900000.0,153400000.0,2444500000.0,2597900000.0,65300000.0,0.0,0.0,0.0,0.0,165900000.0,165900000.0,0.118,165900000.0,165900000.0,127600000.0,0.19,0.18,0.19,3459600000.0,,3459600000.0,8653081783.0,18.0,12.831,-9500000.0,-0.025,1.0,248800000.0,0.177,2209500000.0,38300000.0,7709400000.0,,774800000.0,334900000.0,0.0,334900000.0,5147800000.0,1085100000.0,4062700000.0,6237981783.0,-43700000.0,11800000.0,23500000.0,-57800000.0,-2600000.0,-37300000.0,-80100000.0,0.0,81200000.0,-7500000.0,76100000.0,73500000.0,73500000.0,0.0,0.0,0.052,56800000.0,192000000.0,456800000.0,0.0,1.803,32.54,31.058,4234700000.0,2600000.0,16.15,1.229,1.209,665200000.0,1189000000.0,1403600000.0,1403600000.0,0.0,,,,,0.0,57000000.0,1.0,386252742.0,380000000.0,433900000.0,3.694,6397900000.0,1800000.0,51500000.0,815900000.0,16.837,673100000.0
64,MOS,MRQ,2005-06-30,2005-05-31,2005-05-31,2021-08-03,-72000000.0,8411500000.0,,1728300000.0,6683200000.0,,8.47,-104100000.0,245000000.0,245000000.0,1204100000.0,94100000.0,1.499,1.618,2668600000.0,204900000.0,2463700000.0,2668600000.0,0.0,219300000.0,0.0,0.0,0.0,182000000.0,401300000.0,0.277,401300000.0,182000000.0,148200000.0,0.26,0.25,0.26,3213500000.0,,3213500000.0,7574964716.0,20.0,12.712,157200000.0,0.414,1.0,245600000.0,0.169,2160300000.0,33800000.0,7522200000.0,,753400000.0,331400000.0,0.0,331400000.0,5198000000.0,1152600000.0,4045400000.0,5030964716.0,134600000.0,-1900000.0,7300000.0,-35600000.0,-2500000.0,-33600000.0,-99600000.0,0.0,261300000.0,6500000.0,94100000.0,91400000.0,91400000.0,0.0,0.0,0.063,69100000.0,176500000.0,462700000.0,0.0,1.566,31.19,27.25,4121400000.0,2700000.0,13.08,1.144,0.975,654000000.0,1115400000.0,1449700000.0,1449700000.0,0.0,,,,,2100000.0,65800000.0,1.0,384630330.0,379400000.0,432100000.0,3.821,6251200000.0,2200000.0,54100000.0,797200000.0,16.477,575700000.0
65,MOS,MRQ,2005-03-31,2005-02-28,2005-02-28,2021-08-03,-58600000.0,8093500000.0,,1524600000.0,6568900000.0,,8.368,-66200000.0,110400000.0,110400000.0,1008000000.0,38800000.0,1.686,1.559,2654400000.0,138900000.0,2515500000.0,2654400000.0,40500000.0,-65900000.0,0.0,0.0,0.0,121600000.0,55700000.0,0.049,55700000.0,121600000.0,77300000.0,0.1,0.09,0.1,3162400000.0,,3162400000.0,8724375593.0,39.0,33.337,-124200000.0,-0.329,1.0,136500000.0,0.119,2231500000.0,44300000.0,7501700000.0,,784200000.0,376800000.0,300000.0,376500000.0,4931100000.0,904300000.0,4026800000.0,6313075593.0,-11400000.0,-600000.0,16000000.0,131300000.0,-2000000.0,138500000.0,-70300000.0,0.0,-58000000.0,-21600000.0,38800000.0,36300000.0,36300000.0,0.0,0.0,0.032,63800000.0,72700000.0,412400000.0,0.0,1.996,62.506,45.722,3869500000.0,2500000.0,16.46,1.775,1.749,556400000.0,1024000000.0,1144500000.0,1144500000.0,0.0,,,,,0.0,64800000.0,1.0,383540437.0,377900000.0,432800000.0,3.029,5862000000.0,8400000.0,38500000.0,867700000.0,15.512,620300000.0
66,MOS,MRQ,2004-12-31,2004-11-30,2004-11-30,2021-08-03,-38000000.0,7921600000.0,,1448200000.0,6473400000.0,,10.206,-46000000.0,127400000.0,127400000.0,1016500000.0,-8400000.0,1.42,1.547,2538700000.0,185600000.0,2353100000.0,2538700000.0,25400000.0,42800000.0,0.0,0.0,0.0,8700000.0,51500000.0,0.048,51500000.0,8700000.0,-16300000.0,-0.03,-0.03,-0.03,3109700000.0,,3109700000.0,4056291792.0,31.0,15.783,5200000.0,0.017,1.0,61200000.0,0.057,2175000000.0,25000000.0,7138300000.0,,667500000.0,349900000.0,5000000.0,344900000.0,4811900000.0,1019600000.0,3792300000.0,2013191792.0,99000000.0,51000000.0,3100000.0,18100000.0,-100000.0,16800000.0,10700000.0,0.0,51200000.0,20300000.0,-8400000.0,-9500000.0,-9500000.0,0.0,0.0,-0.009,48900000.0,12300000.0,417300000.0,0.0,0.647,24.824,52.667,3886100000.0,1100000.0,17.38,0.679,1.786,537000000.0,987700000.0,1077700000.0,1077700000.0,0.0,,,,,0.0,45400000.0,1.0,115833820.0,304700000.0,304700000.0,3.537,5746600000.0,9200000.0,-7900000.0,829900000.0,18.86,428600000.0
67,MOS,MRQ,2004-09-30,2004-08-31,2004-08-31,2021-08-03,,,,,,,,-38900000.0,,,642600000.0,41100000.0,,,,,,,,23100000.0,,0.001,0.0,64300000.0,87400000.0,0.121,87400000.0,64300000.0,56700000.0,0.16,0.16,0.16,,,,3889491091.0,25.0,,38500000.0,0.154,1.0,82200000.0,0.113,,7600000.0,,,,,,,,,,1846391091.0,12700000.0,-15300000.0,0.0,-7300000.0,-5000000.0,-13600000.0,-55900000.0,0.0,77400000.0,4800000.0,43100000.0,43100000.0,43100000.0,0.0,-2000000.0,0.059,25200000.0,57000000.0,,0.0,,16.816,36.227,,0.0,15.94,0.724,1.566,,,724800000.0,724800000.0,0.0,,,,,0.0,31000000.0,1.0,115833820.0,250600000.0,250600000.0,2.892,,,13600000.0,,,
68,MOS,MRQ,2004-06-30,2004-05-31,2004-05-31,2021-08-03,-113700000.0,1870500000.0,,668500000.0,1202000000.0,,3.362,-72400000.0,10100000.0,10100000.0,554900000.0,31100000.0,1.459,1.22,245300000.0,212700000.0,32600000.0,245300000.0,26500000.0,36200000.0,0.0,0.003,0.0,30900000.0,67100000.0,0.11,67100000.0,30900000.0,23500000.0,0.13,0.13,0.13,842400000.0,,842400000.0,3541644969.0,34.0,17.003,700000.0,0.003,1.0,54100000.0,0.089,0.0,7400000.0,1647500000.0,,358000000.0,286400000.0,100000.0,286300000.0,1028100000.0,458200000.0,569900000.0,1441944969.0,-1700000.0,-43200000.0,0.0,-81000000.0,0.0,41400000.0,-116000000.0,0.0,73100000.0,-200000.0,31100000.0,31100000.0,31100000.0,0.0,0.0,0.051,26100000.0,28000000.0,111300000.0,0.0,1.712,19.944,42.931,892100000.0,0.0,12.45,0.607,1.314,232300000.0,956100000.0,609000000.0,609000000.0,0.0,,,,,0.0,25000000.0,1.0,115818873.0,250600000.0,250600000.0,2.43,1870500000.0,15000000.0,-7600000.0,112000000.0,7.464,210300000.0
69,MOS,MRQ,2004-03-31,2004-02-29,2004-02-29,2021-08-03,,,,,,,,-37100000.0,,,506700000.0,16400000.0,,,,,,,,22700000.0,,0.005,0.0,28300000.0,51000000.0,0.092,51000000.0,28300000.0,22200000.0,0.07,0.07,0.07,,,,3374314745.0,,,-65000000.0,-0.259,1.0,46500000.0,0.084,,6100000.0,,,,,,,,,,1300614745.0,-700000.0,-100000.0,0.0,64700000.0,0.0,66200000.0,-39000000.0,0.0,-27900000.0,0.0,16400000.0,16400000.0,16400000.0,0.0,0.0,0.03,28400000.0,18100000.0,,0.0,,,,,0.0,11.3,,,,,553200000.0,553200000.0,0.0,,,,,0.0,28500000.0,1.0,115098650.0,250600000.0,250600000.0,2.208,,,5800000.0,,,
70,MOS,MRQ,2003-12-31,2003-11-30,2003-11-30,2021-08-03,,,,,,,,,,,617200000.0,19200000.0,,,,,,,,,,0.008,0.0,31100000.0,,,,31100000.0,23700000.0,0.08,0.08,0.08,,,,2910467186.0,,,,,1.0,47200000.0,0.071,,7400000.0,,,,,,,,,,836767186.0,,,,,,,,,,,19200000.0,19200000.0,19200000.0,0.0,0.0,0.029,24700000.0,22500000.0,,0.0,,,,,0.0,7.27,,,,,664400000.0,664400000.0,0.0,,,,,,24800000.0,1.0,115098650.0,250600000.0,250600000.0,2.651,,,4500000.0,,,
71,MOS,MRQ,2003-09-30,2003-09-30,2003-09-30,2021-08-03,-42900000.0,3665500000.0,,608100000.0,3057400000.0,,4.781,-33400000.0,56000000.0,56000000.0,451600000.0,-28100000.0,1.488,5.678,2129700000.0,18700000.0,2111000000.0,2129700000.0,0.0,42900000.0,0.0,0.009,0.02,5500000.0,48400000.0,0.098,48400000.0,5500000.0,-41400000.0,-0.27,-0.27,-0.27,548900000.0,,548900000.0,2725895735.0,146.0,14.554,-53500000.0,-0.466,1.0,44100000.0,0.089,319000000.0,46900000.0,5011600000.0,,334100000.0,0.0,0.0,0.0,3116600000.0,408600000.0,2708000000.0,737995735.0,-128700000.0,0.0,0.0,-35500000.0,-2300000.0,-75500000.0,-33100000.0,0.0,-20100000.0,0.0,-28100000.0,-28100000.0,-28100000.0,0.0,0.0,-0.057,23500000.0,20600000.0,157300000.0,-0.074,1.344,-5.01,-4.856,2348500000.0,0.0,6.41,0.357,0.356,182900000.0,-1065800000.0,495700000.0,495700000.0,0.0,,,,,0.0,21300000.0,1.0,115131940.0,114800000.0,114800000.0,4.318,3346500000.0,11600000.0,-13300000.0,13300000.0,29.151,199500000.0
72,MOS,MRQ,2003-06-30,2003-06-30,2003-06-30,2021-08-03,-33600000.0,3752400000.0,,701700000.0,3050700000.0,,5.146,32100000.0,184700000.0,184700000.0,494200000.0,-6900000.0,1.746,5.351,2172600000.0,40600000.0,2132000000.0,2172600000.0,0.0,43100000.0,0.0,0.006,0.02,31000000.0,74100000.0,0.138,74100000.0,31000000.0,-15000000.0,-0.06,-0.06,-0.06,590800000.0,,590800000.0,2939701189.0,43.0,12.488,48900000.0,0.426,1.0,44500000.0,0.083,319000000.0,46000000.0,5019500000.0,,316300000.0,0.0,0.0,0.0,3161600000.0,401800000.0,2759800000.0,772601189.0,173600000.0,0.0,0.0,-5700000.0,-2300000.0,124700000.0,32100000.0,0.0,16800000.0,0.0,-6900000.0,-6900000.0,-6900000.0,29000000.0,0.0,-0.013,5900000.0,38600000.0,152900000.0,-0.333,1.308,-6.954,-6.847,2360400000.0,0.0,6.71,0.375,0.374,173700000.0,-1032800000.0,538700000.0,538700000.0,0.0,,,,,0.0,22100000.0,1.0,115141757.0,114800000.0,115400000.0,4.693,3433400000.0,11600000.0,-8100000.0,36400000.0,29.908,299900000.0
73,MOS,MRQ,2003-03-31,2003-03-31,2003-03-31,2021-08-03,-97200000.0,3563900000.0,,559700000.0,3004200000.0,,3.511,-3100000.0,11100000.0,11100000.0,516900000.0,-36600000.0,1.492,7.85,2178200000.0,16100000.0,2162100000.0,2178200000.0,0.0,41100000.0,0.0,0.002,0.02,-5600000.0,35500000.0,0.064,35500000.0,-5600000.0,-51500000.0,-0.32,-0.32,-0.32,402700000.0,,402700000.0,3256299344.0,88.0,16.112,-15000000.0,-0.131,1.0,35200000.0,0.064,319000000.0,45900000.0,5036900000.0,,311800000.0,0.0,0.0,0.0,3161200000.0,375100000.0,2786100000.0,1107999344.0,-6600000.0,0.0,0.0,-93100000.0,-2300000.0,8400000.0,-3100000.0,0.0,-11900000.0,0.0,-36600000.0,-36600000.0,-36600000.0,0.0,0.0,-0.066,22200000.0,13000000.0,177300000.0,-0.062,2.751,-7.309,-7.233,2342600000.0,0.0,9.62,0.525,0.523,201100000.0,-1023600000.0,552100000.0,552100000.0,0.0,,,,,0.0,18300000.0,1.0,115176647.0,114700000.0,114700000.0,4.813,3244900000.0,11600000.0,-14900000.0,32000000.0,28.29,184600000.0
74,MOS,MRQ,2002-12-31,2002-12-31,2002-12-31,2021-08-03,-146400000.0,3711000000.0,,773900000.0,2937100000.0,,3.418,-39900000.0,123200000.0,123200000.0,428700000.0,-75700000.0,1.473,8.474,2271500000.0,106200000.0,2165300000.0,2271500000.0,0.0,41500000.0,0.0,0.0,0.0,-12200000.0,29300000.0,0.061,29300000.0,-12200000.0,-55100000.0,-0.67,-0.67,-0.67,391700000.0,,391700000.0,3282689311.0,35.0,12.67,-78600000.0,-0.686,1.0,52300000.0,0.109,319000000.0,42900000.0,5014900000.0,,349100000.0,0.0,0.0,0.0,3319300000.0,525400000.0,2793900000.0,1226689311.0,-71600000.0,1900000.0,0.0,117100000.0,-2300000.0,7000000.0,-39900000.0,0.0,-38700000.0,0.0,-75700000.0,-75700000.0,-75700000.0,42300000.0,0.0,-0.157,25600000.0,26700000.0,154800000.0,0.0,3.132,-11.131,-11.0,2300700000.0,0.0,10.67,0.596,0.594,179000000.0,-984700000.0,481000000.0,481000000.0,0.0,,,,,0.0,23600000.0,1.0,114966196.0,114600000.0,111900000.0,4.197,3392000000.0,11600000.0,20600000.0,57600000.0,29.599,248500000.0
75,MOS,MRQ,2002-09-30,2002-09-30,2002-09-30,2021-08-03,-99400000.0,3652400000.0,,616000000.0,3036400000.0,,4.503,-34600000.0,89300000.0,89300000.0,424500000.0,8100000.0,1.163,6.071,2145300000.0,141100000.0,2004200000.0,2145300000.0,0.0,40900000.0,0.0,0.0,0.0,55600000.0,96500000.0,0.197,96500000.0,55600000.0,11800000.0,0.07,0.07,0.07,516500000.0,,516500000.0,3427085057.0,28.0,12.368,2300000.0,0.02,1.0,65700000.0,0.134,319000000.0,43800000.0,4859800000.0,,313500000.0,0.0,0.0,0.0,3135900000.0,529600000.0,2606300000.0,1385485057.0,-127200000.0,0.0,0.0,-113100000.0,-4600000.0,-118200000.0,-45900000.0,0.0,36900000.0,0.0,8100000.0,8100000.0,8100000.0,0.0,0.0,0.017,18700000.0,47000000.0,156200000.0,0.0,2.682,-23.643,-23.627,2287800000.0,0.0,12.05,0.659,0.657,184600000.0,-906700000.0,490200000.0,490200000.0,0.0,,,,,0.0,18700000.0,1.0,114978013.0,114700000.0,115200000.0,4.274,3333400000.0,14100000.0,3700000.0,97400000.0,29.062,86400000.0
76,MOS,MRQ,2002-06-30,2002-06-30,2002-06-30,2021-08-03,-72600000.0,3804300000.0,,740700000.0,3063600000.0,,4.686,-33800000.0,216500000.0,216500000.0,511900000.0,-47400000.0,1.873,6.084,2258100000.0,8600000.0,2249500000.0,2258100000.0,0.0,41800000.0,0.0,0.0,0.0,-1000000.0,40800000.0,0.069,40800000.0,-1000000.0,-44200000.0,-0.41,-0.41,-0.41,537000000.0,,537000000.0,3459794962.0,54.0,15.871,-9400000.0,-0.082,1.0,76400000.0,0.13,319000000.0,43200000.0,5131500000.0,,292500000.0,0.0,0.0,0.0,3267300000.0,395400000.0,2871900000.0,1437794962.0,16500000.0,-10000000.0,0.0,35800000.0,0.0,35800000.0,-43700000.0,0.0,24400000.0,0.0,-47400000.0,-47400000.0,-47400000.0,54100000.0,0.0,-0.081,19000000.0,57400000.0,146300000.0,0.0,2.677,-14.977,-15.06,2310300000.0,0.0,12.5,0.713,0.71,196200000.0,-912400000.0,588300000.0,588300000.0,0.0,,,,,0.0,19000000.0,1.0,115023597.0,114600000.0,115400000.0,5.134,3485300000.0,14100000.0,3200000.0,107400000.0,30.413,345300000.0
77,MOS,MRQ,2002-03-31,2002-03-31,2002-03-31,2021-08-03,-105100000.0,3846500000.0,,749200000.0,3097300000.0,,4.836,-31700000.0,200000000.0,200000000.0,429200000.0,4800000.0,1.91,5.947,2222000000.0,10300000.0,2211700000.0,2222000000.0,0.0,41100000.0,0.0,0.0,0.0,51400000.0,92500000.0,0.186,92500000.0,51400000.0,7100000.0,0.04,0.04,0.04,553700000.0,,553700000.0,3677839308.0,46.0,15.684,-44700000.0,-0.39,1.0,68700000.0,0.138,319000000.0,44300000.0,5157300000.0,,314200000.0,0.0,0.0,0.0,3292800000.0,392200000.0,2900600000.0,1703639308.0,-48700000.0,0.0,-11600000.0,-364200000.0,-2300000.0,-4100000.0,-31600000.0,0.0,-13000000.0,0.0,4800000.0,4800000.0,4800000.0,0.0,0.0,0.01,19400000.0,49300000.0,149400000.0,0.0,3.077,-23.402,-23.79,2299400000.0,0.0,14.75,0.88,0.872,208900000.0,-862800000.0,497900000.0,497900000.0,0.0,,,,,0.0,19400000.0,1.0,115500970.0,114500000.0,115900000.0,4.348,3527500000.0,14100000.0,2300000.0,157800000.0,30.808,357000000.0
78,MOS,MRQ,2001-12-31,2001-12-31,2001-12-31,2021-08-03,-117100000.0,4248900000.0,,1153200000.0,3095700000.0,,4.902,-25800000.0,622700000.0,622700000.0,483600000.0,-24100000.0,1.491,6.858,2596900000.0,380800000.0,2216100000.0,2596900000.0,0.0,32300000.0,0.0,0.0,0.0,15000000.0,47300000.0,0.09,47300000.0,15000000.0,-29600000.0,-0.21,-0.21,-0.21,540700000.0,,540700000.0,4121739455.0,55.0,17.72,50800000.0,0.461,1.0,42200000.0,0.08,319000000.0,44600000.0,5130900000.0,,292300000.0,0.0,0.0,0.0,3708200000.0,773200000.0,2935000000.0,1493739455.0,203300000.0,625800000.0,0.0,-87200000.0,-4400000.0,-472000000.0,598700000.0,0.0,76600000.0,0.0,-24100000.0,-24100000.0,-24100000.0,0.0,0.0,-0.046,20600000.0,21600000.0,150300000.0,0.0,2.763,-22.462,-22.807,2308600000.0,0.0,13.0,0.763,0.76,217600000.0,-865300000.0,525800000.0,525800000.0,0.0,,,,,0.0,19100000.0,1.0,114903035.0,110300000.0,110300000.0,4.767,3929900000.0,14100000.0,-5500000.0,176300000.0,35.629,380000000.0
79,MOS,MRQ,2001-09-30,2001-09-30,2001-09-30,2021-08-03,-128800000.0,4398400000.0,,1244100000.0,3154300000.0,,4.747,-38300000.0,45400000.0,45400000.0,385400000.0,-29300000.0,3.693,6.934,2673400000.0,14500000.0,2658900000.0,2673400000.0,0.0,39000000.0,0.0,0.0,0.0,-1600000.0,37400000.0,0.092,37400000.0,-1600000.0,-43700000.0,-0.25,-0.25,-0.25,554400000.0,,554400000.0,3496313073.0,-11.0,-18.097,-164100000.0,-1.405,1.0,20500000.0,0.051,0.0,42100000.0,6689500000.0,,373400000.0,0.0,0.0,0.0,3844000000.0,336900000.0,3507100000.0,1033613073.0,-48100000.0,0.0,0.0,117900000.0,-2200000.0,115700000.0,-38000000.0,0.0,-125800000.0,0.0,-29300000.0,-29300000.0,-29300000.0,0.0,0.0,-0.072,26600000.0,-6100000.0,155100000.0,0.0,1.864,-2.262,-2.278,2322600000.0,0.0,9.0,0.54,0.549,216200000.0,-839000000.0,405900000.0,405900000.0,0.0,,,,,0.0,20200000.0,1.0,114845897.0,116800000.0,116800000.0,3.475,4398400000.0,84400000.0,-14400000.0,309400000.0,37.658,907200000.0
80,MOS,MRQ,2001-06-30,2001-06-30,2001-06-30,2021-08-03,-98400000.0,4378400000.0,,728900000.0,3649500000.0,,5.377,-28200000.0,93500000.0,93500000.0,446300000.0,-24200000.0,1.963,6.111,2556200000.0,16200000.0,2540000000.0,2556200000.0,0.0,42900000.0,0.0,0.0,0.0,14400000.0,57300000.0,0.113,57300000.0,14400000.0,-21600000.0,-0.2,-0.2,-0.2,615700000.0,,615700000.0,3462182518.0,-12.0,-22.409,-128100000.0,-1.119,1.0,60600000.0,0.12,0.0,36000000.0,6469700000.0,,377400000.0,0.0,0.0,0.0,3762700000.0,371400000.0,3391300000.0,1170582518.0,83500000.0,0.0,0.0,241100000.0,-2200000.0,210600000.0,-27200000.0,0.0,-99900000.0,0.0,-24200000.0,-24200000.0,-24200000.0,0.0,0.0,-0.048,19600000.0,41000000.0,161400000.0,0.0,1.901,-2.693,-2.713,2333900000.0,0.0,10.2,0.585,0.584,162700000.0,-807600000.0,506900000.0,506900000.0,0.0,,,,,0.0,19600000.0,1.0,114762992.0,114500000.0,116300000.0,4.427,4378400000.0,84400000.0,2600000.0,317400000.0,38.239,357500000.0
81,MOS,MRQ,2001-03-31,2001-03-31,2001-03-31,2021-08-03,-100100000.0,4136400000.0,,544000000.0,3592400000.0,,5.486,-30800000.0,10000000.0,10000000.0,453400000.0,11100000.0,0.921,5.586,2301600000.0,215200000.0,2086400000.0,2301600000.0,0.0,43000000.0,0.0,0.0,0.0,47600000.0,90600000.0,0.174,90600000.0,47600000.0,18000000.0,0.1,0.1,0.1,628100000.0,,628100000.0,3688111784.0,-16.0,-46.744,-5200000.0,-0.045,1.0,66700000.0,0.128,0.0,29600000.0,5837600000.0,,368200000.0,0.0,0.0,0.0,3508300000.0,590400000.0,2917900000.0,1412011784.0,-74500000.0,0.0,0.0,-59000000.0,-8700000.0,-69300000.0,-30800000.0,0.0,25600000.0,0.0,11100000.0,11100000.0,11100000.0,0.0,0.0,0.021,27500000.0,39200000.0,183100000.0,0.0,2.248,-3.695,-3.716,2330300000.0,0.0,12.3,0.699,0.697,71100000.0,-781100000.0,520100000.0,520100000.0,0.0,,,,,0.0,22900000.0,1.0,114797706.0,114500000.0,114900000.0,4.542,4136400000.0,84400000.0,6900000.0,311600000.0,36.126,-46400000.0
82,MOS,MRQ,2000-12-31,2000-12-31,2000-12-31,2021-08-03,-58600000.0,4261600000.0,,592900000.0,3668700000.0,,5.904,-13100000.0,84500000.0,84500000.0,425900000.0,-414500000.0,0.94,5.31,2360600000.0,217500000.0,2143100000.0,2360600000.0,0.0,8600000.0,0.0,0.0,0.0,-387100000.0,-378500000.0,-0.785,-378500000.0,-387100000.0,-414400000.0,-3.6,-3.6,-3.6,675400000.0,,675400000.0,4031352305.0,-22.0,-287.954,-32100000.0,-0.281,1.0,56400000.0,0.117,0.0,27300000.0,5907200000.0,,332600000.0,0.0,0.0,0.0,3586200000.0,630500000.0,2955700000.0,1786252305.0,62500000.0,0.0,0.0,93500000.0,0.0,93400000.0,-11900000.0,0.0,-19000000.0,0.0,-414500000.0,-414500000.0,-414500000.0,419000000.0,0.0,-0.859,26900000.0,29500000.0,201300000.0,0.0,2.645,-5.178,-5.187,2345800000.0,0.0,15.56,0.852,0.849,82500000.0,-790000000.0,482300000.0,482300000.0,0.0,,,,,0.0,26900000.0,1.0,114797706.0,114400000.0,114800000.0,4.216,4261600000.0,84400000.0,100000.0,291600000.0,37.252,-37600000.0
83,MOS,MRQ,2000-09-30,2000-09-30,2000-09-30,2021-08-03,-59500000.0,4867700000.0,,688700000.0,4179000000.0,,9.609,-51900000.0,22000000.0,22000000.0,435100000.0,-7000000.0,1.396,3.428,2267100000.0,37500000.0,2229600000.0,2267100000.0,0.0,51500000.0,0.0,0.0,0.0,24600000.0,76100000.0,0.155,76100000.0,24600000.0,-2700000.0,-0.06,-0.06,-0.06,1099300000.0,,1099300000.0,4006065461.0,-6.0,-8.851,102100000.0,0.892,1.0,56500000.0,0.115,0.0,27300000.0,6619600000.0,,394800000.0,0.0,0.0,0.0,3768400000.0,493200000.0,3275200000.0,1664565461.0,100000.0,0.0,0.0,-96300000.0,-8800000.0,-104100000.0,-49800000.0,0.0,154000000.0,0.0,-7000000.0,-7000000.0,-7000000.0,14700000.0,0.0,-0.014,25100000.0,31400000.0,234700000.0,0.0,1.514,-2.006,-2.003,3182000000.0,0.0,14.5,0.813,0.81,132000000.0,-367000000.0,491600000.0,491600000.0,0.0,,,,,0.0,23800000.0,1.0,114797618.0,114400000.0,114900000.0,4.297,4867700000.0,135300000.0,4300000.0,573600000.0,42.55,195500000.0
84,MOS,MRQ,2000-06-30,2000-06-30,2000-06-30,2021-08-03,-51400000.0,4962700000.0,,784600000.0,4178100000.0,,9.842,-32800000.0,21900000.0,21900000.0,426100000.0,28300000.0,1.815,3.408,2363400000.0,21200000.0,2342200000.0,2363400000.0,0.0,55300000.0,0.0,0.0,0.0,77600000.0,132900000.0,0.253,132900000.0,77600000.0,48700000.0,0.25,0.25,0.25,1125900000.0,,1125900000.0,3865877306.0,-6.0,-9.624,69900000.0,0.611,1.0,99300000.0,0.189,0.0,28900000.0,6872000000.0,,418100000.0,0.0,0.0,0.0,3836800000.0,432200000.0,3404600000.0,1490777306.0,-35800000.0,0.0,0.0,-69400000.0,-8800000.0,-106300000.0,-32200000.0,0.0,102700000.0,0.0,28300000.0,28300000.0,28300000.0,4500000.0,0.0,0.054,24500000.0,74800000.0,162700000.0,0.0,1.324,-1.841,-1.844,3186200000.0,0.0,13.02,0.718,0.717,201800000.0,-351100000.0,525400000.0,525400000.0,0.0,,,,,0.0,27000000.0,1.0,114499025.0,114400000.0,114800000.0,4.593,4962700000.0,135300000.0,20400000.0,576300000.0,43.38,352400000.0
85,MOS,MRQ,2000-03-31,2000-03-31,2000-03-31,2021-08-03,-40700000.0,5105600000.0,,894000000.0,4211600000.0,,9.763,-20300000.0,57700000.0,57700000.0,478600000.0,48200000.0,1.817,3.571,2432800000.0,17200000.0,2415600000.0,2432800000.0,0.0,56200000.0,0.0,0.0,0.0,99300000.0,155500000.0,0.261,155500000.0,99300000.0,70200000.0,0.42,0.42,0.42,1116900000.0,,1116900000.0,4149471478.0,-7.0,-12.115,105400000.0,0.921,1.0,118000000.0,0.198,0.0,29100000.0,6988700000.0,,390100000.0,0.0,0.0,0.0,3988700000.0,492000000.0,3496700000.0,1681671478.0,-23100000.0,0.0,0.0,-115800000.0,-8700000.0,-129000000.0,-19800000.0,0.0,125700000.0,0.0,48200000.0,48200000.0,48200000.0,-8900000.0,0.0,0.081,25000000.0,93000000.0,192100000.0,0.0,1.506,-2.14,-2.145,3218800000.0,0.0,14.69,0.76,0.76,297700000.0,-370700000.0,596600000.0,596600000.0,0.0,,,,,0.0,25000000.0,1.0,114477296.0,114400000.0,114600000.0,5.215,5105600000.0,135300000.0,22000000.0,577800000.0,44.629,402000000.0
86,MOS,MRQ,1999-12-31,1999-12-31,1999-12-31,2021-08-03,-37300000.0,5195900000.0,,927900000.0,4268000000.0,,9.384,-53900000.0,80800000.0,80800000.0,457600000.0,-899400000.0,1.89,3.811,2548600000.0,29900000.0,2518700000.0,2548600000.0,0.0,28700000.0,0.0,0.0,0.0,-845800000.0,-817100000.0,-1.884,-817100000.0,-845800000.0,-841600000.0,-7.85,-7.85,-7.85,1080100000.0,,1080100000.0,4363680369.0,-8.0,-15.146,-18700000.0,-0.162,1.0,-23800000.0,-0.055,0.0,-4200000.0,7172800000.0,,439600000.0,0.0,0.0,0.0,4115800000.0,490900000.0,3624900000.0,1875180369.0,16100000.0,39900000.0,-2500000.0,-4700000.0,-9300000.0,-13900000.0,-5200000.0,-12800000.0,35200000.0,0.0,-899400000.0,-899400000.0,-899400000.0,229100000.0,0.0,-2.073,618900000.0,-642700000.0,200900000.0,0.0,1.736,-2.425,-2.427,3250700000.0,0.0,16.38,0.821,0.822,254200000.0,-411100000.0,433800000.0,433800000.0,0.0,,,,,0.0,23600000.0,1.0,114479876.0,115100000.0,114200000.0,3.769,5195900000.0,135300000.0,57800000.0,589600000.0,45.142,437000000.0
87,MOS,MRQ,1999-09-30,1999-09-30,1999-09-30,2021-08-03,-38500000.0,6020300000.0,,1047300000.0,4973000000.0,,17.375,-39400000.0,64700000.0,64700000.0,424300000.0,13200000.0,2.31,2.029,2553200000.0,17800000.0,2535400000.0,2553200000.0,0.0,68500000.0,0.0,0.0,0.0,58500000.0,127000000.0,0.244,127000000.0,58500000.0,22000000.0,0.12,0.12,0.12,1987700000.0,,1987700000.0,4101572293.0,30.0,10.293,-29300000.0,-0.256,1.0,97200000.0,0.186,0.0,36500000.0,8055400000.0,,510200000.0,0.0,0.0,0.0,4032600000.0,453400000.0,3579200000.0,1666772293.0,-200000.0,-500000.0,0.0,53800000.0,-9000000.0,29600000.0,-39900000.0,0.0,10100000.0,0.0,13200000.0,13200000.0,13200000.0,1400000.0,0.0,0.025,32600000.0,64600000.0,216000000.0,0.0,0.839,-31.992,-32.356,3748400000.0,0.0,14.56,0.736,0.736,357300000.0,497700000.0,521500000.0,521500000.0,0.0,,,,,0.0,32600000.0,1.0,114476119.0,114400000.0,114500000.0,4.559,6020300000.0,91100000.0,8800000.0,569600000.0,52.625,593900000.0
88,MOS,MRQ,1999-06-30,1999-06-30,1999-06-30,2021-08-03,-41400000.0,5961600000.0,,989000000.0,4972600000.0,,17.313,-74700000.0,64900000.0,64900000.0,492700000.0,52200000.0,2.239,2.01,2499700000.0,19100000.0,2480600000.0,2499700000.0,0.0,69300000.0,0.0,0.0,0.0,122800000.0,192100000.0,0.291,192100000.0,122800000.0,84200000.0,0.46,0.46,0.46,1980600000.0,,1980600000.0,4836936465.0,25.0,10.633,154400000.0,1.35,1.0,167600000.0,0.254,0.0,38600000.0,7954600000.0,,490500000.0,0.0,0.0,0.0,3981000000.0,441800000.0,3539200000.0,1989536465.0,2700000.0,256500000.0,1100000.0,-410200000.0,-9200000.0,-419800000.0,193400000.0,12800000.0,229100000.0,0.0,52200000.0,52200000.0,52200000.0,900000.0,0.0,0.079,36600000.0,131000000.0,176200000.0,0.0,1.005,-70.054,-69.52,3752000000.0,0.0,17.38,0.829,0.828,325700000.0,493600000.0,660300000.0,660300000.0,0.0,,,,,0.0,36600000.0,1.0,114472754.0,114400000.0,114600000.0,5.772,5961600000.0,91100000.0,32000000.0,574000000.0,52.112,547200000.0
89,MOS,MRQ,1999-03-31,1999-03-31,1999-03-31,2021-08-03,-54700000.0,6340900000.0,,1362000000.0,4978900000.0,,16.826,-80400000.0,62200000.0,62200000.0,468900000.0,60700000.0,1.84,2.297,2909600000.0,293300000.0,2616300000.0,2909600000.0,0.0,66000000.0,0.0,0.0,0.0,143900000.0,209900000.0,0.315,209900000.0,143900000.0,103400000.0,0.53,0.53,0.53,1923200000.0,,1923200000.0,5273563439.0,22.0,10.282,103600000.0,0.906,1.0,198400000.0,0.297,0.0,40500000.0,8448000000.0,,522400000.0,0.0,0.0,0.0,4417700000.0,740300000.0,3677400000.0,2337163439.0,-48400000.0,0.0,1400000.0,-140500000.0,-9100000.0,-153200000.0,-79200000.0,0.0,184000000.0,0.0,60700000.0,60700000.0,60700000.0,2800000.0,0.0,0.091,35000000.0,163400000.0,221900000.0,0.0,1.215,365.182,408.8,3728400000.0,0.0,20.44,0.922,0.922,397000000.0,450600000.0,667300000.0,667300000.0,0.0,,,,,0.0,35000000.0,1.0,114342634.0,114300000.0,114500000.0,5.838,6340900000.0,91100000.0,42700000.0,573300000.0,55.476,621700000.0
90,MOS,MRQ,1998-12-31,1998-12-31,1998-12-31,2021-08-03,-66300000.0,6456900000.0,,1482600000.0,4974300000.0,,16.291,-109000000.0,110600000.0,110600000.0,325700000.0,-178200000.0,1.638,2.471,3047000000.0,408300000.0,2638700000.0,3047000000.0,0.0,57800000.0,0.0,0.0,0.0,-188300000.0,-130500000.0,-0.315,-130500000.0,-188300000.0,-165300000.0,-1.56,-1.56,-1.56,1860400000.0,,1860400000.0,5320710613.0,27.0,11.895,-43300000.0,-0.379,1.0,88500000.0,0.214,0.0,-23000000.0,8488200000.0,,580600000.0,0.0,0.0,0.0,4596500000.0,905100000.0,3691400000.0,2444410613.0,39000000.0,0.0,-8800000.0,95200000.0,-2700000.0,88100000.0,-114800000.0,0.0,65700000.0,0.0,-178200000.0,-178200000.0,-178200000.0,154300000.0,0.0,-0.43,136500000.0,-48000000.0,255900000.0,0.0,1.314,-271.601,-267.25,3697400000.0,0.0,21.38,1.017,1.016,421500000.0,400600000.0,414200000.0,414200000.0,-19500000.0,,,,,0.0,-6300000.0,1.0,114331647.0,114200000.0,114500000.0,3.627,6456900000.0,91100000.0,12900000.0,566600000.0,56.54,577500000.0
91,MOS,MRQ,1998-09-30,1998-09-30,1998-09-30,2021-08-03,-58300000.0,6739200000.0,,1331300000.0,5407900000.0,,17.927,-78200000.0,71600000.0,71600000.0,480900000.0,36900000.0,0.854,2.289,2947900000.0,982700000.0,1965200000.0,2947900000.0,0.0,69300000.0,0.0,0.0,0.0,114100000.0,183400000.0,0.278,183400000.0,114100000.0,63400000.0,0.32,0.32,0.32,2049100000.0,,2049100000.0,5009072706.0,21.0,10.541,-49400000.0,-0.432,1.0,178600000.0,0.271,0.0,50700000.0,8057300000.0,,714700000.0,0.0,0.0,0.0,4690100000.0,1558200000.0,3131900000.0,2215672706.0,-68200000.0,0.0,200000.0,48100000.0,-15600000.0,-19500000.0,-77500000.0,0.0,28800000.0,0.0,36900000.0,36900000.0,36900000.0,10900000.0,0.0,0.056,38600000.0,140000000.0,263400000.0,0.0,1.081,27.253,35.236,3861900000.0,0.0,19.38,1.235,1.235,439000000.0,581600000.0,659500000.0,659500000.0,600000.0,,,,,0.0,38000000.0,1.0,114327797.0,114300000.0,114600000.0,5.77,6739200000.0,82500000.0,26500000.0,713500000.0,58.961,-226900000.0
92,MOS,MRQ,1998-06-30,1998-06-30,1998-06-30,2021-08-03,-46800000.0,6741100000.0,,1406800000.0,5334300000.0,,17.824,-85300000.0,139800000.0,139800000.0,579400000.0,87000000.0,0.724,2.309,2933200000.0,1294100000.0,1639100000.0,2933200000.0,0.0,76400000.0,0.0,0.0,0.0,173700000.0,250100000.0,0.315,250100000.0,173700000.0,117900000.0,0.76,0.76,0.76,2037300000.0,,2037300000.0,4819367380.0,27.0,12.421,63000000.0,0.551,1.0,214000000.0,0.27,0.0,55800000.0,7591700000.0,,652700000.0,0.0,0.0,0.0,4703800000.0,1942800000.0,2761000000.0,3443067380.0,16000000.0,-348500000.0,700000.0,325500000.0,-9200000.0,297700000.0,-430000000.0,0.0,148300000.0,0.0,87000000.0,87000000.0,87000000.0,-30100000.0,0.0,0.11,63300000.0,150700000.0,296300000.0,0.0,1.69,48.426,57.923,3681200000.0,0.0,30.12,1.987,1.987,497400000.0,560200000.0,793400000.0,793400000.0,9400000.0,,,,,0.0,53900000.0,1.0,114311666.0,114300000.0,115000000.0,6.941,6741100000.0,90900000.0,30900000.0,646500000.0,58.977,-536000000.0
93,MOS,MRQ,1998-03-31,1998-03-31,1998-03-31,2021-08-03,-28400000.0,4843700000.0,,1173200000.0,3670500000.0,,17.357,-88700000.0,123800000.0,123800000.0,382600000.0,45300000.0,1.87,1.448,1500100000.0,106900000.0,1393200000.0,1500100000.0,0.0,48200000.0,0.0,0.0,0.0,96100000.0,144300000.0,0.269,144300000.0,96100000.0,74900000.0,0.4,0.4,0.4,1978700000.0,,1978700000.0,5655091657.0,36.0,16.468,-62400000.0,-0.547,1.0,153900000.0,0.287,0.0,21200000.0,5592700000.0,,679500000.0,0.0,0.0,0.0,2865000000.0,627300000.0,2237700000.0,4340691657.0,14100000.0,0.0,7900000.0,76000000.0,-9100000.0,75200000.0,-87400000.0,0.0,26300000.0,0.0,45300000.0,45300000.0,45300000.0,6700000.0,0.0,0.084,46900000.0,107000000.0,319900000.0,0.0,2.194,62.818,56.806,2544500000.0,0.0,38.06,2.184,2.183,298000000.0,482100000.0,536500000.0,536500000.0,9500000.0,,,,,0.0,37400000.0,1.0,114048651.0,114000000.0,114800000.0,4.706,4843700000.0,54300000.0,29600000.0,396900000.0,42.489,545900000.0
94,MOS,MRQ,1997-12-31,1997-12-31,1997-12-31,2021-08-03,-30800000.0,4673900000.0,,1062200000.0,3611700000.0,,20.593,-85500000.0,109700000.0,109700000.0,-191300000.0,-87900000.0,1.578,1.415,1424100000.0,188900000.0,1235200000.0,1424100000.0,0.0,41700000.0,0.0,0.0,0.0,-144300000.0,-102600000.0,0.524,-102600000.0,-144300000.0,-146100000.0,-0.93,-0.92,-0.93,1935700000.0,,1935700000.0,,,,22200000.0,0.236,1.0,-4400000.0,0.022,0.0,1800000.0,5315200000.0,,592800000.0,0.0,0.0,0.0,2738200000.0,673100000.0,2065100000.0,3735093320.0,35300000.0,11600000.0,-29800000.0,61200000.0,-7300000.0,1500000.0,-73900000.0,0.0,107700000.0,0.0,-87900000.0,-87900000.0,-87900000.0,-18000000.0,0.0,0.449,117800000.0,-122200000.0,253300000.0,0.0,1.93,59.381,48.881,2506000000.0,0.0,32.75,1.765,1.455,288100000.0,446200000.0,-195700000.0,-195700000.0,0.0,,,,,0.0,-65900000.0,1.0,114048651.0,94000000.0,94100000.0,-2.082,4673900000.0,54200000.0,-58200000.0,389700000.0,49.722,389100000.0
95,MOS,MRQ,1997-09-30,1997-09-30,1997-09-30,2021-08-03,,,,,,,,-46600000.0,,,449400000.0,26700000.0,,,,,,,,41000000.0,,0.0,0.0,55200000.0,96200000.0,0.161,96200000.0,55200000.0,42000000.0,0.29,0.28,0.29,,,,,,,108500000.0,1.168,1.0,149300000.0,0.249,,13200000.0,,,,,,,,,,,31200000.0,-54400000.0,-50500000.0,56000000.0,-7400000.0,-22900000.0,-101000000.0,0.0,155100000.0,0.0,26700000.0,26700000.0,26700000.0,0.0,0.0,0.045,65100000.0,84200000.0,,0.0,,,,,0.0,35.25,,,,,598700000.0,598700000.0,0.0,,,,,0.0,65100000.0,1.0,,92900000.0,93800000.0,6.445,,,15300000.0,,,
96,MOS,MRQ,1997-06-30,1997-06-30,1997-06-30,2021-08-03,,,,,,,,-64800000.0,,,789700000.0,85000000.0,,,,,,,,57200000.0,,0.0,0.0,148300000.0,205500000.0,0.196,205500000.0,148300000.0,135800000.0,0.91,0.9,0.91,,,,,,,108000000.0,1.15,1.0,258500000.0,0.247,,12500000.0,,,,,,,,,,,-9900000.0,-37200000.0,-23300000.0,5900000.0,-7500000.0,-80700000.0,-102000000.0,0.0,172800000.0,0.0,85000000.0,85000000.0,85000000.0,0.0,0.0,0.081,69400000.0,189100000.0,,0.0,,,,,0.0,35.0,,,,,1048200000.0,1048200000.0,0.0,,,,,0.0,69400000.0,1.0,,93900000.0,94900000.0,11.163,,,50800000.0,,,
97,MOS,MRQ,1997-03-31,1997-03-31,1997-03-31,2021-08-03,,,,,,,,-38300000.0,,,,,,,,,,,,43300000.0,,0.0,0.0,,,,,,,,,,,,,,,,89500000.0,,1.0,,,,,,,,,,,,,,,-10200000.0,-11400000.0,-78400000.0,44600000.0,-7500000.0,-88300000.0,-49700000.0,0.0,127800000.0,0.0,,,,,,,,,,,,,,,,36.12,,,,,,,,,,,,0.0,,1.0,,,,,,,,,,
98,MOS,MRQ,1996-12-31,1996-12-31,1996-12-31,2021-08-03,-17200000.0,3485200000.0,,933600000.0,2551600000.0,,14.306,,63300000.0,63300000.0,,,2.66,1.628,711900000.0,55100000.0,656800000.0,711900000.0,0.0,,0.0,0.0,0.0,,,,,,,,,,1326200000.0,,1326200000.0,,,,,,1.0,,,0.0,,3782800000.0,,571500000.0,0.0,0.0,0.0,2159000000.0,351000000.0,1808000000.0,,,,,,,,,,,,,,,,,,,,183900000.0,,,,28.555,2381400000.0,,39.12,,1.692,226800000.0,413000000.0,,,,,,,,,,1.0,,92700000.0,,,3485200000.0,55300000.0,,323700000.0,37.597,582600000.0
0,MOS,MRT,2021-06-30,2021-06-30,2021-06-30,2021-08-03,-1624300000.0,21473500000.0,20004250000.0,4987600000.0,16485900000.0,0.497,27.22,-1235700000.0,1417600000.0,1417600000.0,7983000000.0,1420700000.0,1.205,1.06,4462900000.0,495000000.0,3967900000.0,4462900000.0,0.0,827000000.0,0.0,0.007,0.225,1320900000.0,2147900000.0,0.216,2147900000.0,1320900000.0,1148400000.0,3.73,3.71,3.73,10338000000.0,9519100000.0,10338000000.0,15911558017.0,12.0,7.408,677200000.0,1.783,1.0,1953700000.0,0.197,1201300000.0,172500000.0,19179600000.0,19136225000.0,2194400000.0,668700000.0,0.0,668700000.0,10957900000.0,4137900000.0,6820000000.0,12118958017.0,345800000.0,0.0,0.0,-352100000.0,-85400000.0,-411800000.0,-1241500000.0,-22900000.0,1912900000.0,86200000.0,1415600000.0,1415600000.0,1415600000.0,0.0,5100000.0,0.142,605100000.0,1348600000.0,924800000.0,0.06,1.172,8.561,8.555,12062800000.0,0.0,31.91,1.22,1.22,930500000.0,11075900000.0,9936700000.0,9936700000.0,0.0,0.071,0.149,0.069,0.133,38900000.0,417800000.0,1.0,379785585.0,379800000.0,383300000.0,26.163,20272200000.0,1169400000.0,-267200000.0,1073500000.0,53.376,849700000.0
1,MOS,MRT,2021-03-31,2021-03-31,2021-03-31,2021-08-03,-1923500000.0,19902100000.0,19391025000.0,3727300000.0,16174800000.0,0.473,25.38,-1195700000.0,692000000.0,692000000.0,7722300000.0,1027800000.0,1.111,1.05,4484600000.0,513800000.0,3970800000.0,4484600000.0,0.0,838900000.0,0.0,0.006,0.2,824500000.0,1663400000.0,0.181,1663400000.0,824500000.0,640000000.0,2.71,2.69,2.71,9624200000.0,9057850000.0,9624200000.0,15987240541.0,19.0,9.611,515800000.0,1.36,1.0,1458400000.0,0.159,1180000000.0,184500000.0,19159700000.0,19072300000.0,1860700000.0,673900000.0,0.0,673900000.0,10105100000.0,3355000000.0,6750100000.0,11983140541.0,-375600000.0,0.0,0.0,-865500000.0,-75800000.0,-860400000.0,-1228300000.0,-22700000.0,1711500000.0,1600000.0,1025800000.0,1025800000.0,1025800000.0,0.0,2000000.0,0.112,666100000.0,792300000.0,762300000.0,0.074,1.245,11.682,11.664,11798900000.0,0.0,31.61,1.305,1.306,851600000.0,10667700000.0,9180700000.0,9180700000.0,0.0,0.053,0.113,0.043,0.09,42800000.0,405300000.0,1.0,379093342.0,379200000.0,382800000.0,24.211,18722100000.0,1175200000.0,-385800000.0,1072100000.0,49.373,372300000.0
2,MOS,MRT,2020-12-31,2020-12-31,2020-12-31,2021-08-03,-1806200000.0,19789800000.0,19159375000.0,3521200000.0,16268600000.0,0.453,25.281,-1170600000.0,574000000.0,574000000.0,7616800000.0,665600000.0,1.119,1.047,4578100000.0,504300000.0,4073800000.0,4578100000.0,0.0,847600000.0,0.0,0.009,0.2,268200000.0,1115800000.0,0.129,1115800000.0,268200000.0,87600000.0,1.76,1.75,1.76,9581400000.0,8748350000.0,9581400000.0,12593161199.0,47.0,11.286,412000000.0,1.087,1.0,1064900000.0,0.123,1173000000.0,180600000.0,19474400000.0,19067475000.0,1739200000.0,673100000.0,0.0,673100000.0,10034600000.0,3146500000.0,6888100000.0,8722861199.0,62100000.0,0.0,0.0,-202400000.0,-75800000.0,-283800000.0,-1189500000.0,-15900000.0,1582600000.0,-47200000.0,666100000.0,666100000.0,666100000.0,0.0,-500000.0,0.077,652000000.0,412900000.0,769100000.0,0.114,0.91,13.095,13.074,11854300000.0,0.0,23.01,1.005,1.005,881100000.0,10511000000.0,8681700000.0,8681700000.0,0.0,0.035,0.076,0.014,0.031,17800000.0,371500000.0,1.0,379090013.0,379000000.0,381300000.0,22.907,18616800000.0,1179400000.0,-578500000.0,1060800000.0,49.121,374700000.0
3,MOS,MRT,2020-09-30,2020-09-30,2020-09-30,2021-08-03,-2053800000.0,18851600000.0,19036550000.0,3748800000.0,15102800000.0,0.436,22.508,-1126900000.0,923000000.0,923000000.0,7566400000.0,-1113100000.0,1.308,1.189,4793300000.0,273800000.0,4519500000.0,4793300000.0,0.0,872200000.0,0.0,0.011,0.2,-1289100000.0,-416900000.0,-0.05,-416900000.0,-1289100000.0,-1469200000.0,-2.83,-2.84,-2.83,8532800000.0,8649375000.0,8532800000.0,11049774538.0,-9.0,-26.505,494900000.0,1.305,1.0,734200000.0,0.088,1125000000.0,180100000.0,18731200000.0,19110150000.0,1681300000.0,683500000.0,0.0,683500000.0,10147400000.0,2865700000.0,7281700000.0,6925974538.0,286600000.0,4000000.0,-32800000.0,-2400000.0,-75800000.0,-116800000.0,-1141500000.0,-17900000.0,1621800000.0,-76900000.0,-1082800000.0,-1082800000.0,-1082800000.0,0.0,-30300000.0,-0.13,1810700000.0,-1076500000.0,736700000.0,-0.071,0.812,-6.396,-6.456,11318200000.0,0.0,18.27,0.834,0.834,794600000.0,9721600000.0,8300600000.0,8300600000.0,0.0,-0.057,-0.125,-0.067,-0.155,8100000.0,364900000.0,1.0,379090013.0,379100000.0,379100000.0,21.896,17726600000.0,657000000.0,-386400000.0,1030500000.0,46.76,883100000.0
4,MOS,MRT,2020-06-30,2020-06-30,2020-06-30,2021-08-03,-2113200000.0,19020600000.0,19433675000.0,4055600000.0,14965000000.0,0.446,22.403,-1184100000.0,1073300000.0,1073300000.0,8013500000.0,-1148500000.0,1.303,1.219,5197100000.0,669200000.0,4527900000.0,5197100000.0,0.0,877100000.0,0.0,0.016,0.2,-1295700000.0,-418600000.0,-0.048,-418600000.0,-1295700000.0,-1476000000.0,-2.92,-2.93,-2.92,8493000000.0,9041275000.0,8493000000.0,9252446342.0,-7.0,-22.103,583100000.0,1.538,1.0,659000000.0,0.076,1107600000.0,180300000.0,18923900000.0,19429050000.0,1954000000.0,713800000.0,0.0,713800000.0,10356900000.0,3112900000.0,7244000000.0,4741546342.0,673600000.0,4000000.0,-149900000.0,433700000.0,-76200000.0,206900000.0,-1200900000.0,-21800000.0,1767200000.0,-99600000.0,-1120700000.0,-1120700000.0,-1120700000.0,0.0,-27800000.0,-0.129,1694500000.0,-1035500000.0,811900000.0,-0.068,0.558,-4.231,-4.284,11153300000.0,0.0,12.51,0.547,0.547,689600000.0,9747000000.0,8672500000.0,8672500000.0,0.0,-0.058,-0.124,-0.067,-0.149,3900000.0,345500000.0,1.0,379020491.0,379100000.0,381300000.0,22.877,17913000000.0,664500000.0,-355300000.0,1054700000.0,47.251,942700000.0
5,MOS,MRT,2020-03-31,2020-03-31,2020-03-31,2021-08-03,-2184000000.0,18975500000.0,19839500000.0,4221100000.0,14754400000.0,0.444,22.139,-1221800000.0,1069200000.0,1069200000.0,8175500000.0,-1424700000.0,1.291,1.242,5580100000.0,1054900000.0,4525200000.0,5580100000.0,0.0,882400000.0,0.0,0.018,0.2,-1628500000.0,-746100000.0,-0.085,-746100000.0,-1628500000.0,-1805500000.0,-3.65,-3.65,-3.65,8386200000.0,9536275000.0,8386200000.0,8193431262.0,-5.0,-10.982,239000000.0,0.631,1.0,629200000.0,0.071,1077000000.0,177000000.0,19140400000.0,19860425000.0,1930900000.0,742300000.0,0.0,742300000.0,10415600000.0,3269000000.0,7146600000.0,4098231262.0,679500000.0,-51100000.0,-149900000.0,820900000.0,-76500000.0,593800000.0,-1301700000.0,-28300000.0,1460800000.0,-73400000.0,-1401200000.0,-1401200000.0,-1401200000.0,0.0,-23500000.0,-0.159,1992400000.0,-1363200000.0,691700000.0,-0.055,0.489,-2.925,-2.964,10989600000.0,0.0,10.82,0.465,0.466,723000000.0,9718700000.0,8804700000.0,8804700000.0,0.0,-0.071,-0.147,-0.082,-0.185,2500000.0,328500000.0,1.0,378764442.0,378800000.0,378800000.0,23.244,17898500000.0,606300000.0,-404300000.0,977000000.0,47.251,952100000.0
6,MOS,MRT,2019-12-31,2019-12-31,2019-12-31,2021-08-03,-1598200000.0,19298500000.0,20206950000.0,3718200000.0,15580300000.0,0.441,23.933,-1272200000.0,519100000.0,519100000.0,8009000000.0,-1090800000.0,1.435,1.081,4614300000.0,88800000.0,4525500000.0,4614300000.0,0.0,882700000.0,0.0,0.008,0.175,-1109200000.0,-226500000.0,-0.025,-226500000.0,-1109200000.0,-1292100000.0,-2.78,-2.78,-2.78,9185500000.0,10090025000.0,9185500000.0,12219423768.0,-11.0,-53.949,-176800000.0,-0.461,1.0,897300000.0,0.101,1156900000.0,182900000.0,19645100000.0,20244825000.0,2076400000.0,763600000.0,0.0,763600000.0,9930900000.0,2591700000.0,7339200000.0,8196423768.0,-338700000.0,-51100000.0,-149900000.0,135600000.0,-67200000.0,-82200000.0,-1360900000.0,-37500000.0,1095400000.0,9000000.0,-1067400000.0,-1067400000.0,-1067400000.0,0.0,-23400000.0,-0.12,1992200000.0,-1094900000.0,680400000.0,-0.063,0.892,-7.679,-7.784,11690000000.0,0.0,21.64,0.92,0.933,803900000.0,9921500000.0,8906300000.0,8906300000.0,0.0,-0.053,-0.106,-0.055,-0.125,27900000.0,354100000.0,1.0,378762651.0,383800000.0,383800000.0,23.206,18141600000.0,515400000.0,-224700000.0,1040700000.0,47.268,1126500000.0
7,MOS,MRT,2019-09-30,2019-09-30,2019-09-30,2021-08-03,-1665400000.0,20440100000.0,20412125000.0,4125300000.0,16314800000.0,0.458,26.235,-1229500000.0,641100000.0,641100000.0,8067700000.0,-28400000.0,1.514,1.003,4664100000.0,130900000.0,4533200000.0,4664100000.0,0.0,884700000.0,0.0,0.007,0.15,229600000.0,1114300000.0,0.119,1114300000.0,229600000.0,62700000.0,-0.08,-0.08,-0.08,10100400000.0,10392975000.0,10100400000.0,12187882048.0,53.0,10.938,-261700000.0,-0.68,1.0,1282800000.0,0.137,1731800000.0,166900000.0,20006800000.0,20235875000.0,2294300000.0,787500000.0,0.0,787500000.0,10128900000.0,2724500000.0,7404400000.0,7910282048.0,-392400000.0,-38900000.0,-117100000.0,118700000.0,-57800000.0,-61500000.0,-1297900000.0,-28400000.0,967800000.0,-800000.0,-34100000.0,-34100000.0,-34100000.0,0.0,5700000.0,-0.004,925100000.0,357700000.0,766100000.0,-1.875,0.783,-231.973,-256.25,11943400000.0,0.0,20.5,0.846,0.844,801400000.0,10880700000.0,9350500000.0,9350500000.0,0.0,-0.002,-0.003,0.011,0.025,26800000.0,339500000.0,1.0,385867417.0,385000000.0,385000000.0,24.287,18708300000.0,371400000.0,96800000.0,1150800000.0,48.593,1400800000.0
8,MOS,MRT,2019-06-30,2019-06-30,2019-06-30,2021-08-03,-1477900000.0,20643900000.0,20405775000.0,4228800000.0,16415100000.0,0.467,27.146,-1138900000.0,401900000.0,401900000.0,8026800000.0,261300000.0,1.674,0.951,4679500000.0,137300000.0,4542200000.0,4679500000.0,0.0,888400000.0,0.0,0.005,0.125,540300000.0,1428700000.0,0.15,1428700000.0,540300000.0,375700000.0,0.67,0.67,0.67,10473000000.0,10478275000.0,10473000000.0,14012980048.0,26.0,9.808,-133300000.0,-0.346,1.0,1498400000.0,0.157,1745200000.0,164600000.0,20649400000.0,20169025000.0,2713900000.0,812400000.0,0.0,812400000.0,9961600000.0,2526900000.0,7434700000.0,9656280048.0,-660500000.0,-38900000.0,0.0,-409600000.0,-48200000.0,-463100000.0,-1215200000.0,-30600000.0,1005600000.0,12200000.0,257500000.0,257500000.0,257500000.0,0.0,3800000.0,0.027,886900000.0,611500000.0,808600000.0,0.187,0.922,37.5,37.358,11982900000.0,0.0,25.03,1.014,1.014,711700000.0,10944200000.0,9525200000.0,9525200000.0,0.0,0.013,0.025,0.027,0.057,26900000.0,339800000.0,1.0,385788256.0,385800000.0,385800000.0,24.689,18898700000.0,389100000.0,118200000.0,1146800000.0,48.986,1701900000.0
9,MOS,MRT,2019-03-31,2019-03-31,2019-03-31,2021-08-03,-1595600000.0,20445300000.0,20344300000.0,4146300000.0,16299000000.0,0.47,27.5,-1045100000.0,384600000.0,384600000.0,7987500000.0,559700000.0,1.73,0.909,4741300000.0,208300000.0,4533000000.0,4741300000.0,0.0,884500000.0,0.0,0.004,0.1,895800000.0,1780300000.0,0.186,1780300000.0,895800000.0,732100000.0,1.45,1.45,1.45,10601200000.0,10409125000.0,10601200000.0,14208499328.0,16.0,7.981,260200000.0,0.675,1.0,1565800000.0,0.164,1726800000.0,163700000.0,20678000000.0,20018600000.0,2572100000.0,823300000.0,0.0,823300000.0,9637800000.0,2397200000.0,7240600000.0,10527199328.0,-300700000.0,20600000.0,0.0,-445400000.0,-38500000.0,-489200000.0,-1053200000.0,-29300000.0,1305300000.0,-63600000.0,558500000.0,558500000.0,558500000.0,0.0,1200000.0,0.058,518500000.0,1047300000.0,781600000.0,0.069,0.993,18.849,18.834,11942700000.0,0.0,27.31,1.102,1.102,792000000.0,11196800000.0,9553300000.0,9553300000.0,0.0,0.027,0.054,0.045,0.094,27100000.0,341000000.0,1.0,385470499.0,385500000.0,387400000.0,24.782,18718500000.0,345900000.0,173600000.0,1122400000.0,48.556,1749100000.0
10,MOS,MRT,2018-12-31,2018-12-31,2018-12-31,2021-08-03,-1657100000.0,20119200000.0,20346050000.0,4237000000.0,15882200000.0,0.471,27.02,-954500000.0,847700000.0,847700000.0,8088900000.0,469900000.0,1.706,0.915,4529000000.0,37500000.0,4491500000.0,4529000000.0,0.0,883900000.0,0.0,0.003,0.1,713200000.0,1597100000.0,0.167,1597100000.0,713200000.0,547100000.0,1.22,1.22,1.22,10397300000.0,10372575000.0,10397300000.0,14839681183.0,21.0,9.292,455300000.0,1.183,1.0,1498400000.0,0.156,1707500000.0,166100000.0,19609300000.0,20088475000.0,2270200000.0,826600000.0,0.0,826600000.0,9514500000.0,2483700000.0,7030800000.0,11259581183.0,-1323400000.0,-972700000.0,0.0,-680900000.0,-38500000.0,-724800000.0,-1944700000.0,-15700000.0,1409800000.0,-63700000.0,470000000.0,470000000.0,470000000.0,0.0,-100000.0,0.049,570100000.0,928300000.0,780900000.0,0.082,1.083,23.957,23.943,11746500000.0,0.0,29.21,1.174,1.172,838500000.0,11064700000.0,9587300000.0,9587300000.0,0.0,0.023,0.045,0.036,0.074,27500000.0,341100000.0,1.0,385470085.0,384800000.0,386400000.0,24.915,18411700000.0,343800000.0,77100000.0,1080600000.0,47.847,1753300000.0
11,MOS,MRT,2018-09-30,2018-09-30,2018-09-30,2021-08-03,-1517700000.0,20414700000.0,19974600000.0,4178000000.0,16236700000.0,0.459,27.086,-955400000.0,1029900000.0,1029900000.0,7846400000.0,-71900000.0,1.67,0.935,4610000000.0,86900000.0,4523100000.0,4610000000.0,0.0,820800000.0,0.0,0.003,0.1,636300000.0,1457100000.0,0.159,1457100000.0,636300000.0,461200000.0,-0.3,-0.3,-0.3,10441600000.0,10177625000.0,10441600000.0,16502272007.0,26.0,11.325,715600000.0,1.856,1.0,1312300000.0,0.143,1753000000.0,175100000.0,19739400000.0,19681875000.0,1957100000.0,828500000.0,0.0,828500000.0,9761400000.0,2502400000.0,7259000000.0,12519672007.0,324500000.0,-690000000.0,0.0,446700000.0,-37700000.0,410000000.0,-1685400000.0,-21200000.0,1671000000.0,-71100000.0,-73400000.0,-73400000.0,-73400000.0,0.0,1500000.0,-0.008,522900000.0,789400000.0,839300000.0,-0.333,1.199,-170.568,-108.267,11891600000.0,0.0,32.48,1.367,1.367,834900000.0,10971700000.0,9158700000.0,9158700000.0,0.0,-0.004,-0.007,0.032,0.069,29200000.0,334500000.0,1.0,385457882.0,385500000.0,387500000.0,23.758,18661700000.0,307700000.0,534600000.0,1195300000.0,48.409,1675600000.0
12,MOS,MRT,2018-06-30,2018-06-30,2018-06-30,2021-08-03,-1523200000.0,20398000000.0,19321700000.0,4170400000.0,16227600000.0,0.425,26.457,-852200000.0,1035300000.0,1035300000.0,7157800000.0,-92000000.0,1.607,0.979,5017900000.0,281400000.0,4736500000.0,5017900000.0,0.0,775100000.0,0.0,0.008,0.225,538600000.0,1313700000.0,0.16,1313700000.0,538600000.0,368200000.0,-0.29,-0.29,-0.29,10196400000.0,10095775000.0,10196400000.0,15297233021.0,28.0,11.644,430500000.0,1.117,1.0,1057600000.0,0.129,1738000000.0,170400000.0,20047700000.0,19104850000.0,2168300000.0,837800000.0,0.0,837800000.0,9982300000.0,2594900000.0,7387400000.0,10810933021.0,379500000.0,-761300000.0,0.0,880600000.0,-80700000.0,800700000.0,-1662300000.0,-16200000.0,1282700000.0,-41600000.0,-93400000.0,-93400000.0,-93400000.0,0.0,1400000.0,-0.011,447600000.0,610000000.0,774800000.0,-0.776,1.06,-115.749,-96.724,11559600000.0,0.0,28.05,1.316,1.316,624900000.0,10734100000.0,8215400000.0,8215400000.0,0.0,-0.005,-0.009,0.028,0.066,29800000.0,322100000.0,1.0,385416507.0,385400000.0,387200000.0,21.317,18660000000.0,515700000.0,461600000.0,1163600000.0,48.417,1575500000.0
13,MOS,MRT,2018-03-31,2018-03-31,2018-03-31,2021-08-03,-1201600000.0,20452300000.0,18583300000.0,3841400000.0,16610900000.0,0.418,27.326,-819600000.0,659400000.0,659400000.0,6809700000.0,-63000000.0,1.73,0.935,5145700000.0,322600000.0,4823100000.0,5145700000.0,0.0,724200000.0,0.0,0.014,0.35,533000000.0,1257200000.0,0.162,1257200000.0,533000000.0,371300000.0,-0.19,-0.19,-0.19,10455000000.0,9985700000.0,10455000000.0,12427492694.0,23.0,9.885,-101100000.0,-0.264,1.0,955300000.0,0.123,1760600000.0,161700000.0,20957500000.0,18382500000.0,2059000000.0,836300000.0,0.0,836300000.0,9772600000.0,2220500000.0,7552100000.0,9353292694.0,-13900000.0,-779600000.0,0.0,1008400000.0,-123800000.0,885300000.0,-1642600000.0,-18100000.0,718500000.0,24900000.0,-64000000.0,-64000000.0,-64000000.0,0.0,1000000.0,-0.008,444600000.0,510700000.0,679400000.0,-1.842,0.895,-146.145,-127.789,11865300000.0,0.0,24.28,1.205,1.196,708400000.0,10675600000.0,7765000000.0,7765000000.0,0.0,-0.003,-0.006,0.029,0.069,27800000.0,314000000.0,1.0,385226223.0,382600000.0,384100000.0,20.295,18691700000.0,495900000.0,435300000.0,1178500000.0,48.854,1620900000.0
14,MOS,MRT,2017-12-31,2017-12-31,2017-12-31,2021-08-03,-1061600000.0,18633400000.0,17744325000.0,4616500000.0,14016900000.0,0.418,27.408,-820100000.0,2153500000.0,2153500000.0,6566600000.0,-104200000.0,2.273,0.935,5227700000.0,349600000.0,4878100000.0,5227700000.0,0.0,665500000.0,0.0,0.023,0.6,525800000.0,1191300000.0,0.161,1191300000.0,525800000.0,387700000.0,-0.31,-0.31,-0.31,9617500000.0,9777400000.0,9617500000.0,12237333993.0,23.0,10.272,115400000.0,0.329,1.0,842800000.0,0.114,1693600000.0,138100000.0,17982900000.0,17418175000.0,1547200000.0,1089500000.0,0.0,1089500000.0,8994300000.0,2031100000.0,6963200000.0,9007933993.0,1483000000.0,188700000.0,0.0,1412100000.0,-210600000.0,1200800000.0,-667800000.0,-18200000.0,935500000.0,14500000.0,-107200000.0,-107200000.0,-107200000.0,0.0,3000000.0,-0.014,377100000.0,465700000.0,540900000.0,-1.935,0.937,-84.029,-82.774,9711700000.0,0.0,25.66,1.216,1.215,642600000.0,10631100000.0,7409400000.0,7409400000.0,0.0,-0.006,-0.011,0.03,0.071,28000000.0,301300000.0,1.0,351049649.0,350900000.0,350900000.0,21.115,16939800000.0,254600000.0,494900000.0,1117300000.0,48.275,2585400000.0
15,MOS,MRT,2017-09-30,2017-09-30,2017-09-30,2021-08-03,-1008900000.0,17803100000.0,17296150000.0,3375500000.0,14427600000.0,0.415,28.807,-730200000.0,685700000.0,685700000.0,6411000000.0,340200000.0,1.779,0.756,3915100000.0,192800000.0,3722300000.0,3915100000.0,0.0,659000000.0,0.0,0.039,0.85,460600000.0,1119600000.0,0.156,1119600000.0,460600000.0,335000000.0,0.96,0.97,0.96,10114200000.0,9769175000.0,10114200000.0,10826061922.0,24.0,9.67,116600000.0,0.332,1.0,768600000.0,0.107,1703400000.0,125600000.0,17431300000.0,17141975000.0,1666200000.0,1138900000.0,0.0,1138900000.0,7647600000.0,1897800000.0,5749800000.0,7579161922.0,-193100000.0,-148300000.0,0.0,160400000.0,-298100000.0,-143300000.0,-909400000.0,-47200000.0,846800000.0,12800000.0,335800000.0,335800000.0,335800000.0,0.0,4400000.0,0.047,365200000.0,403400000.0,547900000.0,0.885,0.749,22.57,22.49,9696300000.0,0.0,21.59,1.056,1.056,592300000.0,11079800000.0,7179600000.0,7179600000.0,0.0,0.019,0.034,0.027,0.064,28500000.0,292800000.0,1.0,351049649.0,351100000.0,352200000.0,20.449,16099700000.0,765100000.0,-800000.0,1072600000.0,45.855,1477700000.0
16,MOS,MRT,2017-06-30,2017-06-30,2017-06-30,2021-08-03,-1187100000.0,17444400000.0,17161175000.0,3337200000.0,14107200000.0,0.416,27.795,-798100000.0,660600000.0,660600000.0,6405900000.0,151300000.0,1.783,0.784,3907500000.0,107800000.0,3799700000.0,3907500000.0,0.0,662900000.0,0.0,0.043,0.975,213900000.0,876800000.0,0.123,876800000.0,213900000.0,99000000.0,0.42,0.43,0.42,9756100000.0,9699800000.0,9756100000.0,11290021991.0,53.0,12.876,1500000.0,0.004,1.0,741100000.0,0.104,1661000000.0,114900000.0,17158300000.0,17008000000.0,1683500000.0,1127700000.0,0.0,1127700000.0,7649800000.0,1872000000.0,5777800000.0,8013721991.0,-1227100000.0,-261000000.0,-2600000.0,-2700000.0,-341800000.0,-349200000.0,-1664000000.0,-640300000.0,799600000.0,-13500000.0,147500000.0,147500000.0,147500000.0,0.0,3800000.0,0.021,481900000.0,259200000.0,651100000.0,2.321,0.821,54.33,54.357,9434900000.0,0.0,22.83,1.121,1.121,548000000.0,10905400000.0,7147000000.0,7147000000.0,0.0,0.009,0.015,0.013,0.03,29100000.0,293600000.0,1.0,351017170.0,351000000.0,352000000.0,20.362,15783400000.0,781700000.0,-48500000.0,1021400000.0,44.967,1465200000.0
17,MOS,MRT,2017-03-31,2017-03-31,2017-03-31,2021-08-03,-1270300000.0,17096400000.0,17221275000.0,3216200000.0,13880200000.0,0.41,27.452,-831300000.0,675300000.0,675300000.0,6364200000.0,43100000.0,1.969,0.773,3951600000.0,165000000.0,3786600000.0,3951600000.0,0.0,686300000.0,0.0,0.038,1.1,116300000.0,802600000.0,0.114,802600000.0,116300000.0,4300000.0,0.11,0.12,0.11,9621800000.0,9750200000.0,9621800000.0,13365060860.0,115.0,16.652,309000000.0,0.882,1.0,702800000.0,0.099,1639100000.0,112000000.0,17100200000.0,16949475000.0,1533700000.0,1063600000.0,0.0,1063600000.0,7435900000.0,1633400000.0,5802500000.0,10219960860.0,-1201800000.0,-398600000.0,-800000.0,-118200000.0,-385300000.0,-506400000.0,-1837800000.0,-631900000.0,1140300000.0,2100000.0,40000000.0,40000000.0,40000000.0,0.0,3100000.0,0.006,525900000.0,176900000.0,536700000.0,10.0,1.062,255.499,265.273,9295000000.0,0.0,29.18,1.446,1.447,577800000.0,10861000000.0,7067000000.0,7067000000.0,0.0,0.002,0.004,0.007,0.016,29500000.0,295300000.0,1.0,350238549.0,350500000.0,350500000.0,20.163,15457300000.0,809700000.0,-35700000.0,1048300000.0,44.101,1582800000.0
18,MOS,MRT,2016-12-31,2016-12-31,2016-12-31,2021-08-03,-1312200000.0,16840700000.0,17353950000.0,3057700000.0,13783000000.0,0.413,27.353,-843100000.0,673100000.0,673100000.0,6352800000.0,301200000.0,2.07,0.753,3818200000.0,38900000.0,3779300000.0,3818200000.0,0.0,711200000.0,0.0,0.038,1.1,336000000.0,1047200000.0,0.146,1047200000.0,336000000.0,223600000.0,0.85,0.85,0.85,9584600000.0,9843950000.0,9584600000.0,13495696642.0,40.0,12.887,417100000.0,1.19,1.0,810000000.0,0.113,1630900000.0,112400000.0,16878100000.0,16912375000.0,1391100000.0,1063100000.0,0.0,1063100000.0,7218200000.0,1476800000.0,5741400000.0,10272496642.0,-1425600000.0,-412100000.0,-75000000.0,-432000000.0,-385100000.0,-888600000.0,-1866000000.0,-630100000.0,1260200000.0,68800000.0,297800000.0,297800000.0,297800000.0,0.0,3400000.0,0.042,495300000.0,314700000.0,471800000.0,1.294,1.072,34.495,34.506,9198500000.0,0.0,29.33,1.434,1.435,627800000.0,10863400000.0,7162800000.0,7162800000.0,0.0,0.017,0.03,0.02,0.047,30500000.0,304200000.0,1.0,350238549.0,350400000.0,351700000.0,20.442,15209800000.0,836400000.0,-74200000.0,1009200000.0,43.407,1580900000.0
19,MOS,MRT,2016-09-30,2016-09-30,2016-09-30,2021-08-03,-1231500000.0,17263200000.0,17491150000.0,3449200000.0,13814000000.0,0.427,28.097,-931800000.0,653500000.0,653500000.0,6504500000.0,442000000.0,1.778,0.751,3876700000.0,426400000.0,3450300000.0,3876700000.0,0.0,730700000.0,0.0,0.045,1.1,461800000.0,1192500000.0,0.16,1192500000.0,461800000.0,357900000.0,1.25,1.26,1.25,9836700000.0,9830750000.0,9836700000.0,11375369749.0,25.0,9.539,523500000.0,1.495,1.0,959500000.0,0.129,1651600000.0,103900000.0,16895400000.0,16769750000.0,1500100000.0,1064300000.0,0.0,1064300000.0,7388900000.0,1939400000.0,5449500000.0,8565769749.0,-365400000.0,-470500000.0,-80400000.0,-51500000.0,-385700000.0,-498700000.0,-1369400000.0,-595500000.0,1455300000.0,47400000.0,440800000.0,440800000.0,440800000.0,0.0,1200000.0,0.059,527000000.0,432500000.0,486900000.0,0.88,0.871,19.432,19.568,9230600000.0,0.0,24.46,1.148,1.147,512400000.0,11045400000.0,7464000000.0,7464000000.0,0.0,0.025,0.045,0.028,0.062,31900000.0,324500000.0,1.0,350195002.0,350100000.0,351500000.0,21.32,15611600000.0,789000000.0,-82900000.0,1061500000.0,44.592,1509800000.0
20,MOS,MRT,2016-06-30,2016-06-30,2016-06-30,2021-08-03,-1168300000.0,17684800000.0,17454825000.0,3792500000.0,13892300000.0,0.436,28.467,-980700000.0,1059300000.0,1059300000.0,6535800000.0,562000000.0,1.993,0.772,3868900000.0,96300000.0,3772600000.0,3868900000.0,0.0,738900000.0,0.0,0.042,1.1,621500000.0,1360400000.0,0.179,1360400000.0,621500000.0,518900000.0,1.59,1.6,1.59,9957700000.0,9775150000.0,9957700000.0,11958292383.0,19.0,8.79,574800000.0,1.643,1.0,1081500000.0,0.142,1667500000.0,102600000.0,16924200000.0,16579600000.0,1702100000.0,1043700000.0,0.0,1043700000.0,7690600000.0,1902700000.0,5787900000.0,9158192383.0,-283800000.0,-232100000.0,-151600000.0,14200000.0,-387600000.0,-518100000.0,-1216700000.0,0.0,1555500000.0,-104500000.0,561600000.0,561600000.0,561600000.0,0.0,400000.0,0.074,472700000.0,608800000.0,622600000.0,0.692,0.92,16.307,16.465,9197500000.0,0.0,26.18,1.202,1.202,399600000.0,11103000000.0,7617300000.0,7617300000.0,0.0,0.032,0.057,0.037,0.082,29700000.0,334200000.0,1.0,349816363.0,349800000.0,349800000.0,21.776,16017300000.0,726500000.0,-42700000.0,1069600000.0,45.79,1889800000.0
21,MOS,MRT,2016-03-31,2016-03-31,2016-03-31,2021-08-03,-1225600000.0,17627100000.0,17477850000.0,3957100000.0,13670000000.0,0.482,28.457,-1006400000.0,1057700000.0,1057700000.0,6894800000.0,964100000.0,2.181,0.76,3857800000.0,83800000.0,3774000000.0,3857800000.0,0.0,740700000.0,0.0,0.041,1.1,1094700000.0,1835400000.0,0.218,1835400000.0,1094700000.0,1002100000.0,2.7,2.71,2.7,9996800000.0,9819925000.0,9996800000.0,12101235537.0,11.0,6.593,568900000.0,1.619,1.0,1535400000.0,0.182,1661100000.0,92600000.0,16951800000.0,16303625000.0,1566000000.0,973700000.0,0.0,973700000.0,7596100000.0,1814300000.0,5781800000.0,9517935537.0,-598600000.0,-202600000.0,-652200000.0,160800000.0,-389500000.0,-873000000.0,-1209300000.0,0.0,1575300000.0,-91600000.0,962400000.0,962400000.0,962400000.0,0.0,1700000.0,0.114,436700000.0,1098700000.0,517700000.0,0.407,0.952,9.89,10.0,9020400000.0,0.0,27.0,1.129,1.125,677200000.0,11206100000.0,8430200000.0,8430200000.0,0.0,0.055,0.098,0.067,0.13,53600000.0,350600000.0,1.0,352516131.0,351300000.0,353200000.0,23.997,15966000000.0,697600000.0,39700000.0,1065900000.0,45.448,2142800000.0
22,MOS,MRT,2015-12-31,2015-12-31,2015-12-31,2021-08-03,-1492900000.0,17389500000.0,17479050000.0,4143400000.0,13246100000.0,0.509,26.588,-1000300000.0,1276300000.0,1276300000.0,7177400000.0,1001800000.0,2.024,0.821,3836700000.0,67200000.0,3769500000.0,3836700000.0,0.0,739800000.0,0.0,0.039,1.075,1197300000.0,1937100000.0,0.218,1937100000.0,1197300000.0,1099500000.0,2.79,2.78,2.79,9531800000.0,9868775000.0,9531800000.0,12239290726.0,10.0,6.318,1038000000.0,2.895,1.0,1717900000.0,0.193,1595300000.0,97800000.0,16307600000.0,15974100000.0,1563500000.0,980500000.0,0.0,980500000.0,7824500000.0,2047000000.0,5777500000.0,9725890726.0,-237600000.0,-119200000.0,-709500000.0,197100000.0,-384700000.0,-893400000.0,-1118400000.0,0.0,2038300000.0,-264100000.0,1000400000.0,1000400000.0,1000400000.0,0.0,1400000.0,0.112,456300000.0,1261600000.0,520600000.0,0.385,1.02,9.722,9.889,8721000000.0,0.0,27.59,1.093,1.112,675000000.0,11014800000.0,8895300000.0,8895300000.0,0.0,0.057,0.101,0.075,0.135,41300000.0,361200000.0,1.0,352515068.0,358500000.0,360300000.0,24.813,15794200000.0,691900000.0,99100000.0,977400000.0,44.056,2096400000.0
23,MOS,MRT,2015-09-30,2015-09-30,2015-09-30,2021-08-03,-1448700000.0,17117900000.0,17702425000.0,4263000000.0,12854900000.0,0.515,27.136,-954000000.0,1284900000.0,1284900000.0,7169200000.0,1207900000.0,2.278,0.779,3798300000.0,60200000.0,3738100000.0,3798300000.0,0.0,747500000.0,0.0,0.034,1.05,1456500000.0,2204000000.0,0.242,2204000000.0,1456500000.0,1346500000.0,3.3,3.29,3.3,9614300000.0,10161600000.0,9614300000.0,12659351024.0,9.0,5.744,909000000.0,2.566,1.0,1941500000.0,0.213,1625000000.0,110000000.0,16134800000.0,15981625000.0,1549500000.0,876100000.0,0.0,876100000.0,7490900000.0,1871500000.0,5619400000.0,11023351024.0,-1685700000.0,-348500000.0,-954000000.0,28300000.0,-381700000.0,-1307800000.0,-1935300000.0,0.0,1863000000.0,-305600000.0,1206100000.0,1206100000.0,1206100000.0,0.0,1800000.0,0.132,516000000.0,1425500000.0,657000000.0,0.318,1.147,9.14,9.427,8734000000.0,0.0,31.11,1.21,1.21,675100000.0,11058500000.0,9110700000.0,9110700000.0,0.0,0.068,0.119,0.091,0.16,41000000.0,357400000.0,1.0,354334652.0,354300000.0,356000000.0,25.715,15492900000.0,598600000.0,140400000.0,895400000.0,43.728,2391500000.0
24,MOS,MRT,2015-06-30,2015-06-30,2015-06-30,2021-08-03,-941400000.0,17776900000.0,18036825000.0,5100100000.0,12676800000.0,0.513,28.056,-897100000.0,2209900000.0,2209900000.0,7235000000.0,1250100000.0,2.708,0.752,3845900000.0,84100000.0,3761800000.0,3845900000.0,0.0,756100000.0,0.0,0.022,1.025,1566900000.0,2323000000.0,0.251,2323000000.0,1566900000.0,1455900000.0,3.39,3.38,3.39,10136800000.0,10494175000.0,10136800000.0,18415275891.0,12.0,7.927,1133900000.0,3.138,1.0,2020900000.0,0.218,1709600000.0,111000000.0,15820300000.0,15950325000.0,1612200000.0,930500000.0,0.0,930500000.0,7625100000.0,1883000000.0,5742100000.0,17106075891.0,-157100000.0,-372500000.0,-1254200000.0,900800000.0,-377200000.0,-721400000.0,-1270800000.0,0.0,2031000000.0,-195900000.0,1248000000.0,1248000000.0,1248000000.0,0.0,2100000.0,0.135,564100000.0,1456800000.0,858200000.0,0.302,1.688,13.707,13.82,9041200000.0,0.0,46.85,1.848,1.829,626600000.0,11065400000.0,9255900000.0,9255900000.0,0.0,0.069,0.119,0.098,0.169,44700000.0,364700000.0,1.0,365124352.0,361300000.0,363300000.0,25.618,16067300000.0,571200000.0,207900000.0,968800000.0,44.471,3217100000.0
25,MOS,MRT,2015-03-31,2015-03-31,2015-03-31,2021-08-03,-1083200000.0,17631900000.0,18165975000.0,5251600000.0,12380300000.0,0.507,27.848,-883700000.0,2517400000.0,2517400000.0,7274500000.0,1107300000.0,3.24,0.729,3826600000.0,51400000.0,3775200000.0,3826600000.0,0.0,759400000.0,0.0,0.022,1.0,1435900000.0,2195300000.0,0.238,2195300000.0,1435900000.0,1323800000.0,2.96,2.94,2.96,10192200000.0,10771450000.0,10192200000.0,18308675976.0,13.0,8.34,1340300000.0,3.662,1.0,1934100000.0,0.21,1686700000.0,112100000.0,15633700000.0,15804625000.0,1523000000.0,862100000.0,0.0,862100000.0,7425200000.0,1620700000.0,5804500000.0,16850775976.0,26700000.0,-394300000.0,-1209100000.0,876600000.0,-374200000.0,-698500000.0,-1287700000.0,0.0,2224000000.0,-211100000.0,1105800000.0,1105800000.0,1105800000.0,0.0,1500000.0,0.12,577600000.0,1356500000.0,706800000.0,0.338,1.653,15.239,15.561,8899400000.0,0.0,46.06,1.83,1.831,661400000.0,11258500000.0,9208600000.0,9208600000.0,0.0,0.061,0.103,0.091,0.156,24000000.0,362900000.0,1.0,365844029.0,366000000.0,367900000.0,25.16,15945200000.0,541900000.0,218000000.0,910300000.0,43.566,3630900000.0
26,MOS,MRT,2014-12-31,2014-12-31,2014-12-31,2021-08-03,-473700000.0,18283000000.0,18286075000.0,5215500000.0,13067500000.0,0.495,28.61,-929100000.0,2374600000.0,2374600000.0,7129200000.0,1030400000.0,3.266,0.707,3832500000.0,54500000.0,3778000000.0,3832500000.0,0.0,750900000.0,0.0,0.022,1.0,1320900000.0,2071800000.0,0.229,2071800000.0,1320900000.0,1213300000.0,2.69,2.68,2.69,10703100000.0,10931475000.0,10703100000.0,17795641456.0,13.0,8.589,1193000000.0,3.189,1.0,1926600000.0,0.213,1806500000.0,107600000.0,16337700000.0,15582300000.0,1718300000.0,849800000.0,0.0,849800000.0,7562400000.0,1596700000.0,5965700000.0,16950641456.0,-2918500000.0,-1798600000.0,-2755300000.0,961300000.0,-382500000.0,-2168400000.0,-2739100000.0,0.0,2122100000.0,-133100000.0,1028600000.0,1028600000.0,1028600000.0,0.0,1800000.0,0.114,620600000.0,1306000000.0,559600000.0,0.372,1.584,16.479,16.97,9313900000.0,0.0,45.65,1.872,1.886,754400000.0,11168900000.0,9055800000.0,9055800000.0,0.0,0.056,0.094,0.085,0.146,54300000.0,382400000.0,1.0,371317447.0,374100000.0,375600000.0,24.207,16476500000.0,543100000.0,184700000.0,1006500000.0,44.043,3618800000.0
27,MOS,MRT,2014-09-30,2014-09-30,2014-09-30,2021-08-03,-212800000.0,18455500000.0,18603825000.0,5658500000.0,12797000000.0,0.512,29.264,-1144800000.0,2970600000.0,2970600000.0,7745500000.0,885500000.0,3.652,0.685,3815600000.0,41400000.0,3774200000.0,3815600000.0,0.0,778300000.0,0.0,0.023,1.0,1291900000.0,2070200000.0,0.217,2070200000.0,1291900000.0,1200300000.0,2.24,2.23,2.24,10944600000.0,11081275000.0,10944600000.0,17297627529.0,13.0,8.356,1592300000.0,4.257,1.0,1788800000.0,0.188,1741300000.0,91600000.0,16009600000.0,14556000000.0,1471500000.0,840000000.0,0.0,840000000.0,7493000000.0,1549600000.0,5943400000.0,16638427529.0,-149600000.0,-1497200000.0,-2509700000.0,2807200000.0,-395300000.0,-117500000.0,-2644200000.0,0.0,2737100000.0,-125000000.0,883400000.0,883400000.0,883400000.0,0.0,2100000.0,0.093,575100000.0,1213700000.0,762200000.0,0.446,1.52,18.835,19.826,9413700000.0,0.0,44.41,1.745,1.742,573900000.0,11153200000.0,9534300000.0,9534300000.0,0.0,0.047,0.08,0.089,0.136,58400000.0,408800000.0,1.0,374654977.0,374000000.0,375900000.0,25.493,16714200000.0,359300000.0,316900000.0,997900000.0,44.69,4108900000.0
28,MOS,MRT,2014-06-30,2014-06-30,2014-06-30,2021-08-03,130600000.0,18293500000.0,18404100000.0,5188400000.0,13105100000.0,0.499,30.053,-1288900000.0,2367000000.0,2367000000.0,7431300000.0,808400000.0,2.699,0.625,3026200000.0,13300000.0,3012900000.0,3026200000.0,0.0,754900000.0,0.0,0.02,1.0,1103200000.0,1858100000.0,0.202,1858100000.0,1103200000.0,1038600000.0,1.99,1.98,1.99,11245900000.0,11728275000.0,11245900000.0,19532110340.0,18.0,10.512,1046700000.0,2.797,1.0,1761000000.0,0.192,1792900000.0,64600000.0,15237500000.0,13605925000.0,1579600000.0,720800000.0,0.0,720800000.0,7028900000.0,1922300000.0,5106600000.0,18972010340.0,-1330100000.0,-1662100000.0,-2131400000.0,1901100000.0,-408300000.0,-662400000.0,-2951800000.0,0.0,2335600000.0,-51500000.0,805900000.0,805900000.0,805900000.0,0.0,2500000.0,0.088,680500000.0,1080500000.0,750200000.0,0.503,1.687,23.541,24.849,9694500000.0,0.0,49.45,2.064,2.013,604200000.0,11069200000.0,9192300000.0,9192300000.0,0.0,0.044,0.069,0.081,0.12,66800000.0,419300000.0,1.0,383660472.0,374200000.0,376200000.0,24.565,16500600000.0,353300000.0,232700000.0,1029100000.0,44.096,3266100000.0
29,MOS,MRT,2014-03-31,2014-03-31,2014-03-31,2021-08-03,-120700000.0,18112300000.0,,5355400000.0,12756900000.0,,28.642,-1448900000.0,2490700000.0,2490700000.0,7465600000.0,990200000.0,2.476,0.67,3050800000.0,41700000.0,3009100000.0,3050800000.0,0.0,728200000.0,0.0,0.02,1.0,1303200000.0,2031400000.0,0.217,2031400000.0,1303200000.0,1263600000.0,2.35,2.35,2.35,10832300000.0,,10832300000.0,17681327950.0,14.0,8.704,1072700000.0,2.836,1.0,1905200000.0,0.203,1764700000.0,39600000.0,14744400000.0,,1606600000.0,579600000.0,0.0,579600000.0,7261200000.0,2163300000.0,5097900000.0,19942527950.0,-802300000.0,-1525100000.0,-1677700000.0,1878500000.0,-420000000.0,-240200000.0,-2972900000.0,0.0,2521600000.0,-110800000.0,987300000.0,987300000.0,987300000.0,0.0,2900000.0,0.105,700900000.0,1204300000.0,592800000.0,0.426,1.841,20.199,21.277,9551900000.0,0.0,50.0,2.128,2.018,597400000.0,10916700000.0,9370800000.0,9370800000.0,0.0,,,,0.139,60800000.0,447900000.0,1.0,398850559.0,378200000.0,379600000.0,24.777,16347600000.0,345700000.0,276300000.0,1013000000.0,43.225,3192100000.0
30,MOS,MRT,2013-12-31,2013-12-31,2013-12-31,2021-08-03,114300000.0,19554000000.0,,8105800000.0,11448200000.0,,26.859,-1541500000.0,5293100000.0,5293100000.0,7561600000.0,1152400000.0,2.482,0.728,3031900000.0,23000000.0,3008900000.0,3031900000.0,0.0,708900000.0,0.0,0.021,1.0,1571400000.0,2280300000.0,0.235,2280300000.0,1571400000.0,1562200000.0,2.7,2.7,2.7,11302300000.0,,11302300000.0,17824301497.0,11.0,7.817,932500000.0,2.216,1.0,2135400000.0,0.22,1794400000.0,9200000.0,12232500000.0,,1432900000.0,576400000.0,0.0,576400000.0,8233400000.0,3265900000.0,4967500000.0,20136101497.0,2106200000.0,-180700000.0,0.0,1890500000.0,-426700000.0,1445300000.0,-1717100000.0,0.0,2474000000.0,-96000000.0,1149600000.0,1149600000.0,1149600000.0,0.0,2800000.0,0.119,702100000.0,1433300000.0,570200000.0,0.37,1.782,17.516,17.507,8576600000.0,0.0,47.27,2.077,2.051,543100000.0,11182100000.0,9697000000.0,9697000000.0,0.0,,,,0.162,28900000.0,419800000.0,1.0,425980569.0,420800000.0,422000000.0,23.044,17759600000.0,282100000.0,412600000.0,1052000000.0,42.204,4839900000.0
31,MOS,MRT,2013-09-30,2013-09-30,2013-09-30,2021-08-03,312900000.0,17656600000.0,,6291300000.0,11365300000.0,,31.774,,3338600000.0,3338600000.0,,,4.831,0.303,1026800000.0,15300000.0,1011500000.0,1026800000.0,0.0,,0.0,0.023,1.0,,,,,,,,,,13532600000.0,,13532600000.0,15700921313.0,,,,,1.0,,,1833200000.0,,12209300000.0,,1495000000.0,562100000.0,0.0,562100000.0,4105500000.0,1302300000.0,2803200000.0,18318821313.0,,,,,,,,,,,,,,,,,,,611700000.0,,1.354,,,8513000000.0,,43.02,,,478700000.0,11707600000.0,,,,,,,,,,1.0,425821044.0,425900000.0,,,15823400000.0,293700000.0,,1047500000.0,37.153,4989000000.0
32,MOS,MRT,2013-06-30,2013-05-31,2013-05-31,2021-08-03,326400000.0,18086000000.0,17388200000.0,6880500000.0,11205500000.0,0.574,31.537,-1588300000.0,3697100000.0,3697100000.0,7213900000.0,1891800000.0,3.899,0.346,1079200000.0,69600000.0,1009600000.0,1079200000.0,0.0,604800000.0,0.0,0.016,1.0,2210900000.0,2815700000.0,0.282,2815700000.0,2210900000.0,2229700000.0,4.44,4.42,4.44,13425400000.0,12704250000.0,13425400000.0,23644286561.0,11.0,8.397,292200000.0,0.686,1.0,2760200000.0,0.277,1844600000.0,-18800000.0,11858600000.0,11014450000.0,1557300000.0,431500000.0,0.0,431500000.0,4643100000.0,1764900000.0,2878200000.0,25894386561.0,-113900000.0,-15000000.0,0.0,33400000.0,-426600000.0,-390800000.0,-1589800000.0,0.0,1880500000.0,-13800000.0,1888700000.0,1888700000.0,1888700000.0,0.0,3100000.0,0.189,550600000.0,2209600000.0,763100000.0,0.225,1.929,13.71,13.698,8486800000.0,0.0,60.82,2.596,2.596,1015700000.0,11603400000.0,9974100000.0,9974100000.0,0.0,0.109,0.149,0.201,0.222,28200000.0,427300000.0,1.0,425754465.0,425700000.0,426900000.0,23.43,16241400000.0,288400000.0,341000000.0,1048500000.0,38.152,5115600000.0
33,MOS,MRT,2013-03-31,2013-03-31,2013-03-31,2021-08-03,,,,,,,,,,,,,,,,,,,,,,0.015,0.875,,,,,,,,,,,,,23129123659.0,,,,,1.0,,,,,,,,,,,,,,25379223659.0,,,,,,,,,,,,,,,,,,,,,,,,,,59.61,,,,,,,,,,,,,,1.0,425754465.0,425700000.0,,,,,,,,
34,MOS,MRT,2012-12-31,2012-11-30,2012-11-30,2021-08-03,611100000.0,17440700000.0,16621500000.0,6533100000.0,10907600000.0,0.605,30.732,-1703400000.0,3420700000.0,3420700000.0,7272500000.0,1839800000.0,3.966,0.332,1032500000.0,21900000.0,1010600000.0,1032500000.0,0.0,552400000.0,0.0,0.012,0.675,2180900000.0,2733300000.0,0.272,2733300000.0,2180900000.0,2199600000.0,4.33,4.3,4.33,13082400000.0,12191250000.0,13082400000.0,20445141130.0,9.0,7.48,592100000.0,1.391,1.0,2778800000.0,0.276,1889400000.0,-18700000.0,11515700000.0,10656150000.0,1518500000.0,441400000.0,0.0,441400000.0,4339900000.0,1647400000.0,2692500000.0,23010841130.0,-206900000.0,0.0,-100000.0,-517600000.0,-288100000.0,-807300000.0,-1690200000.0,0.0,2295500000.0,-4900000.0,1838800000.0,1838800000.0,1838800000.0,0.0,1000000.0,0.183,524400000.0,2254400000.0,913700000.0,0.156,1.759,12.514,12.485,8246100000.0,0.0,54.06,2.289,2.29,797500000.0,10986200000.0,10051300000.0,10051300000.0,0.0,0.111,0.151,0.205,0.217,29000000.0,422900000.0,1.0,425653739.0,425700000.0,427000000.0,23.611,15551300000.0,353100000.0,360800000.0,893600000.0,36.531,4885700000.0
35,MOS,MRT,2012-09-30,2012-09-30,2012-09-30,2021-08-03,,,,,,,,,,,,,,,,,,,,,,0.008,0.475,,,,,,,,,,,,,21753914610.0,,,,,1.0,,,,,,,,,,,,,,24511914610.0,,,,,,,,,,,,,,,,,,,,,,,,,,57.61,,,,,,,,,,,,,,1.0,425480205.0,425600000.0,,,,,,,,
36,MOS,MRT,2012-06-30,2012-05-31,2012-05-31,2021-08-03,378000000.0,16690400000.0,16152550000.0,6581100000.0,10109300000.0,0.688,27.535,-1639300000.0,3811000000.0,3811000000.0,8022800000.0,1930800000.0,3.432,0.391,1053000000.0,43000000.0,1010000000.0,1053000000.0,0.0,508100000.0,0.0,0.006,0.275,2622900000.0,3131000000.0,0.282,3131000000.0,2622900000.0,2641600000.0,4.44,4.42,4.44,11983100000.0,11828075000.0,11983100000.0,18177403462.0,7.0,5.806,1066500000.0,2.451,1.0,3085000000.0,0.278,1844400000.0,-18700000.0,10170300000.0,9898575000.0,1237600000.0,454200000.0,0.0,454200000.0,4691000000.0,1917700000.0,2773300000.0,20286003462.0,-95400000.0,0.0,-1162500000.0,224300000.0,-119500000.0,-1061100000.0,-1627400000.0,0.0,2705800000.0,-112700000.0,1930200000.0,1930200000.0,1930200000.0,0.0,600000.0,0.174,473900000.0,2611100000.0,912400000.0,0.062,1.693,10.51,10.739,7545900000.0,0.0,47.68,1.826,1.868,751600000.0,10141300000.0,11107800000.0,11107800000.0,0.0,0.119,0.163,0.265,0.236,23400000.0,410100000.0,1.0,425461482.0,435200000.0,436500000.0,25.523,14846000000.0,288400000.0,711400000.0,850300000.0,34.113,4663400000.0
37,MOS,MRT,2012-03-31,2012-02-29,2012-02-29,2021-08-03,664200000.0,15936700000.0,15926675000.0,5930400000.0,10006300000.0,0.7,27.764,-1556200000.0,3201900000.0,3201900000.0,7901300000.0,2069100000.0,3.673,0.348,1093300000.0,82700000.0,1010600000.0,1093300000.0,0.0,491300000.0,0.0,0.003,0.2,2773200000.0,3264500000.0,0.293,3264500000.0,2773200000.0,2780900000.0,4.69,4.66,4.69,11810900000.0,11742700000.0,11810900000.0,22490612681.0,8.0,6.889,893200000.0,2.1,1.0,3246400000.0,0.291,1874200000.0,-7700000.0,10339100000.0,9594775000.0,1327300000.0,438400000.0,0.0,438400000.0,4106400000.0,1614800000.0,2491600000.0,24567512681.0,-150200000.0,6400000.0,-1158400000.0,209800000.0,-88400000.0,-1038500000.0,-1540700000.0,0.0,2449400000.0,-20400000.0,2072100000.0,2072100000.0,2072100000.0,0.0,-3000000.0,0.186,483300000.0,2763100000.0,800500000.0,0.043,2.08,11.856,12.313,7379500000.0,0.0,57.75,2.204,2.204,656300000.0,9687400000.0,11147700000.0,11147700000.0,0.0,0.13,0.176,0.289,0.249,22500000.0,404500000.0,1.0,425411475.0,425400000.0,426700000.0,26.205,14062500000.0,244200000.0,708800000.0,684900000.0,33.057,4315600000.0
38,MOS,MRT,2011-12-31,2011-11-30,2011-11-30,2021-08-03,408100000.0,15802300000.0,15617275000.0,6359400000.0,9442900000.0,0.715,25.485,-1456000000.0,3627600000.0,3627600000.0,7594300000.0,2339800000.0,3.03,0.397,1550700000.0,541800000.0,1008900000.0,1550700000.0,0.0,477500000.0,0.0,0.004,0.2,3131100000.0,3608600000.0,0.323,3608600000.0,3131100000.0,3138600000.0,5.26,5.23,5.26,11300100000.0,11535825000.0,11300100000.0,20352135521.0,6.0,5.64,954800000.0,2.153,1.0,3578200000.0,0.32,1830100000.0,-7500000.0,9796600000.0,9227600000.0,1206700000.0,439300000.0,0.0,439300000.0,4482100000.0,2098700000.0,2383400000.0,23565035521.0,-31800000.0,56400000.0,-1150600000.0,244500000.0,-89400000.0,-1011000000.0,-1407600000.0,0.0,2410800000.0,-24000000.0,2340900000.0,2340900000.0,2340900000.0,0.0,-1100000.0,0.21,455000000.0,3123200000.0,853600000.0,0.038,2.085,10.067,10.03,6975000000.0,0.0,52.76,2.109,2.094,919200000.0,9435500000.0,11172500000.0,11172500000.0,0.0,0.15,0.203,0.339,0.28,22000000.0,396800000.0,1.0,446645859.0,443400000.0,444700000.0,25.197,13972200000.0,194000000.0,797700000.0,657600000.0,31.512,4260700000.0
39,MOS,MRT,2011-09-30,2011-08-31,2011-08-31,2021-08-03,769200000.0,16180800000.0,15216550000.0,6757800000.0,9423000000.0,0.712,27.358,-1359900000.0,4038000000.0,4038000000.0,7367500000.0,2741000000.0,3.788,0.323,825100000.0,87700000.0,737400000.0,825100000.0,0.0,463000000.0,0.0,0.003,0.2,3589300000.0,4052300000.0,0.374,4052300000.0,3589300000.0,3591200000.0,6.15,6.12,6.15,12218200000.0,11271100000.0,12218200000.0,28692086071.0,8.0,7.08,1064900000.0,2.384,1.0,3465300000.0,0.32,1895700000.0,-1900000.0,9288300000.0,8849700000.0,1402000000.0,433100000.0,0.0,433100000.0,3942100000.0,1783900000.0,2158200000.0,31765586071.0,1675300000.0,56400000.0,20000000.0,-507700000.0,-89400000.0,-580800000.0,-283000000.0,1030000000.0,2424800000.0,114300000.0,2742900000.0,2742900000.0,2742900000.0,0.0,-1900000.0,0.253,481200000.0,2984100000.0,903100000.0,0.033,2.6,11.581,11.566,6890900000.0,0.0,71.13,2.932,2.932,784600000.0,8834200000.0,10832800000.0,10832800000.0,0.0,0.18,0.243,0.406,0.331,21800000.0,385500000.0,1.0,446584930.0,446600000.0,447900000.0,24.256,14285100000.0,228200000.0,848300000.0,649800000.0,31.986,4973900000.0
40,MOS,MRT,2011-06-30,2011-05-31,2011-05-31,2021-08-03,710200000.0,15786900000.0,14439325000.0,6684900000.0,9102000000.0,0.688,26.102,-1263200000.0,3906400000.0,3906400000.0,6816000000.0,2513500000.0,3.466,0.354,832900000.0,71600000.0,761300000.0,832900000.0,0.0,447400000.0,0.0,0.003,0.2,3272500000.0,3719900000.0,0.374,3719900000.0,3272500000.0,3267400000.0,5.64,5.62,5.64,11641600000.0,10474225000.0,11641600000.0,29170206384.0,9.0,7.842,1163500000.0,2.609,1.0,3121800000.0,0.314,1829800000.0,5100000.0,8955100000.0,8753675000.0,1266400000.0,434300000.0,0.0,434300000.0,4125000000.0,1928500000.0,2196500000.0,31635606384.0,1383400000.0,-328900000.0,20300000.0,-512100000.0,-89300000.0,-585000000.0,-572100000.0,1030000000.0,2426700000.0,113800000.0,2514600000.0,2514600000.0,2514600000.0,0.0,-1100000.0,0.253,457600000.0,2664200000.0,941100000.0,0.035,2.717,12.581,12.562,6635900000.0,0.0,70.85,3.183,3.18,926000000.0,8330600000.0,9937800000.0,9937800000.0,0.0,0.174,0.24,0.374,0.329,21100000.0,372500000.0,1.0,446515263.0,446000000.0,447500000.0,22.282,13957100000.0,284300000.0,752800000.0,652300000.0,31.294,4756400000.0
41,MOS,MRT,2011-03-31,2011-02-28,2011-02-28,2021-08-03,702700000.0,14699100000.0,13669525000.0,5693600000.0,9005500000.0,0.654,24.61,-1172300000.0,3352100000.0,3352100000.0,6123500000.0,2264800000.0,3.71,0.336,886700000.0,124500000.0,762200000.0,886700000.0,0.0,436900000.0,0.0,0.002,0.2,2992700000.0,3429600000.0,0.384,3429600000.0,2992700000.0,2967100000.0,5.07,5.05,5.07,10983400000.0,9744375000.0,10983400000.0,35951607946.0,12.0,10.483,813600000.0,1.823,1.0,2814200000.0,0.315,1828800000.0,25600000.0,8870400000.0,8630275000.0,1133600000.0,438900000.0,0.0,438900000.0,3689500000.0,1534500000.0,2155000000.0,38301807946.0,1060300000.0,-330600000.0,20400000.0,-475700000.0,-89300000.0,-554000000.0,-484100000.0,1030000000.0,1985900000.0,112500000.0,2261500000.0,2261500000.0,2261500000.0,0.0,3300000.0,0.253,443700000.0,2370500000.0,670100000.0,0.039,3.487,16.936,16.933,6330300000.0,0.0,85.85,4.285,4.287,798400000.0,7703700000.0,8937700000.0,8937700000.0,0.0,0.165,0.232,0.347,0.335,21600000.0,374700000.0,1.0,446148025.0,446300000.0,447700000.0,20.026,12870300000.0,347000000.0,705600000.0,593400000.0,28.838,4159100000.0
42,MOS,MRT,2010-12-31,2010-11-30,2010-11-30,2021-08-03,496700000.0,14199400000.0,13064300000.0,5524300000.0,8675100000.0,0.647,22.973,-1069500000.0,3659400000.0,3659400000.0,6018200000.0,1945700000.0,3.121,0.384,1309200000.0,520800000.0,788400000.0,1309200000.0,0.0,424400000.0,0.0,0.003,0.2,2632400000.0,3056800000.0,0.362,3056800000.0,2632400000.0,2597000000.0,4.36,4.34,4.36,10241200000.0,9114850000.0,10241200000.0,29109493884.0,11.0,9.523,1027200000.0,2.304,1.0,2437100000.0,0.288,1794200000.0,35400000.0,8285000000.0,8501000000.0,816900000.0,442000000.0,0.0,442000000.0,3928600000.0,1770000000.0,2158600000.0,30139593884.0,1011300000.0,-380600000.0,18200000.0,-99500000.0,-667800000.0,-740600000.0,-417200000.0,1030000000.0,2096700000.0,72400000.0,1942000000.0,1942000000.0,1942000000.0,0.0,3700000.0,0.23,432400000.0,2004700000.0,539300000.0,0.046,2.943,15.52,15.511,5969000000.0,0.0,67.63,3.565,3.566,671600000.0,7184000000.0,8455300000.0,8455300000.0,0.0,0.149,0.213,0.31,0.311,19000000.0,373400000.0,1.0,445654205.0,445800000.0,447300000.0,18.967,12405200000.0,401600000.0,655000000.0,547400000.0,27.827,3754300000.0
43,MOS,MRT,2010-09-30,2010-08-31,2010-08-31,2021-08-03,309100000.0,13071900000.0,12688600000.0,4754800000.0,8317100000.0,0.59,20.271,-969100000.0,2362700000.0,2362700000.0,5514400000.0,1027900000.0,3.448,0.444,1332600000.0,88500000.0,1244100000.0,1332600000.0,0.0,457600000.0,0.0,0.026,1.5,1490000000.0,1947600000.0,0.26,1947600000.0,1490000000.0,1448300000.0,2.3,2.29,2.3,9030700000.0,8611100000.0,9030700000.0,24953151699.0,17.0,12.812,770700000.0,1.73,1.0,1975800000.0,0.264,1758500000.0,41700000.0,8904200000.0,8387375000.0,1045300000.0,442800000.0,0.0,442800000.0,4013200000.0,1379100000.0,2634100000.0,26132251699.0,-236000000.0,-367700000.0,11800000.0,-59800000.0,-668100000.0,-716100000.0,-1311800000.0,0.0,1739800000.0,52100000.0,1024200000.0,1024200000.0,1024200000.0,0.0,3700000.0,0.137,428900000.0,1546900000.0,559100000.0,0.652,2.894,25.515,25.504,5658100000.0,0.0,58.66,3.489,3.489,572100000.0,6180700000.0,7490200000.0,7490200000.0,0.0,0.081,0.119,0.178,0.199,19500000.0,367000000.0,1.0,445486732.0,445500000.0,446900000.0,16.813,11313400000.0,422000000.0,424100000.0,531800000.0,25.395,3375700000.0
44,MOS,MRT,2010-06-30,2010-05-31,2010-05-31,2021-08-03,289400000.0,12707700000.0,12540350000.0,4974800000.0,7732900000.0,0.539,19.596,-910600000.0,2523000000.0,2523000000.0,5065800000.0,831500000.0,3.815,0.454,1343900000.0,98300000.0,1245600000.0,1343900000.0,0.0,445000000.0,0.0,0.032,1.5,1224000000.0,1669000000.0,0.247,1669000000.0,1224000000.0,1174400000.0,1.86,1.85,1.86,8722200000.0,8500875000.0,8722200000.0,19630849706.0,16.0,11.762,445400000.0,1.001,1.0,1693300000.0,0.251,1763200000.0,49600000.0,8461500000.0,8216775000.0,1002300000.0,54700000.0,0.0,54700000.0,3959300000.0,1303900000.0,2655400000.0,20563849706.0,-180200000.0,17600000.0,12500000.0,-51200000.0,-668000000.0,-710600000.0,-866300000.0,0.0,1356000000.0,40700000.0,827100000.0,827100000.0,827100000.0,0.0,4400000.0,0.122,422500000.0,1270800000.0,566700000.0,0.806,2.358,24.863,24.823,5465600000.0,0.0,46.17,3.042,3.04,614800000.0,5905300000.0,6759100000.0,6759100000.0,0.0,0.066,0.097,0.149,0.181,20200000.0,360300000.0,1.0,445394189.0,445100000.0,446600000.0,15.186,10944500000.0,421600000.0,347300000.0,535100000.0,24.589,3670900000.0
45,MOS,MRT,2010-03-31,2010-02-28,2010-02-28,2021-08-03,411000000.0,12278200000.0,12532475000.0,4791300000.0,7486900000.0,0.518,19.015,-809900000.0,2291800000.0,2291800000.0,5282500000.0,583500000.0,3.906,0.447,1358800000.0,112800000.0,1246000000.0,1358800000.0,0.0,425600000.0,0.0,0.026,1.5,509100000.0,934700000.0,0.144,934700000.0,509100000.0,456100000.0,1.3,1.3,1.3,8465300000.0,8443575000.0,8465300000.0,24751286525.0,49.0,26.48,319800000.0,0.718,1.0,1209800000.0,0.186,1765300000.0,53000000.0,8353300000.0,8103800000.0,939600000.0,54100000.0,0.0,54100000.0,3786000000.0,1226600000.0,2559400000.0,25992986525.0,-237200000.0,-4400000.0,12800000.0,-29600000.0,-668000000.0,-689800000.0,-787700000.0,0.0,1129700000.0,110600000.0,577900000.0,577900000.0,577900000.0,0.0,5600000.0,0.089,360300000.0,849500000.0,475100000.0,1.154,3.071,44.978,44.915,5253200000.0,0.0,58.39,4.004,4.004,595000000.0,5531500000.0,6492300000.0,6492300000.0,0.0,0.046,0.068,0.063,0.078,22300000.0,329900000.0,1.0,445161612.0,445200000.0,446800000.0,14.583,10512900000.0,432500000.0,-121800000.0,530300000.0,23.614,3564700000.0
46,MOS,MRT,2009-12-31,2009-11-30,2009-11-30,2021-08-03,384100000.0,12696600000.0,12406250000.0,5011300000.0,7685300000.0,0.495,18.486,-797800000.0,2648100000.0,2648100000.0,5262300000.0,418100000.0,2.683,0.54,1406400000.0,156200000.0,1250200000.0,1406400000.0,0.0,414400000.0,0.0,0.028,1.5,248900000.0,663300000.0,0.108,663300000.0,248900000.0,197700000.0,0.93,0.93,0.93,8226200000.0,8270975000.0,8226200000.0,23018227243.0,92.0,34.703,-156000000.0,-0.351,1.0,873600000.0,0.142,1756600000.0,51200000.0,7830500000.0,7951225000.0,969100000.0,389900000.0,0.0,389900000.0,4443700000.0,1867800000.0,2575900000.0,24226927243.0,-163500000.0,-4400000.0,7200000.0,-8200000.0,-89300000.0,-98500000.0,-775900000.0,0.0,641800000.0,69100000.0,414100000.0,414100000.0,414100000.0,0.0,4000000.0,0.067,369300000.0,504300000.0,505800000.0,1.613,2.945,58.505,58.548,5157900000.0,0.0,54.45,3.948,3.949,579500000.0,5331300000.0,6135900000.0,6135900000.0,0.0,0.033,0.05,0.031,0.041,25900000.0,318900000.0,1.0,444938976.0,445000000.0,446500000.0,13.789,10940000000.0,447000000.0,-216400000.0,542700000.0,24.584,3143500000.0
47,MOS,MRT,2009-09-30,2009-08-31,2009-08-31,2021-08-03,260200000.0,12478900000.0,12339025000.0,5002200000.0,7476700000.0,0.602,19.32,-830400000.0,2598700000.0,2598700000.0,6092400000.0,1270400000.0,3.803,0.45,1390000000.0,136800000.0,1253200000.0,1390000000.0,0.0,364900000.0,0.0,0.004,0.2,1498100000.0,1863000000.0,0.251,1863000000.0,1498100000.0,1450500000.0,2.85,2.84,2.85,8589800000.0,8177625000.0,8589800000.0,20236304493.0,14.0,10.862,23100000.0,0.052,1.0,1340300000.0,0.18,1733100000.0,47600000.0,8221800000.0,7898000000.0,1046700000.0,375500000.0,0.0,375500000.0,3864300000.0,1315300000.0,2549000000.0,21547004493.0,409000000.0,-17300000.0,9400000.0,-89100000.0,-88900000.0,-175900000.0,-129900000.0,745700000.0,853500000.0,-138700000.0,1266100000.0,1266100000.0,1266100000.0,0.0,4300000.0,0.17,354100000.0,986200000.0,429800000.0,0.07,2.508,17.018,17.007,5007700000.0,0.0,48.47,2.899,2.899,485500000.0,5824600000.0,7432700000.0,7432700000.0,0.0,0.103,0.155,0.19,0.202,26200000.0,312800000.0,1.0,444543109.0,444600000.0,446300000.0,16.718,10745800000.0,452700000.0,184400000.0,533000000.0,24.17,3686900000.0
48,MOS,MRT,2009-06-30,2009-05-31,2009-05-31,2021-08-03,258600000.0,12676200000.0,12471825000.0,5307800000.0,7368400000.0,0.826,19.115,-781100000.0,2703200000.0,2703200000.0,7531300000.0,2356500000.0,3.273,0.49,1392500000.0,136000000.0,1256500000.0,1392500000.0,0.0,360500000.0,0.0,0.004,0.2,3042800000.0,3403300000.0,0.33,3403300000.0,3042800000.0,2999500000.0,5.29,5.27,5.29,8493000000.0,7947100000.0,8493000000.0,23168229945.0,8.0,6.808,461500000.0,1.039,1.0,2766700000.0,0.269,1734100000.0,43300000.0,8009600000.0,7808125000.0,1125900000.0,357800000.0,0.0,357800000.0,4161000000.0,1621800000.0,2539200000.0,24309329945.0,742500000.0,-17300000.0,11100000.0,-143400000.0,-88900000.0,-224900000.0,-81600000.0,745700000.0,1242600000.0,-193600000.0,2350200000.0,2350200000.0,2350200000.0,0.0,6300000.0,0.228,365800000.0,2400900000.0,383600000.0,0.038,2.862,10.344,10.34,4899300000.0,0.0,54.7,2.361,2.36,597600000.0,5746200000.0,10298000000.0,10298000000.0,0.0,0.188,0.296,0.39,0.295,22500000.0,321400000.0,1.0,444411882.0,444300000.0,446200000.0,23.178,10942100000.0,467700000.0,649300000.0,849000000.0,24.628,3686000000.0
49,MOS,MRT,2009-03-31,2009-02-28,2009-02-28,2021-08-03,-327700000.0,11773300000.0,12257725000.0,5219600000.0,6553700000.0,0.993,17.495,-731100000.0,2529000000.0,2529000000.0,8320900000.0,3079200000.0,4.248,0.514,1387900000.0,119800000.0,1268100000.0,1387900000.0,0.0,372200000.0,0.0,0.003,0.15,4432800000.0,4805000000.0,0.395,4805000000.0,4432800000.0,4399400000.0,6.9,6.86,6.9,7774900000.0,7506650000.0,7774900000.0,17732376392.0,4.0,3.69,1243400000.0,2.798,1.0,3850300000.0,0.316,1660400000.0,33400000.0,7743000000.0,7643025000.0,1434700000.0,300500000.0,0.0,300500000.0,3998400000.0,1228800000.0,2769600000.0,19130576392.0,1394800000.0,-8100000.0,29800000.0,-248400000.0,-66600000.0,-298200000.0,-21200000.0,745700000.0,1974500000.0,-260300000.0,3065800000.0,3065800000.0,3065800000.0,0.0,13400000.0,0.252,395600000.0,3454700000.0,296000000.0,0.022,2.461,6.24,6.239,4379900000.0,0.0,43.05,1.572,1.572,633400000.0,5621600000.0,12171200000.0,12171200000.0,0.0,0.25,0.408,0.58,0.364,21500000.0,334300000.0,1.0,444380404.0,444400000.0,445800000.0,27.388,10112900000.0,209300000.0,1333600000.0,658700000.0,22.756,3990800000.0
50,MOS,MRT,2008-12-31,2008-11-30,2008-11-30,2021-08-03,-209300000.0,12427700000.0,11964550000.0,5970500000.0,6457200000.0,1.082,17.675,-621000000.0,2811600000.0,2811600000.0,8505000000.0,3541900000.0,3.451,0.583,1413400000.0,140700000.0,1272700000.0,1413400000.0,0.0,368500000.0,0.0,0.003,0.1,5039800000.0,5408300000.0,0.418,5408300000.0,5039800000.0,4989900000.0,7.94,7.9,7.94,7852800000.0,7021825000.0,7852800000.0,12783471903.0,3.0,2.364,1892700000.0,4.26,1.0,4437900000.0,0.343,1682000000.0,49900000.0,7617600000.0,7509375000.0,1614200000.0,280700000.0,0.0,280700000.0,4574900000.0,1729900000.0,2845000000.0,13483071903.0,2169400000.0,-7700000.0,81000000.0,-257900000.0,-44400000.0,-233400000.0,114800000.0,770300000.0,2513700000.0,-225700000.0,3527800000.0,3527800000.0,3527800000.0,0.0,14100000.0,0.273,379500000.0,4058400000.0,768200000.0,0.013,1.717,3.822,3.822,4331900000.0,0.0,30.35,1.042,1.042,918100000.0,5585000000.0,12942900000.0,12942900000.0,0.0,0.295,0.502,0.671,0.389,23900000.0,344200000.0,1.0,444252781.0,444300000.0,446100000.0,29.131,10745700000.0,208900000.0,1462100000.0,658600000.0,24.186,4240600000.0
51,MOS,MRT,2008-09-30,2008-08-31,2008-08-31,2021-08-03,551500000.0,13010100000.0,11281150000.0,6177000000.0,6833100000.0,1.075,17.266,-476900000.0,2189700000.0,2189700000.0,7844500000.0,2974600000.0,2.34,0.697,1490100000.0,178700000.0,1311400000.0,1490100000.0,0.0,363600000.0,0.0,0.0,0.05,4140900000.0,4504500000.0,0.371,4504500000.0,4140900000.0,4073800000.0,6.67,6.64,6.67,7667700000.0,6356150000.0,7667700000.0,46981374545.0,11.0,10.43,2192800000.0,4.938,1.0,4287300000.0,0.353,1808400000.0,67100000.0,7862300000.0,7388825000.0,1945100000.0,356400000.0,0.0,356400000.0,5342400000.0,2639800000.0,2702600000.0,47390674545.0,1550500000.0,-8000000.0,95200000.0,-695200000.0,-22200000.0,-636000000.0,-455700000.0,24600000.0,2669700000.0,-27500000.0,2962000000.0,2962000000.0,2962000000.0,0.0,12600000.0,0.244,381300000.0,3906000000.0,1266600000.0,0.007,6.181,16.0,16.003,4559200000.0,0.0,106.74,3.906,3.907,1586300000.0,4647200000.0,12131800000.0,12131800000.0,0.0,0.263,0.466,0.56,0.341,24800000.0,347200000.0,1.0,443982336.0,444100000.0,446500000.0,27.318,11201700000.0,214800000.0,1111800000.0,883700000.0,25.223,3537200000.0
52,MOS,MRT,2008-06-30,2008-05-31,2008-05-31,2021-08-03,790600000.0,11819800000.0,10356900000.0,4809500000.0,7010300000.0,0.947,15.205,-372100000.0,1960700000.0,1960700000.0,6652100000.0,2091500000.0,2.2,0.756,1551400000.0,176400000.0,1375000000.0,1551400000.0,0.0,358100000.0,0.0,0.0,0.0,2888200000.0,3246300000.0,0.331,3246300000.0,2888200000.0,2797700000.0,4.7,4.67,4.7,6731200000.0,5576275000.0,6731200000.0,56117095933.0,19.0,17.286,2174500000.0,4.912,1.0,3160500000.0,0.322,1875200000.0,90500000.0,7349200000.0,7186400000.0,1350900000.0,353800000.0,0.0,353800000.0,5088600000.0,2186100000.0,2902500000.0,55597995933.0,1540100000.0,-200000.0,109700000.0,-807200000.0,0.0,-709800000.0,-341600000.0,24600000.0,2546600000.0,44900000.0,2082800000.0,2082800000.0,2082800000.0,0.0,8700000.0,0.212,353800000.0,2806700000.0,1022100000.0,0.0,8.26,26.694,26.664,4648000000.0,0.0,125.32,5.666,5.654,1039200000.0,3485400000.0,9812600000.0,9812600000.0,0.0,0.201,0.374,0.402,0.294,18500000.0,323800000.0,1.0,443648228.0,442700000.0,445700000.0,22.165,9944600000.0,267000000.0,714900000.0,682900000.0,22.464,2623400000.0
53,MOS,MRT,2008-03-31,2008-02-29,2008-02-29,2021-08-03,783100000.0,10600600000.0,9692850000.0,3167200000.0,7433400000.0,0.828,13.164,-349300000.0,1134200000.0,1134200000.0,5701300000.0,1422900000.0,1.749,0.817,1653300000.0,274900000.0,1378400000.0,1653300000.0,0.0,582800000.0,0.0,0.0,0.0,1983400000.0,2566200000.0,0.32,2566200000.0,1983400000.0,1869100000.0,3.22,3.21,3.22,5835600000.0,4939450000.0,5835600000.0,50362971311.0,25.0,19.626,1413100000.0,3.188,1.0,2329000000.0,0.29,2100100000.0,114300000.0,7208400000.0,7146600000.0,1037200000.0,486200000.0,0.0,486200000.0,4765000000.0,1811200000.0,2953800000.0,49317671311.0,674500000.0,6500000.0,100700000.0,-919100000.0,-2600000.0,-829900000.0,-310700000.0,24600000.0,1762400000.0,52700000.0,1422900000.0,1422900000.0,1422900000.0,0.0,0.0,0.177,342600000.0,1986400000.0,551800000.0,0.0,8.451,34.66,34.565,4602000000.0,0.0,111.3,6.141,6.144,699500000.0,2622900000.0,8030300000.0,8030300000.0,0.0,0.147,0.288,0.278,0.247,37900000.0,323500000.0,1.0,443105762.0,443300000.0,446100000.0,18.115,8500500000.0,192400000.0,446200000.0,628800000.0,19.176,1356000000.0
54,MOS,MRT,2007-12-31,2007-11-30,2007-11-30,2021-08-03,717900000.0,9694100000.0,9223475000.0,2277800000.0,7416300000.0,0.776,11.734,-331100000.0,642200000.0,642200000.0,5447600000.0,944300000.0,1.577,0.868,1687500000.0,304900000.0,1382600000.0,1687500000.0,0.0,496100000.0,0.0,0.0,0.0,1370500000.0,1866600000.0,0.261,1866600000.0,1370500000.0,1237900000.0,2.15,2.14,2.15,5190100000.0,4389675000.0,5190100000.0,32103495049.0,23.0,17.199,1057300000.0,2.39,1.0,1714200000.0,0.239,2160000000.0,132600000.0,7135400000.0,7200075000.0,866700000.0,429300000.0,0.0,429300000.0,4504000000.0,1444000000.0,3060000000.0,30552595049.0,373800000.0,6100000.0,63800000.0,-662900000.0,-2600000.0,-743400000.0,-334500000.0,0.0,1388400000.0,63300000.0,944300000.0,944300000.0,944300000.0,0.0,0.0,0.132,341000000.0,1373200000.0,515500000.0,0.0,5.887,32.355,32.163,4578200000.0,0.0,69.15,4.266,4.271,613600000.0,2102100000.0,7161800000.0,7161800000.0,0.0,0.102,0.215,0.19,0.191,31900000.0,320100000.0,1.0,441830731.0,442300000.0,445000000.0,16.192,7534100000.0,206400000.0,293600000.0,693200000.0,17.034,833800000.0
55,MOS,MRT,2007-09-30,2007-08-31,2007-08-31,2021-08-03,495300000.0,9313100000.0,8963250000.0,2170000000.0,7143100000.0,0.724,10.304,-289000000.0,639200000.0,639200000.0,5236800000.0,616200000.0,1.353,1.048,2190100000.0,604400000.0,1585700000.0,2190100000.0,0.0,411600000.0,0.0,0.0,0.0,976600000.0,1388200000.0,0.214,1388200000.0,976600000.0,833000000.0,1.41,1.4,1.41,4548200000.0,4004175000.0,4548200000.0,20484280358.0,21.0,14.756,706700000.0,1.601,1.0,1251600000.0,0.193,2207100000.0,143600000.0,7052600000.0,7253475000.0,817800000.0,379900000.0,0.0,379900000.0,4764900000.0,1604300000.0,3160600000.0,18544380358.0,424400000.0,6400000.0,65000000.0,-217200000.0,-2600000.0,-294600000.0,-292600000.0,0.0,995700000.0,15900000.0,616200000.0,616200000.0,616200000.0,0.0,0.0,0.095,317300000.0,934300000.0,386400000.0,0.0,4.077,30.095,29.801,4447200000.0,0.0,42.02,2.858,2.859,537400000.0,1708100000.0,6488400000.0,6488400000.0,0.0,0.069,0.154,0.135,0.151,27200000.0,310700000.0,1.0,441322712.0,441400000.0,444300000.0,14.7,7106000000.0,60600000.0,216800000.0,582700000.0,16.099,565700000.0
56,MOS,MRT,2007-06-30,2007-05-31,2007-05-31,2021-08-03,458900000.0,9163600000.0,8821375000.0,1955500000.0,7208100000.0,0.655,9.634,-292100000.0,420600000.0,420600000.0,4847600000.0,419700000.0,1.2,1.19,2360500000.0,542400000.0,1818100000.0,2360500000.0,0.0,329400000.0,0.0,0.0,0.0,692700000.0,1022100000.0,0.177,1022100000.0,692700000.0,543100000.0,0.97,0.95,0.97,4183900000.0,3778100000.0,4183900000.0,17583193674.0,25.0,17.203,415800000.0,0.957,1.0,926100000.0,0.16,2283800000.0,149600000.0,7190000000.0,7360600000.0,787400000.0,384900000.0,0.0,384900000.0,4979700000.0,1629700000.0,3350000000.0,15470893674.0,247300000.0,-1400000.0,48100000.0,-79000000.0,-2600000.0,-173200000.0,-304000000.0,0.0,707900000.0,16600000.0,419700000.0,419700000.0,419700000.0,0.0,0.0,0.073,309800000.0,616300000.0,433500000.0,0.0,3.698,36.862,36.216,4449400000.0,0.0,35.13,2.68,2.642,557000000.0,1402600000.0,5773700000.0,5773700000.0,0.0,0.048,0.111,0.094,0.12,23400000.0,309800000.0,1.0,440389800.0,434300000.0,440300000.0,13.294,6879800000.0,35000000.0,123400000.0,770900000.0,15.841,325800000.0
57,MOS,MRT,2007-03-31,2007-02-28,2007-02-28,2021-08-03,133000000.0,8723100000.0,8711225000.0,1778800000.0,6944300000.0,0.622,8.274,-330700000.0,459700000.0,459700000.0,4784700000.0,36200000.0,1.558,1.399,2572000000.0,145000000.0,2427000000.0,2572000000.0,0.0,324100000.0,0.0,0.0,0.0,160400000.0,484500000.0,0.089,484500000.0,160400000.0,13100000.0,0.02,0.01,0.02,3636500000.0,3614825000.0,3636500000.0,13418089281.0,84.0,27.695,326400000.0,0.743,1.0,636100000.0,0.117,2271400000.0,147300000.0,7422300000.0,7484175000.0,674800000.0,350500000.0,0.0,350500000.0,5086600000.0,1141700000.0,3944900000.0,11182989281.0,295100000.0,0.0,38300000.0,97000000.0,-2600000.0,-5800000.0,-341800000.0,0.0,657100000.0,-14400000.0,36200000.0,32800000.0,32800000.0,0.0,0.0,0.006,564600000.0,71500000.0,874100000.0,0.0,3.075,340.945,1272.0,4250700000.0,3400000.0,25.44,2.063,2.063,522600000.0,1200000000.0,5420800000.0,5420800000.0,0.0,0.004,0.009,0.021,0.03,8100000.0,268500000.0,1.0,439582912.0,439500000.0,440900000.0,12.334,6451700000.0,49100000.0,-23100000.0,708600000.0,14.68,637100000.0
58,MOS,MRT,2006-12-31,2006-11-30,2006-11-30,2021-08-03,206800000.0,8653200000.0,8706550000.0,1627400000.0,7025800000.0,0.599,8.327,-344900000.0,268400000.0,268400000.0,4678300000.0,-77600000.0,1.319,1.372,2503500000.0,292700000.0,2210800000.0,2503500000.0,0.0,324100000.0,0.0,0.0,0.0,14000000.0,338100000.0,0.065,338100000.0,14000000.0,-134500000.0,-0.27,-0.28,-0.27,3648100000.0,3612075000.0,3648100000.0,11687364684.0,835.0,34.568,87800000.0,0.2,1.0,537000000.0,0.103,2305700000.0,148500000.0,7349000000.0,7592350000.0,655400000.0,350900000.0,0.0,350900000.0,5005100000.0,1233600000.0,3771500000.0,9330564684.0,102400000.0,14800000.0,27000000.0,-5000000.0,-5200000.0,10500000.0,-328800000.0,0.0,432700000.0,-12000000.0,-77600000.0,-83600000.0,-83600000.0,0.0,0.0,-0.016,544100000.0,-7100000.0,811400000.0,0.0,2.558,-111.61,-78.889,4304800000.0,6000000.0,21.3,1.789,1.789,569800000.0,1157800000.0,5215300000.0,5215300000.0,0.0,-0.01,-0.023,0.002,0.003,8100000.0,252500000.0,1.0,438054680.0,438100000.0,439400000.0,11.904,6347500000.0,44100000.0,-56900000.0,740600000.0,14.489,393800000.0
59,MOS,MRT,2006-09-30,2006-08-31,2006-08-31,2021-08-03,295100000.0,8745600000.0,8717125000.0,1617800000.0,7127800000.0,0.595,8.686,-398900000.0,214800000.0,214800000.0,4605900000.0,-88500000.0,1.258,1.4,2571600000.0,346700000.0,2224900000.0,2571600000.0,0.0,324100000.0,0.0,0.0,0.0,27700000.0,351800000.0,0.068,351800000.0,27700000.0,-127200000.0,-0.28,-0.3,-0.28,3643900000.0,3595950000.0,3643900000.0,9538815180.0,344.0,27.114,-35100000.0,-0.084,1.0,584900000.0,0.113,2335400000.0,154900000.0,7481100000.0,7673900000.0,772000000.0,336900000.0,0.0,336900000.0,5101700000.0,1285900000.0,3815800000.0,7101915180.0,13500000.0,32200000.0,6900000.0,21400000.0,-7700000.0,14700000.0,-364200000.0,0.0,363800000.0,-800000.0,-88500000.0,-97000000.0,-97000000.0,0.0,0.0,-0.019,543400000.0,41500000.0,410200000.0,0.0,1.949,-73.216,-58.0,4390500000.0,8500000.0,16.24,1.368,1.312,466600000.0,1091900000.0,5190800000.0,5190800000.0,0.0,-0.011,-0.027,0.004,0.005,8100000.0,250100000.0,1.0,437310048.0,419500000.0,438100000.0,12.374,6410200000.0,45400000.0,-38700000.0,752500000.0,15.281,331900000.0
60,MOS,MRT,2006-06-30,2006-05-31,2006-05-31,2021-08-03,299200000.0,8723000000.0,8682575000.0,1582800000.0,7140200000.0,0.611,9.238,-404400000.0,173300000.0,173300000.0,4668400000.0,-121400000.0,1.403,1.471,2610200000.0,222100000.0,2388100000.0,2610200000.0,0.0,324100000.0,0.0,0.0,0.0,37100000.0,361200000.0,0.068,361200000.0,37100000.0,-116100000.0,-0.35,-0.35,-0.35,3530800000.0,3549875000.0,3530800000.0,8559317726.0,231.0,23.697,-110000000.0,-0.288,1.0,637400000.0,0.12,2347100000.0,153200000.0,7684300000.0,7730975000.0,760900000.0,318900000.0,0.0,318900000.0,5192200000.0,1128500000.0,4063700000.0,6064717726.0,-71700000.0,44000000.0,28900000.0,-6000000.0,-10300000.0,6300000.0,-359200000.0,0.0,294400000.0,-13200000.0,-121400000.0,-132500000.0,-132500000.0,0.0,0.0,-0.025,535500000.0,101900000.0,389200000.0,0.0,1.718,-45.771,-44.457,4416600000.0,11100000.0,15.56,1.143,1.121,508200000.0,982900000.0,5305800000.0,5305800000.0,0.0,-0.015,-0.037,0.005,0.007,8100000.0,241300000.0,1.0,389763350.0,382200000.0,382200000.0,13.882,6375900000.0,50500000.0,5300000.0,772900000.0,16.682,454300000.0
61,MOS,MRT,2006-03-31,2006-02-28,2006-02-28,2021-08-03,220900000.0,8704400000.0,8604700000.0,1480600000.0,7223800000.0,0.63,9.451,-368400000.0,164600000.0,164600000.0,4707200000.0,153600000.0,1.461,1.401,2659200000.0,252000000.0,2407200000.0,2659200000.0,0.0,219300000.0,0.0,0.0,0.0,433500000.0,652800000.0,0.12,652800000.0,433500000.0,274300000.0,0.4,0.37,0.4,3625500000.0,3470550000.0,3625500000.0,8572371398.0,20.0,13.132,-15400000.0,-0.04,1.0,716800000.0,0.132,2330500000.0,159200000.0,7855000000.0,7690450000.0,786100000.0,328200000.0,0.0,328200000.0,5078900000.0,1013500000.0,4065400000.0,6185671398.0,54200000.0,42100000.0,34300000.0,-5000000.0,-10200000.0,16300000.0,-320000000.0,0.0,353000000.0,4900000.0,153600000.0,143200000.0,143200000.0,0.0,0.0,0.026,253400000.0,463400000.0,381400000.0,0.0,1.706,43.196,39.75,4468400000.0,10400000.0,15.9,1.14,1.124,427700000.0,1167200000.0,5424000000.0,5424000000.0,0.0,0.017,0.041,0.056,0.08,2100000.0,252600000.0,1.0,389035937.0,383600000.0,383600000.0,14.14,6373900000.0,0.0,120700000.0,790800000.0,16.616,467100000.0
62,MOS,MRT,2005-12-31,2005-11-30,2005-11-30,2021-08-03,143200000.0,8695500000.0,8451975000.0,1651100000.0,7044400000.0,0.65,9.403,-352000000.0,166000000.0,166000000.0,4656000000.0,264000000.0,1.497,1.426,2552700000.0,129400000.0,2423300000.0,2552700000.0,40200000.0,153400000.0,0.0,0.0,0.0,609700000.0,763100000.0,0.139,763100000.0,609700000.0,450400000.0,0.69,0.65,0.69,3583600000.0,3354775000.0,3583600000.0,7635188183.0,13.0,10.005,13400000.0,0.035,1.0,839300000.0,0.153,2304400000.0,159300000.0,7675200000.0,7602125000.0,786300000.0,340900000.0,0.0,340900000.0,5111900000.0,1102600000.0,4009300000.0,5238588183.0,44200000.0,26700000.0,47100000.0,7000000.0,-9600000.0,34900000.0,-322600000.0,0.0,365400000.0,-33500000.0,264000000.0,253700000.0,253700000.0,0.0,0.0,0.046,258800000.0,580500000.0,461700000.0,0.0,1.462,20.649,19.623,4317100000.0,10300000.0,13.54,0.953,0.939,571400000.0,1241400000.0,5495300000.0,5495300000.0,0.0,0.03,0.076,0.08,0.111,2100000.0,255600000.0,1.0,386897207.0,381100000.0,434500000.0,14.42,6391100000.0,0.0,186400000.0,854200000.0,16.77,548500000.0
63,MOS,MRT,2005-09-30,2005-08-31,2005-08-31,2021-08-03,73300000.0,8607400000.0,8258500000.0,1758200000.0,6849200000.0,0.615,9.104,-307000000.0,201300000.0,201300000.0,4383400000.0,200600000.0,1.62,1.488,2597900000.0,153400000.0,2444500000.0,2597900000.0,65300000.0,196200000.0,0.0,0.0,0.0,478200000.0,674400000.0,0.133,674400000.0,478200000.0,336800000.0,0.52,0.49,0.52,3459600000.0,3236300000.0,3459600000.0,8653081783.0,18.0,12.831,28700000.0,0.076,1.0,692100000.0,0.136,2209500000.0,141400000.0,7709400000.0,7467900000.0,774800000.0,334900000.0,0.0,334900000.0,5147800000.0,1085100000.0,4062700000.0,6237981783.0,178500000.0,60300000.0,49900000.0,56000000.0,-7200000.0,84400000.0,-239300000.0,0.0,335700000.0,-2300000.0,200600000.0,191700000.0,191700000.0,0.0,0.0,0.038,238600000.0,453500000.0,456800000.0,0.0,1.803,32.54,31.058,4234700000.0,8900000.0,16.15,1.229,1.209,665200000.0,1189000000.0,5075500000.0,5075500000.0,0.0,0.023,0.059,0.064,0.094,2100000.0,233000000.0,1.0,386252742.0,380000000.0,433900000.0,13.357,6397900000.0,1800000.0,136200000.0,815900000.0,16.837,673100000.0
64,MOS,MRT,2005-06-30,2005-05-31,2005-05-31,2021-08-03,-72000000.0,8411500000.0,5141000000.0,1728300000.0,6683200000.0,0.855,9.803,-255200000.0,245000000.0,245000000.0,3871200000.0,165600000.0,1.499,1.618,2668600000.0,204900000.0,2463700000.0,2668600000.0,0.0,219300000.0,0.0,0.0,0.0,376600000.0,595900000.0,0.136,595900000.0,376600000.0,265900000.0,0.48,0.46,0.48,3213500000.0,2027950000.0,3213500000.0,7574964716.0,20.0,12.712,76700000.0,0.234,1.0,525500000.0,0.12,2160300000.0,110700000.0,7522200000.0,4584850000.0,753400000.0,331400000.0,0.0,331400000.0,5198000000.0,1152600000.0,4045400000.0,5030964716.0,234900000.0,33200000.0,26400000.0,106500000.0,-9600000.0,108100000.0,-215100000.0,0.0,331900000.0,10000000.0,167600000.0,161300000.0,161300000.0,0.0,-2000000.0,0.037,207000000.0,318500000.0,462700000.0,0.0,1.566,31.19,27.25,4121400000.0,6300000.0,13.08,1.144,0.975,654000000.0,1115400000.0,4396700000.0,4396700000.0,0.0,0.031,0.08,0.082,0.086,2100000.0,207000000.0,1.0,384630330.0,327800000.0,360400000.0,13.413,6251200000.0,2200000.0,98300000.0,797200000.0,19.07,575700000.0
65,MOS,MRT,2005-03-31,2005-02-28,2005-02-28,2021-08-03,-58600000.0,8093500000.0,,1524600000.0,6568900000.0,,8.368,-223500000.0,110400000.0,110400000.0,3222000000.0,102600000.0,1.686,1.559,2654400000.0,138900000.0,2515500000.0,2654400000.0,40500000.0,36200000.0,0.0,0.0,0.0,225500000.0,261700000.0,0.074,261700000.0,225500000.0,141200000.0,0.36,0.35,0.36,3162400000.0,,3162400000.0,8724375593.0,39.0,33.337,-79800000.0,-0.211,1.0,334000000.0,0.094,2231500000.0,84300000.0,7501700000.0,,784200000.0,376800000.0,300000.0,376500000.0,4931100000.0,904300000.0,4026800000.0,6313075593.0,98600000.0,-8100000.0,19100000.0,61100000.0,-7100000.0,183100000.0,-231500000.0,0.0,143700000.0,3300000.0,104600000.0,101000000.0,101000000.0,0.0,-2000000.0,0.028,164000000.0,170000000.0,412400000.0,0.0,1.996,62.506,45.722,3869500000.0,3600000.0,16.46,1.775,1.749,556400000.0,1024000000.0,3556000000.0,3556000000.0,0.0,,,,0.063,0.0,166200000.0,1.0,383540437.0,377900000.0,432800000.0,9.41,5862000000.0,8400000.0,36600000.0,867700000.0,15.512,620300000.0
66,MOS,MRT,2004-12-31,2004-11-30,2004-11-30,2021-08-03,-38000000.0,7921600000.0,,1448200000.0,6473400000.0,,10.206,-194400000.0,127400000.0,127400000.0,2720700000.0,80200000.0,1.42,1.547,2538700000.0,185600000.0,2353100000.0,2538700000.0,25400000.0,124800000.0,0.0,0.0,0.0,132200000.0,257000000.0,0.087,257000000.0,132200000.0,86100000.0,0.33,0.33,0.33,3109700000.0,,3109700000.0,4056291792.0,31.0,15.783,-20600000.0,-0.068,1.0,244000000.0,0.082,2175000000.0,46100000.0,7138300000.0,,667500000.0,349900000.0,5000000.0,344900000.0,4811900000.0,1019600000.0,3792300000.0,2013191792.0,109300000.0,-7600000.0,3100000.0,-5500000.0,-5100000.0,110800000.0,-200200000.0,0.0,173800000.0,24900000.0,82200000.0,81100000.0,81100000.0,0.0,-2000000.0,0.027,128600000.0,115400000.0,417300000.0,0.0,0.647,24.824,52.667,3886100000.0,1100000.0,17.38,0.679,1.786,537000000.0,987700000.0,2964700000.0,2964700000.0,0.0,,,,0.045,0.0,129900000.0,1.0,115833820.0,304700000.0,304700000.0,9.73,5746600000.0,9200000.0,3900000.0,829900000.0,18.86,428600000.0
67,MOS,MRT,2004-09-30,2004-08-31,2004-08-31,2021-08-03,,,,,,,,,,,2321400000.0,107800000.0,,,,,,,,,,0.001,0.02,154600000.0,,,,154600000.0,126100000.0,0.44,0.44,0.44,,,,3889491091.0,25.0,,,,1.0,230000000.0,0.09,,28500000.0,,,,,,,,,,1846391091.0,,,,,,,,,,,109800000.0,109800000.0,109800000.0,0.0,-2000000.0,0.043,104400000.0,125600000.0,,0.045,,16.816,36.227,,0.0,15.94,0.724,1.566,,,2551400000.0,2551400000.0,0.0,,,,0.061,,109300000.0,1.0,115833820.0,250600000.0,250600000.0,10.181,,,16300000.0,,,
68,MOS,MRT,2004-06-30,2004-05-31,2004-05-31,2021-08-03,-113700000.0,1870500000.0,,668500000.0,1202000000.0,,3.362,-162100000.0,10100000.0,10100000.0,2196400000.0,72300000.0,1.459,1.22,245300000.0,212700000.0,32600000.0,245300000.0,26500000.0,104600000.0,0.0,0.003,0.04,103700000.0,208300000.0,0.088,208300000.0,103700000.0,74500000.0,0.29,0.29,0.29,842400000.0,,842400000.0,3541644969.0,34.0,17.003,-40600000.0,-0.162,1.0,177600000.0,0.075,0.0,29200000.0,1647500000.0,,358000000.0,286400000.0,100000.0,286300000.0,1028100000.0,458200000.0,569900000.0,1441944969.0,2300000.0,-56500000.0,0.0,-29000000.0,0.0,95800000.0,-214800000.0,0.0,121500000.0,-200000.0,72300000.0,72300000.0,72300000.0,0.0,0.0,0.03,100800000.0,76800000.0,111300000.0,0.138,1.712,19.944,42.931,892100000.0,0.0,12.45,0.607,1.314,232300000.0,956100000.0,2374000000.0,2374000000.0,0.0,,,,0.044,0.0,100100000.0,1.0,115818873.0,250600000.0,250600000.0,9.473,1870500000.0,15000000.0,2200000.0,112000000.0,7.464,210300000.0
69,MOS,MRT,2004-03-31,2004-02-29,2004-02-29,2021-08-03,,,,,,,,,,,,,,,,,,,,,,0.005,0.06,,,,,,,,,,,,,3374314745.0,,,,,1.0,,,,,,,,,,,,,,1300614745.0,,,,,,,,,,,,,,,,,,,,,,,,,,11.3,,,,,,,,,,,,,,1.0,115098650.0,250600000.0,,,,,,,,
70,MOS,MRT,2003-12-31,2003-11-30,2003-11-30,2021-08-03,,,,,,,,,,,,,,,,,,,,,,0.008,0.06,,,,,,,,,,,,,2910467186.0,,,,,1.0,,,,,,,,,,,,,,836767186.0,,,,,,,,,,,,,,,,,,,,,,,,,,7.27,,,,,,,,,,,,,,1.0,115098650.0,250600000.0,,,,,,,,
71,MOS,MRT,2003-09-30,2003-09-30,2003-09-30,2021-08-03,-42900000.0,3665500000.0,3673200000.0,608100000.0,3057400000.0,0.563,4.781,-44300000.0,56000000.0,56000000.0,1891400000.0,-147300000.0,1.488,5.678,2129700000.0,18700000.0,2111000000.0,2129700000.0,0.0,168600000.0,0.0,0.009,0.06,18700000.0,187300000.0,0.091,187300000.0,18700000.0,-163000000.0,-1.32,-1.32,-1.32,548900000.0,483525000.0,548900000.0,2725895735.0,146.0,14.554,-98200000.0,-0.855,1.0,176100000.0,0.085,319000000.0,181700000.0,5011600000.0,5020725000.0,334100000.0,0.0,0.0,0.0,3116600000.0,408600000.0,2708000000.0,737995735.0,-33300000.0,1900000.0,0.0,-17200000.0,-9200000.0,64600000.0,-44000000.0,0.0,-53900000.0,0.0,-147300000.0,-147300000.0,-147300000.0,71300000.0,0.0,-0.071,77200000.0,98900000.0,157300000.0,-0.045,1.344,-5.01,-4.856,2348500000.0,0.0,6.41,0.357,0.356,182900000.0,-1065800000.0,2067500000.0,2067500000.0,0.0,-0.04,-0.305,0.004,0.009,0.0,85300000.0,1.0,115131940.0,114800000.0,114800000.0,18.01,3346500000.0,11600000.0,-15700000.0,13300000.0,29.151,199500000.0
72,MOS,MRT,2003-06-30,2003-06-30,2003-06-30,2021-08-03,-33600000.0,3752400000.0,3669925000.0,701700000.0,3050700000.0,0.562,5.146,-45500000.0,184700000.0,184700000.0,1864300000.0,-111100000.0,1.746,5.351,2172600000.0,40600000.0,2132000000.0,2172600000.0,0.0,166600000.0,0.0,0.006,0.04,68800000.0,235400000.0,0.114,235400000.0,68800000.0,-109800000.0,-0.98,-0.98,-0.98,590800000.0,475425000.0,590800000.0,2939701189.0,43.0,12.488,-42400000.0,-0.369,1.0,197700000.0,0.096,319000000.0,178600000.0,5019500000.0,4982775000.0,316300000.0,0.0,0.0,0.0,3161600000.0,401800000.0,2759800000.0,772601189.0,-31800000.0,1900000.0,0.0,-94800000.0,-11500000.0,21900000.0,-56800000.0,0.0,3100000.0,0.0,-111100000.0,-111100000.0,-111100000.0,71300000.0,0.0,-0.054,72400000.0,125300000.0,152900000.0,-0.041,1.308,-6.954,-6.847,2360400000.0,0.0,6.71,0.375,0.374,173700000.0,-1032800000.0,2062000000.0,2062000000.0,0.0,-0.03,-0.234,0.014,0.033,0.0,82700000.0,1.0,115141757.0,114800000.0,115400000.0,17.962,3433400000.0,11600000.0,1300000.0,36400000.0,29.908,299900000.0
73,MOS,MRT,2003-06-30,2003-05-31,2003-05-31,2021-08-03,,,,,,,,-114800000.0,,,1503500000.0,53900000.0,,,,,,,,87800000.0,,0.002,0.02,98900000.0,186700000.0,0.112,186700000.0,98900000.0,57700000.0,0.22,0.22,0.22,,,,3173438956.0,32.0,16.998,-83300000.0,-0.332,1.0,159200000.0,0.096,,41200000.0,,,,,,,,,,1006338956.0,-1200000.0,-130100000.0,0.0,76400000.0,0.0,197400000.0,-245200000.0,0.0,31500000.0,6900000.0,53900000.0,53900000.0,53900000.0,-500000.0,0.0,0.032,86800000.0,72400000.0,,0.091,,18.67,39.727,,0.0,8.74,0.605,1.317,,,1662700000.0,1662700000.0,0.0,,,,0.059,0.0,87600000.0,1.0,115141757.0,250600000.0,250600000.0,6.635,,,3800000.0,,,
74,MOS,MRT,2003-03-31,2003-03-31,2003-03-31,2021-08-03,-97200000.0,3563900000.0,3682900000.0,559700000.0,3004200000.0,0.573,3.511,-111400000.0,11100000.0,11100000.0,1882000000.0,-151600000.0,1.492,7.85,2178200000.0,16100000.0,2162100000.0,2178200000.0,0.0,165300000.0,0.0,0.002,0.02,36800000.0,202100000.0,0.096,202100000.0,36800000.0,-139000000.0,-1.33,-1.33,-1.33,402700000.0,461975000.0,402700000.0,3256299344.0,88.0,16.112,-100700000.0,-0.878,1.0,229600000.0,0.109,319000000.0,175800000.0,5036900000.0,5010775000.0,311800000.0,0.0,0.0,0.0,3161200000.0,375100000.0,2786100000.0,1107999344.0,-188900000.0,-8100000.0,0.0,-53300000.0,-9200000.0,-67000000.0,-132600000.0,0.0,10700000.0,0.0,-151600000.0,-151600000.0,-151600000.0,96400000.0,0.0,-0.072,85500000.0,144100000.0,177300000.0,-0.015,2.751,-7.309,-7.233,2342600000.0,0.0,9.62,0.525,0.523,201100000.0,-1023600000.0,2111600000.0,2111600000.0,0.0,-0.041,-0.328,0.007,0.017,0.0,79600000.0,1.0,115176647.0,114700000.0,114700000.0,18.41,3244900000.0,11600000.0,12600000.0,32000000.0,28.29,184600000.0
75,MOS,MRT,2002-12-31,2002-12-31,2002-12-31,2021-08-03,-146400000.0,3711000000.0,3753550000.0,773900000.0,2937100000.0,0.548,3.418,-140000000.0,123200000.0,123200000.0,1794300000.0,-110200000.0,1.473,8.474,2271500000.0,106200000.0,2165300000.0,2271500000.0,0.0,165300000.0,0.0,0.0,0.0,93800000.0,259100000.0,0.126,259100000.0,93800000.0,-80400000.0,-0.97,-0.97,-0.97,391700000.0,499725000.0,391700000.0,3282689311.0,35.0,12.67,-130400000.0,-1.138,1.0,263100000.0,0.128,319000000.0,174200000.0,5014900000.0,5040875000.0,349100000.0,0.0,0.0,0.0,3319300000.0,525400000.0,2793900000.0,1226689311.0,-231000000.0,-8100000.0,-11600000.0,-324400000.0,-9200000.0,-79500000.0,-161100000.0,0.0,9600000.0,0.0,-110200000.0,-110200000.0,-110200000.0,96400000.0,0.0,-0.054,82700000.0,180400000.0,154800000.0,0.0,3.132,-11.131,-11.0,2300700000.0,0.0,10.67,0.596,0.594,179000000.0,-984700000.0,2057400000.0,2057400000.0,0.0,-0.029,-0.221,0.019,0.046,0.0,80700000.0,1.0,114966196.0,114600000.0,114600000.0,17.953,3392000000.0,11600000.0,29800000.0,57600000.0,29.599,248500000.0
76,MOS,MRT,2002-09-30,2002-09-30,2002-09-30,2021-08-03,-99400000.0,3652400000.0,3888025000.0,616000000.0,3036400000.0,0.541,4.503,-125900000.0,89300000.0,89300000.0,1849200000.0,-58600000.0,1.163,6.071,2145300000.0,141100000.0,2004200000.0,2145300000.0,0.0,156100000.0,0.0,0.0,0.0,121000000.0,277100000.0,0.132,277100000.0,121000000.0,-54900000.0,-0.51,-0.51,-0.51,516500000.0,536975000.0,516500000.0,3427085057.0,28.0,12.368,-1000000.0,-0.009,1.0,253000000.0,0.12,319000000.0,175900000.0,4859800000.0,5069875000.0,313500000.0,0.0,0.0,0.0,3135900000.0,529600000.0,2606300000.0,1385485057.0,43900000.0,615800000.0,-11600000.0,-528700000.0,-11300000.0,-558500000.0,477500000.0,0.0,124900000.0,0.0,-58600000.0,-58600000.0,-58600000.0,54100000.0,0.0,-0.028,77700000.0,175300000.0,156200000.0,0.0,2.682,-23.643,-23.627,2287800000.0,0.0,12.05,0.659,0.657,184600000.0,-906700000.0,2102200000.0,2102200000.0,0.0,-0.015,-0.109,0.024,0.058,0.0,76200000.0,1.0,114978013.0,114700000.0,115200000.0,18.328,3333400000.0,14100000.0,3700000.0,97400000.0,29.062,86400000.0
77,MOS,MRT,2002-06-30,2002-06-30,2002-06-30,2021-08-03,-72600000.0,3804300000.0,4074525000.0,740700000.0,3063600000.0,0.495,4.686,-129600000.0,216500000.0,216500000.0,1810100000.0,-96000000.0,1.873,6.084,2258100000.0,8600000.0,2249500000.0,2258100000.0,0.0,154200000.0,0.0,0.0,0.0,63800000.0,218000000.0,0.108,218000000.0,63800000.0,-110400000.0,-0.83,-0.83,-0.83,537000000.0,546450000.0,537000000.0,3459794962.0,54.0,15.871,-167400000.0,-1.461,1.0,207800000.0,0.103,319000000.0,174200000.0,5131500000.0,5527300000.0,292500000.0,0.0,0.0,0.0,3267300000.0,395400000.0,2871900000.0,1437794962.0,123000000.0,615800000.0,-11600000.0,-297700000.0,-8900000.0,-324600000.0,485400000.0,0.0,-37800000.0,0.0,-96000000.0,-96000000.0,-96000000.0,54100000.0,0.0,-0.048,85600000.0,122200000.0,146300000.0,0.0,2.677,-14.977,-15.06,2310300000.0,0.0,12.5,0.713,0.71,196200000.0,-912400000.0,2017900000.0,2017900000.0,0.0,-0.024,-0.176,0.012,0.032,0.0,77700000.0,1.0,115023597.0,114600000.0,115400000.0,17.608,3485300000.0,14100000.0,-14400000.0,107400000.0,30.413,345300000.0
78,MOS,MRT,2002-03-31,2002-03-31,2002-03-31,2021-08-03,-105100000.0,3846500000.0,4218050000.0,749200000.0,3097300000.0,0.459,4.836,-124000000.0,200000000.0,200000000.0,1744500000.0,-72800000.0,1.91,5.947,2222000000.0,10300000.0,2211700000.0,2222000000.0,0.0,155300000.0,0.0,0.0,0.0,79200000.0,234500000.0,0.121,234500000.0,79200000.0,-87800000.0,-0.62,-0.62,-0.62,553700000.0,566125000.0,553700000.0,3677839308.0,46.0,15.684,-286100000.0,-2.499,1.0,192000000.0,0.099,319000000.0,167000000.0,5157300000.0,5861850000.0,314200000.0,0.0,0.0,0.0,3292800000.0,392200000.0,2900600000.0,1703639308.0,190000000.0,625800000.0,-11600000.0,-92400000.0,-11100000.0,-149800000.0,501900000.0,0.0,-162100000.0,0.0,-72800000.0,-72800000.0,-72800000.0,0.0,0.0,-0.038,86200000.0,105800000.0,149400000.0,0.0,3.077,-23.402,-23.79,2299400000.0,0.0,14.75,0.88,0.872,208900000.0,-862800000.0,1936500000.0,1936500000.0,0.0,-0.017,-0.129,0.014,0.041,0.0,78300000.0,1.0,115500970.0,114500000.0,115900000.0,16.913,3527500000.0,14100000.0,-15000000.0,157800000.0,30.808,357000000.0
79,MOS,MRT,2001-12-31,2001-12-31,2001-12-31,2021-08-03,-117100000.0,4248900000.0,4290525000.0,1153200000.0,3095700000.0,0.457,4.722,-123100000.0,622700000.0,622700000.0,1768700000.0,-66500000.0,1.491,6.858,2596900000.0,380800000.0,2216100000.0,2596900000.0,0.0,157200000.0,0.0,0.0,0.0,75400000.0,232600000.0,0.119,232600000.0,75400000.0,-76900000.0,-0.57,-0.57,-0.57,540700000.0,584725000.0,540700000.0,4121739455.0,55.0,17.72,-246600000.0,-2.154,1.0,190000000.0,0.097,319000000.0,152300000.0,5130900000.0,6031925000.0,292300000.0,0.0,0.0,0.0,3708200000.0,773200000.0,2935000000.0,1493739455.0,164200000.0,625800000.0,0.0,212800000.0,-17500000.0,-215000000.0,502700000.0,0.0,-123500000.0,0.0,-66500000.0,-66500000.0,-66500000.0,0.0,0.0,-0.034,94300000.0,95700000.0,150300000.0,0.0,2.763,-22.462,-22.807,2308600000.0,0.0,13.0,0.763,0.76,217600000.0,-865300000.0,1958700000.0,1958700000.0,0.0,-0.015,-0.114,0.013,0.038,0.0,81800000.0,1.0,114903035.0,114500000.0,114500000.0,17.107,3929900000.0,14100000.0,-10400000.0,176300000.0,34.322,380000000.0
80,MOS,MRT,2001-09-30,2001-09-30,2001-09-30,2021-08-03,-128800000.0,4398400000.0,4293700000.0,1244100000.0,3154300000.0,0.446,4.747,-110400000.0,45400000.0,45400000.0,1711000000.0,-456900000.0,3.693,6.934,2673400000.0,14500000.0,2658900000.0,2673400000.0,0.0,133500000.0,0.0,0.0,0.0,-326700000.0,-193200000.0,-0.101,-193200000.0,-326700000.0,-461700000.0,-3.95,-3.95,-3.95,554400000.0,618400000.0,554400000.0,3496313073.0,-11.0,-18.097,-329500000.0,-2.821,1.0,204200000.0,0.107,0.0,135000000.0,6689500000.0,6226000000.0,373400000.0,0.0,0.0,0.0,3844000000.0,336900000.0,3507100000.0,1033613073.0,23400000.0,0.0,0.0,393500000.0,-13100000.0,350400000.0,-107900000.0,0.0,-219100000.0,0.0,-456900000.0,-456900000.0,-456900000.0,419000000.0,0.0,-0.239,100600000.0,103600000.0,155100000.0,0.0,1.864,-2.262,-2.278,2322600000.0,0.0,9.0,0.54,0.549,216200000.0,-839000000.0,1915200000.0,1915200000.0,0.0,-0.106,-0.739,-0.052,-0.171,0.0,89600000.0,1.0,114845897.0,116800000.0,116800000.0,16.397,4398400000.0,84400000.0,-4800000.0,309400000.0,37.658,907200000.0
81,MOS,MRT,2001-06-30,2001-06-30,2001-06-30,2021-08-03,-98400000.0,4378400000.0,4411025000.0,728900000.0,3649500000.0,0.454,5.377,-124000000.0,93500000.0,93500000.0,1760700000.0,-434600000.0,1.963,6.111,2556200000.0,16200000.0,2540000000.0,2556200000.0,0.0,146000000.0,0.0,0.0,0.0,-300500000.0,-154500000.0,-0.077,-154500000.0,-300500000.0,-420700000.0,-3.76,-3.76,-3.76,615700000.0,754625000.0,615700000.0,3462182518.0,-12.0,-22.409,-63300000.0,-0.553,1.0,240200000.0,0.12,0.0,120200000.0,6469700000.0,6208525000.0,377400000.0,0.0,0.0,0.0,3762700000.0,371400000.0,3391300000.0,1170582518.0,71600000.0,0.0,0.0,179300000.0,-19700000.0,130600000.0,-119700000.0,0.0,60700000.0,0.0,-434600000.0,-434600000.0,-434600000.0,433700000.0,0.0,-0.217,99100000.0,141100000.0,161400000.0,0.0,1.901,-2.693,-2.713,2333900000.0,0.0,10.2,0.585,0.584,162700000.0,-807600000.0,2000900000.0,2000900000.0,0.0,-0.099,-0.576,-0.048,-0.15,0.0,93200000.0,1.0,114762992.0,114500000.0,116300000.0,17.475,4378400000.0,84400000.0,13900000.0,317400000.0,38.239,357500000.0
82,MOS,MRT,2001-03-31,2001-03-31,2001-03-31,2021-08-03,-100100000.0,4136400000.0,4557100000.0,544000000.0,3592400000.0,0.443,5.486,-128600000.0,10000000.0,10000000.0,1740500000.0,-382100000.0,0.921,5.586,2301600000.0,215200000.0,2086400000.0,2301600000.0,0.0,158400000.0,0.0,0.0,0.0,-237300000.0,-78900000.0,-0.039,-78900000.0,-237300000.0,-350400000.0,-3.31,-3.31,-3.31,628100000.0,882175000.0,628100000.0,3688111784.0,-16.0,-46.744,134700000.0,1.176,1.0,278900000.0,0.138,0.0,113100000.0,5837600000.0,6309100000.0,368200000.0,0.0,0.0,0.0,3508300000.0,590400000.0,2917900000.0,1412011784.0,-47700000.0,0.0,0.0,-131200000.0,-26300000.0,-186300000.0,-124700000.0,0.0,263300000.0,0.0,-382100000.0,-382100000.0,-382100000.0,438200000.0,0.0,-0.189,104000000.0,174900000.0,183100000.0,0.0,2.248,-3.695,-3.716,2330300000.0,0.0,12.3,0.699,0.697,71100000.0,-781100000.0,2019400000.0,2019400000.0,0.0,-0.084,-0.433,-0.038,-0.118,0.0,100600000.0,1.0,114797706.0,114500000.0,114900000.0,17.637,4136400000.0,84400000.0,31700000.0,311600000.0,36.126,-46400000.0
83,MOS,MRT,2000-12-31,2000-12-31,2000-12-31,2021-08-03,-58600000.0,4261600000.0,4799400000.0,592900000.0,3668700000.0,0.437,5.904,-118100000.0,84500000.0,84500000.0,1767200000.0,-345000000.0,0.94,5.31,2360600000.0,217500000.0,2143100000.0,2360600000.0,0.0,171600000.0,0.0,0.0,0.0,-185600000.0,-14000000.0,-0.007,-14000000.0,-185600000.0,-298200000.0,-3.0,-3.0,-3.0,675400000.0,1004375000.0,675400000.0,4031352305.0,-22.0,-287.954,245300000.0,2.144,1.0,328700000.0,0.157,0.0,112600000.0,5907200000.0,6596875000.0,332600000.0,0.0,0.0,0.0,3586200000.0,630500000.0,2955700000.0,1786252305.0,3700000.0,0.0,0.0,-188000000.0,-26300000.0,-246000000.0,-113700000.0,0.0,363400000.0,0.0,-345000000.0,-345000000.0,-345000000.0,429300000.0,0.0,-0.165,101500000.0,227200000.0,201300000.0,0.0,2.645,-5.178,-5.187,2345800000.0,0.0,15.56,0.852,0.849,82500000.0,-790000000.0,2095900000.0,2095900000.0,0.0,-0.072,-0.343,-0.028,-0.089,0.0,102700000.0,1.0,114797706.0,114400000.0,114800000.0,18.321,4261600000.0,84400000.0,46800000.0,291600000.0,37.252,-37600000.0
84,MOS,MRT,2000-09-30,2000-09-30,2000-09-30,2021-08-03,-59500000.0,4867700000.0,5032975000.0,688700000.0,4179000000.0,0.407,9.609,-158900000.0,22000000.0,22000000.0,1797400000.0,-829900000.0,1.396,3.428,2267100000.0,37500000.0,2229600000.0,2267100000.0,0.0,191700000.0,0.0,0.0,0.0,-644300000.0,-452600000.0,-0.221,-452600000.0,-644300000.0,-725400000.0,-7.24,-7.24,-7.24,1099300000.0,1105550000.0,1099300000.0,4006065461.0,-6.0,-8.851,258700000.0,2.261,1.0,250000000.0,0.122,0.0,81100000.0,6619600000.0,6913275000.0,394800000.0,0.0,0.0,0.0,3768400000.0,493200000.0,3275200000.0,1664565461.0,-42700000.0,39900000.0,-2500000.0,-286200000.0,-35600000.0,-353300000.0,-107000000.0,-12800000.0,417600000.0,0.0,-829900000.0,-829900000.0,-829900000.0,239400000.0,0.0,-0.405,693500000.0,-443500000.0,234700000.0,0.0,1.514,-2.006,-2.003,3182000000.0,0.0,14.5,0.813,0.81,132000000.0,-367000000.0,2047400000.0,2047400000.0,0.0,-0.165,-0.751,-0.093,-0.315,0.0,99400000.0,1.0,114797618.0,114400000.0,114900000.0,17.897,4867700000.0,135300000.0,104500000.0,573600000.0,42.55,195500000.0
85,MOS,MRT,2000-06-30,2000-06-30,2000-06-30,2021-08-03,-51400000.0,4962700000.0,5321125000.0,784600000.0,4178100000.0,0.39,9.842,-146400000.0,21900000.0,21900000.0,1786600000.0,-809700000.0,1.815,3.408,2363400000.0,21200000.0,2342200000.0,2363400000.0,0.0,208700000.0,0.0,0.0,0.0,-610400000.0,-401700000.0,-0.193,-401700000.0,-610400000.0,-700700000.0,-7.06,-7.06,-7.06,1125900000.0,1327650000.0,1125900000.0,3865877306.0,-6.0,-9.624,127300000.0,1.113,1.0,290700000.0,0.14,0.0,90300000.0,6872000000.0,7272225000.0,418100000.0,0.0,0.0,0.0,3836800000.0,432200000.0,3404600000.0,1490777306.0,-43000000.0,39400000.0,-2500000.0,-136100000.0,-35800000.0,-219600000.0,-97100000.0,-12800000.0,273700000.0,0.0,-809700000.0,-809700000.0,-809700000.0,226100000.0,0.0,-0.39,701000000.0,-410300000.0,162700000.0,0.0,1.324,-1.841,-1.844,3186200000.0,0.0,13.02,0.718,0.717,201800000.0,-351100000.0,2077300000.0,2077300000.0,0.0,-0.152,-0.61,-0.084,-0.294,0.0,108200000.0,1.0,114499025.0,114400000.0,114800000.0,18.158,4962700000.0,135300000.0,109000000.0,576300000.0,43.38,352400000.0
86,MOS,MRT,2000-03-31,2000-03-31,2000-03-31,2021-08-03,-40700000.0,5105600000.0,5570850000.0,894000000.0,4211600000.0,0.397,9.763,-188300000.0,57700000.0,57700000.0,1853200000.0,-785800000.0,1.817,3.571,2432800000.0,17200000.0,2415600000.0,2432800000.0,0.0,222700000.0,0.0,0.0,0.0,-565200000.0,-342500000.0,-0.155,-342500000.0,-565200000.0,-665200000.0,-6.85,-6.85,-6.85,1116900000.0,1541325000.0,1116900000.0,4149471478.0,-7.0,-12.115,211800000.0,1.851,1.0,359000000.0,0.162,0.0,100000000.0,6988700000.0,7542875000.0,390100000.0,0.0,0.0,0.0,3988700000.0,492000000.0,3496700000.0,1681671478.0,-4500000.0,295900000.0,-1400000.0,-476900000.0,-36200000.0,-533100000.0,128500000.0,0.0,400100000.0,0.0,-785800000.0,-785800000.0,-785800000.0,222500000.0,0.0,-0.355,713100000.0,-354100000.0,192100000.0,0.0,1.506,-2.14,-2.145,3218800000.0,0.0,14.69,0.76,0.76,297700000.0,-370700000.0,2212200000.0,2212200000.0,0.0,-0.141,-0.51,-0.075,-0.255,0.0,117800000.0,1.0,114477296.0,114400000.0,114600000.0,19.337,5105600000.0,135300000.0,120600000.0,577800000.0,44.629,402000000.0
87,MOS,MRT,1999-12-31,1999-12-31,1999-12-31,2021-08-03,-37300000.0,5195900000.0,5879675000.0,927900000.0,4268000000.0,0.388,9.433,-248400000.0,80800000.0,80800000.0,1843500000.0,-773300000.0,1.89,3.811,2548600000.0,29900000.0,2518700000.0,2548600000.0,0.0,232500000.0,0.0,0.0,0.0,-520600000.0,-288100000.0,-0.126,-288100000.0,-520600000.0,-632000000.0,-6.75,-6.75,-6.75,1080100000.0,1742900000.0,1080100000.0,4363680369.0,-8.0,-15.146,210000000.0,1.834,1.0,439400000.0,0.192,0.0,111400000.0,7172800000.0,7907700000.0,439600000.0,0.0,0.0,0.0,4115800000.0,490900000.0,3624900000.0,1875180369.0,-29800000.0,295900000.0,0.0,-501600000.0,-36600000.0,-557300000.0,69100000.0,0.0,458400000.0,0.0,-773300000.0,-773300000.0,-773300000.0,234200000.0,0.0,-0.339,723100000.0,-283700000.0,200900000.0,0.0,1.736,-2.425,-2.427,3250700000.0,0.0,16.38,0.821,0.822,254200000.0,-411100000.0,2282900000.0,2282900000.0,0.0,-0.132,-0.444,-0.066,-0.228,0.0,127800000.0,1.0,114479876.0,114500000.0,114500000.0,19.938,5195900000.0,135300000.0,141300000.0,589600000.0,45.379,437000000.0
88,MOS,MRT,1999-09-30,1999-09-30,1999-09-30,2021-08-03,-38500000.0,6020300000.0,6194925000.0,1047300000.0,4973000000.0,0.365,17.375,-303500000.0,64700000.0,64700000.0,1711600000.0,-52100000.0,2.31,2.029,2553200000.0,17800000.0,2535400000.0,2553200000.0,0.0,261600000.0,0.0,0.0,0.0,136900000.0,398500000.0,0.176,398500000.0,136900000.0,44300000.0,-0.45,-0.45,-0.45,1987700000.0,1937975000.0,1987700000.0,4101572293.0,30.0,10.293,185400000.0,1.621,1.0,551700000.0,0.244,0.0,92600000.0,8055400000.0,8236550000.0,510200000.0,0.0,0.0,0.0,4032600000.0,453400000.0,3579200000.0,1666772293.0,-6900000.0,256000000.0,-6300000.0,-401700000.0,-30000000.0,-455300000.0,-40500000.0,12800000.0,488900000.0,0.0,-52100000.0,-52100000.0,-52100000.0,159400000.0,0.0,-0.023,240700000.0,311000000.0,216000000.0,0.0,0.839,-31.992,-32.356,3748400000.0,0.0,14.56,0.736,0.736,357300000.0,497700000.0,2263300000.0,2263300000.0,-19500000.0,-0.008,-0.027,0.017,0.06,0.0,97900000.0,1.0,114476119.0,114400000.0,114500000.0,19.784,6020300000.0,91100000.0,96400000.0,569600000.0,52.625,593900000.0
89,MOS,MRT,1999-06-30,1999-06-30,1999-06-30,2021-08-03,-41400000.0,5961600000.0,6374650000.0,989000000.0,4972600000.0,0.377,17.313,-342300000.0,64900000.0,64900000.0,1768200000.0,-28400000.0,2.239,2.01,2499700000.0,19100000.0,2480600000.0,2499700000.0,0.0,262400000.0,0.0,0.0,0.0,192500000.0,454900000.0,0.189,454900000.0,192500000.0,85700000.0,-0.25,-0.25,-0.25,1980600000.0,1953325000.0,1980600000.0,4836936465.0,25.0,10.633,165300000.0,1.445,1.0,633100000.0,0.264,0.0,106800000.0,7954600000.0,8237025000.0,490500000.0,0.0,0.0,0.0,3981000000.0,441800000.0,3539200000.0,1989536465.0,-74900000.0,256500000.0,-6100000.0,-407400000.0,-36600000.0,-504400000.0,-78100000.0,12800000.0,507600000.0,0.0,-28400000.0,-28400000.0,-28400000.0,168900000.0,0.0,-0.012,246700000.0,386400000.0,176200000.0,0.0,1.005,-70.054,-69.52,3752000000.0,0.0,17.38,0.829,0.828,325700000.0,493600000.0,2401300000.0,2401300000.0,-18900000.0,-0.004,-0.015,0.023,0.08,0.0,103300000.0,1.0,114472754.0,114400000.0,114600000.0,20.99,5961600000.0,91100000.0,114100000.0,574000000.0,52.112,547200000.0
90,MOS,MRT,1999-03-31,1999-03-31,1999-03-31,2021-08-03,-54700000.0,6340900000.0,6569525000.0,1362000000.0,4978900000.0,0.386,16.826,-352900000.0,62200000.0,62200000.0,1854900000.0,6400000.0,1.84,2.297,2909600000.0,293300000.0,2616300000.0,2909600000.0,0.0,269500000.0,0.0,0.0,0.0,243400000.0,512900000.0,0.202,512900000.0,243400000.0,119400000.0,0.05,0.05,0.05,1923200000.0,1967500000.0,1923200000.0,5273563439.0,22.0,10.282,73900000.0,0.647,1.0,679500000.0,0.268,0.0,124000000.0,8448000000.0,8146300000.0,522400000.0,0.0,0.0,0.0,4417700000.0,740300000.0,3677400000.0,2337163439.0,-61600000.0,-348500000.0,-6500000.0,328300000.0,-36600000.0,213100000.0,-701500000.0,0.0,426800000.0,0.0,6400000.0,6400000.0,6400000.0,137900000.0,0.0,0.003,273400000.0,406100000.0,221900000.0,0.0,1.215,365.182,408.8,3728400000.0,0.0,20.44,0.922,0.922,397000000.0,450600000.0,2534400000.0,2534400000.0,-9500000.0,0.001,0.003,0.03,0.096,0.0,120600000.0,1.0,114342634.0,114300000.0,114500000.0,22.173,6340900000.0,91100000.0,113000000.0,573300000.0,55.476,621700000.0
91,MOS,MRT,1998-12-31,1998-12-31,1998-12-31,2021-08-03,-66300000.0,6456900000.0,6195225000.0,1482600000.0,4974300000.0,0.388,16.291,-361200000.0,110600000.0,110600000.0,1768600000.0,-9000000.0,1.638,2.471,3047000000.0,408300000.0,2638700000.0,3047000000.0,0.0,251700000.0,0.0,0.0,0.0,195600000.0,447300000.0,0.186,447300000.0,195600000.0,90900000.0,-0.08,-0.08,-0.08,1860400000.0,1981375000.0,1860400000.0,5320710613.0,27.0,11.895,-92100000.0,-0.806,1.0,635000000.0,0.264,0.0,104700000.0,8488200000.0,7432475000.0,580600000.0,0.0,0.0,0.0,4596500000.0,905100000.0,3691400000.0,2444410613.0,900000.0,-348500000.0,0.0,544800000.0,-36600000.0,441500000.0,-709700000.0,0.0,269100000.0,0.0,-9000000.0,-9000000.0,-9000000.0,141800000.0,0.0,-0.004,285300000.0,349700000.0,255900000.0,0.0,1.314,-271.601,-267.25,3697400000.0,0.0,21.38,1.017,1.016,421500000.0,400600000.0,2403600000.0,2403600000.0,0.0,-0.001,-0.005,0.026,0.081,0.0,123000000.0,1.0,114331647.0,114200000.0,114800000.0,21.047,6456900000.0,91100000.0,99900000.0,566600000.0,56.54,577500000.0
92,MOS,MRT,1998-09-30,1998-09-30,1998-09-30,2021-08-03,-58300000.0,6739200000.0,5749475000.0,1331300000.0,5407900000.0,0.312,17.927,-337700000.0,71600000.0,71600000.0,1251600000.0,81300000.0,0.854,2.289,2947900000.0,982700000.0,1965200000.0,2947900000.0,0.0,235600000.0,0.0,0.0,0.0,239600000.0,475200000.0,0.265,475200000.0,239600000.0,110100000.0,0.55,0.56,0.55,2049100000.0,2000200000.0,2049100000.0,5009072706.0,21.0,10.541,-26600000.0,-0.233,1.0,542100000.0,0.302,0.0,129500000.0,8057300000.0,6639225000.0,714700000.0,0.0,0.0,0.0,4690100000.0,1558200000.0,3131900000.0,2215672706.0,-2800000.0,-336900000.0,-21000000.0,510800000.0,-41200000.0,354900000.0,-668800000.0,0.0,311100000.0,0.0,81300000.0,81300000.0,81300000.0,-30500000.0,0.0,0.045,266600000.0,275500000.0,263400000.0,0.0,1.081,27.253,35.236,3861900000.0,0.0,19.38,1.235,1.235,439000000.0,581600000.0,1793700000.0,1793700000.0,19500000.0,0.014,0.041,0.036,0.134,0.0,63400000.0,1.0,114327797.0,114300000.0,114600000.0,15.693,6739200000.0,82500000.0,28800000.0,713500000.0,58.961,-226900000.0
93,MOS,MRT,1998-06-30,1998-06-30,1998-06-30,2021-08-03,-46800000.0,6741100000.0,,1406800000.0,5334300000.0,,17.824,-306100000.0,139800000.0,139800000.0,1220100000.0,71100000.0,0.724,2.309,2933200000.0,1294100000.0,1639100000.0,2933200000.0,0.0,207300000.0,0.0,0.0,0.0,180700000.0,388000000.0,0.224,388000000.0,180700000.0,88700000.0,0.52,0.52,0.52,2037300000.0,,2037300000.0,4819367380.0,27.0,12.421,131300000.0,1.149,1.0,512800000.0,0.296,0.0,92000000.0,7591700000.0,,652700000.0,0.0,0.0,0.0,4703800000.0,1942800000.0,2761000000.0,3443067380.0,96600000.0,-391300000.0,-71700000.0,518700000.0,-33000000.0,351500000.0,-692300000.0,0.0,437400000.0,0.0,71100000.0,71100000.0,71100000.0,-41400000.0,0.0,0.041,293100000.0,219700000.0,296300000.0,0.0,1.69,48.426,57.923,3681200000.0,0.0,30.12,1.987,1.987,497400000.0,560200000.0,1732900000.0,1732900000.0,18900000.0,,,,0.104,0.0,90500000.0,1.0,114311666.0,114300000.0,115000000.0,15.161,6741100000.0,90900000.0,17600000.0,646500000.0,58.977,-536000000.0
94,MOS,MRT,1998-03-31,1998-03-31,1998-03-31,2021-08-03,-28400000.0,4843700000.0,,1173200000.0,3670500000.0,,17.357,-285600000.0,123800000.0,123800000.0,1430400000.0,69100000.0,1.87,1.448,1500100000.0,106900000.0,1393200000.0,1500100000.0,0.0,188100000.0,0.0,0.0,0.0,155300000.0,343400000.0,0.173,343400000.0,155300000.0,106600000.0,0.67,0.66,0.67,1978700000.0,,1978700000.0,5655091657.0,36.0,16.468,176300000.0,1.546,1.0,557300000.0,0.28,0.0,48700000.0,5592700000.0,,679500000.0,0.0,0.0,0.0,2865000000.0,627300000.0,2237700000.0,4340691657.0,70700000.0,-80000000.0,-95700000.0,199100000.0,-31300000.0,-26900000.0,-364300000.0,0.0,461900000.0,0.0,69100000.0,69100000.0,69100000.0,-11300000.0,0.0,0.035,299200000.0,258100000.0,319900000.0,0.0,2.194,62.818,56.806,2544500000.0,0.0,38.06,2.184,2.183,298000000.0,482100000.0,1987700000.0,1987700000.0,9500000.0,,,,0.078,0.0,106000000.0,1.0,114048651.0,114000000.0,114800000.0,17.436,4843700000.0,54300000.0,37500000.0,396900000.0,42.489,545900000.0
95,MOS,MRT,1997-12-31,1997-12-31,1997-12-31,2021-08-03,-30800000.0,4673900000.0,4079550000.0,1062200000.0,3611700000.0,0.519,20.593,-235200000.0,109700000.0,109700000.0,1541100000.0,62900000.0,1.578,1.415,1424100000.0,188900000.0,1235200000.0,1424100000.0,0.0,183200000.0,0.0,0.0,0.0,133500000.0,316700000.0,0.15,316700000.0,133500000.0,93300000.0,0.67,0.67,0.67,1935700000.0,1630950000.0,1935700000.0,,,,328200000.0,3.491,1.0,574900000.0,0.272,0.0,40200000.0,5315200000.0,4549000000.0,592800000.0,0.0,0.0,0.0,2738200000.0,673100000.0,2065100000.0,3735093320.0,46400000.0,-91400000.0,-182000000.0,167700000.0,-29700000.0,-190400000.0,-326600000.0,0.0,563400000.0,0.0,62900000.0,62900000.0,62900000.0,-18000000.0,0.0,0.03,315500000.0,259400000.0,253300000.0,0.0,1.93,59.381,48.881,2506000000.0,0.0,32.75,1.765,1.455,288100000.0,446200000.0,2116000000.0,2116000000.0,0.0,0.015,0.039,0.029,0.063,0.0,131800000.0,1.0,114048651.0,94000000.0,94700000.0,22.511,4673900000.0,54200000.0,30400000.0,389700000.0,49.722,389100000.0
96,MOS,MRT,1997-09-30,1997-09-30,1997-09-30,2021-08-03,,,,,,,,,,,,,,,,,,,,,,0.0,0.0,,,,,,,,,,,,,,,,,,1.0,,,,,,,,,,,,,,,,,,,,,,,,,,,,,,,,,,,,,,,,35.25,,,,,,,,,,,,,,1.0,,92900000.0,,,,,,,,
97,MOS,MRT,1997-06-30,1997-06-30,1997-06-30,2021-08-03,,,,,,,,,,,,,,,,,,,,,,0.0,0.0,,,,,,,,,,,,,,,,,,1.0,,,,,,,,,,,,,,,,,,,,,,,,,,,,,,,,,,,,,,,,35.0,,,,,,,,,,,,,,1.0,,93900000.0,,,,,,,,
98,MOS,MRT,1997-03-31,1997-03-31,1997-03-31,2021-08-03,,,,,,,,,,,,,,,,,,,,,,0.0,0.0,,,,,,,,,,,,,,,,,,1.0,,,,,,,,,,,,,,,,,,,,,,,,,,,,,,,,,,,,,,,,36.12,,,,,,,,,,,,,,1.0,,,,,,,,,,
99,MOS,MRT,1996-12-31,1996-12-31,1996-12-31,2021-08-03,-17200000.0,3485200000.0,,933600000.0,2551600000.0,,14.306,-196600000.0,63300000.0,63300000.0,1547000000.0,127100000.0,2.66,1.628,711900000.0,55100000.0,656800000.0,711900000.0,0.0,171000000.0,0.0,0.0,0.0,252000000.0,423000000.0,0.197,423000000.0,252000000.0,208400000.0,1.37,1.31,1.37,1326200000.0,,1326200000.0,,,,290100000.0,3.129,1.0,596300000.0,0.278,0.0,43600000.0,3782800000.0,,571500000.0,0.0,0.0,0.0,2159000000.0,351000000.0,1808000000.0,,-72300000.0,-7100000.0,18000000.0,-73000000.0,-34500000.0,-355300000.0,-203700000.0,0.0,486700000.0,0.0,127100000.0,127100000.0,127100000.0,-13500000.0,0.0,0.059,169900000.0,426400000.0,183900000.0,0.0,,,28.555,2381400000.0,0.0,39.12,,1.692,226800000.0,413000000.0,2143300000.0,2143300000.0,0.0,,,,0.118,0.0,132600000.0,1.0,,92700000.0,97000000.0,23.121,3485200000.0,55300000.0,81300000.0,323700000.0,37.597,582600000.0
100,MOS,MRT,1995-12-31,1995-12-31,1995-12-31,2021-08-03,,,,,,,,-145200000.0,,,2161700000.0,215500000.0,,,,,,,,166400000.0,,0.0,0.0,414700000.0,581100000.0,0.198,581100000.0,414700000.0,344900000.0,2.37,2.3,2.37,,,,,,,368600000.0,4.051,1.0,778700000.0,0.265,,69800000.0,,,,,,,,,,,53100000.0,-203800000.0,14200000.0,119500000.0,-33200000.0,-111700000.0,-349000000.0,0.0,513800000.0,0.0,215500000.0,215500000.0,215500000.0,0.0,0.0,0.073,212100000.0,566600000.0,,0.0,,,17.194,,0.0,40.75,,1.261,,,2940400000.0,2940400000.0,0.0,,,,0.141,0.0,212100000.0,1.0,,91000000.0,95500000.0,32.312,,,129400000.0,,,
