None,ticker,dimension,calendardate,datekey,reportperiod,lastupdated,accoci,assets,assetsavg,assetsc,assetsnc,assetturnover,bvps,capex,cashneq,cashnequsd,cor,consolinc,currentratio,de,debt,debtc,debtnc,debtusd,deferredrev,depamor,deposits,divyield,dps,ebit,ebitda,ebitdamargin,ebitdausd,ebitusd,ebt,eps,epsdil,epsusd,equity,equityavg,equityusd,ev,evebit,evebitda,fcf,fcfps,fxusd,gp,grossmargin,intangibles,intexp,invcap,invcapavg,inventory,investments,investmentsc,investmentsnc,liabilities,liabilitiesc,liabilitiesnc,marketcap,ncf,ncfbus,ncfcommon,ncfdebt,ncfdiv,ncff,ncfi,ncfinv,ncfo,ncfx,netinc,netinccmn,netinccmnusd,netincdis,netincnci,netmargin,opex,opinc,payables,payoutratio,pb,pe,pe1,ppnenet,prefdivis,price,ps,ps1,receivables,retearn,revenue,revenueusd,rnd,roa,roe,roic,ros,sbcomp,sgna,sharefactor,sharesbas,shareswa,shareswadil,sps,tangibles,taxassets,taxexp,taxliabilities,tbvps,workingcapital
0,VIAC,MRY,2020-12-31,2020-12-31,2020-12-31,2021-08-25,-1832000000.0,52663000000.0,51080250000.0,13779000000.0,38884000000.0,0.495,24.903,-324000000.0,2984000000.0,2984000000.0,14992000000.0,2701000000.0,1.661,2.382,21316000000.0,16000000.0,21300000000.0,21316000000.0,978000000.0,430000000.0,0.0,0.026,0.96,3988000000.0,4418000000.0,0.175,4418000000.0,3988000000.0,2957000000.0,3.93,3.92,3.93,15371000000.0,14312500000.0,15371000000.0,41402587190.0,10.0,9.371,1970000000.0,3.192,1.0,10293000000.0,0.407,19438000000.0,1031000000.0,43261000000.0,42164750000.0,12120000000.0,0.0,0.0,0.0,36607000000.0,8296000000.0,28311000000.0,22998587190.0,2285000000.0,446000000.0,-53000000.0,768000000.0,-600000000.0,-90000000.0,56000000.0,-59000000.0,2294000000.0,25000000.0,2422000000.0,2422000000.0,2422000000.0,0.0,279000000.0,0.096,6255000000.0,4038000000.0,571000000.0,0.244,1.496,9.496,9.481,3596000000.0,0.0,37.26,0.91,0.91,7017000000.0,10375000000.0,25285000000.0,25285000000.0,0.0,0.047,0.169,0.095,0.158,274000000.0,5320000000.0,1.0,617246033.0,617246033.0,,40.964,33225000000.0,993000000.0,535000000.0,778000000.0,53.828,5483000000.0
1,VIAC,MRY,2019-12-31,2019-12-31,2019-12-31,2021-08-25,-1970000000.0,49585000000.0,30492750000.0,11902000000.0,37683000000.0,0.885,35.244,-345000000.0,632000000.0,632000000.0,16713000000.0,3339000000.0,1.315,2.748,20424000000.0,717000000.0,19707000000.0,20424000000.0,737000000.0,438000000.0,0.0,0.019,0.78,4241000000.0,4679000000.0,0.173,4679000000.0,4241000000.0,3279000000.0,5.38,5.36,5.38,13207000000.0,6840250000.0,13207000000.0,25888317204.0,6.0,5.533,885000000.0,2.362,1.0,10285000000.0,0.381,19535000000.0,962000000.0,40794000000.0,26860250000.0,11465000000.0,0.0,0.0,0.0,36296000000.0,9048000000.0,27248000000.0,15727317204.0,-142000000.0,357000000.0,-42000000.0,-393000000.0,-595000000.0,-1216000000.0,-155000000.0,-171000000.0,1230000000.0,-1000000.0,3308000000.0,3308000000.0,3308000000.0,0.0,31000000.0,0.123,6251000000.0,4034000000.0,632000000.0,0.145,1.191,4.754,7.801,3783000000.0,0.0,41.97,0.583,0.583,6837000000.0,8494000000.0,26998000000.0,26998000000.0,0.0,0.108,0.484,0.158,0.157,286000000.0,5481000000.0,1.0,374727596.0,374727596.0,,72.047,30050000000.0,938000000.0,-29000000.0,565000000.0,80.192,2854000000.0
2,VIAC,MRY,2018-12-31,2018-12-31,2018-12-31,2021-08-25,-1608000000.0,44497000000.0,26635250000.0,11880000000.0,32617000000.0,0.992,27.916,-345000000.0,856000000.0,856000000.0,15399000000.0,3492000000.0,1.428,3.253,19113000000.0,1013000000.0,18100000000.0,19113000000.0,643000000.0,427000000.0,0.0,0.016,0.72,5065000000.0,5492000000.0,0.208,5492000000.0,5065000000.0,4035000000.0,5.6,5.56,5.6,10449000000.0,4278250000.0,10449000000.0,26035188024.0,5.0,4.741,3119000000.0,8.333,1.0,11026000000.0,0.417,19469000000.0,1030000000.0,34964000000.0,22822750000.0,10083000000.0,0.0,0.0,0.0,33994000000.0,8321000000.0,25673000000.0,16364188024.0,297000000.0,-79000000.0,-557000000.0,-1107000000.0,-599000000.0,-2531000000.0,-611000000.0,-161000000.0,3464000000.0,-25000000.0,3455000000.0,3455000000.0,3455000000.0,0.0,37000000.0,0.131,6056000000.0,4970000000.0,502000000.0,0.129,1.566,4.736,7.807,2079000000.0,0.0,43.72,0.619,0.619,7199000000.0,5569000000.0,26425000000.0,26425000000.0,0.0,0.13,0.808,0.222,0.192,187000000.0,5048000000.0,1.0,374295243.0,374295243.0,,70.599,25028000000.0,266000000.0,580000000.0,656000000.0,66.867,3559000000.0
3,VIAC,MRY,2017-12-31,2017-12-31,2017-12-31,2021-08-25,-662000000.0,20843000000.0,22603000000.0,6273000000.0,14570000000.0,1.174,4.943,-356000000.0,285000000.0,285000000.0,15483000000.0,2373000000.0,1.579,9.537,10162000000.0,698000000.0,9464000000.0,10162000000.0,219000000.0,443000000.0,0.0,0.012,0.72,4213000000.0,4656000000.0,0.175,4656000000.0,4213000000.0,3125000000.0,3.63,3.59,3.63,1978000000.0,2621000000.0,1978000000.0,33155543949.0,8.0,7.121,2083000000.0,5.205,1.0,11052000000.0,0.417,7557000000.0,1088000000.0,19191000000.0,20714250000.0,4709000000.0,0.0,0.0,0.0,18865000000.0,3972000000.0,14893000000.0,23610543949.0,-386000000.0,603000000.0,-848000000.0,-1343000000.0,-616000000.0,-3009000000.0,126000000.0,-128000000.0,2439000000.0,58000000.0,2321000000.0,2321000000.0,2321000000.0,0.0,52000000.0,0.087,6178000000.0,4874000000.0,231000000.0,0.198,11.937,10.173,16.253,1246000000.0,0.0,59.0,0.89,0.89,3697000000.0,-18900000000.0,26535000000.0,26535000000.0,0.0,0.103,0.886,0.203,0.159,232000000.0,5156000000.0,1.0,400178711.0,400178711.0,,66.308,13286000000.0,78000000.0,804000000.0,480000000.0,33.2,2301000000.0
4,VIAC,MRY,2016-12-31,2016-12-31,2016-12-31,2021-08-25,-767000000.0,24238000000.0,23681250000.0,6063000000.0,18175000000.0,0.556,8.585,-196000000.0,598000000.0,598000000.0,7956000000.0,1261000000.0,1.635,5.57,9375000000.0,473000000.0,8902000000.0,9375000000.0,152000000.0,225000000.0,0.0,0.01,0.66,2300000000.0,2525000000.0,0.192,2525000000.0,2300000000.0,1889000000.0,2.84,2.81,2.84,3689000000.0,4977000000.0,3689000000.0,36115692390.0,16.0,14.303,1489000000.0,3.465,1.0,5210000000.0,0.396,7497000000.0,411000000.0,21810000000.0,17867500000.0,3866000000.0,0.0,0.0,0.0,20549000000.0,3708000000.0,16841000000.0,27337692390.0,299000000.0,-72000000.0,-2976000000.0,2259000000.0,-288000000.0,-1046000000.0,-340000000.0,-81000000.0,1685000000.0,0.0,1261000000.0,1261000000.0,1261000000.0,291000000.0,0.0,0.096,2601000000.0,2609000000.0,148000000.0,0.232,7.411,21.679,22.401,1241000000.0,0.0,63.62,2.076,2.076,3314000000.0,-19257000000.0,13166000000.0,13166000000.0,0.0,0.053,0.253,0.129,0.175,165000000.0,2054000000.0,1.0,429702804.0,429702804.0,,30.64,16741000000.0,30000000.0,628000000.0,590000000.0,38.959,2355000000.0
5,VIAC,MRY,2015-12-31,2015-12-31,2015-12-31,2021-08-25,-770000000.0,23765000000.0,23863000000.0,5747000000.0,18018000000.0,0.531,11.798,-171000000.0,317000000.0,317000000.0,7911000000.0,1413000000.0,1.614,3.272,8448000000.0,222000000.0,8226000000.0,8448000000.0,294000000.0,235000000.0,0.0,0.013,0.6,2481000000.0,2716000000.0,0.214,2716000000.0,2481000000.0,2089000000.0,2.92,2.89,2.92,5563000000.0,5950500000.0,5563000000.0,30889193300.0,12.0,11.373,1223000000.0,2.594,1.0,4760000000.0,0.376,7428000000.0,392000000.0,20908000000.0,17111750000.0,3227000000.0,0.0,0.0,0.0,18202000000.0,3560000000.0,14642000000.0,22223193300.0,-105000000.0,371000000.0,-2671000000.0,1326000000.0,-300000000.0,-1653000000.0,154000000.0,-18000000.0,1394000000.0,0.0,1413000000.0,1413000000.0,1413000000.0,141000000.0,0.0,0.112,2128000000.0,2632000000.0,159000000.0,0.205,3.995,15.728,16.14,1253000000.0,0.0,47.13,1.754,1.754,3375000000.0,-20518000000.0,12671000000.0,12671000000.0,0.0,0.059,0.237,0.145,0.196,157000000.0,1961000000.0,1.0,471529669.0,471529669.0,,26.872,16337000000.0,101000000.0,676000000.0,495000000.0,34.647,2187000000.0
6,VIAC,MRY,2014-12-31,2014-12-31,2014-12-31,2021-08-25,-735000000.0,23935000000.0,24955250000.0,5485000000.0,18450000000.0,0.502,13.448,-178000000.0,428000000.0,428000000.0,7689000000.0,2959000000.0,1.36,2.434,7112000000.0,636000000.0,6476000000.0,7112000000.0,206000000.0,250000000.0,0.0,0.01,0.54,3981000000.0,4231000000.0,0.338,4231000000.0,3981000000.0,3618000000.0,5.38,5.27,5.38,6970000000.0,7991000000.0,6970000000.0,35462289026.0,9.0,8.382,1097000000.0,2.117,1.0,4830000000.0,0.386,12706000000.0,363000000.0,13880000000.0,14814250000.0,2739000000.0,0.0,0.0,0.0,16965000000.0,4033000000.0,12932000000.0,28681289026.0,31000000.0,2000000.0,-3312000000.0,2269000000.0,-292000000.0,-643000000.0,-601000000.0,-86000000.0,1275000000.0,0.0,2959000000.0,2959000000.0,2959000000.0,-1808000000.0,0.0,0.236,2270000000.0,2560000000.0,302000000.0,0.1,4.115,9.693,10.286,1433000000.0,0.0,55.34,2.291,2.291,3459000000.0,-21931000000.0,12519000000.0,12519000000.0,0.0,0.119,0.37,0.269,0.318,137000000.0,1971000000.0,1.0,518274106.0,518274106.0,,24.155,11229000000.0,161000000.0,659000000.0,1427000000.0,21.666,1452000000.0
7,VIAC,MRY,2013-12-31,2013-12-31,2013-12-31,2021-08-25,-545000000.0,26387000000.0,26021500000.0,5370000000.0,21017000000.0,0.538,16.608,-212000000.0,368000000.0,368000000.0,8124000000.0,1879000000.0,1.276,1.648,6435000000.0,495000000.0,5940000000.0,6435000000.0,269000000.0,290000000.0,0.0,0.008,0.48,3132000000.0,3422000000.0,0.244,3422000000.0,3132000000.0,2757000000.0,3.09,3.01,3.09,9966000000.0,9658000000.0,9966000000.0,44329351610.0,14.0,12.954,1661000000.0,2.768,1.0,5881000000.0,0.42,12458000000.0,375000000.0,15789000000.0,13653500000.0,2469000000.0,0.0,0.0,0.0,16421000000.0,4207000000.0,12214000000.0,38249351610.0,-311000000.0,144000000.0,-2039000000.0,458000000.0,-300000000.0,-1912000000.0,-272000000.0,-169000000.0,1873000000.0,0.0,1879000000.0,1879000000.0,1879000000.0,-141000000.0,0.0,0.134,2849000000.0,3032000000.0,286000000.0,0.155,3.838,20.356,20.628,1461000000.0,0.0,63.74,2.731,2.731,3234000000.0,-24890000000.0,14005000000.0,14005000000.0,0.0,0.072,0.195,0.229,0.224,222000000.0,2546000000.0,1.0,600083960.0,600083960.0,,23.338,13929000000.0,152000000.0,878000000.0,1368000000.0,23.212,1163000000.0
8,VIAC,MRY,2012-12-31,2012-12-31,2012-12-31,2021-08-25,-569000000.0,26466000000.0,26508000000.0,5720000000.0,20746000000.0,0.484,16.074,-200000000.0,708000000.0,708000000.0,7264000000.0,1574000000.0,1.451,1.591,5922000000.0,18000000.0,5904000000.0,5922000000.0,232000000.0,306000000.0,0.0,0.012,0.44,2787000000.0,3093000000.0,0.241,3093000000.0,2787000000.0,2386000000.0,2.45,2.39,2.45,10213000000.0,10156000000.0,10213000000.0,29156512220.0,10.0,9.427,1615000000.0,2.542,1.0,5556000000.0,0.433,15082000000.0,401000000.0,12657000000.0,12419500000.0,2441000000.0,0.0,0.0,0.0,16253000000.0,3941000000.0,12312000000.0,24176512220.0,48000000.0,-97000000.0,-969000000.0,-36000000.0,-276000000.0,-1316000000.0,-451000000.0,-78000000.0,1815000000.0,0.0,1574000000.0,1574000000.0,1574000000.0,-66000000.0,0.0,0.123,2771000000.0,2785000000.0,386000000.0,0.18,2.367,15.36,15.531,2271000000.0,0.0,38.05,1.886,1.886,3137000000.0,-26769000000.0,12820000000.0,12820000000.0,0.0,0.059,0.155,0.224,0.217,147000000.0,2442000000.0,1.0,635387969.0,635387969.0,,20.177,11384000000.0,280000000.0,812000000.0,1254000000.0,17.917,1779000000.0
9,VIAC,MRY,2011-12-31,2011-12-31,2011-12-31,2021-08-25,-439000000.0,26220000000.0,26233750000.0,5549000000.0,20671000000.0,0.52,15.14,-245000000.0,660000000.0,660000000.0,7882000000.0,1305000000.0,1.409,1.646,5982000000.0,24000000.0,5958000000.0,5982000000.0,230000000.0,495000000.0,0.0,0.013,0.35,2491000000.0,2986000000.0,0.219,2986000000.0,2491000000.0,2056000000.0,1.97,1.92,1.97,9908000000.0,9883500000.0,9908000000.0,22804743200.0,9.0,7.637,1504000000.0,2.298,1.0,5755000000.0,0.422,15092000000.0,435000000.0,12513000000.0,12063750000.0,2231000000.0,0.0,0.0,0.0,16312000000.0,3937000000.0,12375000000.0,17760743200.0,180000000.0,-57000000.0,-940000000.0,-19000000.0,-206000000.0,-1180000000.0,-389000000.0,-67000000.0,1749000000.0,0.0,1305000000.0,1305000000.0,1305000000.0,86000000.0,0.0,0.096,3147000000.0,2608000000.0,324000000.0,0.178,1.793,13.61,13.777,2372000000.0,0.0,27.14,1.302,1.302,3086000000.0,-28343000000.0,13637000000.0,13637000000.0,0.0,0.05,0.132,0.206,0.183,139000000.0,2598000000.0,1.0,654412056.0,654412056.0,,20.839,11128000000.0,335000000.0,751000000.0,1044000000.0,17.005,1612000000.0
10,VIAC,MRY,2010-12-31,2010-12-31,2010-12-31,2021-08-25,-286000000.0,26143000000.0,26350475000.0,5395000000.0,20748000000.0,0.511,14.424,-254000000.0,480000000.0,480000000.0,8512000000.0,724000000.0,1.34,1.662,6000000000.0,27000000.0,5973000000.0,6000000000.0,292000000.0,500000000.0,0.0,0.01,0.2,1729000000.0,2229000000.0,0.166,2229000000.0,1729000000.0,1202000000.0,1.07,1.04,1.07,9821000000.0,9394275000.0,9821000000.0,18436219956.0,11.0,8.271,1481000000.0,2.175,1.0,4954000000.0,0.368,15148000000.0,527000000.0,12489000000.0,12465700000.0,2116000000.0,0.0,0.0,0.0,16322000000.0,4026000000.0,12296000000.0,12971019956.0,-237000000.0,7000000.0,7000000.0,-1448000000.0,-142000000.0,-1604000000.0,-368000000.0,-80000000.0,1735000000.0,0.0,724000000.0,724000000.0,724000000.0,98000000.0,0.0,0.054,3016000000.0,1938000000.0,439000000.0,0.187,1.321,17.916,17.804,2694000000.0,0.0,19.05,0.963,0.963,3248000000.0,-29648000000.0,13466000000.0,13466000000.0,0.0,0.027,0.077,0.139,0.128,136000000.0,2466000000.0,1.0,680893436.0,680893436.0,,19.777,10995000000.0,348000000.0,478000000.0,715000000.0,16.148,1369000000.0
11,VIAC,MRY,2009-12-31,2009-12-31,2009-12-31,2021-08-25,-395500000.0,26962000000.0,26488550000.0,5636900000.0,21325100000.0,0.491,13.319,-262000000.0,716700000.0,716700000.0,8700000000.0,227000000.0,1.188,1.989,6996900000.0,443600000.0,6553300000.0,6996900000.0,461500000.0,583000000.0,0.0,0.014,0.2,952000000.0,1535000000.0,0.118,1535000000.0,952000000.0,410000000.0,0.34,0.33,0.34,9019400000.0,8736350000.0,9019400000.0,16026833020.0,17.0,10.441,677000000.0,1.0,1.0,4315000000.0,0.332,15421200000.0,542000000.0,13074500000.0,13083525000.0,2549200000.0,0.0,0.0,0.0,17942600000.0,4746500000.0,13196100000.0,9514233020.0,297000000.0,105000000.0,0.0,-51000000.0,-297000000.0,-393000000.0,-249000000.0,-92000000.0,939000000.0,0.0,227000000.0,227000000.0,227000000.0,0.0,0.0,0.017,3306000000.0,1009000000.0,436400000.0,0.588,1.055,41.913,41.324,2858700000.0,0.0,14.05,0.731,0.731,2900200000.0,-30371700000.0,13015000000.0,13015000000.0,0.0,0.009,0.026,0.073,0.073,136000000.0,2488000000.0,1.0,677169610.0,677169610.0,,19.22,11540800000.0,303400000.0,183000000.0,635900000.0,17.043,890400000.0
12,VIAC,MRY,2008-12-31,2008-12-31,2008-12-31,2021-08-25,-606900000.0,27080900000.0,34133425000.0,5215900000.0,21865000000.0,0.409,12.651,-474100000.0,419500000.0,419500000.0,8650700000.0,-11673400000.0,1.086,2.15,6996100000.0,21300000.0,6974800000.0,6996100000.0,392000000.0,531600000.0,0.0,0.129,1.06,-12046100000.0,-11514500000.0,-0.825,-11514500000.0,-12046100000.0,-12592700000.0,-17.43,-17.43,-17.43,8597300000.0,15341250000.0,8597300000.0,12112827432.0,-1.0,-1.052,1672400000.0,2.461,1.0,5299700000.0,0.38,15752000000.0,546600000.0,13104600000.0,12935200000.0,2605400000.0,0.0,0.0,0.0,18483600000.0,4800900000.0,13682700000.0,5565827432.0,-927400000.0,-1837100000.0,-15200000.0,-205700000.0,-705400000.0,-919800000.0,-2154100000.0,166100000.0,2146500000.0,0.0,-11673400000.0,-11673400000.0,-11673400000.0,0.0,0.0,-0.837,17378800000.0,-12079100000.0,462800000.0,-0.061,0.647,-0.477,-0.47,3008300000.0,0.0,8.19,0.399,0.399,2749900000.0,-30598200000.0,13950400000.0,13950400000.0,0.0,-0.342,-0.761,-0.931,-0.863,137900000.0,2608700000.0,1.0,679588209.0,679588209.0,,20.528,11328900000.0,318700000.0,-919300000.0,388000000.0,16.67,415000000.0
13,VIAC,MRY,2007-12-31,2007-12-31,2007-12-31,2021-08-25,10100000.0,40430200000.0,41887325000.0,6030900000.0,34399300000.0,0.336,31.345,-469100000.0,1346900000.0,1346900000.0,8329300000.0,1247000000.0,1.369,0.883,7087700000.0,19100000.0,7068600000.0,7087700000.0,378800000.0,455700000.0,0.0,0.034,0.94,2639400000.0,3095100000.0,0.22,3095100000.0,2639400000.0,2068500000.0,1.75,1.73,1.75,21472400000.0,21942325000.0,21472400000.0,24497125156.0,9.0,7.915,1716100000.0,2.505,1.0,5743600000.0,0.408,28533300000.0,570900000.0,13233100000.0,13284525000.0,2520400000.0,0.0,0.0,0.0,18957800000.0,4404600000.0,14553200000.0,18667425156.0,-1727700000.0,324700000.0,-3149600000.0,2900000.0,-640300000.0,-3777800000.0,-135100000.0,6700000.0,2185200000.0,0.0,1247000000.0,1247000000.0,1247000000.0,-32400000.0,0.0,0.089,3155800000.0,2587800000.0,352300000.0,0.537,0.869,14.97,15.571,2921500000.0,0.0,27.25,1.326,1.326,2678000000.0,-18924800000.0,14072900000.0,14072900000.0,0.0,0.03,0.057,0.199,0.188,106600000.0,2666100000.0,1.0,685043125.0,685043125.0,,20.543,11896900000.0,273700000.0,821500000.0,1986800000.0,17.367,1626300000.0
14,VIAC,MRY,2006-12-31,2006-12-31,2006-12-31,2021-08-25,-246300000.0,43508800000.0,43141850000.0,8144100000.0,35364700000.0,0.332,30.098,-394100000.0,3074600000.0,3074600000.0,8424800000.0,1660500000.0,1.851,0.85,7042300000.0,15000000.0,7027300000.0,7042300000.0,268400000.0,439500000.0,0.0,0.024,0.74,2878200000.0,3317700000.0,0.232,3317700000.0,2878200000.0,2312700000.0,2.17,2.15,2.17,23522500000.0,23002175000.0,23522500000.0,28239088637.0,10.0,8.512,1494300000.0,1.912,1.0,5895400000.0,0.412,29246500000.0,565500000.0,13830500000.0,13736125000.0,2648500000.0,0.0,0.0,0.0,19986300000.0,4399500000.0,15586800000.0,24367888637.0,1419300000.0,1352300000.0,84900000.0,-851500000.0,-519100000.0,-1284100000.0,815000000.0,-107500000.0,1888400000.0,0.0,1660500000.0,1660500000.0,1660500000.0,-277600000.0,0.0,0.116,3303300000.0,2592100000.0,502300000.0,0.341,1.036,14.675,14.369,2813800000.0,0.0,31.18,1.702,1.702,2824000000.0,-20175900000.0,14320200000.0,14320200000.0,0.0,0.038,0.072,0.21,0.201,64300000.0,2772700000.0,1.0,781523048.0,781523048.0,,18.323,14262300000.0,307700000.0,652200000.0,2314000000.0,18.249,3744600000.0
15,VIAC,MRY,2005-12-31,2005-12-31,2005-12-31,2021-08-25,-397500000.0,43029600000.0,61102475000.0,6795500000.0,36234100000.0,0.231,14.065,-327000000.0,1655300000.0,1655300000.0,8378300000.0,-7089100000.0,1.263,0.98,7900300000.0,747100000.0,7153200000.0,7900300000.0,265100000.0,440100000.0,0.0,0.137,3.5,-5574400000.0,-5134300000.0,-0.364,-5134300000.0,-5574400000.0,-6294900000.0,-8.98,-8.98,-8.98,21737000000.0,36027300000.0,21737000000.0,49296306033.0,-9.0,-9.601,3210000000.0,2.077,1.0,5734700000.0,0.406,29144000000.0,720500000.0,14752000000.0,19547700000.0,2854400000.0,0.0,0.0,0.0,21292600000.0,5378600000.0,15914000000.0,39408306033.0,727100000.0,5216700000.0,-5245100000.0,-1455400000.0,-451300000.0,-7577700000.0,4767800000.0,93900000.0,3537000000.0,0.0,-7089100000.0,-7089100000.0,-7089100000.0,-1271500000.0,0.0,-0.502,12599900000.0,-6865200000.0,588600000.0,-0.39,1.813,-5.559,-2.84,2736400000.0,0.0,25.5,2.792,2.792,2726100000.0,-21836400000.0,14113000000.0,14113000000.0,0.0,-0.116,-0.197,-0.285,-0.395,17600000.0,2679700000.0,1.0,1545423766.0,1545423766.0,,9.132,13885600000.0,468900000.0,794200000.0,2106500000.0,8.985,1416900000.0
16,VIAC,MRY,2004-12-31,2004-12-31,2004-12-31,2021-08-25,-356000000.0,68002300000.0,84493000000.0,7493500000.0,60508800000.0,0.167,24.647,-217900000.0,778200000.0,778200000.0,8366200000.0,-17462200000.0,1.089,0.618,9363600000.0,12100000.0,9351500000.0,9363600000.0,294900000.0,449800000.0,0.0,0.0,0.0,-16171100000.0,-15721300000.0,-1.112,-15721300000.0,-16171100000.0,-16865100000.0,-20.37,-20.37,-20.37,42024300000.0,58240950000.0,42024300000.0,69264237697.0,-4.0,-4.406,3422700000.0,2.007,1.0,5772100000.0,0.408,38626200000.0,694000000.0,31082000000.0,24388850000.0,2589400000.0,0.0,0.0,0.0,25978000000.0,6879500000.0,19098500000.0,62046037697.0,77500000.0,-50300000.0,-2383700000.0,-119200000.0,-415200000.0,-3029400000.0,-533700000.0,70200000.0,3640600000.0,0.0,-17462200000.0,-17462200000.0,-17462200000.0,-278900000.0,0.0,-1.235,20949300000.0,-15177200000.0,1070600000.0,0.0,1.476,-3.553,-1.786,3233000000.0,0.0,36.39,4.389,4.389,2476500000.0,-14747300000.0,14138300000.0,14138300000.0,0.0,-0.207,-0.3,-0.663,-1.144,0.0,2526800000.0,1.0,1705029890.0,1705029890.0,,8.292,29376100000.0,201500000.0,597100000.0,1964700000.0,17.229,614000000.0
17,VIAC,MRY,2003-12-31,2003-12-31,2003-12-31,2021-08-25,-351200000.0,90225500000.0,90260550000.0,7768400000.0,82457100000.0,0.15,36.133,-234100000.0,617300000.0,617300000.0,8165400000.0,1416900000.0,1.023,0.428,9659600000.0,51500000.0,9608100000.0,9659600000.0,558500000.0,501700000.0,0.0,0.0,0.0,2859500000.0,3361200000.0,0.248,3361200000.0,2859500000.0,2143400000.0,1.62,1.61,1.62,63205000000.0,63469775000.0,63205000000.0,86918756143.0,30.0,25.859,3263300000.0,1.866,1.0,5389100000.0,0.398,67363700000.0,716100000.0,24309400000.0,22773575000.0,5239900000.0,0.0,0.0,0.0,27020500000.0,7594700000.0,19425800000.0,77631356143.0,219300000.0,-64000000.0,-699900000.0,-201800000.0,-104600000.0,-1415700000.0,-1862400000.0,32200000.0,3497400000.0,0.0,1416900000.0,1416900000.0,1416900000.0,-318500000.0,0.0,0.105,2856400000.0,2532700000.0,1685300000.0,0.0,1.228,54.79,27.395,4635100000.0,0.0,44.38,5.727,5.727,4163300000.0,3141900000.0,13554500000.0,13554500000.0,0.0,0.016,0.022,0.126,0.211,0.0,2376100000.0,1.0,1749241914.0,1749241914.0,,7.749,22861800000.0,69000000.0,726500000.0,483600000.0,13.07,173700000.0
18,VIAC,MRY,2002-12-31,2002-12-31,2002-12-31,2021-08-25,-580500000.0,90043200000.0,89316775000.0,7166800000.0,82876400000.0,0.215,35.482,-396500000.0,631400000.0,631400000.0,10735500000.0,725700000.0,0.976,0.441,10404200000.0,199000000.0,10205200000.0,10404200000.0,604600000.0,711800000.0,0.0,0.0,0.0,2863100000.0,3574900000.0,0.186,3574900000.0,2863100000.0,2064000000.0,0.41,0.41,0.41,62487800000.0,62199850000.0,62487800000.0,82082471737.0,29.0,22.961,2727900000.0,1.549,1.0,8451300000.0,0.44,69598900000.0,799100000.0,22871100000.0,22608275000.0,5859700000.0,0.0,0.0,0.0,27555400000.0,7346000000.0,20209400000.0,71782271737.0,-96000000.0,-806400000.0,-823900000.0,-756700000.0,0.0,-1778200000.0,-1442200000.0,0.0,3124400000.0,0.0,725700000.0,725700000.0,725700000.0,-164600000.0,0.0,0.038,4243300000.0,4208000000.0,2143000000.0,0.0,1.149,98.915,99.415,6112700000.0,0.0,40.76,3.741,3.741,3721000000.0,1934000000.0,19186800000.0,19186800000.0,0.0,0.008,0.012,0.127,0.149,0.0,3498600000.0,1.0,1761095970.0,1761095970.0,,10.895,20444300000.0,527600000.0,1338300000.0,102900000.0,11.609,-179200000.0
19,VIAC,MRY,2001-12-31,2001-12-31,2001-12-31,2021-08-25,-152700000.0,90809900000.0,91764500000.0,6755700000.0,84054200000.0,0.253,35.366,-515400000.0,727400000.0,727400000.0,14463800000.0,-223500000.0,0.893,0.448,11122700000.0,299000000.0,10823700000.0,11122700000.0,527700000.0,3087000000.0,0.0,0.0,0.0,1665600000.0,4752600000.0,0.205,4752600000.0,1665600000.0,696400000.0,-0.13,-0.13,-0.13,62716800000.0,63081775000.0,62716800000.0,89759032258.0,54.0,18.886,2993700000.0,1.688,1.0,8759000000.0,0.377,70990100000.0,969200000.0,22653400000.0,23923675000.0,5254300000.0,0.0,0.0,0.0,28093100000.0,7561700000.0,20531400000.0,78292932258.0,-207100000.0,-722500000.0,-881500000.0,-1641700000.0,0.0,-2525700000.0,-1190500000.0,47400000.0,3509100000.0,0.0,-223500000.0,-223500000.0,-223500000.0,0.0,0.0,-0.01,7044100000.0,1714900000.0,2254400000.0,0.0,1.248,-350.304,-339.615,6335200000.0,0.0,44.15,3.371,3.371,3581800000.0,1208300000.0,23222800000.0,23222800000.0,0.0,-0.002,-0.004,0.07,0.072,0.0,4092400000.0,1.0,1773339349.0,1773339349.0,,13.096,19819800000.0,359700000.0,919900000.0,1225200000.0,11.177,-806000000.0
20,VIAC,MRY,2000-12-31,2000-12-31,2000-12-31,2021-08-25,-152500000.0,82646100000.0,68279550000.0,7832400000.0,74813700000.0,0.294,31.703,-659000000.0,934500000.0,934500000.0,11707100000.0,-816100000.0,1.01,0.723,12697700000.0,223900000.0,12473800000.0,12697700000.0,605900000.0,2223500000.0,0.0,0.0,0.0,736000000.0,2959500000.0,0.148,2959500000.0,736000000.0,-86300000.0,-0.67,-0.67,-0.67,47966900000.0,38953825000.0,47966900000.0,82618399811.0,112.0,27.916,1664300000.0,1.1,1.0,8336600000.0,0.416,62004100000.0,822300000.0,24647000000.0,22830800000.0,5034900000.0,0.0,0.0,0.0,34679200000.0,7758200000.0,26921000000.0,70734199811.0,253700000.0,-2428600000.0,-1758400000.0,2633800000.0,0.0,791300000.0,-2860900000.0,226700000.0,2323300000.0,0.0,-816100000.0,-816100000.0,-816100000.0,0.0,0.0,-0.041,7006900000.0,1329700000.0,2481400000.0,0.0,1.475,-86.673,-69.776,6601800000.0,0.0,46.75,3.529,3.529,3964100000.0,1431800000.0,20043700000.0,20043700000.0,0.0,-0.012,-0.021,0.032,0.037,0.0,4093700000.0,1.0,1513031012.0,1513031012.0,,13.247,20642000000.0,336300000.0,729800000.0,1236500000.0,13.643,74200000.0
21,VIAC,MRY,1999-12-31,1999-12-31,1999-12-31,2021-08-25,-30200000.0,24486400000.0,23902850000.0,5198400000.0,19288000000.0,0.538,15.972,-706200000.0,680800000.0,680800000.0,8337900000.0,334000000.0,1.182,1.2,5992000000.0,294300000.0,5697700000.0,5992000000.0,371400000.0,844700000.0,0.0,0.0,0.0,1194300000.0,2039000000.0,0.159,2039000000.0,1194300000.0,745400000.0,0.46,0.45,0.46,11132000000.0,11187025000.0,11132000000.0,47722955741.0,40.0,23.405,-412100000.0,-0.591,1.0,4520900000.0,0.352,11478900000.0,448900000.0,13919000000.0,13863700000.0,4789000000.0,0.0,0.0,0.0,13354400000.0,4399700000.0,8954700000.0,42124155741.0,-86500000.0,-359700000.0,-478800000.0,1003000000.0,0.0,727000000.0,-1107600000.0,-5900000.0,294100000.0,0.0,334000000.0,321600000.0,321600000.0,0.0,0.0,0.025,3255800000.0,1265100000.0,1631600000.0,0.0,3.784,130.983,131.386,3425300000.0,12400000.0,60.438,3.276,3.276,1697400000.0,2247900000.0,12858800000.0,12858800000.0,0.0,0.013,0.029,0.086,0.093,0.0,2358600000.0,1.0,696987065.0,696987065.0,,18.449,13007500000.0,0.0,411400000.0,1000000.0,18.662,798700000.0
22,VIAC,MRY,1998-12-31,1998-12-31,1998-12-31,2021-08-25,-67100000.0,23613100000.0,26694075000.0,5064500000.0,18548600000.0,0.453,17.321,-603500000.0,767300000.0,767300000.0,8506300000.0,-122400000.0,0.899,0.96,4190600000.0,377200000.0,3813400000.0,4190600000.0,286500000.0,777300000.0,0.0,0.0,0.0,638700000.0,1416000000.0,0.117,1416000000.0,638700000.0,16300000.0,-0.21,-0.21,-0.21,12049600000.0,12920350000.0,12049600000.0,33786205592.0,53.0,23.86,260600000.0,0.375,1.0,3589800000.0,0.297,11557300000.0,622400000.0,9846500000.0,15163650000.0,4276300000.0,0.0,0.0,0.0,11563500000.0,5632600000.0,5930900000.0,25739605592.0,475000000.0,4723400000.0,-809600000.0,-3363000000.0,0.0,-4607500000.0,4218400000.0,117100000.0,864100000.0,0.0,-122400000.0,-149600000.0,-149600000.0,54100000.0,0.0,-0.012,2853500000.0,736300000.0,1726700000.0,0.0,2.136,-172.056,-176.19,3079500000.0,27200000.0,37.0,2.128,2.128,1759100000.0,1932900000.0,12096100000.0,12096100000.0,0.0,-0.006,-0.012,0.042,0.053,0.0,2060900000.0,1.0,695665016.0,695665016.0,,17.388,12055800000.0,0.0,138700000.0,526500000.0,17.33,-568100000.0
23,VIAC,MRY,1997-12-31,1997-12-31,1997-12-31,2021-08-25,-12600000.0,28288700000.0,28561350000.0,5713500000.0,22575200000.0,0.374,18.817,-530300000.0,292300000.0,292300000.0,7476300000.0,793600000.0,1.131,1.114,7799500000.0,376500000.0,7423000000.0,7799500000.0,254600000.0,943300000.0,0.0,0.0,0.0,2212900000.0,3156200000.0,0.295,3156200000.0,2212900000.0,1440000000.0,1.04,1.04,1.04,13383600000.0,12985050000.0,13383600000.0,,,,-190300000.0,-0.268,1.0,3208600000.0,0.3,14699600000.0,772900000.0,16043800000.0,17712100000.0,4903300000.0,0.0,0.0,0.0,14905100000.0,5052500000.0,9852600000.0,14735903098.0,83300000.0,2359400000.0,-9800000.0,-2158500000.0,0.0,-2162500000.0,1905800000.0,58500000.0,340000000.0,0.0,793600000.0,733600000.0,733600000.0,0.0,0.0,0.069,1279200000.0,1929400000.0,1651000000.0,0.0,1.101,20.087,19.922,3197700000.0,60000000.0,20.719,1.379,1.379,2397700000.0,2089000000.0,10684900000.0,10684900000.0,0.0,0.026,0.056,0.125,0.207,0.0,1750600000.0,1.0,711235142.0,711235142.0,,15.023,13589100000.0,0.0,646400000.0,556300000.0,19.106,661000000.0
24,VIAC,MRY,1996-12-31,1996-12-31,1996-12-31,2021-08-25,3400000.0,28834000000.0,,5717700000.0,23116300000.0,,,-598600000.0,209000000.0,209000000.0,6340200000.0,1247900000.0,1.339,1.291,9918300000.0,62600000.0,9855700000.0,9918300000.0,364600000.0,817600000.0,0.0,0.0,0.0,2276700000.0,3094300000.0,0.32,3094300000.0,2276700000.0,1491200000.0,1.63,1.62,1.63,12586500000.0,,12586500000.0,,,,-528100000.0,,1.0,3343700000.0,0.345,14894200000.0,785500000.0,19380400000.0,,4961800000.0,0.0,0.0,0.0,16247500000.0,4268700000.0,11978800000.0,,-255100000.0,1449500000.0,-223600000.0,-959300000.0,0.0,-1165200000.0,839600000.0,-11300000.0,70500000.0,0.0,1247900000.0,1187900000.0,1187900000.0,0.0,0.0,0.123,2146500000.0,1197200000.0,1665400000.0,0.0,,,10.698,3155800000.0,60000000.0,17.438,,,2153100000.0,1361000000.0,9683900000.0,9683900000.0,0.0,,,,0.235,0.0,1442000000.0,1.0,,,,,13939800000.0,0.0,243300000.0,0.0,,1449000000.0
25,VIAC,MRY,1995-12-31,1995-12-31,1995-12-31,2021-08-25,,,,,,,,-730600000.0,,,6689500000.0,222500000.0,,,,,,,,820400000.0,,0.0,0.0,1398900000.0,2219300000.0,0.203,2219300000.0,1398900000.0,589600000.0,0.225,0.215,0.225,,,,,,,-675000000.0,,1.0,4226400000.0,0.387,,809300000.0,,,,,,,,,,,-133600000.0,688600000.0,0.0,-57900000.0,0.0,-109600000.0,-79600000.0,-19900000.0,55600000.0,0.0,222500000.0,162500000.0,162500000.0,0.0,0.0,0.015,2827700000.0,1398700000.0,,0.0,,,105.278,,60000000.0,23.688,,,,,10915900000.0,10915900000.0,0.0,,,,0.128,0.0,2111000000.0,1.0,,,,,,,367100000.0,,,
0,VIAC,MRQ,2021-06-30,2021-06-30,2021-06-30,2021-08-25,-1853000000.0,55204000000.0,,15254000000.0,39950000000.0,,31.097,-76000000.0,5375000000.0,5375000000.0,3865000000.0,1049000000.0,1.777,1.719,19192000000.0,17000000.0,19175000000.0,19192000000.0,1104000000.0,95000000.0,0.0,0.021,0.24,1245000000.0,1340000000.0,0.204,1340000000.0,1245000000.0,1002000000.0,1.58,1.56,1.58,20098000000.0,,20098000000.0,43017481071.0,9.0,8.311,-8000000.0,-0.012,1.0,2699000000.0,0.411,19406000000.0,243000000.0,41029000000.0,,12840000000.0,0.0,0.0,0.0,34548000000.0,8586000000.0,25962000000.0,29212481071.0,-250000000.0,408000000.0,0.0,-83000000.0,-151000000.0,-372000000.0,43000000.0,-287000000.0,68000000.0,11000000.0,1036000000.0,1036000000.0,1036000000.0,0.0,13000000.0,0.158,1483000000.0,1216000000.0,602000000.0,0.152,1.454,8.663,8.449,3419000000.0,0.0,45.2,1.11,1.11,6824000000.0,12007000000.0,6564000000.0,6564000000.0,0.0,,,,,49000000.0,1459000000.0,1.0,646293829.0,646293829.0,,10.156,35798000000.0,1235000000.0,-34000000.0,888000000.0,55.39,6668000000.0
1,VIAC,MRQ,2021-03-31,2021-03-31,2021-03-31,2021-08-25,-1882000000.0,54773000000.0,,15487000000.0,39286000000.0,,30.941,-62000000.0,5499000000.0,5499000000.0,4363000000.0,923000000.0,1.78,1.822,19304000000.0,19000000.0,19285000000.0,19304000000.0,1010000000.0,99000000.0,0.0,0.021,0.24,1396000000.0,1495000000.0,0.202,1495000000.0,1396000000.0,1137000000.0,1.46,1.44,1.46,19171000000.0,,19171000000.0,46276236598.0,10.0,9.456,1661000000.0,2.681,1.0,3049000000.0,0.411,19406000000.0,259000000.0,40471000000.0,,11892000000.0,0.0,0.0,0.0,34930000000.0,8701000000.0,26229000000.0,27944236598.0,2513000000.0,0.0,2080000000.0,-2117000000.0,-151000000.0,723000000.0,86000000.0,173000000.0,1723000000.0,-19000000.0,911000000.0,911000000.0,911000000.0,0.0,12000000.0,0.123,1520000000.0,1529000000.0,612000000.0,0.164,1.458,9.92,9.912,3521000000.0,0.0,45.1,1.082,1.082,7310000000.0,11144000000.0,7412000000.0,7412000000.0,0.0,,,,,52000000.0,1422000000.0,1.0,619606133.0,619606133.0,,11.962,35367000000.0,981000000.0,226000000.0,852000000.0,57.08,6786000000.0
2,VIAC,MRQ,2020-12-31,2020-12-31,2020-12-31,2021-08-25,-1832000000.0,52663000000.0,,13779000000.0,38884000000.0,,24.903,-111000000.0,2984000000.0,2984000000.0,3808000000.0,829000000.0,1.661,2.382,21316000000.0,16000000.0,21300000000.0,21316000000.0,978000000.0,95000000.0,0.0,0.026,0.24,1236000000.0,1331000000.0,0.214,1331000000.0,1236000000.0,968000000.0,1.31,1.31,1.31,15371000000.0,,15371000000.0,41402587190.0,10.0,9.371,-382000000.0,-0.619,1.0,2417000000.0,0.388,19438000000.0,268000000.0,43261000000.0,,12120000000.0,0.0,0.0,0.0,36607000000.0,8296000000.0,28311000000.0,22998587190.0,-111000000.0,442000000.0,5000000.0,5000000.0,-150000000.0,-196000000.0,325000000.0,1000000.0,-271000000.0,31000000.0,810000000.0,810000000.0,810000000.0,0.0,19000000.0,0.13,1494000000.0,923000000.0,571000000.0,0.183,1.496,9.496,9.481,3596000000.0,0.0,37.26,0.91,0.91,7017000000.0,10375000000.0,6225000000.0,6225000000.0,0.0,,,,,83000000.0,1384000000.0,1.0,617246033.0,617246033.0,,10.085,33225000000.0,993000000.0,158000000.0,778000000.0,53.828,5483000000.0
3,VIAC,MRQ,2020-09-30,2020-09-30,2020-09-30,2021-08-25,-1910000000.0,51425000000.0,,13157000000.0,38268000000.0,,23.628,-81000000.0,3086000000.0,3086000000.0,3634000000.0,627000000.0,1.695,2.486,21490000000.0,18000000.0,21472000000.0,21490000000.0,710000000.0,98000000.0,0.0,0.034,0.24,912000000.0,1010000000.0,0.165,1010000000.0,912000000.0,653000000.0,1.0,1.0,1.0,14556000000.0,,14556000000.0,36851221019.0,14.0,11.71,1333000000.0,2.164,1.0,2482000000.0,0.406,19827000000.0,259000000.0,42239000000.0,,11234000000.0,0.0,0.0,0.0,36180000000.0,7763000000.0,28417000000.0,17255221019.0,800000000.0,-1000000.0,0.0,-374000000.0,-149000000.0,-543000000.0,-82000000.0,0.0,1414000000.0,11000000.0,615000000.0,615000000.0,615000000.0,0.0,12000000.0,0.101,1543000000.0,939000000.0,436000000.0,0.24,1.185,12.744,12.732,3789000000.0,0.0,28.01,0.697,0.697,6946000000.0,9704000000.0,6116000000.0,6116000000.0,0.0,,,,,46000000.0,1373000000.0,1.0,616037880.0,616037880.0,,9.928,31598000000.0,1007000000.0,38000000.0,816000000.0,51.292,5394000000.0
4,VIAC,MRQ,2020-06-30,2020-06-30,2020-06-30,2021-08-25,-1999000000.0,51188000000.0,,12439000000.0,38749000000.0,,22.546,-80000000.0,2288000000.0,2288000000.0,3361000000.0,726000000.0,1.558,2.641,21884000000.0,364000000.0,21520000000.0,21884000000.0,695000000.0,122000000.0,0.0,0.039,0.24,936000000.0,1058000000.0,0.174,1058000000.0,936000000.0,673000000.0,0.78,0.78,0.78,13874000000.0,,13874000000.0,34139505916.0,12.0,10.514,715000000.0,1.162,1.0,2714000000.0,0.447,20025000000.0,263000000.0,42774000000.0,,11565000000.0,0.0,0.0,0.0,36638000000.0,7985000000.0,28653000000.0,14350505916.0,1699000000.0,5000000.0,-5000000.0,1323000000.0,-149000000.0,1128000000.0,-236000000.0,-160000000.0,795000000.0,12000000.0,481000000.0,481000000.0,481000000.0,0.0,245000000.0,0.079,1489000000.0,1225000000.0,422000000.0,0.308,1.034,10.482,10.505,3836000000.0,0.0,23.32,0.567,0.567,7139000000.0,9150000000.0,6075000000.0,6075000000.0,0.0,,,,,56000000.0,1183000000.0,1.0,615373324.0,615373324.0,,9.872,31163000000.0,919000000.0,192000000.0,708000000.0,50.641,4454000000.0
5,VIAC,MRQ,2020-03-31,2020-03-31,2020-03-31,2021-08-25,-2054000000.0,49045000000.0,,10406000000.0,38639000000.0,,21.913,-51000000.0,589000000.0,589000000.0,3956000000.0,519000000.0,1.22,2.641,20378000000.0,532000000.0,19846000000.0,20378000000.0,691000000.0,112000000.0,0.0,0.06,0.24,891000000.0,1003000000.0,0.154,1003000000.0,891000000.0,650000000.0,0.84,0.84,0.84,13449000000.0,,13449000000.0,28594497260.0,9.0,7.619,305000000.0,0.497,1.0,2543000000.0,0.391,19918000000.0,241000000.0,40385000000.0,,11414000000.0,0.0,0.0,0.0,35524000000.0,8531000000.0,26993000000.0,8598497260.0,-103000000.0,0.0,-53000000.0,-186000000.0,-152000000.0,-479000000.0,49000000.0,100000000.0,356000000.0,-29000000.0,516000000.0,516000000.0,516000000.0,0.0,3000000.0,0.079,1669000000.0,874000000.0,673000000.0,0.286,0.639,4.61,4.624,3902000000.0,0.0,14.01,0.326,0.326,7199000000.0,8827000000.0,6499000000.0,6499000000.0,0.0,,,,,87000000.0,1298000000.0,1.0,613739990.0,613739990.0,,10.589,29127000000.0,931000000.0,134000000.0,639000000.0,47.458,1875000000.0
6,VIAC,MRQ,2019-12-31,2019-12-31,2019-12-31,2021-08-25,-1970000000.0,49585000000.0,,11902000000.0,37683000000.0,,35.244,-94000000.0,632000000.0,632000000.0,4296000000.0,-254000000.0,1.315,2.748,20424000000.0,717000000.0,19707000000.0,20424000000.0,737000000.0,115000000.0,0.0,0.019,0.24,-39000000.0,76000000.0,0.013,76000000.0,-39000000.0,-278000000.0,-0.42,-0.42,-0.42,13207000000.0,,13207000000.0,25888317204.0,6.0,5.533,-553000000.0,-1.476,1.0,1761000000.0,0.291,19535000000.0,239000000.0,40794000000.0,,11465000000.0,0.0,0.0,0.0,36296000000.0,9048000000.0,27248000000.0,15727317204.0,-244000000.0,-14000000.0,-28000000.0,559000000.0,-149000000.0,344000000.0,-144000000.0,-34000000.0,-459000000.0,15000000.0,-258000000.0,-258000000.0,-258000000.0,0.0,4000000.0,-0.043,2011000000.0,-250000000.0,632000000.0,-0.571,1.191,4.754,7.801,3783000000.0,0.0,41.97,0.583,0.583,6837000000.0,8494000000.0,6057000000.0,6057000000.0,0.0,,,,,115000000.0,1324000000.0,1.0,374727596.0,374727596.0,,16.164,30050000000.0,938000000.0,-20000000.0,565000000.0,80.192,2854000000.0
7,VIAC,MRQ,2019-09-30,2019-09-30,2019-09-30,2021-08-25,-918000000.0,24476000000.0,,6273000000.0,18203000000.0,,13.484,-109000000.0,196000000.0,196000000.0,3959000000.0,646000000.0,1.522,3.845,10357000000.0,50000000.0,10307000000.0,10357000000.0,0.0,108000000.0,0.0,0.018,0.18,1002000000.0,1110000000.0,0.166,1110000000.0,1002000000.0,756000000.0,1.02,1.02,1.02,5052000000.0,,5052000000.0,25126298958.0,3.0,3.194,391000000.0,1.044,1.0,2739000000.0,0.409,7719000000.0,246000000.0,22796000000.0,,6825000000.0,0.0,0.0,0.0,19424000000.0,4122000000.0,15302000000.0,15125298958.0,18000000.0,-19000000.0,0.0,-171000000.0,-147000000.0,-333000000.0,-131000000.0,-5000000.0,500000000.0,-18000000.0,630000000.0,630000000.0,630000000.0,0.0,16000000.0,0.094,1730000000.0,1009000000.0,308000000.0,0.176,2.994,2.69,5.236,2172000000.0,0.0,40.37,0.41,0.41,3685000000.0,-14683000000.0,6698000000.0,6698000000.0,0.0,,,,,65000000.0,1473000000.0,1.0,374666806.0,374666806.0,,17.877,16757000000.0,779000000.0,126000000.0,646000000.0,44.725,2151000000.0
8,VIAC,MRQ,2019-06-30,2019-06-30,2019-06-30,2021-08-25,-922000000.0,23835000000.0,,6336000000.0,17499000000.0,,12.681,-75000000.0,216000000.0,216000000.0,4210000000.0,983000000.0,1.649,4.015,10217000000.0,0.0,10217000000.0,10217000000.0,0.0,109000000.0,0.0,0.014,0.18,1455000000.0,1564000000.0,0.219,1564000000.0,1455000000.0,1218000000.0,1.59,1.58,1.59,4753000000.0,,4753000000.0,28427144748.0,4.0,3.8,185000000.0,0.494,1.0,2933000000.0,0.411,7722000000.0,237000000.0,22271000000.0,,6214000000.0,0.0,0.0,0.0,19082000000.0,3843000000.0,15239000000.0,18703144748.0,-47000000.0,8000000.0,0.0,0.0,-149000000.0,-209000000.0,-99000000.0,-33000000.0,260000000.0,1000000.0,977000000.0,977000000.0,977000000.0,0.0,6000000.0,0.137,1472000000.0,1461000000.0,214000000.0,0.113,3.935,3.413,6.245,2099000000.0,0.0,49.9,0.559,0.559,3795000000.0,-15002000000.0,7143000000.0,7143000000.0,0.0,,,,,50000000.0,1371000000.0,1.0,374812520.0,374812520.0,,19.058,16113000000.0,785000000.0,241000000.0,648000000.0,42.989,2493000000.0
9,VIAC,MRQ,2019-03-31,2019-03-31,2019-03-31,2021-08-25,-934000000.0,24075000000.0,,6732000000.0,17343000000.0,,11.66,-67000000.0,500000000.0,500000000.0,4248000000.0,1964000000.0,1.499,4.536,10224000000.0,0.0,10224000000.0,10224000000.0,0.0,106000000.0,0.0,0.015,0.18,1823000000.0,1929000000.0,0.272,1929000000.0,1823000000.0,1583000000.0,3.2,3.18,3.2,4349000000.0,,4349000000.0,27557263292.0,4.0,4.175,862000000.0,2.311,1.0,2852000000.0,0.402,7727000000.0,240000000.0,21580000000.0,,5846000000.0,0.0,0.0,0.0,19726000000.0,4492000000.0,15234000000.0,17727263292.0,131000000.0,382000000.0,-14000000.0,-781000000.0,-150000000.0,-1018000000.0,219000000.0,-99000000.0,929000000.0,1000000.0,1959000000.0,1959000000.0,1959000000.0,0.0,5000000.0,0.276,1076000000.0,1776000000.0,273000000.0,0.056,4.076,3.616,6.371,2146000000.0,0.0,47.53,0.596,0.596,4147000000.0,-15442000000.0,7100000000.0,7100000000.0,0.0,,,,,56000000.0,1313000000.0,1.0,372969983.0,372969983.0,,19.036,16348000000.0,797000000.0,-376000000.0,837000000.0,43.832,2240000000.0
10,VIAC,MRQ,2018-12-31,2018-12-31,2018-12-31,2021-08-25,-1608000000.0,44497000000.0,,11880000000.0,32617000000.0,,27.916,-246000000.0,856000000.0,856000000.0,8893000000.0,2093000000.0,1.428,3.253,19113000000.0,1013000000.0,18100000000.0,19113000000.0,643000000.0,259000000.0,0.0,0.016,0.18,3005000000.0,3264000000.0,0.205,3264000000.0,3005000000.0,2324000000.0,1.9,1.9,1.9,10449000000.0,,10449000000.0,26035188024.0,5.0,4.741,2038000000.0,5.445,1.0,7042000000.0,0.442,19469000000.0,681000000.0,34964000000.0,,10083000000.0,0.0,0.0,0.0,33994000000.0,8321000000.0,25673000000.0,16364188024.0,400000000.0,-50000000.0,-83000000.0,-790000000.0,-391000000.0,-1467000000.0,-392000000.0,-85000000.0,2284000000.0,-25000000.0,2056000000.0,2056000000.0,2056000000.0,0.0,37000000.0,0.129,4141000000.0,2901000000.0,502000000.0,0.095,1.566,4.736,7.807,2079000000.0,0.0,43.72,0.619,0.619,7199000000.0,5569000000.0,15935000000.0,15935000000.0,0.0,,,,,82000000.0,3443000000.0,1.0,374295243.0,374295243.0,,42.573,25028000000.0,266000000.0,268000000.0,656000000.0,66.867,3559000000.0
11,VIAC,MRQ,2018-09-30,2018-09-30,2018-09-30,2021-08-25,-634000000.0,21068000000.0,,6040000000.0,15028000000.0,,6.686,-37000000.0,182000000.0,182000000.0,1922000000.0,488000000.0,1.513,7.38,9853000000.0,388000000.0,9465000000.0,9853000000.0,0.0,56000000.0,0.0,0.013,0.18,667000000.0,723000000.0,0.222,723000000.0,667000000.0,552000000.0,1.3,1.29,1.3,2514000000.0,,2514000000.0,31201067125.0,6.0,5.668,100000000.0,0.266,1.0,1341000000.0,0.411,7571000000.0,115000000.0,19175000000.0,,5696000000.0,0.0,0.0,0.0,18554000000.0,3993000000.0,14561000000.0,21603067125.0,-70000000.0,0.0,-102000000.0,0.0,-68000000.0,-171000000.0,-36000000.0,-5000000.0,137000000.0,0.0,488000000.0,488000000.0,488000000.0,0.0,0.0,0.15,668000000.0,673000000.0,229000000.0,0.138,8.593,6.503,9.047,1222000000.0,0.0,57.45,0.793,0.793,3697000000.0,-17762000000.0,3263000000.0,3263000000.0,0.0,,,,,14000000.0,549000000.0,1.0,376032500.0,376032500.0,,8.677,13497000000.0,0.0,64000000.0,631000000.0,35.893,2047000000.0
12,VIAC,MRQ,2018-06-30,2018-06-30,2018-06-30,2021-08-25,-646000000.0,20385000000.0,,6048000000.0,14337000000.0,,5.718,-32000000.0,252000000.0,252000000.0,2184000000.0,400000000.0,1.598,8.407,9850000000.0,386000000.0,9464000000.0,9850000000.0,0.0,56000000.0,0.0,0.013,0.18,629000000.0,685000000.0,0.198,685000000.0,629000000.0,513000000.0,1.06,1.05,1.06,2167000000.0,,2167000000.0,30865729197.0,6.0,5.399,294000000.0,0.776,1.0,1282000000.0,0.37,7576000000.0,116000000.0,18623000000.0,,5073000000.0,0.0,0.0,0.0,18218000000.0,3784000000.0,14434000000.0,21306729197.0,105000000.0,-29000000.0,-202000000.0,149000000.0,-69000000.0,-128000000.0,-93000000.0,-31000000.0,326000000.0,0.0,400000000.0,400000000.0,400000000.0,0.0,0.0,0.115,647000000.0,635000000.0,138000000.0,0.17,9.832,6.219,8.609,1237000000.0,0.0,56.22,0.784,0.784,3597000000.0,-18250000000.0,3466000000.0,3466000000.0,0.0,,,,,47000000.0,532000000.0,1.0,378988424.0,378988424.0,,9.145,12809000000.0,0.0,113000000.0,583000000.0,33.798,2264000000.0
13,VIAC,MRQ,2018-03-31,2018-03-31,2018-03-31,2021-08-25,-653000000.0,20591000000.0,,6191000000.0,14400000000.0,,5.181,-30000000.0,147000000.0,147000000.0,2400000000.0,511000000.0,1.522,9.384,9706000000.0,236000000.0,9470000000.0,9706000000.0,0.0,56000000.0,0.0,0.014,0.18,764000000.0,820000000.0,0.218,820000000.0,764000000.0,646000000.0,1.34,1.32,1.34,1983000000.0,,1983000000.0,29544977254.0,6.0,5.445,687000000.0,1.795,1.0,1361000000.0,0.362,7552000000.0,118000000.0,18529000000.0,,4845000000.0,0.0,0.0,0.0,18608000000.0,4069000000.0,14539000000.0,19667977254.0,-138000000.0,0.0,-170000000.0,-466000000.0,-71000000.0,-765000000.0,-90000000.0,-40000000.0,717000000.0,0.0,511000000.0,511000000.0,511000000.0,0.0,0.0,0.136,600000000.0,761000000.0,230000000.0,0.134,9.918,6.377,9.16,1259000000.0,0.0,51.39,0.73,0.73,3820000000.0,-18650000000.0,3761000000.0,3761000000.0,0.0,,,,,44000000.0,524000000.0,1.0,382719931.0,382719931.0,,9.827,13039000000.0,52000000.0,135000000.0,493000000.0,34.069,2122000000.0
14,VIAC,MRQ,2017-12-31,2017-12-31,2017-12-31,2021-08-25,-662000000.0,20843000000.0,,6273000000.0,14570000000.0,,4.943,-244000000.0,285000000.0,285000000.0,9543000000.0,1975000000.0,1.579,9.537,10162000000.0,698000000.0,9464000000.0,10162000000.0,219000000.0,277000000.0,0.0,0.012,0.18,3000000000.0,3277000000.0,0.195,3277000000.0,3000000000.0,2248000000.0,2.65,2.62,2.65,1978000000.0,,1978000000.0,33155543949.0,8.0,7.121,1208000000.0,3.019,1.0,7221000000.0,0.431,7557000000.0,752000000.0,19191000000.0,,4709000000.0,0.0,0.0,0.0,18865000000.0,3972000000.0,14893000000.0,23610543949.0,62000000.0,850000000.0,182000000.0,-1675000000.0,-392000000.0,-1991000000.0,543000000.0,-71000000.0,1452000000.0,58000000.0,1923000000.0,1923000000.0,1923000000.0,-871000000.0,52000000.0,0.115,4436000000.0,2785000000.0,231000000.0,0.068,11.937,10.173,16.253,1246000000.0,0.0,59.0,0.89,0.89,3697000000.0,-18900000000.0,16764000000.0,16764000000.0,0.0,,,,,103000000.0,3636000000.0,1.0,400178711.0,400178711.0,,41.891,13286000000.0,78000000.0,325000000.0,480000000.0,33.2,2301000000.0
15,VIAC,MRQ,2017-09-30,2017-09-30,2017-09-30,2021-08-25,-726000000.0,23894000000.0,,6294000000.0,17600000000.0,,7.454,-44000000.0,144000000.0,144000000.0,1862000000.0,592000000.0,1.553,6.981,9689000000.0,609000000.0,9080000000.0,9689000000.0,0.0,55000000.0,0.0,0.012,0.18,880000000.0,935000000.0,0.295,935000000.0,880000000.0,764000000.0,1.48,1.46,1.48,2994000000.0,,2994000000.0,32309907756.0,25.0,21.063,5000000.0,0.012,1.0,1309000000.0,0.413,7508000000.0,116000000.0,21879000000.0,,4644000000.0,0.0,0.0,0.0,20900000000.0,4052000000.0,16848000000.0,23295907756.0,-5000000.0,-226000000.0,-224000000.0,508000000.0,-73000000.0,211000000.0,-265000000.0,8000000.0,49000000.0,0.0,592000000.0,592000000.0,592000000.0,-174000000.0,0.0,0.187,599000000.0,710000000.0,233000000.0,0.122,7.781,81.74,72.5,1208000000.0,0.0,58.0,1.753,1.753,3598000000.0,-18859000000.0,3171000000.0,3171000000.0,0.0,,,,,44000000.0,525000000.0,1.0,401653582.0,401653582.0,,7.895,16386000000.0,0.0,172000000.0,700000000.0,40.796,2242000000.0
16,VIAC,MRQ,2017-06-30,2017-06-30,2017-06-30,2021-08-25,-741000000.0,22653000000.0,,5686000000.0,16967000000.0,,6.471,-41000000.0,170000000.0,170000000.0,2004000000.0,58000000.0,1.76,7.623,9184000000.0,286000000.0,8898000000.0,9184000000.0,0.0,56000000.0,0.0,0.011,0.18,338000000.0,394000000.0,0.121,394000000.0,338000000.0,227000000.0,0.14,0.14,0.14,2627000000.0,,2627000000.0,34681917561.0,30.0,25.132,178000000.0,0.438,1.0,1253000000.0,0.385,7518000000.0,111000000.0,20919000000.0,,4019000000.0,0.0,0.0,0.0,20026000000.0,3230000000.0,16796000000.0,25891917561.0,9000000.0,0.0,-311000000.0,251000000.0,-74000000.0,-147000000.0,-63000000.0,-16000000.0,219000000.0,0.0,58000000.0,58000000.0,58000000.0,339000000.0,0.0,0.018,579000000.0,674000000.0,124000000.0,1.286,9.856,151.415,159.45,1214000000.0,0.0,63.78,1.961,1.961,3299000000.0,-19451000000.0,3257000000.0,3257000000.0,0.0,,,,,45000000.0,507000000.0,1.0,405956688.0,405956688.0,,8.023,15135000000.0,41000000.0,169000000.0,628000000.0,37.282,2456000000.0
17,VIAC,MRQ,2017-03-31,2017-03-31,2017-03-31,2021-08-25,-753000000.0,23022000000.0,,5620000000.0,17402000000.0,,7.045,-27000000.0,163000000.0,163000000.0,2074000000.0,-252000000.0,1.641,6.98,8953000000.0,53000000.0,8900000000.0,8953000000.0,173000000.0,55000000.0,0.0,0.01,0.18,-5000000.0,50000000.0,0.015,50000000.0,-5000000.0,-114000000.0,-0.61,-0.61,-0.61,2885000000.0,,2885000000.0,37182356825.0,25.0,21.381,692000000.0,1.69,1.0,1269000000.0,0.38,7520000000.0,109000000.0,20868000000.0,,3747000000.0,0.0,0.0,0.0,20137000000.0,3424000000.0,16713000000.0,28405356825.0,-452000000.0,-21000000.0,-495000000.0,-427000000.0,-77000000.0,-1082000000.0,-89000000.0,-49000000.0,719000000.0,0.0,-252000000.0,-252000000.0,-252000000.0,706000000.0,0.0,-0.075,564000000.0,705000000.0,158000000.0,-0.295,9.846,52.995,57.8,1220000000.0,0.0,69.36,2.198,2.198,3478000000.0,-19509000000.0,3343000000.0,3343000000.0,0.0,,,,,40000000.0,488000000.0,1.0,409535133.0,409535133.0,,8.163,15502000000.0,0.0,138000000.0,716000000.0,37.853,2196000000.0
18,VIAC,MRQ,2016-12-31,2016-12-31,2016-12-31,2021-08-25,-767000000.0,24238000000.0,,6063000000.0,18175000000.0,,8.585,-85000000.0,598000000.0,598000000.0,2138000000.0,-113000000.0,1.635,5.57,9375000000.0,473000000.0,8902000000.0,9375000000.0,152000000.0,57000000.0,0.0,0.01,0.18,98000000.0,155000000.0,0.044,155000000.0,98000000.0,-9000000.0,-0.21,-0.21,-0.21,3689000000.0,,3689000000.0,36115692390.0,16.0,14.303,294000000.0,0.684,1.0,1380000000.0,0.392,7497000000.0,107000000.0,21810000000.0,,3866000000.0,0.0,0.0,0.0,20549000000.0,3708000000.0,16841000000.0,27337692390.0,443000000.0,-41000000.0,-1455000000.0,1753000000.0,-79000000.0,223000000.0,-159000000.0,-37000000.0,379000000.0,0.0,-113000000.0,-113000000.0,-113000000.0,384000000.0,0.0,-0.032,901000000.0,479000000.0,148000000.0,-0.857,7.411,21.679,22.401,1241000000.0,0.0,63.62,2.076,2.076,3314000000.0,-19257000000.0,3518000000.0,3518000000.0,0.0,,,,,42000000.0,520000000.0,1.0,429702804.0,429702804.0,,8.187,16741000000.0,30000000.0,104000000.0,590000000.0,38.959,2355000000.0
19,VIAC,MRQ,2016-09-30,2016-09-30,2016-09-30,2021-08-25,-739000000.0,23848000000.0,,5457000000.0,18391000000.0,,12.029,-42000000.0,179000000.0,179000000.0,1788000000.0,478000000.0,1.761,3.459,8957000000.0,55000000.0,8902000000.0,8957000000.0,141000000.0,54000000.0,0.0,0.012,0.18,727000000.0,781000000.0,0.253,781000000.0,727000000.0,623000000.0,1.08,1.07,1.08,5348000000.0,,5348000000.0,32570499959.0,12.0,11.36,13000000.0,0.029,1.0,1296000000.0,0.42,12030000000.0,104000000.0,17498000000.0,,3696000000.0,0.0,0.0,0.0,18500000000.0,3098000000.0,15402000000.0,24337499959.0,3000000.0,1000000.0,-498000000.0,550000000.0,-67000000.0,-13000000.0,-39000000.0,-1000000.0,55000000.0,0.0,478000000.0,478000000.0,478000000.0,-12000000.0,0.0,0.155,575000000.0,721000000.0,153000000.0,0.167,4.551,14.885,15.163,1345000000.0,0.0,54.74,1.972,1.972,3348000000.0,-19144000000.0,3084000000.0,3084000000.0,0.0,,,,,42000000.0,521000000.0,1.0,444601753.0,444601753.0,,6.937,11818000000.0,39000000.0,145000000.0,1667000000.0,26.581,2359000000.0
20,VIAC,MRQ,2016-06-30,2016-06-30,2016-06-30,2021-08-25,-750000000.0,23138000000.0,,5096000000.0,18042000000.0,,11.893,-35000000.0,176000000.0,176000000.0,1758000000.0,423000000.0,1.651,3.294,8409000000.0,186000000.0,8223000000.0,8409000000.0,156000000.0,57000000.0,0.0,0.011,0.15,696000000.0,753000000.0,0.253,753000000.0,696000000.0,596000000.0,0.94,0.93,0.94,5388000000.0,,5388000000.0,32501504133.0,12.0,11.246,188000000.0,0.415,1.0,1218000000.0,0.409,12035000000.0,100000000.0,16249000000.0,,3293000000.0,0.0,0.0,0.0,17750000000.0,3087000000.0,14663000000.0,24663504133.0,-235000000.0,-3000000.0,-496000000.0,160000000.0,-69000000.0,-414000000.0,-44000000.0,-11000000.0,223000000.0,0.0,423000000.0,423000000.0,423000000.0,-50000000.0,0.0,0.142,571000000.0,647000000.0,121000000.0,0.16,4.577,15.58,15.918,1356000000.0,0.0,54.44,1.971,1.971,3243000000.0,-19622000000.0,2976000000.0,2976000000.0,0.0,,,,,42000000.0,510000000.0,1.0,453040120.0,453040120.0,,6.569,11103000000.0,39000000.0,173000000.0,1574000000.0,24.508,2009000000.0
21,VIAC,MRQ,2016-03-31,2016-03-31,2016-03-31,2021-08-25,-759000000.0,23501000000.0,,5534000000.0,17967000000.0,,11.931,-34000000.0,411000000.0,411000000.0,2272000000.0,473000000.0,1.635,3.286,8249000000.0,23000000.0,8226000000.0,8249000000.0,205000000.0,57000000.0,0.0,0.011,0.15,779000000.0,836000000.0,0.233,836000000.0,779000000.0,679000000.0,1.03,1.02,1.03,5483000000.0,,5483000000.0,33441109283.0,13.0,11.969,994000000.0,2.163,1.0,1316000000.0,0.367,12042000000.0,100000000.0,15913000000.0,,2845000000.0,0.0,0.0,0.0,18018000000.0,3384000000.0,14634000000.0,25316109283.0,88000000.0,-29000000.0,-527000000.0,-204000000.0,-73000000.0,-842000000.0,-98000000.0,-32000000.0,1028000000.0,0.0,473000000.0,473000000.0,473000000.0,-31000000.0,0.0,0.132,554000000.0,762000000.0,196000000.0,0.146,4.617,16.968,17.434,1376000000.0,0.0,55.09,1.984,1.984,3678000000.0,-20045000000.0,3588000000.0,3588000000.0,0.0,,,,,39000000.0,503000000.0,1.0,459540920.0,459540920.0,,7.808,11459000000.0,0.0,206000000.0,1630000000.0,24.936,2150000000.0
22,VIAC,MRQ,2015-12-31,2015-12-31,2015-12-31,2021-08-25,-770000000.0,23765000000.0,,5747000000.0,18018000000.0,,11.798,-67000000.0,317000000.0,317000000.0,2020000000.0,261000000.0,1.614,3.272,8448000000.0,222000000.0,8226000000.0,8448000000.0,294000000.0,36000000.0,0.0,0.013,0.15,461000000.0,497000000.0,0.184,497000000.0,461000000.0,358000000.0,0.56,0.56,0.56,5563000000.0,,5563000000.0,30889193300.0,12.0,11.373,704000000.0,1.493,1.0,675000000.0,0.25,7428000000.0,103000000.0,20908000000.0,,3227000000.0,0.0,0.0,0.0,18202000000.0,3560000000.0,14642000000.0,22223193300.0,190000000.0,303000000.0,-463000000.0,-307000000.0,-72000000.0,-841000000.0,260000000.0,40000000.0,771000000.0,0.0,261000000.0,261000000.0,261000000.0,141000000.0,0.0,0.097,80000000.0,595000000.0,159000000.0,0.268,3.995,15.728,16.14,1253000000.0,0.0,47.13,1.754,1.754,3375000000.0,-20518000000.0,2695000000.0,2695000000.0,0.0,,,,,29000000.0,171000000.0,1.0,471529669.0,471529669.0,,5.715,16337000000.0,101000000.0,97000000.0,495000000.0,34.647,2187000000.0
23,VIAC,MRQ,2015-09-30,2015-09-30,2015-09-30,2021-08-25,-714000000.0,24239000000.0,,5555000000.0,18684000000.0,,12.191,-58000000.0,133000000.0,133000000.0,1842000000.0,426000000.0,1.619,3.123,8799000000.0,323000000.0,8476000000.0,8799000000.0,187000000.0,65000000.0,0.0,0.015,0.15,739000000.0,804000000.0,0.247,804000000.0,739000000.0,637000000.0,0.89,0.88,0.89,5879000000.0,,5879000000.0,27021187433.0,10.0,9.458,-298000000.0,-0.618,1.0,1415000000.0,0.434,12660000000.0,102000000.0,16813000000.0,,3329000000.0,0.0,0.0,0.0,18360000000.0,3432000000.0,14928000000.0,19241187433.0,-187000000.0,10000000.0,-499000000.0,685000000.0,-73000000.0,117000000.0,-64000000.0,-3000000.0,-240000000.0,0.0,426000000.0,426000000.0,426000000.0,0.0,0.0,0.131,666000000.0,749000000.0,169000000.0,0.169,3.273,12.295,12.43,1374000000.0,0.0,39.9,1.555,1.555,3397000000.0,-20779000000.0,3257000000.0,3257000000.0,0.0,,,,,39000000.0,597000000.0,1.0,482235274.0,482235274.0,,6.754,11579000000.0,122000000.0,211000000.0,1645000000.0,24.011,2123000000.0
24,VIAC,MRQ,2015-06-30,2015-06-30,2015-06-30,2021-08-25,-718000000.0,23662000000.0,,5232000000.0,18430000000.0,,12.116,-29000000.0,320000000.0,320000000.0,1907000000.0,332000000.0,1.509,2.968,8100000000.0,414000000.0,7686000000.0,8100000000.0,136000000.0,66000000.0,0.0,0.011,0.15,591000000.0,657000000.0,0.204,657000000.0,591000000.0,497000000.0,0.68,0.67,0.68,5963000000.0,,5963000000.0,34696927342.0,9.0,8.764,417000000.0,0.847,1.0,1312000000.0,0.408,12660000000.0,94000000.0,15315000000.0,,2961000000.0,0.0,0.0,0.0,17699000000.0,3467000000.0,14232000000.0,27313927342.0,-11000000.0,0.0,-740000000.0,390000000.0,-75000000.0,-413000000.0,-44000000.0,-16000000.0,446000000.0,0.0,332000000.0,332000000.0,332000000.0,0.0,0.0,0.103,722000000.0,590000000.0,198000000.0,0.221,4.581,9.832,10.278,1376000000.0,0.0,55.5,2.189,2.189,3124000000.0,-21205000000.0,3219000000.0,3219000000.0,0.0,,,,,43000000.0,605000000.0,1.0,492142835.0,492142835.0,,6.541,11002000000.0,181000000.0,165000000.0,1611000000.0,22.355,1765000000.0
25,VIAC,MRQ,2015-03-31,2015-03-31,2015-03-31,2021-08-25,-729000000.0,23786000000.0,,5220000000.0,18566000000.0,,12.864,-17000000.0,331000000.0,331000000.0,2142000000.0,394000000.0,1.688,2.718,7714000000.0,21000000.0,7693000000.0,7714000000.0,161000000.0,68000000.0,0.0,0.009,0.15,690000000.0,758000000.0,0.217,758000000.0,690000000.0,597000000.0,0.79,0.78,0.79,6397000000.0,,6397000000.0,36867616518.0,10.0,8.942,400000000.0,0.804,1.0,1358000000.0,0.388,12666000000.0,93000000.0,15411000000.0,,2618000000.0,0.0,0.0,0.0,17389000000.0,3092000000.0,14297000000.0,30149616518.0,-97000000.0,58000000.0,-969000000.0,558000000.0,-80000000.0,-516000000.0,2000000.0,-39000000.0,417000000.0,0.0,394000000.0,394000000.0,394000000.0,0.0,0.0,0.113,660000000.0,698000000.0,175000000.0,0.19,4.713,10.45,11.044,1394000000.0,0.0,60.63,2.422,2.422,3295000000.0,-21537000000.0,3500000000.0,3500000000.0,0.0,,,,,46000000.0,588000000.0,1.0,497272250.0,497272250.0,,7.038,11120000000.0,190000000.0,203000000.0,1601000000.0,22.362,2128000000.0
26,VIAC,MRQ,2014-12-31,2014-12-31,2014-12-31,2021-08-25,-735000000.0,23935000000.0,,5485000000.0,18450000000.0,,13.448,-66000000.0,428000000.0,428000000.0,1834000000.0,413000000.0,1.36,2.434,7112000000.0,636000000.0,6476000000.0,7112000000.0,206000000.0,40000000.0,0.0,0.01,0.15,598000000.0,638000000.0,0.266,638000000.0,598000000.0,511000000.0,0.85,0.83,0.85,6970000000.0,,6970000000.0,35462289026.0,9.0,8.382,921000000.0,1.777,1.0,560000000.0,0.234,12706000000.0,87000000.0,13880000000.0,,2739000000.0,0.0,0.0,0.0,16965000000.0,4033000000.0,12932000000.0,28681289026.0,250000000.0,22000000.0,-719000000.0,1749000000.0,-78000000.0,-604000000.0,-133000000.0,-18000000.0,987000000.0,0.0,413000000.0,413000000.0,413000000.0,-214000000.0,0.0,0.173,179000000.0,381000000.0,302000000.0,0.176,4.115,9.693,10.286,1433000000.0,0.0,55.34,2.291,2.291,3459000000.0,-21931000000.0,2394000000.0,2394000000.0,0.0,,,,,20000000.0,178000000.0,1.0,518274106.0,518274106.0,,4.619,11229000000.0,161000000.0,98000000.0,1427000000.0,21.666,1452000000.0
27,VIAC,MRQ,2014-09-30,2014-09-30,2014-09-30,2021-08-25,-547000000.0,23455000000.0,,5404000000.0,18051000000.0,,14.286,-43000000.0,178000000.0,178000000.0,1936000000.0,1639000000.0,1.591,2.117,6959000000.0,451000000.0,6508000000.0,6959000000.0,161000000.0,68000000.0,0.0,0.01,0.15,1838000000.0,1906000000.0,0.566,1906000000.0,1838000000.0,1749000000.0,3.08,3.03,3.08,7526000000.0,,7526000000.0,34170801306.0,8.0,7.713,-379000000.0,-0.719,1.0,1431000000.0,0.425,12457000000.0,89000000.0,14382000000.0,,2757000000.0,0.0,0.0,0.0,15929000000.0,3397000000.0,12532000000.0,28184801306.0,-306000000.0,-25000000.0,-317000000.0,721000000.0,-69000000.0,349000000.0,-319000000.0,-7000000.0,-336000000.0,0.0,1639000000.0,1639000000.0,1639000000.0,-1567000000.0,0.0,0.487,784000000.0,647000000.0,196000000.0,0.049,3.745,9.345,9.853,1394000000.0,0.0,53.5,2.058,2.058,3378000000.0,-22344000000.0,3367000000.0,3367000000.0,0.0,,,,,33000000.0,617000000.0,1.0,526818716.0,526818716.0,,6.391,10998000000.0,238000000.0,110000000.0,1489000000.0,20.876,2007000000.0
28,VIAC,MRQ,2014-06-30,2014-06-30,2014-06-30,2021-08-25,-523000000.0,26316000000.0,,5392000000.0,20924000000.0,,15.839,-41000000.0,261000000.0,261000000.0,1798000000.0,439000000.0,1.624,1.893,6247000000.0,401000000.0,5846000000.0,6247000000.0,148000000.0,71000000.0,0.0,0.008,0.12,750000000.0,821000000.0,0.258,821000000.0,750000000.0,656000000.0,0.77,0.76,0.77,9001000000.0,,9001000000.0,42996917106.0,14.0,12.62,82000000.0,0.144,1.0,1390000000.0,0.436,12746000000.0,94000000.0,16235000000.0,,2509000000.0,0.0,0.0,0.0,17042000000.0,3321000000.0,13721000000.0,35313917106.0,173000000.0,-1000000.0,-320000000.0,-162000000.0,-70000000.0,134000000.0,-84000000.0,-22000000.0,123000000.0,0.0,439000000.0,439000000.0,439000000.0,-21000000.0,0.0,0.138,654000000.0,736000000.0,148000000.0,0.156,3.923,18.874,19.603,1424000000.0,0.0,62.14,2.591,2.591,3002000000.0,-23983000000.0,3188000000.0,3188000000.0,0.0,,,,,44000000.0,589000000.0,1.0,568296059.0,568296059.0,,5.61,13570000000.0,198000000.0,217000000.0,1436000000.0,23.878,2071000000.0
29,VIAC,MRQ,2014-03-31,2014-03-31,2014-03-31,2021-08-25,-543000000.0,26115000000.0,,5077000000.0,21038000000.0,,14.269,-28000000.0,311000000.0,311000000.0,2121000000.0,468000000.0,1.247,2.084,7994000000.0,546000000.0,7448000000.0,7994000000.0,223000000.0,71000000.0,0.0,0.008,0.12,795000000.0,866000000.0,0.243,866000000.0,795000000.0,702000000.0,0.8,0.78,0.8,8467000000.0,,8467000000.0,42709781845.0,13.0,12.499,473000000.0,0.797,1.0,1449000000.0,0.406,14966000000.0,93000000.0,14760000000.0,,2176000000.0,0.0,0.0,0.0,17648000000.0,4072000000.0,13576000000.0,36670781845.0,-86000000.0,6000000.0,-1956000000.0,-39000000.0,-75000000.0,-522000000.0,-65000000.0,-39000000.0,501000000.0,0.0,468000000.0,468000000.0,468000000.0,-6000000.0,0.0,0.131,653000000.0,796000000.0,223000000.0,0.15,4.331,19.26,19.434,2179000000.0,0.0,61.8,2.655,2.655,3301000000.0,-24422000000.0,3570000000.0,3570000000.0,0.0,,,,,40000000.0,587000000.0,1.0,593378347.0,593378347.0,,6.016,11149000000.0,168000000.0,234000000.0,1719000000.0,18.789,1005000000.0
30,VIAC,MRQ,2013-12-31,2013-12-31,2013-12-31,2021-08-25,-545000000.0,26387000000.0,,5370000000.0,21017000000.0,,16.608,-100000000.0,368000000.0,368000000.0,2122000000.0,470000000.0,1.276,1.648,6435000000.0,495000000.0,5940000000.0,6435000000.0,269000000.0,73000000.0,0.0,0.008,0.12,764000000.0,837000000.0,0.234,837000000.0,764000000.0,670000000.0,0.78,0.76,0.78,9966000000.0,,9966000000.0,44329351610.0,14.0,12.954,453000000.0,0.755,1.0,1449000000.0,0.406,12458000000.0,94000000.0,15789000000.0,,2469000000.0,0.0,0.0,0.0,16421000000.0,4207000000.0,12214000000.0,38249351610.0,171000000.0,-21000000.0,-296000000.0,130000000.0,-72000000.0,-226000000.0,-156000000.0,-45000000.0,553000000.0,0.0,470000000.0,470000000.0,470000000.0,-48000000.0,0.0,0.132,725000000.0,724000000.0,286000000.0,0.154,3.838,20.356,20.628,1461000000.0,0.0,63.74,2.731,2.731,3234000000.0,-24890000000.0,3571000000.0,3571000000.0,0.0,,,,,59000000.0,641000000.0,1.0,600083960.0,600083960.0,,5.951,13929000000.0,152000000.0,200000000.0,1368000000.0,23.212,1163000000.0
31,VIAC,MRQ,2013-09-30,2013-09-30,2013-09-30,2021-08-25,-723000000.0,25895000000.0,,4892000000.0,21003000000.0,,15.99,-44000000.0,226000000.0,226000000.0,1801000000.0,494000000.0,1.303,1.678,6306000000.0,362000000.0,5944000000.0,6306000000.0,213000000.0,70000000.0,0.0,0.009,0.12,813000000.0,883000000.0,0.267,883000000.0,813000000.0,720000000.0,0.82,0.8,0.82,9671000000.0,,9671000000.0,39502158147.0,13.0,12.395,225000000.0,0.372,1.0,1501000000.0,0.455,15024000000.0,93000000.0,13198000000.0,,2140000000.0,0.0,0.0,0.0,16224000000.0,3753000000.0,12471000000.0,33361158147.0,-56000000.0,184000000.0,-262000000.0,-115000000.0,-73000000.0,-439000000.0,114000000.0,-3000000.0,269000000.0,0.0,494000000.0,494000000.0,494000000.0,-63000000.0,0.0,0.15,731000000.0,770000000.0,227000000.0,0.146,3.45,18.513,18.826,2200000000.0,0.0,55.16,2.539,2.539,3221000000.0,-25360000000.0,3302000000.0,3302000000.0,0.0,,,,,57000000.0,667000000.0,1.0,604807073.0,604807073.0,,5.46,10871000000.0,269000000.0,226000000.0,1571000000.0,17.974,1139000000.0
32,VIAC,MRQ,2013-06-30,2013-06-30,2013-06-30,2021-08-25,-565000000.0,25693000000.0,,4770000000.0,20923000000.0,,15.647,-34000000.0,282000000.0,282000000.0,1892000000.0,472000000.0,1.247,1.676,6423000000.0,474000000.0,5949000000.0,6423000000.0,149000000.0,31000000.0,0.0,0.01,0.12,800000000.0,831000000.0,0.247,831000000.0,800000000.0,706000000.0,0.78,0.76,0.78,9601000000.0,,9601000000.0,36044082066.0,12.0,11.475,430000000.0,0.701,1.0,1477000000.0,0.438,15049000000.0,94000000.0,12960000000.0,,1994000000.0,0.0,0.0,0.0,16092000000.0,3825000000.0,12267000000.0,29986082066.0,-127000000.0,-21000000.0,-250000000.0,-103000000.0,-74000000.0,-415000000.0,-176000000.0,-103000000.0,464000000.0,0.0,472000000.0,472000000.0,472000000.0,-37000000.0,0.0,0.14,708000000.0,769000000.0,218000000.0,0.154,3.123,17.649,17.967,2228000000.0,0.0,48.87,2.288,2.288,2998000000.0,-25854000000.0,3369000000.0,3369000000.0,0.0,,,,,46000000.0,629000000.0,1.0,613588747.0,613588747.0,,5.491,10644000000.0,261000000.0,234000000.0,1348000000.0,17.347,945000000.0
33,VIAC,MRQ,2013-03-31,2013-03-31,2013-03-31,2021-08-25,-566000000.0,26111000000.0,,5259000000.0,20852000000.0,,14.931,-34000000.0,409000000.0,409000000.0,2474000000.0,443000000.0,1.184,1.78,6467000000.0,566000000.0,5901000000.0,6467000000.0,171000000.0,116000000.0,0.0,0.01,0.12,772000000.0,888000000.0,0.22,888000000.0,772000000.0,677000000.0,0.71,0.69,0.71,9394000000.0,,9394000000.0,34589509768.0,12.0,10.85,553000000.0,0.879,1.0,1566000000.0,0.388,15062000000.0,95000000.0,12667000000.0,,2140000000.0,0.0,0.0,0.0,16717000000.0,4440000000.0,12277000000.0,29375509768.0,-299000000.0,2000000.0,-1231000000.0,546000000.0,-81000000.0,-832000000.0,-54000000.0,-18000000.0,587000000.0,0.0,443000000.0,443000000.0,443000000.0,20000000.0,0.0,0.11,768000000.0,798000000.0,232000000.0,0.169,3.127,17.76,17.958,2215000000.0,0.0,46.69,2.249,2.249,3130000000.0,-26326000000.0,4040000000.0,4040000000.0,0.0,,,,,60000000.0,650000000.0,1.0,629160629.0,629160629.0,,6.421,11049000000.0,257000000.0,234000000.0,1348000000.0,17.561,819000000.0
34,VIAC,MRQ,2012-12-31,2012-12-31,2012-12-31,2021-08-25,-569000000.0,26466000000.0,,5720000000.0,20746000000.0,,16.074,-61000000.0,708000000.0,708000000.0,1447000000.0,393000000.0,1.451,1.591,5922000000.0,18000000.0,5904000000.0,5922000000.0,232000000.0,-48000000.0,0.0,0.012,0.12,633000000.0,585000000.0,0.241,585000000.0,633000000.0,540000000.0,0.62,0.61,0.62,10213000000.0,,10213000000.0,29156512220.0,10.0,9.427,274000000.0,0.431,1.0,982000000.0,0.404,15082000000.0,93000000.0,12657000000.0,,2441000000.0,0.0,0.0,0.0,16253000000.0,3941000000.0,12312000000.0,24176512220.0,-239000000.0,-73000000.0,-270000000.0,-5000000.0,-77000000.0,-342000000.0,-232000000.0,-35000000.0,335000000.0,0.0,393000000.0,393000000.0,393000000.0,-116000000.0,0.0,0.162,459000000.0,523000000.0,386000000.0,0.194,2.367,15.36,15.531,2271000000.0,0.0,38.05,1.886,1.886,3137000000.0,-26769000000.0,2429000000.0,2429000000.0,0.0,,,,,29000000.0,490000000.0,1.0,635387969.0,635387969.0,,3.823,11384000000.0,280000000.0,147000000.0,1254000000.0,17.917,1779000000.0
35,VIAC,MRQ,2012-09-30,2012-09-30,2012-09-30,2021-08-25,-404000000.0,26392000000.0,,5788000000.0,20604000000.0,,16.076,-55000000.0,947000000.0,947000000.0,1717000000.0,391000000.0,1.58,1.565,5927000000.0,20000000.0,5907000000.0,5927000000.0,239000000.0,116000000.0,0.0,0.012,0.12,721000000.0,837000000.0,0.256,837000000.0,721000000.0,627000000.0,0.61,0.6,0.61,10289000000.0,,10289000000.0,28165328083.0,10.0,8.672,167000000.0,0.261,1.0,1549000000.0,0.474,15089000000.0,94000000.0,12620000000.0,,2152000000.0,0.0,0.0,0.0,16103000000.0,3663000000.0,12440000000.0,23252328083.0,-941000000.0,44000000.0,-206000000.0,-888000000.0,-64000000.0,-1138000000.0,-25000000.0,-10000000.0,222000000.0,0.0,391000000.0,391000000.0,391000000.0,-6000000.0,0.0,0.12,764000000.0,785000000.0,345000000.0,0.197,2.26,14.992,15.137,2372000000.0,0.0,36.33,1.714,1.714,3202000000.0,-27162000000.0,3266000000.0,3266000000.0,0.0,,,,,38000000.0,645000000.0,1.0,640031051.0,640031051.0,,5.103,11303000000.0,364000000.0,236000000.0,1276000000.0,17.66,2125000000.0
36,VIAC,MRQ,2012-06-30,2012-06-30,2012-06-30,2021-08-25,-434000000.0,26781000000.0,,6382000000.0,20399000000.0,,15.611,-49000000.0,1888000000.0,1888000000.0,1753000000.0,427000000.0,1.459,1.647,6801000000.0,901000000.0,5900000000.0,6801000000.0,186000000.0,119000000.0,0.0,0.012,0.1,759000000.0,878000000.0,0.264,878000000.0,759000000.0,655000000.0,0.66,0.65,0.66,10118000000.0,,10118000000.0,26376076108.0,10.0,8.217,563000000.0,0.869,1.0,1576000000.0,0.473,15107000000.0,104000000.0,12213000000.0,,1853000000.0,0.0,0.0,0.0,16663000000.0,4374000000.0,12289000000.0,21246076108.0,1094000000.0,1000000.0,-269000000.0,872000000.0,-66000000.0,536000000.0,-54000000.0,-3000000.0,612000000.0,0.0,427000000.0,427000000.0,427000000.0,25000000.0,0.0,0.128,781000000.0,795000000.0,309000000.0,0.152,2.1,14.183,14.252,2394000000.0,0.0,32.78,1.555,1.555,2973000000.0,-27553000000.0,3329000000.0,3329000000.0,0.0,,,,,39000000.0,665000000.0,1.0,648141431.0,648141431.0,,5.136,11674000000.0,363000000.0,228000000.0,1164000000.0,18.012,2008000000.0
37,VIAC,MRQ,2012-03-31,2012-03-31,2012-03-31,2021-08-25,-420000000.0,26393000000.0,,5783000000.0,20610000000.0,,15.412,-35000000.0,794000000.0,794000000.0,2347000000.0,363000000.0,1.393,1.638,5924000000.0,22000000.0,5902000000.0,5924000000.0,262000000.0,119000000.0,0.0,0.012,0.1,674000000.0,793000000.0,0.209,793000000.0,674000000.0,564000000.0,0.56,0.54,0.56,10004000000.0,,10004000000.0,27332433862.0,10.0,8.525,611000000.0,0.941,1.0,1449000000.0,0.382,15185000000.0,110000000.0,12188000000.0,,1999000000.0,0.0,0.0,0.0,16389000000.0,4150000000.0,12239000000.0,22010433862.0,134000000.0,-69000000.0,-224000000.0,-15000000.0,-69000000.0,-372000000.0,-140000000.0,-30000000.0,646000000.0,0.0,363000000.0,363000000.0,363000000.0,31000000.0,0.0,0.096,767000000.0,682000000.0,339000000.0,0.179,2.2,15.014,15.206,2458000000.0,0.0,33.91,1.581,1.581,3332000000.0,-27980000000.0,3796000000.0,3796000000.0,0.0,,,,,41000000.0,642000000.0,1.0,649083865.0,649083865.0,,5.848,11208000000.0,324000000.0,201000000.0,1162000000.0,17.267,1633000000.0
38,VIAC,MRQ,2011-12-31,2011-12-31,2011-12-31,2021-08-25,-439000000.0,26220000000.0,,5549000000.0,20671000000.0,,15.14,-93000000.0,660000000.0,660000000.0,1766000000.0,370000000.0,1.409,1.646,5982000000.0,24000000.0,5958000000.0,5982000000.0,230000000.0,83000000.0,0.0,0.013,0.1,657000000.0,740000000.0,0.233,740000000.0,657000000.0,552000000.0,0.57,0.56,0.57,9908000000.0,,9908000000.0,22804743200.0,9.0,7.637,-24000000.0,-0.037,1.0,1410000000.0,0.444,15092000000.0,105000000.0,12513000000.0,,2231000000.0,0.0,0.0,0.0,16312000000.0,3937000000.0,12375000000.0,17760743200.0,-287000000.0,3000000.0,-148000000.0,-7000000.0,-66000000.0,-216000000.0,-140000000.0,-30000000.0,69000000.0,0.0,370000000.0,370000000.0,370000000.0,86000000.0,0.0,0.116,669000000.0,741000000.0,324000000.0,0.175,1.793,13.61,13.777,2372000000.0,0.0,27.14,1.302,1.302,3086000000.0,-28343000000.0,3176000000.0,3176000000.0,0.0,,,,,29000000.0,539000000.0,1.0,654412056.0,654412056.0,,4.853,11128000000.0,335000000.0,182000000.0,1044000000.0,17.005,1612000000.0
39,VIAC,MRQ,2011-09-30,2011-09-30,2011-09-30,2021-08-25,-273000000.0,26114000000.0,,5466000000.0,20648000000.0,,14.776,-57000000.0,947000000.0,947000000.0,1810000000.0,338000000.0,1.379,1.638,5991000000.0,30000000.0,5961000000.0,5991000000.0,297000000.0,134000000.0,0.0,0.015,0.1,665000000.0,799000000.0,0.237,799000000.0,665000000.0,555000000.0,0.51,0.5,0.51,9898000000.0,,9898000000.0,18301238712.0,8.0,6.268,29000000.0,0.043,1.0,1555000000.0,0.462,15170000000.0,110000000.0,12024000000.0,,1989000000.0,0.0,0.0,0.0,16216000000.0,3964000000.0,12252000000.0,13652238712.0,-399000000.0,-18000000.0,-337000000.0,-5000000.0,-67000000.0,-407000000.0,-78000000.0,5000000.0,86000000.0,0.0,338000000.0,338000000.0,338000000.0,0.0,0.0,0.1,873000000.0,682000000.0,374000000.0,0.196,1.379,11.209,11.198,2525000000.0,0.0,20.38,0.992,0.992,3114000000.0,-28713000000.0,3365000000.0,3365000000.0,0.0,,,,,35000000.0,718000000.0,1.0,669884137.0,669884137.0,,5.023,10944000000.0,313000000.0,217000000.0,980000000.0,16.337,1502000000.0
40,VIAC,MRQ,2011-06-30,2011-06-30,2011-06-30,2021-08-25,-252000000.0,26229000000.0,,5695000000.0,20534000000.0,,14.875,-54000000.0,1346000000.0,1346000000.0,2030000000.0,395000000.0,1.449,1.637,5995000000.0,31000000.0,5964000000.0,5995000000.0,307000000.0,139000000.0,0.0,0.009,0.1,735000000.0,874000000.0,0.244,874000000.0,735000000.0,625000000.0,0.59,0.58,0.59,9948000000.0,,9948000000.0,24075668781.0,10.0,8.351,646000000.0,0.966,1.0,1556000000.0,0.434,15199000000.0,110000000.0,11748000000.0,,1584000000.0,0.0,0.0,0.0,16281000000.0,3931000000.0,12350000000.0,19053668781.0,374000000.0,-2000000.0,-215000000.0,-1000000.0,-36000000.0,-258000000.0,-68000000.0,-16000000.0,700000000.0,0.0,395000000.0,395000000.0,395000000.0,0.0,0.0,0.11,817000000.0,739000000.0,372000000.0,0.169,1.915,15.918,16.006,2595000000.0,0.0,28.49,1.391,1.391,3024000000.0,-29051000000.0,3586000000.0,3586000000.0,0.0,,,,,41000000.0,683000000.0,1.0,668784443.0,668784443.0,,5.362,11030000000.0,360000000.0,230000000.0,851000000.0,16.493,1764000000.0
41,VIAC,MRQ,2011-03-31,2011-03-31,2011-03-31,2021-08-25,-266000000.0,26372000000.0,,5637000000.0,20735000000.0,,14.545,-41000000.0,972000000.0,972000000.0,2276000000.0,202000000.0,1.344,1.697,5994000000.0,26000000.0,5968000000.0,5994000000.0,359000000.0,139000000.0,0.0,0.008,0.05,434000000.0,573000000.0,0.163,573000000.0,434000000.0,324000000.0,0.3,0.29,0.3,9780000000.0,,9780000000.0,22357690842.0,11.0,8.844,853000000.0,1.269,1.0,1234000000.0,0.352,15229000000.0,110000000.0,11970000000.0,,1777000000.0,0.0,0.0,0.0,16592000000.0,4195000000.0,12397000000.0,16836890842.0,492000000.0,-40000000.0,-240000000.0,-6000000.0,-37000000.0,-299000000.0,-103000000.0,-26000000.0,894000000.0,0.0,202000000.0,202000000.0,202000000.0,0.0,0.0,0.058,788000000.0,446000000.0,376000000.0,0.167,1.722,17.686,17.759,2642000000.0,0.0,25.04,1.252,1.252,3146000000.0,-29446000000.0,3510000000.0,3510000000.0,0.0,,,,,34000000.0,658000000.0,1.0,672399794.0,672399794.0,,5.22,11143000000.0,357000000.0,122000000.0,789000000.0,16.572,1442000000.0
42,VIAC,MRQ,2010-12-31,2010-12-31,2010-12-31,2021-08-25,-286000000.0,26143000000.0,,5395000000.0,20748000000.0,,14.424,-91000000.0,480000000.0,480000000.0,1955000000.0,283000000.0,1.34,1.662,6000000000.0,27000000.0,5973000000.0,6000000000.0,292000000.0,76000000.0,0.0,0.01,0.05,598000000.0,674000000.0,0.204,674000000.0,598000000.0,470000000.0,0.42,0.4,0.42,9821000000.0,,9821000000.0,18436219956.0,11.0,8.271,70000000.0,0.103,1.0,1352000000.0,0.409,15148000000.0,128000000.0,12489000000.0,,2116000000.0,0.0,0.0,0.0,16322000000.0,4026000000.0,12296000000.0,12971019956.0,-592000000.0,-1000000.0,3000000.0,-557000000.0,-34000000.0,-585000000.0,-168000000.0,-35000000.0,161000000.0,0.0,283000000.0,283000000.0,283000000.0,98000000.0,0.0,0.086,610000000.0,742000000.0,439000000.0,0.119,1.321,17.916,17.804,2694000000.0,0.0,19.05,0.963,0.963,3248000000.0,-29648000000.0,3307000000.0,3307000000.0,0.0,,,,,29000000.0,553000000.0,1.0,680893436.0,680893436.0,,4.857,10995000000.0,348000000.0,187000000.0,715000000.0,16.148,1369000000.0
43,VIAC,MRQ,2010-09-30,2010-09-30,2010-09-30,2021-08-25,-301800000.0,26488600000.0,,5678700000.0,20809900000.0,,13.995,-63000000.0,1072000000.0,1072000000.0,1916000000.0,317000000.0,1.224,1.78,6537200000.0,570500000.0,5966700000.0,6537200000.0,321400000.0,139000000.0,0.0,0.013,0.05,623000000.0,762000000.0,0.231,762000000.0,623000000.0,496000000.0,0.47,0.46,0.47,9527000000.0,,9527000000.0,16500415052.0,12.0,8.508,260000000.0,0.382,1.0,1381000000.0,0.419,15172200000.0,127000000.0,12140600000.0,,1946700000.0,0.0,0.0,0.0,16961600000.0,4641000000.0,12320600000.0,10796515052.0,234000000.0,15000000.0,37000000.0,-4000000.0,-34000000.0,-37000000.0,-52000000.0,-4000000.0,323000000.0,0.0,317000000.0,317000000.0,317000000.0,0.0,0.0,0.096,746000000.0,635000000.0,397400000.0,0.106,1.133,21.58,21.432,2681800000.0,0.0,15.86,0.791,0.791,3035500000.0,-29930500000.0,3297000000.0,3297000000.0,0.0,,,,,37000000.0,624000000.0,1.0,680738654.0,680738654.0,,4.843,11316400000.0,305300000.0,179000000.0,709600000.0,16.624,1037700000.0
44,VIAC,MRQ,2010-06-30,2010-06-30,2010-06-30,2021-08-25,-329500000.0,26014200000.0,,5241500000.0,20772700000.0,,13.505,-59000000.0,838100000.0,838100000.0,2077000000.0,150000000.0,1.341,1.833,6542000000.0,26100000.0,6515900000.0,6542000000.0,266700000.0,144000000.0,0.0,0.015,0.05,375000000.0,519000000.0,0.156,519000000.0,375000000.0,241000000.0,0.22,0.22,0.22,9183000000.0,,9183000000.0,14890021810.0,13.0,8.52,491000000.0,0.722,1.0,1254000000.0,0.376,15342100000.0,134000000.0,12468300000.0,,1793000000.0,0.0,0.0,0.0,16831200000.0,3907700000.0,12923500000.0,8791921810.0,-35000000.0,-5000000.0,-10000000.0,-466000000.0,-37000000.0,-511000000.0,-74000000.0,-10000000.0,550000000.0,0.0,150000000.0,150000000.0,150000000.0,0.0,0.0,0.045,833000000.0,421000000.0,332700000.0,0.227,0.957,22.491,22.293,2715400000.0,0.0,12.93,0.641,0.641,2895600000.0,-30247800000.0,3331000000.0,3331000000.0,0.0,,,,,37000000.0,673000000.0,1.0,679963017.0,679963017.0,,4.899,10672100000.0,328200000.0,91000000.0,696500000.0,15.695,1333800000.0
45,VIAC,MRQ,2010-03-31,2010-03-31,2010-03-31,2021-08-25,-323800000.0,26756100000.0,,5705200000.0,21050900000.0,,13.376,-41000000.0,872700000.0,872700000.0,2564000000.0,-26000000.0,1.211,1.958,6970800000.0,442500000.0,6528300000.0,6970800000.0,387300000.0,141000000.0,0.0,0.014,0.05,133000000.0,274000000.0,0.078,274000000.0,133000000.0,-5000000.0,-0.04,-0.04,-0.04,9046100000.0,,9046100000.0,15718164184.0,16.0,9.948,660000000.0,0.976,1.0,967000000.0,0.274,15377000000.0,138000000.0,12764900000.0,,2007000000.0,0.0,0.0,0.0,17710000000.0,4712300000.0,12997700000.0,9437964184.0,156000000.0,-2000000.0,-23000000.0,-421000000.0,-37000000.0,-471000000.0,-74000000.0,-31000000.0,701000000.0,0.0,-26000000.0,-26000000.0,-26000000.0,0.0,0.0,-0.007,827000000.0,140000000.0,335600000.0,-1.25,1.043,36.824,36.684,2785600000.0,0.0,13.94,0.705,0.704,3198700000.0,-30397900000.0,3531000000.0,3531000000.0,0.0,,,,,33000000.0,616000000.0,1.0,677041907.0,676300000.0,676300000.0,5.221,11379100000.0,322000000.0,21000000.0,610700000.0,16.826,992900000.0
46,VIAC,MRQ,2009-12-31,2009-12-31,2009-12-31,2021-08-25,-395500000.0,26962000000.0,,5636900000.0,21325100000.0,,13.319,-76500000.0,716700000.0,716700000.0,2270200000.0,59300000.0,1.188,1.989,6996900000.0,443600000.0,6553300000.0,6996900000.0,461500000.0,148100000.0,0.0,0.014,0.05,236400000.0,384500000.0,0.11,384500000.0,236400000.0,96900000.0,0.09,0.08,0.09,9019400000.0,,9019400000.0,16026833020.0,17.0,10.441,294600000.0,0.435,1.0,1228600000.0,0.351,15421200000.0,139500000.0,13074500000.0,,2549200000.0,0.0,0.0,0.0,17942600000.0,4746500000.0,13196100000.0,9514233020.0,242700000.0,44400000.0,18700000.0,-4000000.0,-33500000.0,-64900000.0,-63500000.0,-31900000.0,371100000.0,0.0,59300000.0,59300000.0,59300000.0,0.0,0.0,0.017,987100000.0,241500000.0,436400000.0,0.556,1.055,41.913,41.324,2858700000.0,0.0,14.05,0.731,0.731,2900200000.0,-30371700000.0,3498800000.0,3498800000.0,0.0,,,,,27800000.0,645700000.0,1.0,677169610.0,677169610.0,,5.167,11540800000.0,303400000.0,37600000.0,635900000.0,17.043,890400000.0
47,VIAC,MRQ,2009-09-30,2009-09-30,2009-09-30,2021-08-25,-515800000.0,26560500000.0,,5101300000.0,21459200000.0,,13.053,-46200000.0,473800000.0,473800000.0,2132300000.0,207600000.0,1.209,2.002,6986400000.0,22700000.0,6963700000.0,6986400000.0,409400000.0,147400000.0,0.0,0.035,0.05,422700000.0,570100000.0,0.17,570100000.0,422700000.0,287300000.0,0.31,0.3,0.31,8846200000.0,,8846200000.0,14811873465.0,15.0,9.23,126400000.0,0.187,1.0,1217700000.0,0.363,15615200000.0,135400000.0,13237300000.0,,2313100000.0,0.0,0.0,0.0,17714300000.0,4220600000.0,13493700000.0,8166573465.0,132300000.0,47400000.0,-2200000.0,-3900000.0,-34900000.0,-40600000.0,300000.0,-800000.0,172600000.0,0.0,207600000.0,207600000.0,207600000.0,0.0,0.0,0.062,784500000.0,433200000.0,373600000.0,0.161,0.923,26.881,26.196,2899200000.0,0.0,12.05,0.626,0.626,2726900000.0,-30430500000.0,3350000000.0,3350000000.0,0.0,,,,,41400000.0,620400000.0,1.0,677723939.0,677723939.0,,4.943,10945300000.0,322200000.0,79700000.0,566500000.0,16.15,880700000.0
48,VIAC,MRQ,2009-06-30,2009-06-30,2009-06-30,2021-08-25,-539800000.0,26025900000.0,,4711100000.0,21314800000.0,,12.672,-65100000.0,341500000.0,341500000.0,1984400000.0,15400000.0,1.139,2.023,6986800000.0,22500000.0,6964300000.0,6986800000.0,335200000.0,145200000.0,0.0,0.092,0.05,206200000.0,351400000.0,0.117,351400000.0,206200000.0,72300000.0,0.02,0.02,0.02,8610100000.0,,8610100000.0,11593631107.0,-1.0,-0.929,351700000.0,0.518,1.0,1021900000.0,0.34,15697300000.0,133900000.0,12837000000.0,,2108000000.0,0.0,0.0,0.0,17415800000.0,4136900000.0,13278900000.0,4702031107.0,101900000.0,-1700000.0,-12500000.0,-180400000.0,-44200000.0,-236800000.0,-78100000.0,-11200000.0,416800000.0,0.0,15400000.0,15400000.0,15400000.0,0.0,0.0,0.005,783200000.0,238700000.0,384000000.0,2.5,0.546,-0.38,-0.375,2958400000.0,0.0,6.92,0.36,0.36,2677200000.0,-30638100000.0,3006300000.0,3006300000.0,0.0,,,,,33900000.0,625700000.0,1.0,679484264.0,679484264.0,,4.424,10328600000.0,320800000.0,56900000.0,392500000.0,15.201,574200000.0
49,VIAC,MRQ,2009-03-31,2009-03-31,2009-03-31,2021-08-25,-673500000.0,26405800000.0,,4963500000.0,21442300000.0,,12.613,-74200000.0,239600000.0,239600000.0,2313100000.0,-55300000.0,1.113,2.118,7131200000.0,22500000.0,7108700000.0,7131200000.0,413200000.0,142300000.0,0.0,0.224,0.05,86700000.0,229000000.0,0.072,229000000.0,86700000.0,-46500000.0,-0.08,-0.08,-0.08,8469700000.0,,8469700000.0,9184311648.0,-1.0,-0.769,-95700000.0,-0.143,1.0,846800000.0,0.268,15650600000.0,133200000.0,13185300000.0,,2324000000.0,0.0,0.0,0.0,17936100000.0,4461500000.0,13474600000.0,2607711648.0,-179900000.0,14900000.0,-4000000.0,137300000.0,-184400000.0,-50700000.0,-107700000.0,-48100000.0,-21500000.0,0.0,-55300000.0,-55300000.0,-55300000.0,0.0,0.0,-0.018,751200000.0,95600000.0,354400000.0,-0.625,0.308,-0.218,-0.215,2957100000.0,0.0,3.84,0.194,0.192,2932900000.0,-30653500000.0,3159900000.0,3159900000.0,0.0,,,,,32900000.0,596200000.0,1.0,679091575.0,671500000.0,671500000.0,4.706,10755200000.0,321900000.0,8800000.0,361400000.0,16.017,502000000.0
50,VIAC,MRQ,2008-12-31,2008-12-31,2008-12-31,2021-08-25,-606900000.0,27080900000.0,,5215900000.0,21865000000.0,,12.651,-124500000.0,419500000.0,419500000.0,2251900000.0,136100000.0,1.086,2.15,6996100000.0,21300000.0,6974800000.0,6996100000.0,392000000.0,150700000.0,0.0,0.129,0.27,303500000.0,454200000.0,0.129,454200000.0,303500000.0,164700000.0,0.21,0.21,0.21,8597300000.0,,8597300000.0,12112827432.0,-1.0,-1.052,308300000.0,0.454,1.0,1275000000.0,0.362,15752000000.0,138800000.0,13104600000.0,,2605400000.0,0.0,0.0,0.0,18483600000.0,4800900000.0,13682700000.0,5565827432.0,-133600000.0,-252900000.0,-800000.0,-187000000.0,-181100000.0,-367400000.0,-199000000.0,175000000.0,432800000.0,0.0,136100000.0,136100000.0,136100000.0,0.0,0.0,0.039,980600000.0,294400000.0,462800000.0,1.286,0.647,-0.477,-0.47,3008300000.0,0.0,8.19,0.399,0.399,2749900000.0,-30598200000.0,3526900000.0,3526900000.0,0.0,,,,,27400000.0,678600000.0,1.0,679588209.0,679588209.0,,5.19,11328900000.0,318700000.0,28600000.0,388000000.0,16.67,415000000.0
51,VIAC,MRQ,2008-09-30,2008-09-30,2008-09-30,2021-08-25,-51100000.0,27173700000.0,,5217800000.0,21955900000.0,,13.492,-129400000.0,553100000.0,553100000.0,2050200000.0,-12462200000.0,1.117,1.962,7100100000.0,15800000.0,7084300000.0,7100100000.0,415900000.0,139700000.0,0.0,0.071,0.27,-13659500000.0,-13519800000.0,-4.005,-13519800000.0,-13659500000.0,-13794300000.0,-18.58,-18.58,-18.58,9173500000.0,,9173500000.0,16188774774.0,-1.0,-1.444,-38100000.0,-0.056,1.0,1325500000.0,0.393,15877900000.0,134800000.0,13170600000.0,,2333900000.0,0.0,0.0,0.0,18000200000.0,4672200000.0,13328000000.0,9913274774.0,-260800000.0,-58400000.0,-900000.0,-5300000.0,-181100000.0,-185700000.0,-166400000.0,20100000.0,91300000.0,0.0,-12462200000.0,-12462200000.0,-12462200000.0,0.0,0.0,-3.692,14984900000.0,-13659400000.0,387000000.0,-0.015,1.081,-0.86,-0.849,3030600000.0,0.0,14.58,0.699,0.699,2780400000.0,-30734300000.0,3375700000.0,3375700000.0,0.0,,,,,38300000.0,680800000.0,1.0,679922824.0,679922824.0,,4.965,11295800000.0,316500000.0,-1332100000.0,683800000.0,16.613,545600000.0
52,VIAC,MRQ,2008-06-30,2008-06-30,2008-06-30,2021-08-25,92600000.0,41247800000.0,,5233600000.0,36014200000.0,,32.198,-131400000.0,813900000.0,813900000.0,1962300000.0,408400000.0,1.113,0.881,7089400000.0,16700000.0,7072700000.0,7089400000.0,454400000.0,123400000.0,0.0,0.052,0.27,775600000.0,899000000.0,0.265,899000000.0,775600000.0,641300000.0,0.61,0.61,0.61,21927200000.0,,21927200000.0,18140747018.0,7.0,5.888,464200000.0,0.682,1.0,1431400000.0,0.422,30077800000.0,134300000.0,12745100000.0,,2049000000.0,0.0,0.0,0.0,19320600000.0,4700400000.0,14620200000.0,13273047018.0,-1445000000.0,-1673600000.0,-32000000.0,-4700000.0,-174400000.0,-209300000.0,-1831300000.0,-20000000.0,595600000.0,0.0,408400000.0,408400000.0,408400000.0,0.0,0.0,0.12,669500000.0,761900000.0,364300000.0,0.443,0.605,10.352,10.258,3027300000.0,0.0,19.49,0.942,0.942,2668000000.0,-18272100000.0,3393700000.0,3393700000.0,0.0,,,,,39100000.0,668400000.0,1.0,681018318.0,681018318.0,,4.983,11170000000.0,318000000.0,232900000.0,2002400000.0,16.402,533200000.0
53,VIAC,MRQ,2008-03-31,2008-03-31,2008-03-31,2021-08-25,82200000.0,41031300000.0,,6991800000.0,34039500000.0,,31.83,-88800000.0,2258900000.0,2258900000.0,2386300000.0,244300000.0,1.476,0.894,7126600000.0,14600000.0,7112000000.0,7126600000.0,506500000.0,117800000.0,0.0,0.044,0.25,534300000.0,652100000.0,0.178,652100000.0,534300000.0,395600000.0,0.37,0.36,0.37,21667000000.0,,21667000000.0,20771048847.0,8.0,6.756,938000000.0,1.378,1.0,1267800000.0,0.347,28441600000.0,138700000.0,12720500000.0,,2017900000.0,0.0,0.0,0.0,19364300000.0,4736900000.0,14627400000.0,15030248847.0,912000000.0,147800000.0,18500000.0,-8700000.0,-168800000.0,-157400000.0,42600000.0,-9000000.0,1026800000.0,0.0,244300000.0,244300000.0,244300000.0,0.0,0.0,0.067,743800000.0,524000000.0,328100000.0,0.676,0.694,11.763,11.935,2893000000.0,0.0,22.08,1.068,1.068,2923000000.0,-18680500000.0,3654100000.0,3654100000.0,0.0,,,,,33100000.0,580900000.0,1.0,680717792.0,680717792.0,,5.368,12589700000.0,275200000.0,151300000.0,2095300000.0,18.495,2254900000.0
54,VIAC,MRQ,2007-12-31,2007-12-31,2007-12-31,2021-08-25,10100000.0,40430200000.0,,6030900000.0,34399300000.0,,31.345,-166900000.0,1346900000.0,1346900000.0,2236500000.0,286200000.0,1.369,0.883,7087700000.0,19100000.0,7068600000.0,7087700000.0,378800000.0,119200000.0,0.0,0.034,0.25,641200000.0,760400000.0,0.202,760400000.0,641200000.0,497300000.0,0.43,0.43,0.43,21472400000.0,,21472400000.0,24497125156.0,9.0,7.915,122400000.0,0.179,1.0,1522300000.0,0.405,28533300000.0,143900000.0,13233100000.0,,2520400000.0,0.0,0.0,0.0,18957800000.0,4404600000.0,14553200000.0,18667425156.0,120900000.0,132600000.0,6500000.0,-4400000.0,-167900000.0,-165500000.0,-2900000.0,27600000.0,289300000.0,0.0,286200000.0,286200000.0,286200000.0,-29300000.0,0.0,0.076,846000000.0,676300000.0,352300000.0,0.581,0.869,14.97,15.571,2921500000.0,0.0,27.25,1.326,1.326,2678000000.0,-18924800000.0,3758800000.0,3758800000.0,0.0,,,,,25800000.0,698300000.0,1.0,685043125.0,685043125.0,,5.487,11896900000.0,273700000.0,211100000.0,1986800000.0,17.367,1626300000.0
55,VIAC,MRQ,2007-09-30,2007-09-30,2007-09-30,2021-08-25,-116400000.0,41101700000.0,,5743300000.0,35358400000.0,,28.816,-95600000.0,1226000000.0,1226000000.0,1855000000.0,343300000.0,1.347,0.939,7055700000.0,19800000.0,7035900000.0,7055700000.0,0.0,111800000.0,0.0,0.028,0.25,657500000.0,769300000.0,0.234,769300000.0,657500000.0,515800000.0,0.49,0.48,0.49,21198100000.0,,21198100000.0,27390819107.0,10.0,8.87,270300000.0,0.367,1.0,1426400000.0,0.435,29321900000.0,141700000.0,13346300000.0,,2438100000.0,0.0,0.0,0.0,19903600000.0,4263200000.0,15640400000.0,23172319107.0,-1570800000.0,-16100000.0,-1685700000.0,-4400000.0,-158500000.0,-1847500000.0,-89200000.0,22900000.0,365900000.0,0.0,343300000.0,343300000.0,343300000.0,-3100000.0,0.0,0.105,788900000.0,637500000.0,375600000.0,0.51,1.093,17.883,17.797,2844500000.0,0.0,31.5,1.632,1.632,2592900000.0,-19211000000.0,3281400000.0,3281400000.0,0.0,,,,,29300000.0,668800000.0,1.0,735629178.0,735629178.0,,4.461,11779800000.0,307700000.0,172500000.0,2372300000.0,16.013,1480100000.0
56,VIAC,MRQ,2007-06-30,2007-06-30,2007-06-30,2021-08-25,-184100000.0,42691800000.0,,7428800000.0,35263000000.0,,30.897,-111500000.0,2796800000.0,2796800000.0,1842000000.0,404000000.0,1.69,0.886,7015300000.0,19500000.0,6995800000.0,7015300000.0,0.0,109500000.0,0.0,0.025,0.22,783200000.0,892700000.0,0.265,892700000.0,783200000.0,637700000.0,0.56,0.55,0.56,22633300000.0,,22633300000.0,28755279161.0,11.0,9.295,570500000.0,0.779,1.0,1532900000.0,0.454,29277100000.0,145500000.0,13236200000.0,,2313600000.0,0.0,0.0,0.0,20058500000.0,4397000000.0,15661500000.0,24408579161.0,-581800000.0,-195900000.0,-123900000.0,-664400000.0,-160000000.0,-942900000.0,-320900000.0,-12700000.0,682000000.0,0.0,404000000.0,404000000.0,404000000.0,0.0,0.0,0.12,778700000.0,754200000.0,396100000.0,0.393,1.078,19.228,19.716,2809400000.0,0.0,33.32,1.708,1.708,2541700000.0,-19554200000.0,3374900000.0,3374900000.0,0.0,,,,,30500000.0,673500000.0,1.0,732550395.0,732550395.0,,4.607,13414700000.0,307700000.0,233700000.0,2397700000.0,18.312,3031800000.0
57,VIAC,MRQ,2007-03-31,2007-03-31,2007-03-31,2021-08-25,-224900000.0,43325600000.0,,8257500000.0,35068100000.0,,28.617,-95100000.0,3378600000.0,3378600000.0,2395800000.0,213500000.0,1.551,0.929,7725300000.0,677600000.0,7047700000.0,7725300000.0,0.0,115200000.0,0.0,0.026,0.22,557500000.0,672700000.0,0.184,672700000.0,557500000.0,417700000.0,0.28,0.28,0.28,22465500000.0,,22465500000.0,27982247106.0,10.0,8.353,752900000.0,0.959,1.0,1262000000.0,0.345,29024400000.0,139800000.0,13322500000.0,,2413100000.0,0.0,0.0,0.0,20860100000.0,5325400000.0,15534700000.0,24014547106.0,304000000.0,404100000.0,-1346500000.0,676100000.0,-153900000.0,-821900000.0,277900000.0,-31100000.0,848000000.0,0.0,213500000.0,213500000.0,213500000.0,0.0,0.0,0.058,742200000.0,519800000.0,399600000.0,0.786,1.069,14.58,14.228,2812200000.0,0.0,30.59,1.667,1.667,2835400000.0,-19958300000.0,3657800000.0,3657800000.0,0.0,,,,,21000000.0,625500000.0,1.0,785045672.0,785045672.0,,4.659,14301200000.0,307700000.0,204200000.0,2405600000.0,18.217,2932100000.0
58,VIAC,MRQ,2006-12-31,2006-12-31,2006-12-31,2021-08-25,-246300000.0,43508800000.0,,8144100000.0,35364700000.0,,30.098,-198400000.0,3074600000.0,3074600000.0,2301200000.0,335000000.0,1.851,0.85,7042300000.0,15000000.0,7027300000.0,7042300000.0,268400000.0,113400000.0,0.0,0.024,0.2,639900000.0,753300000.0,0.194,753300000.0,639900000.0,499600000.0,0.44,0.43,0.44,23522500000.0,,23522500000.0,28239088637.0,10.0,8.512,-54800000.0,-0.07,1.0,1581700000.0,0.407,29246500000.0,140300000.0,13830500000.0,,2648500000.0,0.0,0.0,0.0,19986300000.0,4399500000.0,15586800000.0,24367888637.0,-102000000.0,184900000.0,33000000.0,-4100000.0,-153300000.0,-124200000.0,-121400000.0,-107500000.0,143600000.0,0.0,335000000.0,335000000.0,335000000.0,0.0,0.0,0.086,887200000.0,694500000.0,502300000.0,0.455,1.036,14.675,14.369,2813800000.0,0.0,31.18,1.702,1.702,2824000000.0,-20175900000.0,3882900000.0,3882900000.0,0.0,,,,,12600000.0,710000000.0,1.0,781523048.0,781523048.0,,4.968,14262300000.0,307700000.0,164600000.0,2314000000.0,18.249,3744600000.0
59,VIAC,MRQ,2006-09-30,2006-09-30,2006-09-30,2021-08-25,-311100000.0,43485800000.0,,7872500000.0,35613300000.0,,29.78,-82500000.0,3176600000.0,3176600000.0,1921900000.0,316900000.0,1.853,0.871,7047800000.0,14800000.0,7033000000.0,7047800000.0,0.0,109500000.0,0.0,0.143,0.2,665400000.0,774900000.0,0.229,774900000.0,665400000.0,525300000.0,0.41,0.41,0.41,23247600000.0,,23247600000.0,25964410232.0,-4.0,-4.269,324800000.0,0.416,1.0,1456900000.0,0.431,29467400000.0,140100000.0,13640000000.0,,2467200000.0,0.0,0.0,0.0,20238200000.0,4249600000.0,15988600000.0,21990510232.0,114800000.0,-88600000.0,20100000.0,-5400000.0,-135900000.0,-120600000.0,-171900000.0,0.0,407300000.0,0.0,316900000.0,316900000.0,316900000.0,6700000.0,0.0,0.094,819700000.0,637200000.0,426000000.0,0.488,0.946,-2.815,-2.872,2705000000.0,0.0,28.17,1.546,1.546,2582200000.0,-20510900000.0,3378800000.0,3378800000.0,0.0,,,,,20900000.0,701000000.0,1.0,780635791.0,780635791.0,,4.328,14018400000.0,492900000.0,208400000.0,2415800000.0,17.958,3622900000.0
60,VIAC,MRQ,2006-06-30,2006-06-30,2006-06-30,2021-08-25,-332800000.0,43069500000.0,,7510100000.0,35559400000.0,,29.918,-66900000.0,3061800000.0,3061800000.0,1910100000.0,781700000.0,1.76,0.864,7035700000.0,16300000.0,7019400000.0,7035700000.0,0.0,108600000.0,0.0,0.142,0.18,1040500000.0,1149100000.0,0.33,1149100000.0,1040500000.0,899700000.0,1.02,1.02,1.02,23111100000.0,,23111100000.0,26711728748.0,-4.0,-4.724,622800000.0,0.806,1.0,1573000000.0,0.452,29473100000.0,140800000.0,13304000000.0,,2420200000.0,0.0,0.0,0.0,19958400000.0,4266300000.0,15692100000.0,20895828748.0,1775000000.0,1357100000.0,19800000.0,-83100000.0,-124100000.0,-186700000.0,1272000000.0,0.0,689700000.0,0.0,781700000.0,781700000.0,781700000.0,-291900000.0,0.0,0.224,837900000.0,735100000.0,1120700000.0,0.176,0.904,-2.816,-2.902,2704200000.0,0.0,27.05,1.47,1.47,2451900000.0,-20827800000.0,3483100000.0,3483100000.0,0.0,,,,,18300000.0,714100000.0,1.0,772489048.0,772489048.0,,4.509,13596400000.0,0.0,118000000.0,2334000000.0,17.601,3243800000.0
61,VIAC,MRQ,2006-03-31,2006-03-31,2006-03-31,2021-08-25,-422500000.0,42503300000.0,,6196300000.0,36307000000.0,,28.651,-46300000.0,1286800000.0,1286800000.0,2291600000.0,226900000.0,1.395,0.921,7102700000.0,17400000.0,7085300000.0,7102700000.0,0.0,108000000.0,0.0,0.153,0.16,532400000.0,640400000.0,0.179,640400000.0,532400000.0,388100000.0,0.3,0.3,0.3,22127500000.0,,22127500000.0,24765026605.0,-4.0,-4.472,601500000.0,0.779,1.0,1283800000.0,0.359,29705900000.0,144300000.0,14170000000.0,,2511400000.0,0.0,0.0,0.0,20375800000.0,4443300000.0,15932500000.0,18520026605.0,-368500000.0,-101100000.0,12000000.0,-758900000.0,-105800000.0,-852600000.0,-163700000.0,0.0,647800000.0,0.0,226900000.0,226900000.0,226900000.0,7600000.0,0.0,0.063,758500000.0,525300000.0,1284100000.0,0.533,0.837,-2.487,-2.551,3205000000.0,0.0,23.98,1.3,1.3,2770800000.0,-21609500000.0,3575400000.0,3575400000.0,0.0,,,,,12500000.0,647600000.0,1.0,772311368.0,772311368.0,,4.629,12797400000.0,0.0,161200000.0,2269100000.0,16.57,1753000000.0
62,VIAC,MRQ,2005-12-31,2005-12-31,2005-12-31,2021-08-25,-397500000.0,43029600000.0,,6795500000.0,36234100000.0,,14.065,-132200000.0,1655300000.0,1655300000.0,2305400000.0,-9136400000.0,1.263,0.98,7900300000.0,747100000.0,7153200000.0,7900300000.0,265100000.0,116400000.0,0.0,0.137,3.5,-8762900000.0,-8646500000.0,-2.282,-8646500000.0,-8762900000.0,-8958800000.0,-11.54,-11.53,-11.54,21737000000.0,,21737000000.0,49296306033.0,-9.0,-9.601,445200000.0,0.288,1.0,1483500000.0,0.392,29144000000.0,195900000.0,14752000000.0,,2854400000.0,0.0,0.0,0.0,21292600000.0,5378600000.0,15914000000.0,39408306033.0,844500000.0,5283300000.0,-1800800000.0,-2465000000.0,-109600000.0,-4758000000.0,5025100000.0,93900000.0,577400000.0,0.0,-9136400000.0,-9136400000.0,-9136400000.0,-95600000.0,0.0,-2.411,10336700000.0,-8853200000.0,588600000.0,-0.303,1.813,-5.559,-2.84,2736400000.0,0.0,25.5,2.792,2.792,2726100000.0,-21836400000.0,3788900000.0,3788900000.0,0.0,,,,,4500000.0,709200000.0,1.0,1545423766.0,1545423766.0,,2.452,13885600000.0,468900000.0,177600000.0,2106500000.0,8.985,1416900000.0
63,VIAC,MRQ,2005-09-30,2005-09-30,2005-09-30,2021-08-25,-398200000.0,67314700000.0,,6993100000.0,60321600000.0,,25.456,-71500000.0,810800000.0,810800000.0,1948800000.0,708500000.0,1.059,0.668,10698800000.0,63600000.0,10635200000.0,10698800000.0,0.0,108900000.0,0.0,0.0,0.0,1093100000.0,1202000000.0,0.356,1202000000.0,1093100000.0,919400000.0,0.9,0.9,0.9,40354800000.0,,40354800000.0,62219084459.0,-4.0,-4.02,941400000.0,0.594,1.0,1423100000.0,0.422,49156600000.0,173700000.0,21442300000.0,,5726600000.0,0.0,0.0,0.0,26959900000.0,6603800000.0,20356100000.0,52330784459.0,143400000.0,125300000.0,-1155200000.0,169000000.0,-111900000.0,-1107400000.0,237900000.0,-107800000.0,1012900000.0,0.0,708500000.0,708500000.0,708500000.0,-451600000.0,0.0,0.21,791500000.0,631600000.0,1853600000.0,0.0,1.297,-3.193,-1.796,4309200000.0,0.0,33.01,6.143,6.143,3908400000.0,-12700000000.0,3371900000.0,3371900000.0,0.0,,,,,4900000.0,692000000.0,1.0,1585300953.0,1585300953.0,,2.127,18158100000.0,0.0,210900000.0,1540800000.0,11.454,389300000.0
64,VIAC,MRQ,2005-06-30,2005-06-30,2005-06-30,2021-08-25,-409200000.0,67198200000.0,,6725400000.0,60472800000.0,,25.356,-64800000.0,666400000.0,666400000.0,1962900000.0,753800000.0,1.014,0.644,10554700000.0,62500000.0,10492200000.0,10554700000.0,0.0,93900000.0,0.0,0.0,0.0,1171800000.0,1265700000.0,0.36,1265700000.0,1171800000.0,996100000.0,0.94,0.94,0.94,40881200000.0,,40881200000.0,61068248405.0,-4.0,-3.73,970600000.0,0.602,1.0,1550400000.0,0.441,49132800000.0,175700000.0,21318100000.0,,5417800000.0,0.0,0.0,0.0,26317000000.0,6635600000.0,19681400000.0,51625648405.0,200000000.0,-167100000.0,-869200000.0,654100000.0,-113600000.0,-345200000.0,-490200000.0,900000.0,1035400000.0,0.0,753800000.0,753800000.0,753800000.0,-373700000.0,0.0,0.215,758900000.0,791500000.0,1792100000.0,0.0,1.263,-2.935,-1.637,4334900000.0,0.0,32.02,4.904,4.904,3784900000.0,-13408500000.0,3513300000.0,3513300000.0,0.0,,,,,4900000.0,634000000.0,1.0,1612293829.0,1612293829.0,,2.179,18065400000.0,0.0,242300000.0,1569300000.0,11.205,89800000.0
65,VIAC,MRQ,2005-03-31,2005-03-31,2005-03-31,2021-08-25,-377100000.0,66867400000.0,,6615800000.0,60251600000.0,,25.272,-58500000.0,467400000.0,467400000.0,2172000000.0,585000000.0,0.992,0.626,9910000000.0,64700000.0,9845300000.0,9910000000.0,0.0,120900000.0,0.0,0.0,0.0,912900000.0,1033800000.0,0.3,1033800000.0,912900000.0,737800000.0,0.72,0.72,0.72,41136200000.0,,41136200000.0,65479863719.0,-4.0,-4.087,852800000.0,0.524,1.0,1275800000.0,0.37,48963200000.0,175100000.0,20678400000.0,,5513300000.0,0.0,0.0,0.0,25731200000.0,6668400000.0,19062800000.0,56693063719.0,-460800000.0,-24800000.0,-1419900000.0,186500000.0,-116200000.0,-1367100000.0,-5000000.0,106900000.0,911300000.0,0.0,585000000.0,585000000.0,585000000.0,-360000000.0,0.0,0.17,731000000.0,544800000.0,1801700000.0,0.0,1.378,-3.223,-1.736,4624600000.0,0.0,34.83,4.584,4.584,3836200000.0,-14162300000.0,3447800000.0,3447800000.0,0.0,,,,,3300000.0,649800000.0,1.0,1627707830.0,1627707830.0,,2.118,17904200000.0,0.0,152800000.0,1667700000.0,11.0,-52600000.0
66,VIAC,MRQ,2004-12-31,2004-12-31,2004-12-31,2021-08-25,-356000000.0,68002300000.0,,7493500000.0,60508800000.0,,24.647,27500000.0,778200000.0,778200000.0,-189900000.0,-18438900000.0,1.089,0.618,9363600000.0,12100000.0,9351500000.0,9363600000.0,294900000.0,-111000000.0,0.0,0.0,0.0,-18868800000.0,-18979800000.0,10.462,-18979800000.0,-18868800000.0,-19028200000.0,-20.94,-20.93,-20.94,42024300000.0,,42024300000.0,69264237697.0,-4.0,-4.406,819300000.0,0.481,1.0,-1624300000.0,0.895,38626200000.0,159400000.0,31082000000.0,,2589400000.0,0.0,0.0,0.0,25978000000.0,6879500000.0,19098500000.0,62046037697.0,-1715900000.0,-442200000.0,-1832800000.0,31600000.0,-103600000.0,-1940400000.0,-567300000.0,1200000.0,791800000.0,0.0,-18438900000.0,-18438900000.0,-18438900000.0,-1365800000.0,0.0,10.164,17361600000.0,-18985900000.0,1070600000.0,0.0,1.476,-3.553,-1.786,3233000000.0,0.0,36.39,4.389,4.389,2476500000.0,-14747300000.0,-1814200000.0,-1814200000.0,0.0,,,,,0.0,-529600000.0,1.0,1705029890.0,1705029890.0,,-1.064,29376100000.0,201500000.0,-589300000.0,1964700000.0,17.229,614000000.0
67,VIAC,MRQ,2004-09-30,2004-09-30,2004-09-30,2021-08-25,-328600000.0,90566700000.0,,9447400000.0,81119300000.0,,36.591,-105000000.0,2453200000.0,2453200000.0,2795300000.0,-487600000.0,1.236,0.427,9671400000.0,67100000.0,9604300000.0,9671400000.0,0.0,185500000.0,0.0,0.0,0.0,122500000.0,308000000.0,0.057,308000000.0,122500000.0,-54200000.0,-0.28,-0.28,-0.28,63481100000.0,,63481100000.0,66292311016.0,32.0,25.769,664400000.0,0.383,1.0,2584700000.0,0.48,66989300000.0,176700000.0,23152800000.0,,5483600000.0,0.0,0.0,0.0,27085600000.0,7642800000.0,19442800000.0,58222511016.0,930800000.0,421200000.0,39200000.0,-92000000.0,-103400000.0,-140900000.0,302300000.0,49600000.0,769400000.0,0.0,-487600000.0,-487600000.0,-487600000.0,1209300000.0,0.0,-0.091,1233800000.0,1350900000.0,1642300000.0,0.0,0.917,98.465,28.931,5070300000.0,0.0,33.56,3.958,3.958,3936500000.0,3807700000.0,5380000000.0,5380000000.0,0.0,,,,,0.0,1056900000.0,1.0,1734878159.0,1734878159.0,,3.101,23577400000.0,0.0,433400000.0,557300000.0,13.59,1804600000.0
68,VIAC,MRQ,2004-06-30,2004-06-30,2004-06-30,2021-08-25,-379100000.0,89671500000.0,,7916000000.0,81755500000.0,,36.918,-78100000.0,1713300000.0,1713300000.0,2672600000.0,753800000.0,1.143,0.402,9783100000.0,124200000.0,9658900000.0,9783100000.0,0.0,183500000.0,0.0,0.0,0.0,1434800000.0,1618300000.0,0.302,1618300000.0,1434800000.0,1256400000.0,0.44,0.43,0.44,63965400000.0,,63965400000.0,70650381617.0,22.0,19.332,1072700000.0,0.619,1.0,2681400000.0,0.501,69381500000.0,178400000.0,21434900000.0,,5873000000.0,0.0,0.0,0.0,25706100000.0,6924900000.0,18781200000.0,61888981617.0,654000000.0,-3400000.0,-192300000.0,-39400000.0,-103800000.0,-358800000.0,-138000000.0,13400000.0,1150800000.0,0.0,753800000.0,753800000.0,753800000.0,-36600000.0,0.0,0.141,1276900000.0,1404500000.0,2093500000.0,0.0,0.968,34.798,19.413,5820200000.0,0.0,35.72,4.242,4.242,3728900000.0,4398900000.0,5354000000.0,5354000000.0,0.0,,,,,0.0,1114600000.0,1.0,1732614267.0,1732614267.0,,3.09,20290000000.0,0.0,502600000.0,507100000.0,11.711,991100000.0
69,VIAC,MRQ,2004-03-31,2004-03-31,2004-03-31,2021-08-25,-359900000.0,89731500000.0,,7470800000.0,82260700000.0,,36.515,-62300000.0,1059300000.0,1059300000.0,3179600000.0,710500000.0,1.04,0.413,9820700000.0,135600000.0,9685100000.0,9820700000.0,0.0,191800000.0,0.0,0.0,0.0,1137300000.0,1329100000.0,0.251,1329100000.0,1137300000.0,957500000.0,0.41,0.41,0.41,63493000000.0,,63493000000.0,77208723066.0,25.0,21.481,866300000.0,0.498,1.0,2118700000.0,0.4,69421800000.0,179800000.0,21885700000.0,,6077500000.0,0.0,0.0,0.0,26238500000.0,7185400000.0,19053100000.0,68179923066.0,208600000.0,-25900000.0,-397800000.0,-19400000.0,-104400000.0,-589300000.0,-130700000.0,6000000.0,928600000.0,0.0,710500000.0,710500000.0,710500000.0,-92100000.0,0.0,0.134,1074600000.0,1044100000.0,2058800000.0,0.0,1.074,40.48,22.028,5891300000.0,0.0,39.21,4.356,4.356,3894600000.0,3748600000.0,5298300000.0,5298300000.0,0.0,,,,,0.0,872300000.0,1.0,1738840170.0,1738840170.0,,3.047,20309700000.0,0.0,247000000.0,767900000.0,11.68,285400000.0
70,VIAC,MRQ,2003-12-31,2003-12-31,2003-12-31,2021-08-25,-351200000.0,90225500000.0,,7768400000.0,82457100000.0,,36.133,25500000.0,617300000.0,617300000.0,-155800000.0,-385400000.0,1.023,0.428,9659600000.0,51500000.0,9608100000.0,9659600000.0,558500000.0,-47200000.0,0.0,0.0,0.0,-635600000.0,-682800000.0,0.516,-682800000.0,-635600000.0,-789300000.0,0.59,0.59,0.59,63205000000.0,,63205000000.0,86918756143.0,30.0,25.859,974700000.0,0.557,1.0,-1167400000.0,0.882,67363700000.0,153700000.0,24309400000.0,,5239900000.0,0.0,0.0,0.0,27020500000.0,7594700000.0,19425800000.0,77631356143.0,91800000.0,1269300000.0,-387100000.0,53500000.0,-104600000.0,-650100000.0,-207300000.0,900000.0,949200000.0,0.0,-385400000.0,-385400000.0,-385400000.0,-149100000.0,0.0,0.291,-359300000.0,-808100000.0,1685300000.0,0.0,1.228,54.79,27.395,4635100000.0,0.0,44.38,5.727,5.727,4163300000.0,3141900000.0,-1323200000.0,-1323200000.0,0.0,,,,,0.0,-303300000.0,1.0,1749241914.0,1749241914.0,,-0.756,22861800000.0,69000000.0,-403900000.0,483600000.0,13.07,173700000.0
71,VIAC,MRQ,2003-09-30,2003-09-30,2003-09-30,2021-08-25,-420600000.0,90935500000.0,,7511900000.0,83423600000.0,,36.533,-30200000.0,758900000.0,758900000.0,2910000000.0,699600000.0,1.01,0.418,10046300000.0,332800000.0,9713500000.0,10046300000.0,0.0,61300000.0,0.0,0.0,0.0,1328700000.0,1390000000.0,0.264,1390000000.0,1328700000.0,1136000000.0,0.4,0.4,0.4,64122300000.0,,64122300000.0,77065157207.0,16.0,14.689,807300000.0,0.46,1.0,2349000000.0,0.447,70725700000.0,192700000.0,22056600000.0,,6043700000.0,0.0,0.0,0.0,26813200000.0,7440600000.0,19372600000.0,67224357207.0,-122400000.0,-30400000.0,-134000000.0,-485500000.0,0.0,-813600000.0,-146300000.0,6800000.0,837500000.0,0.0,699600000.0,699600000.0,699600000.0,-51700000.0,0.0,0.133,1074300000.0,1274700000.0,2120000000.0,0.0,1.048,27.386,27.357,6012700000.0,0.0,38.3,3.522,3.522,3821900000.0,3631700000.0,5259000000.0,5259000000.0,0.0,,,,,0.0,884500000.0,1.0,1755205149.0,1755205149.0,,2.996,20209800000.0,0.0,436400000.0,1405600000.0,11.514,71300000.0
72,VIAC,MRQ,2003-06-30,2003-06-30,2003-06-30,2021-08-25,-426100000.0,90715800000.0,,7087500000.0,83628300000.0,,36.254,-121500000.0,881300000.0,881300000.0,3715900000.0,659600000.0,0.993,0.425,10722100000.0,362000000.0,10360100000.0,10722100000.0,0.0,246400000.0,0.0,0.0,0.0,1311500000.0,1557900000.0,0.243,1557900000.0,1311500000.0,1115700000.0,0.38,0.37,0.38,63660200000.0,,63660200000.0,86075880811.0,19.0,16.059,889800000.0,0.507,1.0,2702400000.0,0.421,70743500000.0,195800000.0,22673400000.0,,5845100000.0,0.0,0.0,0.0,27055600000.0,7139700000.0,19915900000.0,76664480811.0,217200000.0,-1251700000.0,-19000000.0,576100000.0,0.0,555100000.0,-1349200000.0,24500000.0,1011300000.0,0.0,659600000.0,659600000.0,659600000.0,0.0,0.0,0.103,1378400000.0,1324000000.0,2008700000.0,0.0,1.204,32.005,31.869,6099200000.0,0.0,43.66,3.808,3.808,3399500000.0,3036700000.0,6418300000.0,6418300000.0,0.0,,,,,0.0,1140500000.0,1.0,1755943216.0,1755943216.0,,3.655,19972300000.0,0.0,456100000.0,1249400000.0,11.374,-52200000.0
73,VIAC,MRQ,2003-03-31,2003-03-31,2003-03-31,2021-08-25,-533600000.0,89165400000.0,,6620200000.0,82545200000.0,,35.804,-107900000.0,664100000.0,664100000.0,3873200000.0,443100000.0,0.954,0.418,10075500000.0,293100000.0,9782400000.0,10075500000.0,0.0,241200000.0,0.0,0.0,0.0,966800000.0,1208000000.0,0.2,1208000000.0,966800000.0,773300000.0,0.25,0.25,0.25,62891600000.0,,62891600000.0,73921589270.0,17.0,14.261,591500000.0,0.337,1.0,2177600000.0,0.36,69582100000.0,193500000.0,22054900000.0,,5792400000.0,0.0,0.0,0.0,26273800000.0,6939800000.0,19334000000.0,64148789270.0,32700000.0,-51200000.0,-159800000.0,-345900000.0,0.0,-507100000.0,-159600000.0,0.0,699400000.0,0.0,443100000.0,443100000.0,443100000.0,0.0,0.0,0.073,1178400000.0,999200000.0,1864000000.0,0.0,1.02,28.107,28.092,6054700000.0,0.0,36.52,3.279,3.279,3251400000.0,2377100000.0,6050800000.0,6050800000.0,0.0,,,,,0.0,949600000.0,1.0,1756538589.0,1756538589.0,,3.445,19583300000.0,0.0,330200000.0,0.0,11.149,-319600000.0
74,VIAC,MRQ,2002-12-31,2002-12-31,2002-12-31,2021-08-25,-580500000.0,90043200000.0,,7166800000.0,82876400000.0,,35.482,-66900000.0,631400000.0,631400000.0,12200000.0,652400000.0,0.976,0.441,10404200000.0,199000000.0,10205200000.0,10404200000.0,604600000.0,5800000.0,0.0,0.0,0.0,1084800000.0,1090600000.0,0.803,1090600000.0,1084800000.0,929800000.0,0.37,0.37,0.37,62487800000.0,,62487800000.0,82082471737.0,29.0,22.961,1103900000.0,0.627,1.0,1346400000.0,0.991,69598900000.0,155000000.0,22871100000.0,,5859700000.0,0.0,0.0,0.0,27555400000.0,7346000000.0,20209400000.0,71782271737.0,110400000.0,66300000.0,-294600000.0,-303400000.0,0.0,-793500000.0,-266900000.0,-14400000.0,1170800000.0,0.0,652400000.0,652400000.0,652400000.0,-164600000.0,0.0,0.48,451900000.0,894500000.0,2143000000.0,0.0,1.149,98.915,99.415,6112700000.0,0.0,40.76,3.741,3.741,3721000000.0,1934000000.0,1358600000.0,1358600000.0,0.0,,,,,0.0,431200000.0,1.0,1761095970.0,1761095970.0,,0.771,20444300000.0,527600000.0,277400000.0,102900000.0,11.609,-179200000.0
75,VIAC,MRQ,2002-09-30,2002-09-30,2002-09-30,2021-08-25,-129400000.0,89788200000.0,,7262500000.0,82525700000.0,,35.458,-125100000.0,521000000.0,521000000.0,3712300000.0,640300000.0,1.016,0.435,10821200000.0,357300000.0,10463900000.0,10821200000.0,0.0,237900000.0,0.0,0.0,0.0,1265600000.0,1503500000.0,0.238,1503500000.0,1265600000.0,1052600000.0,0.37,0.36,0.37,62569500000.0,,62569500000.0,81601215973.0,36.0,21.706,213700000.0,0.121,1.0,2594200000.0,0.411,69938400000.0,213000000.0,23003000000.0,,5766300000.0,0.0,0.0,0.0,27218700000.0,7147000000.0,20071700000.0,71555515973.0,-133800000.0,-138900000.0,-271700000.0,59900000.0,0.0,-212600000.0,-260000000.0,14400000.0,338800000.0,0.0,640300000.0,640300000.0,640300000.0,0.0,0.0,0.102,1305700000.0,1288500000.0,2229200000.0,0.0,1.144,2323.231,2027.5,6064700000.0,0.0,40.55,2.998,2.998,3390800000.0,1281600000.0,6306500000.0,6306500000.0,0.0,,,,,0.0,1068100000.0,1.0,1764624315.0,1764624315.0,,3.574,19849800000.0,0.0,412300000.0,0.0,11.249,115500000.0
76,VIAC,MRQ,2002-06-30,2002-06-30,2002-06-30,2021-08-25,-110200000.0,88994300000.0,,6791800000.0,82202500000.0,,35.194,-113300000.0,654800000.0,654800000.0,3369800000.0,546500000.0,0.954,0.431,10700500000.0,337400000.0,10363100000.0,10700500000.0,0.0,238700000.0,0.0,0.0,0.0,1142600000.0,1381300000.0,0.236,1381300000.0,1142600000.0,920700000.0,0.31,0.31,0.31,62207100000.0,,62207100000.0,88718640739.0,73.0,27.343,1030100000.0,0.583,1.0,2479700000.0,0.424,69866600000.0,221900000.0,22053000000.0,,5303500000.0,0.0,0.0,0.0,26787200000.0,7120400000.0,19666800000.0,78425640739.0,109500000.0,-680600000.0,-54800000.0,-201100000.0,0.0,-256600000.0,-777300000.0,0.0,1143400000.0,0.0,546500000.0,546500000.0,546500000.0,0.0,0.0,0.093,1329200000.0,1150500000.0,2207100000.0,0.0,1.261,-98.044,-96.457,6171700000.0,0.0,44.37,3.369,3.369,3076600000.0,641300000.0,5849500000.0,5849500000.0,0.0,,,,,0.0,1063200000.0,1.0,1767537542.0,1767537542.0,,3.309,19127700000.0,0.0,374200000.0,0.0,10.822,-328600000.0
77,VIAC,MRQ,2002-03-31,2002-03-31,2002-03-31,2021-08-25,-170000000.0,88441400000.0,,6827000000.0,81614400000.0,,34.879,-91200000.0,545300000.0,545300000.0,3641200000.0,-1113500000.0,0.962,0.437,10838300000.0,313400000.0,10524900000.0,10838300000.0,0.0,229400000.0,0.0,0.0,0.0,-629900000.0,-400500000.0,-0.071,-400500000.0,-629900000.0,-839100000.0,-0.64,-0.63,-0.64,61535000000.0,,61535000000.0,95731087106.0,144.0,29.603,380200000.0,0.216,1.0,2031000000.0,0.358,69135100000.0,209200000.0,22506000000.0,,5378100000.0,0.0,0.0,0.0,26906400000.0,7093300000.0,19813100000.0,85335787106.0,-182100000.0,-53200000.0,-202800000.0,-312100000.0,0.0,-515500000.0,-138000000.0,0.0,471400000.0,0.0,-1113500000.0,-1113500000.0,-1113500000.0,0.0,0.0,-0.196,1156500000.0,874500000.0,2073100000.0,0.0,1.387,-64.177,-63.645,6229100000.0,0.0,48.37,3.687,3.687,3272500000.0,94800000.0,5672200000.0,5672200000.0,0.0,,,,,0.0,936100000.0,1.0,1764229628.0,1764229628.0,,3.215,19306300000.0,0.0,274400000.0,0.0,10.943,-266300000.0
78,VIAC,MRQ,2001-12-31,2001-12-31,2001-12-31,2021-08-25,-152700000.0,90809900000.0,,6755700000.0,84054200000.0,,35.366,-185900000.0,727400000.0,727400000.0,3911300000.0,-42500000.0,0.893,0.448,11122700000.0,299000000.0,10823700000.0,11122700000.0,527700000.0,782700000.0,0.0,0.0,0.0,492400000.0,1275100000.0,0.211,1275100000.0,492400000.0,269800000.0,-0.02,-0.02,-0.02,62716800000.0,,62716800000.0,89759032258.0,54.0,18.886,1377700000.0,0.777,1.0,2128600000.0,0.352,70990100000.0,222600000.0,22653400000.0,,5254300000.0,0.0,0.0,0.0,28093100000.0,7561700000.0,20531400000.0,78292932258.0,202100000.0,-132700000.0,-210800000.0,-838400000.0,0.0,-1050200000.0,-311300000.0,7300000.0,1563600000.0,0.0,-42500000.0,-42500000.0,-42500000.0,0.0,0.0,-0.007,1560800000.0,567800000.0,2254400000.0,0.0,1.248,-350.304,-339.615,6335200000.0,0.0,44.15,3.371,3.371,3581800000.0,1208300000.0,6039900000.0,6039900000.0,0.0,,,,,0.0,949500000.0,1.0,1773339349.0,1773339349.0,,3.406,19819800000.0,359700000.0,312300000.0,1225200000.0,11.177,-806000000.0
79,VIAC,MRQ,2001-09-30,2001-09-30,2001-09-30,2021-08-25,-193000000.0,91582700000.0,,7075700000.0,84507000000.0,,35.255,-121700000.0,525300000.0,525300000.0,3707600000.0,-190400000.0,0.926,0.458,11991400000.0,266400000.0,11725000000.0,11991400000.0,0.0,783200000.0,0.0,0.0,0.0,205500000.0,988700000.0,0.173,988700000.0,205500000.0,-21000000.0,-0.11,-0.11,-0.11,62823500000.0,,62823500000.0,72978838033.0,42.0,15.23,421200000.0,0.236,1.0,2006200000.0,0.351,71313800000.0,226500000.0,24092200000.0,,5141800000.0,0.0,0.0,0.0,28759200000.0,7642800000.0,21116400000.0,61478238033.0,-338600000.0,-43900000.0,-321500000.0,-396600000.0,0.0,-718100000.0,-163400000.0,2200000.0,542900000.0,0.0,-190400000.0,-190400000.0,-190400000.0,0.0,0.0,-0.033,1840800000.0,165400000.0,980600000.0,0.0,0.979,-408.222,-1725.0,6445700000.0,0.0,34.5,2.612,2.612,3843300000.0,1250800000.0,5713800000.0,5713800000.0,0.0,,,,,0.0,1029300000.0,1.0,1781977914.0,1781977914.0,,3.206,20268900000.0,0.0,169400000.0,0.0,11.374,-567100000.0
80,VIAC,MRQ,2001-06-30,2001-06-30,2001-06-30,2021-08-25,-205800000.0,92115200000.0,,7038500000.0,85076700000.0,,35.574,-102800000.0,863900000.0,863900000.0,3114800000.0,16700000.0,0.904,0.455,12364500000.0,219600000.0,12144900000.0,12364500000.0,0.0,775900000.0,0.0,0.0,0.0,594600000.0,1370500000.0,0.24,1370500000.0,594600000.0,331400000.0,0.01,0.01,0.01,63328500000.0,,63328500000.0,104213505342.0,47.0,20.095,846600000.0,0.476,1.0,2602100000.0,0.455,71878200000.0,263200000.0,23949100000.0,,5298800000.0,0.0,0.0,0.0,28786700000.0,7788500000.0,20998200000.0,92124205342.0,-83900000.0,-114800000.0,-119300000.0,-707200000.0,0.0,-826500000.0,-206800000.0,10800000.0,949400000.0,0.0,16700000.0,16700000.0,16700000.0,0.0,0.0,0.003,2014300000.0,587800000.0,1017700000.0,0.0,1.455,1258.527,470.455,6547300000.0,0.0,51.75,3.898,3.898,3652400000.0,1441200000.0,5716900000.0,5716900000.0,0.0,,,,,0.0,1240400000.0,1.0,1780177881.0,1780177881.0,,3.211,20237000000.0,0.0,314700000.0,0.0,11.368,-750000000.0
81,VIAC,MRQ,2001-03-31,2001-03-31,2001-03-31,2021-08-25,-201100000.0,92550200000.0,,7856200000.0,84694000000.0,,35.608,-105000000.0,947800000.0,947800000.0,3593900000.0,-7300000.0,1.011,0.458,13037100000.0,150000000.0,12887100000.0,13037100000.0,0.0,745200000.0,0.0,0.0,0.0,373100000.0,1118300000.0,0.194,1118300000.0,373100000.0,116200000.0,0.0,0.0,0.0,63458300000.0,,63458300000.0,90124473654.0,69.0,22.24,348200000.0,0.195,1.0,2158300000.0,0.375,71867000000.0,256900000.0,25000000000.0,,5358700000.0,0.0,0.0,0.0,29091900000.0,7772500000.0,21319400000.0,78361273654.0,13300000.0,-431100000.0,-229900000.0,300500000.0,0.0,69100000.0,-509000000.0,27100000.0,453200000.0,0.0,-7300000.0,-7300000.0,-7300000.0,0.0,0.0,-0.001,1764400000.0,393900000.0,923100000.0,,1.235,-178.459,-141.839,6465600000.0,0.0,43.97,3.441,3.441,3986400000.0,1424500000.0,5752200000.0,5752200000.0,0.0,,,,,0.0,1009400000.0,1.0,1782153142.0,1782153142.0,,3.228,20683200000.0,0.0,123500000.0,0.0,11.606,83700000.0
82,VIAC,MRQ,2000-12-31,2000-12-31,2000-12-31,2021-08-25,-152500000.0,82646100000.0,,7832400000.0,74813700000.0,,31.703,-236900000.0,934500000.0,934500000.0,3684700000.0,30400000.0,1.01,0.723,12697700000.0,223900000.0,12473800000.0,12697700000.0,605900000.0,763000000.0,0.0,0.0,0.0,551400000.0,1314400000.0,0.207,1314400000.0,551400000.0,290000000.0,0.08,0.08,0.08,47966900000.0,,47966900000.0,82618399811.0,112.0,27.916,941500000.0,0.622,1.0,2671500000.0,0.42,62004100000.0,261400000.0,24647000000.0,,5034900000.0,0.0,0.0,0.0,34679200000.0,7758200000.0,26921000000.0,70734199811.0,-58200000.0,-452100000.0,-332300000.0,-241200000.0,0.0,-574300000.0,-662300000.0,29400000.0,1178400000.0,0.0,30400000.0,30400000.0,30400000.0,0.0,0.0,0.005,2049400000.0,622100000.0,2481400000.0,0.0,1.475,-86.673,-69.776,6601800000.0,0.0,46.75,3.529,3.529,3964100000.0,1431800000.0,6356200000.0,6356200000.0,0.0,,,,,0.0,1309700000.0,1.0,1513031012.0,1513031012.0,,4.201,20642000000.0,336300000.0,259600000.0,1236500000.0,13.643,74200000.0
83,VIAC,MRQ,2000-09-30,2000-09-30,2000-09-30,2021-08-25,-125700000.0,82423400000.0,,7519800000.0,74903600000.0,,31.778,-130200000.0,992700000.0,992700000.0,3201300000.0,33400000.0,1.065,0.71,12876900000.0,238000000.0,12638900000.0,12876900000.0,0.0,680300000.0,0.0,0.0,0.0,702600000.0,1382900000.0,0.238,1382900000.0,702600000.0,457600000.0,0.02,0.02,0.02,48195300000.0,,48195300000.0,99321598115.0,179.0,44.253,479100000.0,0.316,1.0,2609500000.0,0.449,61643400000.0,245000000.0,25605000000.0,,4866800000.0,0.0,0.0,0.0,34228100000.0,7059200000.0,27168900000.0,88722398115.0,85700000.0,-1577700000.0,-289000000.0,1330100000.0,0.0,1043300000.0,-1566900000.0,137100000.0,609300000.0,0.0,33400000.0,33400000.0,33400000.0,0.0,0.0,0.006,1849100000.0,760400000.0,1163300000.0,0.0,1.841,-124.366,-78.0,6536900000.0,0.0,58.5,5.14,5.14,3501900000.0,1401400000.0,5810800000.0,5810800000.0,0.0,,,,,0.0,1169300000.0,1.0,1516622190.0,1516622190.0,,3.831,20780000000.0,0.0,424200000.0,0.0,13.702,460600000.0
84,VIAC,MRQ,2000-06-30,2000-06-30,2000-06-30,2021-08-25,-77300000.0,83725200000.0,,7204200000.0,76521000000.0,,72.335,-186200000.0,907000000.0,907000000.0,2826000000.0,-495600000.0,1.016,0.701,11506200000.0,375500000.0,11130700000.0,11506200000.0,0.0,551000000.0,0.0,0.0,0.0,-314300000.0,236700000.0,0.049,236700000.0,-314300000.0,-507700000.0,-0.41,-0.41,-0.41,49219800000.0,,49219800000.0,52528323328.0,327.0,37.834,240800000.0,0.354,1.0,2024900000.0,0.417,61216100000.0,193400000.0,26015400000.0,,4722100000.0,0.0,0.0,0.0,34505400000.0,7092900000.0,27412500000.0,46397623328.0,209500000.0,-332300000.0,-405600000.0,711700000.0,0.0,220500000.0,-438000000.0,74600000.0,427000000.0,0.0,-495600000.0,-495600000.0,-495600000.0,0.0,0.0,-0.102,2319800000.0,-294900000.0,1100100000.0,0.0,0.943,-71.37,-108.234,6569100000.0,0.0,68.188,3.139,3.139,3284400000.0,1368000000.0,4850900000.0,4850900000.0,0.0,,,,,0.0,1053600000.0,1.0,680441772.0,680441772.0,,7.129,22509100000.0,0.0,-12100000.0,1895000000.0,33.08,111300000.0
85,VIAC,MRQ,2000-03-31,2000-03-31,2000-03-31,2021-08-25,-37000000.0,24323500000.0,,4951600000.0,19371900000.0,,14.934,-105700000.0,697500000.0,697500000.0,1995100000.0,-384300000.0,1.242,1.331,6828200000.0,281300000.0,6546900000.0,6828200000.0,0.0,229200000.0,0.0,0.0,0.0,-203700000.0,25500000.0,0.008,25500000.0,-203700000.0,-326200000.0,-0.55,-0.54,-0.55,10433300000.0,,10433300000.0,42164961811.0,56.0,25.921,2900000.0,0.004,1.0,1030700000.0,0.341,11410900000.0,122500000.0,15055800000.0,,4791500000.0,0.0,0.0,0.0,13890200000.0,3987500000.0,9902700000.0,36853761811.0,16700000.0,-66500000.0,-731500000.0,833200000.0,0.0,101800000.0,-193700000.0,-14400000.0,108600000.0,0.0,-384300000.0,-384300000.0,-384300000.0,0.0,0.0,-0.127,788600000.0,242100000.0,1603600000.0,0.0,3.532,-387.119,-405.769,3399900000.0,0.0,52.75,2.849,2.849,1530000000.0,2323900000.0,3025800000.0,3025800000.0,0.0,,,,,0.0,561100000.0,1.0,698649513.0,698649513.0,,4.331,12912600000.0,0.0,58100000.0,3100000.0,18.482,964100000.0
86,VIAC,MRQ,1999-12-31,1999-12-31,1999-12-31,2021-08-25,-30200000.0,24486400000.0,,5198400000.0,19288000000.0,,15.972,-202600000.0,680800000.0,680800000.0,2331000000.0,133100000.0,1.182,1.2,5992000000.0,294300000.0,5697700000.0,5992000000.0,371400000.0,228900000.0,0.0,0.0,0.0,370400000.0,599300000.0,0.168,599300000.0,370400000.0,248900000.0,0.19,0.18,0.19,11132000000.0,,11132000000.0,47722955741.0,40.0,23.405,379800000.0,0.545,1.0,1241400000.0,0.347,11478900000.0,121500000.0,13919000000.0,,4789000000.0,0.0,0.0,0.0,13354400000.0,4399700000.0,8954700000.0,42124155741.0,6600000.0,56600000.0,0.0,-344600000.0,0.0,-324300000.0,-251500000.0,-67800000.0,582400000.0,0.0,133100000.0,133100000.0,133100000.0,0.0,0.0,0.037,860200000.0,381200000.0,1631600000.0,0.0,3.784,130.983,131.386,3425300000.0,0.0,60.438,3.276,3.276,1697400000.0,2247900000.0,3572400000.0,3572400000.0,0.0,,,,,0.0,646200000.0,1.0,696987065.0,696987065.0,,5.125,13007500000.0,0.0,115800000.0,1000000.0,18.662,798700000.0
87,VIAC,MRQ,1999-09-30,1999-09-30,1999-09-30,2021-08-25,-32500000.0,24268200000.0,,4982000000.0,19286200000.0,,15.672,-183200000.0,674200000.0,674200000.0,2119300000.0,96700000.0,1.19,1.223,6273000000.0,131200000.0,6141800000.0,6273000000.0,0.0,218700000.0,0.0,0.0,0.0,308200000.0,526900000.0,0.158,526900000.0,308200000.0,189900000.0,0.14,0.14,0.14,10918000000.0,,10918000000.0,35569927813.0,34.0,20.417,-99400000.0,-0.143,1.0,1212700000.0,0.364,11424100000.0,118300000.0,14257600000.0,,4709700000.0,0.0,0.0,0.0,13350200000.0,4185300000.0,9164900000.0,29433427813.0,58200000.0,-54500000.0,-76500000.0,-527600000.0,0.0,155500000.0,-181100000.0,54700000.0,83800000.0,0.0,96700000.0,96700000.0,96700000.0,0.0,0.0,0.029,893900000.0,318800000.0,1567000000.0,0.0,2.696,130.932,128.03,3315700000.0,0.0,42.25,2.331,2.331,1676900000.0,2114700000.0,3332000000.0,3332000000.0,0.0,,,,,0.0,602500000.0,1.0,696649179.0,696649179.0,,4.783,12844100000.0,0.0,93200000.0,212400000.0,18.437,796700000.0
88,VIAC,MRQ,1999-06-30,1999-06-30,1999-06-30,2021-08-25,-42500000.0,23803400000.0,,4815300000.0,18988100000.0,,16.244,-175200000.0,616000000.0,616000000.0,1935400000.0,59300000.0,1.123,1.122,6752500000.0,328200000.0,6424300000.0,6752500000.0,0.0,200000000.0,0.0,0.0,0.0,275000000.0,475000000.0,0.158,475000000.0,275000000.0,164400000.0,0.09,0.08,0.09,11214800000.0,,11214800000.0,35740104720.0,30.0,18.833,-156000000.0,-0.226,1.0,1067900000.0,0.356,11489700000.0,110600000.0,14162700000.0,,4406100000.0,0.0,0.0,0.0,12588600000.0,4287500000.0,8301100000.0,30377704720.0,233300000.0,-220200000.0,-352800000.0,933500000.0,0.0,596200000.0,-382100000.0,13300000.0,19200000.0,0.0,59300000.0,59300000.0,59300000.0,0.0,0.0,0.02,779000000.0,288900000.0,1515000000.0,0.0,2.709,120.786,122.222,3248800000.0,0.0,44.0,2.414,2.414,1577600000.0,2017900000.0,3003300000.0,3003300000.0,0.0,,,,,0.0,585600000.0,1.0,690402380.0,690402380.0,,4.35,12313700000.0,0.0,105100000.0,195500000.0,17.836,527800000.0
89,VIAC,MRQ,1999-03-31,1999-03-31,1999-03-31,2021-08-25,-45300000.0,23053400000.0,,4394700000.0,18658700000.0,,16.497,-145200000.0,382700000.0,382700000.0,1952100000.0,44900000.0,1.137,1.008,5745100000.0,132200000.0,5612900000.0,5745100000.0,0.0,197100000.0,0.0,0.0,0.0,240700000.0,437800000.0,0.148,437800000.0,240700000.0,142200000.0,0.05,0.05,0.05,11483300000.0,,11483300000.0,32636301303.0,50.0,23.292,-536500000.0,-0.771,1.0,999000000.0,0.339,11433900000.0,98500000.0,13115500000.0,,4291900000.0,0.0,0.0,0.0,11570100000.0,3866400000.0,7703700000.0,29213001303.0,-384600000.0,-141600000.0,-49500000.0,941700000.0,0.0,299600000.0,-292900000.0,-6100000.0,-391300000.0,0.0,44900000.0,32500000.0,32500000.0,0.0,0.0,0.011,722800000.0,276200000.0,1524300000.0,0.0,2.544,-282.251,-299.777,3118300000.0,12400000.0,41.969,2.363,2.363,1444300000.0,1958900000.0,2951100000.0,2951100000.0,0.0,,,,,0.0,524400000.0,1.0,696065556.0,696065556.0,,4.24,11619500000.0,0.0,97300000.0,155000000.0,16.693,528300000.0
90,VIAC,MRQ,1998-12-31,1998-12-31,1998-12-31,2021-08-25,-67100000.0,23613100000.0,,5064500000.0,18548600000.0,,17.321,-186300000.0,767300000.0,767300000.0,2247300000.0,18500000.0,0.899,0.96,4190600000.0,377200000.0,3813400000.0,4190600000.0,286500000.0,89300000.0,0.0,0.0,0.0,213200000.0,302500000.0,0.091,302500000.0,213200000.0,71800000.0,0.05,0.05,0.05,12049600000.0,,12049600000.0,33786205592.0,53.0,23.86,456800000.0,0.657,1.0,1095100000.0,0.328,11557300000.0,141400000.0,9846500000.0,,4276300000.0,0.0,0.0,0.0,11563500000.0,5632600000.0,5930900000.0,25739605592.0,454400000.0,4752100000.0,-497400000.0,-3825300000.0,0.0,-4863000000.0,4674300000.0,111400000.0,643100000.0,0.0,18500000.0,36300000.0,36300000.0,62100000.0,0.0,0.011,800100000.0,295000000.0,1726700000.0,0.0,2.136,-172.056,-176.19,3079500000.0,-17800000.0,37.0,2.128,2.128,1759100000.0,1932900000.0,3342400000.0,3342400000.0,0.0,,,,,0.0,592700000.0,1.0,695665016.0,695665016.0,,4.805,12055800000.0,0.0,53300000.0,526500000.0,17.33,-568100000.0
91,VIAC,MRQ,1998-09-30,1998-09-30,1998-09-30,2021-08-25,9500000.0,27815100000.0,,5809800000.0,22005300000.0,,18.195,-153200000.0,312900000.0,312900000.0,2145400000.0,138400000.0,1.311,1.139,8359500000.0,89200000.0,8270300000.0,8359500000.0,0.0,223100000.0,0.0,0.0,0.0,459300000.0,682400000.0,0.207,682400000.0,459300000.0,289000000.0,0.17,0.17,0.17,13005600000.0,,13005600000.0,28689048182.0,17.0,10.987,135200000.0,0.189,1.0,1143400000.0,0.348,14486200000.0,170300000.0,16943300000.0,,4454400000.0,0.0,0.0,0.0,14809500000.0,4432200000.0,10377300000.0,20764248182.0,-23000000.0,95100000.0,-312200000.0,14000000.0,0.0,-234700000.0,-76700000.0,1100000.0,288400000.0,0.0,138400000.0,123400000.0,123400000.0,-67900000.0,0.0,0.038,750100000.0,393300000.0,1932400000.0,0.0,1.597,55.803,54.717,3107000000.0,15000000.0,29.0,2.024,2.02,2459100000.0,1903100000.0,3288800000.0,3288800000.0,0.0,,,,,0.0,543600000.0,1.0,716008558.0,714800000.0,714800000.0,4.601,13328900000.0,0.0,150600000.0,84100000.0,18.647,1377600000.0
92,VIAC,MRQ,1998-06-30,1998-06-30,1998-06-30,2021-08-25,-11100000.0,27502900000.0,,5620600000.0,21882300000.0,,18.47,-147400000.0,335900000.0,335900000.0,2309400000.0,-280700000.0,1.42,1.088,8260700000.0,89600000.0,8171100000.0,8260700000.0,0.0,235600000.0,0.0,0.0,0.0,-257100000.0,-21500000.0,-0.008,-21500000.0,-257100000.0,-413700000.0,-0.41,-0.41,-0.41,13168800000.0,,13168800000.0,28712348709.0,14.0,9.472,51200000.0,0.072,1.0,469900000.0,0.169,14566800000.0,156600000.0,16903300000.0,,4633900000.0,0.0,0.0,0.0,14334100000.0,3957600000.0,10376500000.0,20772648709.0,14800000.0,-34200000.0,0.0,-12000000.0,0.0,6200000.0,-190000000.0,3500000.0,198600000.0,0.0,-280700000.0,-295700000.0,-295700000.0,13700000.0,0.0,-0.106,695300000.0,-225400000.0,1590700000.0,0.0,1.577,31.097,30.497,3164600000.0,15000000.0,29.125,2.036,2.036,1942200000.0,1779700000.0,2779300000.0,2779300000.0,0.0,,,,,0.0,503400000.0,1.0,713223990.0,713000000.0,713000000.0,3.898,12936100000.0,0.0,-133000000.0,42400000.0,18.143,1663000000.0
93,VIAC,MRQ,1998-03-31,1998-03-31,1998-03-31,2021-08-25,6100000.0,27845200000.0,,5380700000.0,22464500000.0,,18.938,-116600000.0,321100000.0,321100000.0,1804200000.0,1400000.0,1.293,1.069,8260800000.0,287600000.0,7973200000.0,8260800000.0,0.0,229300000.0,0.0,0.0,0.0,223300000.0,452600000.0,0.169,452600000.0,223300000.0,69200000.0,-0.02,-0.02,-0.02,13457400000.0,,13457400000.0,26621644441.0,12.0,8.251,-382600000.0,-0.538,1.0,881400000.0,0.328,14663500000.0,154100000.0,16961500000.0,,4955200000.0,0.0,0.0,0.0,14387800000.0,4159900000.0,10227900000.0,19114444441.0,28800000.0,-89600000.0,0.0,460300000.0,0.0,484000000.0,-189200000.0,1100000.0,-266000000.0,0.0,1400000.0,-13600000.0,-13600000.0,46200000.0,0.0,-0.005,608000000.0,273400000.0,1573900000.0,0.0,1.42,25.361,25.117,3180000000.0,15000000.0,26.875,1.829,1.827,1961300000.0,2075400000.0,2685600000.0,2685600000.0,0.0,,,,,0.0,421200000.0,1.0,711235142.0,710600000.0,710600000.0,3.779,13181700000.0,0.0,67800000.0,129900000.0,18.55,1220800000.0
94,VIAC,MRQ,1997-12-31,1997-12-31,1997-12-31,2021-08-25,-12600000.0,28288700000.0,,5713500000.0,22575200000.0,,18.817,-129200000.0,292300000.0,292300000.0,1441200000.0,573000000.0,1.131,1.114,7799500000.0,376500000.0,7423000000.0,7799500000.0,254600000.0,235900000.0,0.0,0.0,0.0,1261700000.0,1497600000.0,0.994,1497600000.0,1261700000.0,1076900000.0,0.79,0.79,0.79,13383600000.0,,13383600000.0,,,,685400000.0,0.964,1.0,65900000.0,0.044,14699600000.0,184800000.0,16043800000.0,,4903300000.0,0.0,0.0,0.0,14905100000.0,5052500000.0,9852600000.0,14735903098.0,73800000.0,1575800000.0,0.0,-2207800000.0,0.0,-2183400000.0,1442600000.0,-1000000.0,814600000.0,0.0,573000000.0,558000000.0,558000000.0,-53100000.0,0.0,0.37,-1282200000.0,1348100000.0,1651000000.0,0.0,1.101,20.087,19.922,3197700000.0,15000000.0,20.719,1.379,1.379,2397700000.0,2089000000.0,1507100000.0,1507100000.0,0.0,,,,,0.0,-122400000.0,1.0,711235142.0,711235142.0,,2.119,13589100000.0,0.0,503900000.0,556300000.0,19.106,661000000.0
95,VIAC,MRQ,1997-09-30,1997-09-30,1997-09-30,2021-08-25,,,,,,,,-104500000.0,,,1818100000.0,434300000.0,,,,,,,,225700000.0,,0.0,0.0,876900000.0,1102600000.0,0.341,1102600000.0,876900000.0,690600000.0,0.595,0.595,0.595,,,,,,,-196900000.0,-0.279,1.0,1411100000.0,0.437,,186300000.0,,,,,,,,,,,16900000.0,1067700000.0,-9800000.0,-900200000.0,0.0,-908900000.0,1018200000.0,48600000.0,-92400000.0,0.0,434300000.0,419300000.0,419300000.0,67000000.0,0.0,0.13,866800000.0,544300000.0,,0.0,,,,,15000000.0,15.812,,,,,3229200000.0,3229200000.0,0.0,,,,,0.0,660100000.0,1.0,,705800000.0,705800000.0,4.575,,,256300000.0,,,
96,VIAC,MRQ,1997-06-30,1997-06-30,1997-06-30,2021-08-25,,,,,,,,-166700000.0,,,2249300000.0,-195000000.0,,,,,,,,263500000.0,,0.0,0.0,-89800000.0,173700000.0,0.057,173700000.0,-89800000.0,-294800000.0,-0.295,-0.295,-0.295,,,,,,,-56100000.0,-0.08,1.0,781600000.0,0.258,,205000000.0,,,,,,,,,,,-59400000.0,-63900000.0,0.0,55300000.0,0.0,47000000.0,-217000000.0,11400000.0,110600000.0,0.0,-195000000.0,-210000000.0,-210000000.0,-8800000.0,0.0,-0.069,918400000.0,-136800000.0,,0.0,,,,,15000000.0,15.0,,,,,3030900000.0,3030900000.0,0.0,,,,,0.0,654900000.0,1.0,,705400000.0,705400000.0,4.297,,,-99800000.0,,,
97,VIAC,MRQ,1997-03-31,1997-03-31,1997-03-31,2021-08-25,,,,,,,,-129900000.0,,,1967700000.0,-18700000.0,,,,,,,,218200000.0,,0.0,0.0,164100000.0,382300000.0,0.131,382300000.0,164100000.0,-32700000.0,-0.05,-0.05,-0.05,,,,,,,-622700000.0,-0.883,1.0,950000000.0,0.326,,196800000.0,,,,,,,,,,,52000000.0,-220200000.0,0.0,894200000.0,0.0,882800000.0,-338000000.0,-500000.0,-492800000.0,0.0,-18700000.0,-33700000.0,-33700000.0,-5100000.0,0.0,-0.012,776200000.0,173800000.0,,0.0,,,,,15000000.0,16.562,,,,,2917700000.0,2917700000.0,0.0,,,,,0.0,558000000.0,1.0,,705000000.0,705000000.0,4.139,,,-14000000.0,,,
98,VIAC,MRQ,1996-12-31,1996-12-31,1996-12-31,2021-08-25,3400000.0,28834000000.0,,5717700000.0,23116300000.0,,,,209000000.0,209000000.0,,,1.339,1.291,9918300000.0,62600000.0,9855700000.0,9918300000.0,364600000.0,,0.0,0.0,0.0,,,,,,,,,,12586500000.0,,12586500000.0,,,,,,1.0,,,14894200000.0,,19380400000.0,,4961800000.0,0.0,0.0,0.0,16247500000.0,4268700000.0,11978800000.0,,,,,,,,,,,,,,,,,,,,1665400000.0,,,,10.698,3155800000.0,,17.438,,,2153100000.0,1361000000.0,,,,,,,,,,1.0,,,,,13939800000.0,0.0,,0.0,,1449000000.0
0,VIAC,MRT,2021-06-30,2021-06-30,2021-06-30,2021-08-25,-1853000000.0,55204000000.0,53516250000.0,15254000000.0,39950000000.0,0.492,31.097,-330000000.0,5375000000.0,5375000000.0,15670000000.0,3428000000.0,1.777,1.719,19192000000.0,17000000.0,19175000000.0,19192000000.0,1104000000.0,387000000.0,0.0,0.021,0.96,4789000000.0,5176000000.0,0.197,5176000000.0,4789000000.0,3760000000.0,5.35,5.31,5.35,20098000000.0,17299000000.0,20098000000.0,43017481071.0,9.0,8.311,2604000000.0,4.029,1.0,10647000000.0,0.405,19406000000.0,1029000000.0,41029000000.0,41750000000.0,12840000000.0,0.0,0.0,0.0,34548000000.0,8586000000.0,25962000000.0,29212481071.0,2952000000.0,849000000.0,2085000000.0,-2569000000.0,-601000000.0,-388000000.0,372000000.0,-113000000.0,2934000000.0,34000000.0,3372000000.0,3372000000.0,3372000000.0,0.0,56000000.0,0.128,6040000000.0,4607000000.0,602000000.0,0.179,1.454,8.663,8.449,3419000000.0,0.0,45.2,1.11,1.11,6824000000.0,12007000000.0,26317000000.0,26317000000.0,0.0,0.063,0.195,0.115,0.182,230000000.0,5638000000.0,1.0,646293829.0,646293829.0,,40.72,35798000000.0,1235000000.0,388000000.0,888000000.0,55.39,6668000000.0
1,VIAC,MRT,2021-03-31,2021-03-31,2021-03-31,2021-08-25,-1882000000.0,54773000000.0,52512250000.0,15487000000.0,39286000000.0,0.492,30.941,-334000000.0,5499000000.0,5499000000.0,15166000000.0,3105000000.0,1.78,1.822,19304000000.0,19000000.0,19285000000.0,19304000000.0,1010000000.0,414000000.0,0.0,0.021,0.96,4480000000.0,4894000000.0,0.189,4894000000.0,4480000000.0,3431000000.0,4.55,4.53,4.55,19171000000.0,15743000000.0,19171000000.0,46276236598.0,10.0,9.456,3327000000.0,5.37,1.0,10662000000.0,0.413,19406000000.0,1049000000.0,40471000000.0,42186250000.0,11892000000.0,0.0,0.0,0.0,34930000000.0,8701000000.0,26229000000.0,27944236598.0,4901000000.0,446000000.0,2080000000.0,-1163000000.0,-599000000.0,1112000000.0,93000000.0,14000000.0,3661000000.0,35000000.0,2817000000.0,2817000000.0,2817000000.0,0.0,288000000.0,0.109,6046000000.0,4616000000.0,612000000.0,0.211,1.458,9.92,9.912,3521000000.0,0.0,45.1,1.082,1.082,7310000000.0,11144000000.0,25828000000.0,25828000000.0,0.0,0.054,0.179,0.106,0.173,237000000.0,5362000000.0,1.0,619606133.0,619606133.0,,41.685,35367000000.0,981000000.0,614000000.0,852000000.0,57.08,6786000000.0
2,VIAC,MRT,2020-12-31,2020-12-31,2020-12-31,2021-08-25,-1832000000.0,52663000000.0,51080250000.0,13779000000.0,38884000000.0,0.495,24.903,-324000000.0,2984000000.0,2984000000.0,14992000000.0,2701000000.0,1.661,2.382,21316000000.0,16000000.0,21300000000.0,21316000000.0,978000000.0,430000000.0,0.0,0.026,0.96,3988000000.0,4418000000.0,0.175,4418000000.0,3988000000.0,2957000000.0,3.93,3.92,3.93,15371000000.0,14312500000.0,15371000000.0,41402587190.0,10.0,9.371,1970000000.0,3.192,1.0,10293000000.0,0.407,19438000000.0,1031000000.0,43261000000.0,42164750000.0,12120000000.0,0.0,0.0,0.0,36607000000.0,8296000000.0,28311000000.0,22998587190.0,2285000000.0,446000000.0,-53000000.0,768000000.0,-600000000.0,-90000000.0,56000000.0,-59000000.0,2294000000.0,25000000.0,2422000000.0,2422000000.0,2422000000.0,0.0,279000000.0,0.096,6255000000.0,4038000000.0,571000000.0,0.244,1.496,9.496,9.481,3596000000.0,0.0,37.26,0.91,0.91,7017000000.0,10375000000.0,25285000000.0,25285000000.0,0.0,0.047,0.169,0.095,0.158,274000000.0,5320000000.0,1.0,617246033.0,617246033.0,,40.964,33225000000.0,993000000.0,535000000.0,778000000.0,53.828,5483000000.0
3,VIAC,MRT,2020-09-30,2020-09-30,2020-09-30,2021-08-25,-1910000000.0,51425000000.0,50310750000.0,13157000000.0,38268000000.0,0.492,23.628,-306000000.0,3086000000.0,3086000000.0,15247000000.0,1618000000.0,1.695,2.486,21490000000.0,18000000.0,21472000000.0,21490000000.0,710000000.0,447000000.0,0.0,0.034,0.96,2700000000.0,3147000000.0,0.127,3147000000.0,2700000000.0,1698000000.0,2.2,2.2,2.2,14556000000.0,13771500000.0,14556000000.0,36851221019.0,14.0,11.71,1800000000.0,2.922,1.0,9500000000.0,0.384,19827000000.0,1002000000.0,42239000000.0,41548000000.0,11234000000.0,0.0,0.0,0.0,36180000000.0,7763000000.0,28417000000.0,17255221019.0,2152000000.0,-10000000.0,-86000000.0,1322000000.0,-599000000.0,450000000.0,-413000000.0,-94000000.0,2106000000.0,9000000.0,1354000000.0,1354000000.0,1354000000.0,0.0,264000000.0,0.055,6712000000.0,2788000000.0,436000000.0,0.436,1.185,12.744,12.732,3789000000.0,0.0,28.01,0.697,0.697,6946000000.0,9704000000.0,24747000000.0,24747000000.0,0.0,0.027,0.098,0.065,0.109,304000000.0,5178000000.0,1.0,616037880.0,616037880.0,,40.171,31598000000.0,1007000000.0,344000000.0,816000000.0,51.292,5394000000.0
4,VIAC,MRT,2020-06-30,2020-06-30,2020-06-30,2021-08-25,-1999000000.0,51188000000.0,43573500000.0,12439000000.0,38749000000.0,0.581,22.546,-334000000.0,2288000000.0,2288000000.0,15572000000.0,1637000000.0,1.558,2.641,21884000000.0,364000000.0,21520000000.0,21884000000.0,695000000.0,457000000.0,0.0,0.039,0.9,2790000000.0,3247000000.0,0.128,3247000000.0,2790000000.0,1801000000.0,2.22,2.22,2.22,13874000000.0,11395500000.0,13874000000.0,34139505916.0,12.0,10.514,858000000.0,1.394,1.0,9757000000.0,0.385,20025000000.0,989000000.0,42774000000.0,36687250000.0,11565000000.0,0.0,0.0,0.0,36638000000.0,7985000000.0,28653000000.0,14350505916.0,1370000000.0,-28000000.0,-86000000.0,1525000000.0,-597000000.0,660000000.0,-462000000.0,-99000000.0,1192000000.0,-20000000.0,1369000000.0,1369000000.0,1369000000.0,0.0,268000000.0,0.054,6899000000.0,2858000000.0,422000000.0,0.405,1.034,10.482,10.505,3836000000.0,0.0,23.32,0.567,0.567,7139000000.0,9150000000.0,25329000000.0,25329000000.0,0.0,0.031,0.12,0.076,0.11,323000000.0,5278000000.0,1.0,615373324.0,615373324.0,,41.16,31163000000.0,919000000.0,432000000.0,708000000.0,50.641,4454000000.0
5,VIAC,MRT,2020-03-31,2020-03-31,2020-03-31,2021-08-25,-2054000000.0,49045000000.0,36735250000.0,10406000000.0,38639000000.0,0.719,21.913,-329000000.0,589000000.0,589000000.0,16421000000.0,1894000000.0,1.22,2.641,20378000000.0,532000000.0,19846000000.0,20378000000.0,691000000.0,444000000.0,0.0,0.06,0.84,3309000000.0,3753000000.0,0.142,3753000000.0,3309000000.0,2346000000.0,3.03,3.02,3.03,13449000000.0,9115250000.0,13449000000.0,28594497260.0,9.0,7.619,328000000.0,0.534,1.0,9976000000.0,0.378,19918000000.0,963000000.0,40385000000.0,31561500000.0,11414000000.0,0.0,0.0,0.0,35524000000.0,8531000000.0,26993000000.0,8598497260.0,-376000000.0,-25000000.0,-81000000.0,202000000.0,-597000000.0,-677000000.0,-325000000.0,28000000.0,657000000.0,-31000000.0,1865000000.0,1865000000.0,1865000000.0,0.0,29000000.0,0.071,6882000000.0,3094000000.0,673000000.0,0.277,0.639,4.61,4.624,3902000000.0,0.0,14.01,0.326,0.326,7199000000.0,8827000000.0,26397000000.0,26397000000.0,0.0,0.051,0.205,0.105,0.125,317000000.0,5466000000.0,1.0,613739990.0,613739990.0,,43.01,29127000000.0,931000000.0,481000000.0,639000000.0,47.458,1875000000.0
6,VIAC,MRT,2019-12-31,2019-12-31,2019-12-31,2021-08-25,-1970000000.0,49585000000.0,30492750000.0,11902000000.0,37683000000.0,0.885,35.244,-345000000.0,632000000.0,632000000.0,16713000000.0,3339000000.0,1.315,2.748,20424000000.0,717000000.0,19707000000.0,20424000000.0,737000000.0,438000000.0,0.0,0.019,0.78,4241000000.0,4679000000.0,0.173,4679000000.0,4241000000.0,3279000000.0,5.38,5.36,5.38,13207000000.0,6840250000.0,13207000000.0,25888317204.0,6.0,5.533,885000000.0,2.362,1.0,10285000000.0,0.381,19535000000.0,962000000.0,40794000000.0,26860250000.0,11465000000.0,0.0,0.0,0.0,36296000000.0,9048000000.0,27248000000.0,15727317204.0,-142000000.0,357000000.0,-42000000.0,-393000000.0,-595000000.0,-1216000000.0,-155000000.0,-171000000.0,1230000000.0,-1000000.0,3308000000.0,3308000000.0,3308000000.0,0.0,31000000.0,0.123,6251000000.0,4034000000.0,632000000.0,0.145,1.191,4.754,7.801,3783000000.0,0.0,41.97,0.583,0.583,6837000000.0,8494000000.0,26998000000.0,26998000000.0,0.0,0.108,0.484,0.158,0.157,286000000.0,5481000000.0,1.0,374727596.0,374727596.0,,72.047,30050000000.0,938000000.0,-29000000.0,565000000.0,80.192,2854000000.0
7,VIAC,MRT,2019-09-30,2019-09-30,2019-09-30,2021-08-25,-918000000.0,24476000000.0,29220750000.0,6273000000.0,18203000000.0,1.262,13.484,-497000000.0,196000000.0,196000000.0,21310000000.0,5686000000.0,1.522,3.845,10357000000.0,50000000.0,10307000000.0,10357000000.0,0.0,582000000.0,0.0,0.018,0.72,7285000000.0,7867000000.0,0.213,7867000000.0,7285000000.0,5881000000.0,7.71,7.68,7.71,5052000000.0,6150750000.0,5052000000.0,25126298958.0,3.0,3.194,3476000000.0,9.278,1.0,15566000000.0,0.422,7719000000.0,1404000000.0,22796000000.0,25402750000.0,6825000000.0,0.0,0.0,0.0,19424000000.0,4122000000.0,15302000000.0,15125298958.0,502000000.0,321000000.0,-97000000.0,-1742000000.0,-837000000.0,-3027000000.0,-403000000.0,-222000000.0,3973000000.0,-41000000.0,5622000000.0,5622000000.0,5622000000.0,0.0,64000000.0,0.152,8419000000.0,7147000000.0,308000000.0,0.093,2.994,2.69,5.236,2172000000.0,0.0,40.37,0.41,0.41,3685000000.0,-14683000000.0,36876000000.0,36876000000.0,0.0,0.192,0.914,0.287,0.198,253000000.0,7600000000.0,1.0,374666806.0,374666806.0,,98.423,16757000000.0,779000000.0,259000000.0,646000000.0,44.725,2151000000.0
8,VIAC,MRT,2019-06-30,2019-06-30,2019-06-30,2021-08-25,-922000000.0,23835000000.0,28368750000.0,6336000000.0,17499000000.0,1.179,12.681,-425000000.0,216000000.0,216000000.0,19273000000.0,5528000000.0,1.649,4.015,10217000000.0,0.0,10217000000.0,10217000000.0,0.0,530000000.0,0.0,0.014,0.72,6950000000.0,7480000000.0,0.224,7480000000.0,6950000000.0,5677000000.0,7.99,7.95,7.99,4753000000.0,5516250000.0,4753000000.0,28427144748.0,4.0,3.8,3185000000.0,8.498,1.0,14168000000.0,0.424,7722000000.0,1273000000.0,22271000000.0,24497500000.0,6214000000.0,0.0,0.0,0.0,19082000000.0,3843000000.0,15239000000.0,18703144748.0,414000000.0,340000000.0,-199000000.0,-1571000000.0,-758000000.0,-2865000000.0,-308000000.0,-222000000.0,3610000000.0,-23000000.0,5480000000.0,5480000000.0,5480000000.0,0.0,48000000.0,0.164,7357000000.0,6811000000.0,214000000.0,0.09,3.935,3.413,6.245,2099000000.0,0.0,49.9,0.559,0.559,3795000000.0,-15002000000.0,33441000000.0,33441000000.0,0.0,0.193,0.993,0.284,0.208,202000000.0,6676000000.0,1.0,374812520.0,374812520.0,,89.221,16113000000.0,785000000.0,197000000.0,648000000.0,42.989,2493000000.0
9,VIAC,MRT,2019-03-31,2019-03-31,2019-03-31,2021-08-25,-934000000.0,24075000000.0,27506250000.0,6732000000.0,17343000000.0,1.082,11.66,-382000000.0,500000000.0,500000000.0,17247000000.0,4945000000.0,1.499,4.536,10224000000.0,0.0,10224000000.0,10224000000.0,0.0,477000000.0,0.0,0.015,0.72,6124000000.0,6601000000.0,0.222,6601000000.0,6124000000.0,4972000000.0,7.46,7.42,7.46,4349000000.0,4869750000.0,4349000000.0,27557263292.0,4.0,4.175,3294000000.0,8.832,1.0,12517000000.0,0.421,7727000000.0,1152000000.0,21580000000.0,23585500000.0,5846000000.0,0.0,0.0,0.0,19726000000.0,4492000000.0,15234000000.0,17727263292.0,566000000.0,303000000.0,-401000000.0,-1422000000.0,-678000000.0,-2784000000.0,-302000000.0,-220000000.0,3676000000.0,-24000000.0,4903000000.0,4903000000.0,4903000000.0,0.0,42000000.0,0.165,6532000000.0,5985000000.0,273000000.0,0.097,4.076,3.616,6.371,2146000000.0,0.0,47.53,0.596,0.596,4147000000.0,-15442000000.0,29764000000.0,29764000000.0,0.0,0.178,1.007,0.26,0.206,199000000.0,5837000000.0,1.0,372969983.0,372969983.0,,79.803,16348000000.0,797000000.0,69000000.0,837000000.0,43.832,2240000000.0
10,VIAC,MRT,2018-12-31,2018-12-31,2018-12-31,2021-08-25,-1608000000.0,44497000000.0,26635250000.0,11880000000.0,32617000000.0,0.992,27.916,-345000000.0,856000000.0,856000000.0,15399000000.0,3492000000.0,1.428,3.253,19113000000.0,1013000000.0,18100000000.0,19113000000.0,643000000.0,427000000.0,0.0,0.016,0.72,5065000000.0,5492000000.0,0.208,5492000000.0,5065000000.0,4035000000.0,5.6,5.56,5.6,10449000000.0,4278250000.0,10449000000.0,26035188024.0,5.0,4.741,3119000000.0,8.333,1.0,11026000000.0,0.417,19469000000.0,1030000000.0,34964000000.0,22822750000.0,10083000000.0,0.0,0.0,0.0,33994000000.0,8321000000.0,25673000000.0,16364188024.0,297000000.0,-79000000.0,-557000000.0,-1107000000.0,-599000000.0,-2531000000.0,-611000000.0,-161000000.0,3464000000.0,-25000000.0,3455000000.0,3455000000.0,3455000000.0,0.0,37000000.0,0.131,6056000000.0,4970000000.0,502000000.0,0.129,1.566,4.736,7.807,2079000000.0,0.0,43.72,0.619,0.619,7199000000.0,5569000000.0,26425000000.0,26425000000.0,0.0,0.13,0.808,0.222,0.192,187000000.0,5048000000.0,1.0,374295243.0,374295243.0,,70.599,25028000000.0,266000000.0,580000000.0,656000000.0,66.867,3559000000.0
11,VIAC,MRT,2018-09-30,2018-09-30,2018-09-30,2021-08-25,-634000000.0,21068000000.0,20721750000.0,6040000000.0,15028000000.0,1.315,6.686,-343000000.0,182000000.0,182000000.0,16049000000.0,3374000000.0,1.513,7.38,9853000000.0,388000000.0,9465000000.0,9853000000.0,0.0,445000000.0,0.0,0.013,0.72,5060000000.0,5505000000.0,0.202,5505000000.0,5060000000.0,3959000000.0,6.35,6.28,6.35,2514000000.0,2160500000.0,2514000000.0,31201067125.0,6.0,5.668,2289000000.0,6.087,1.0,11205000000.0,0.411,7571000000.0,1101000000.0,19175000000.0,18879500000.0,5696000000.0,0.0,0.0,0.0,18554000000.0,3993000000.0,14561000000.0,21603067125.0,-41000000.0,821000000.0,-292000000.0,-1992000000.0,-600000000.0,-3055000000.0,324000000.0,-147000000.0,2632000000.0,58000000.0,3322000000.0,3322000000.0,3322000000.0,-871000000.0,52000000.0,0.122,6351000000.0,4854000000.0,229000000.0,0.113,8.593,6.503,9.047,1222000000.0,0.0,57.45,0.793,0.793,3697000000.0,-17762000000.0,27254000000.0,27254000000.0,0.0,0.16,1.538,0.268,0.186,208000000.0,5241000000.0,1.0,376032500.0,376032500.0,,72.478,13497000000.0,0.0,637000000.0,631000000.0,35.893,2047000000.0
12,VIAC,MRT,2018-06-30,2018-06-30,2018-06-30,2021-08-25,-646000000.0,20385000000.0,21428250000.0,6048000000.0,14337000000.0,1.268,5.718,-350000000.0,252000000.0,252000000.0,15989000000.0,3478000000.0,1.598,8.407,9850000000.0,386000000.0,9464000000.0,9850000000.0,0.0,444000000.0,0.0,0.013,0.72,5273000000.0,5717000000.0,0.21,5717000000.0,5273000000.0,4171000000.0,6.53,6.45,6.53,2167000000.0,2280500000.0,2167000000.0,30865729197.0,6.0,5.399,2194000000.0,5.789,1.0,11173000000.0,0.411,7576000000.0,1102000000.0,18623000000.0,19555500000.0,5073000000.0,0.0,0.0,0.0,18218000000.0,3784000000.0,14434000000.0,21306729197.0,24000000.0,595000000.0,-414000000.0,-1484000000.0,-605000000.0,-2673000000.0,95000000.0,-134000000.0,2544000000.0,58000000.0,3426000000.0,3426000000.0,3426000000.0,-1045000000.0,52000000.0,0.126,6282000000.0,4891000000.0,138000000.0,0.11,9.832,6.219,8.609,1237000000.0,0.0,56.22,0.784,0.784,3597000000.0,-18250000000.0,27162000000.0,27162000000.0,0.0,0.16,1.502,0.27,0.194,238000000.0,5217000000.0,1.0,378988424.0,378988424.0,,71.67,12809000000.0,0.0,745000000.0,583000000.0,33.798,2264000000.0
13,VIAC,MRT,2018-03-31,2018-03-31,2018-03-31,2021-08-25,-653000000.0,20591000000.0,21995250000.0,6191000000.0,14400000000.0,1.225,5.181,-359000000.0,147000000.0,147000000.0,15809000000.0,3136000000.0,1.522,9.384,9706000000.0,236000000.0,9470000000.0,9706000000.0,0.0,444000000.0,0.0,0.014,0.72,4982000000.0,5426000000.0,0.201,5426000000.0,4982000000.0,3885000000.0,5.61,5.54,5.61,1983000000.0,2395500000.0,1983000000.0,29544977254.0,6.0,5.445,2078000000.0,5.43,1.0,11144000000.0,0.413,7552000000.0,1097000000.0,18529000000.0,20129500000.0,4845000000.0,0.0,0.0,0.0,18608000000.0,4069000000.0,14539000000.0,19667977254.0,-72000000.0,624000000.0,-523000000.0,-1382000000.0,-610000000.0,-2692000000.0,125000000.0,-119000000.0,2437000000.0,58000000.0,3084000000.0,3084000000.0,3084000000.0,-706000000.0,52000000.0,0.114,6214000000.0,4930000000.0,230000000.0,0.128,9.918,6.377,9.16,1259000000.0,0.0,51.39,0.73,0.73,3820000000.0,-18650000000.0,26953000000.0,26953000000.0,0.0,0.14,1.287,0.247,0.185,236000000.0,5192000000.0,1.0,382719931.0,382719931.0,,70.425,13039000000.0,52000000.0,801000000.0,493000000.0,34.069,2122000000.0
14,VIAC,MRT,2017-12-31,2017-12-31,2017-12-31,2021-08-25,-662000000.0,20843000000.0,22603000000.0,6273000000.0,14570000000.0,1.174,4.943,-356000000.0,285000000.0,285000000.0,15483000000.0,2373000000.0,1.579,9.537,10162000000.0,698000000.0,9464000000.0,10162000000.0,219000000.0,443000000.0,0.0,0.012,0.72,4213000000.0,4656000000.0,0.175,4656000000.0,4213000000.0,3125000000.0,3.63,3.59,3.63,1978000000.0,2621000000.0,1978000000.0,33155543949.0,8.0,7.121,2083000000.0,5.205,1.0,11052000000.0,0.417,7557000000.0,1088000000.0,19191000000.0,20714250000.0,4709000000.0,0.0,0.0,0.0,18865000000.0,3972000000.0,14893000000.0,23610543949.0,-386000000.0,603000000.0,-848000000.0,-1343000000.0,-616000000.0,-3009000000.0,126000000.0,-128000000.0,2439000000.0,58000000.0,2321000000.0,2321000000.0,2321000000.0,0.0,52000000.0,0.087,6178000000.0,4874000000.0,231000000.0,0.198,11.937,10.173,16.253,1246000000.0,0.0,59.0,0.89,0.89,3697000000.0,-18900000000.0,26535000000.0,26535000000.0,0.0,0.103,0.886,0.203,0.159,232000000.0,5156000000.0,1.0,400178711.0,400178711.0,,66.308,13286000000.0,78000000.0,804000000.0,480000000.0,33.2,2301000000.0
15,VIAC,MRT,2017-09-30,2017-09-30,2017-09-30,2021-08-25,-726000000.0,23894000000.0,23451750000.0,6294000000.0,17600000000.0,0.567,7.454,-197000000.0,144000000.0,144000000.0,8078000000.0,285000000.0,1.553,6.981,9689000000.0,609000000.0,9080000000.0,9689000000.0,0.0,223000000.0,0.0,0.012,0.72,1311000000.0,1534000000.0,0.115,1534000000.0,1311000000.0,868000000.0,0.8,0.78,0.8,2994000000.0,3048750000.0,2994000000.0,32309907756.0,25.0,21.063,1169000000.0,2.91,1.0,5211000000.0,0.392,7508000000.0,443000000.0,21879000000.0,21369000000.0,4644000000.0,0.0,0.0,0.0,20900000000.0,4052000000.0,16848000000.0,23295907756.0,-5000000.0,-288000000.0,-2485000000.0,2085000000.0,-303000000.0,-795000000.0,-576000000.0,-94000000.0,1366000000.0,0.0,285000000.0,285000000.0,285000000.0,1255000000.0,0.0,0.021,2643000000.0,2568000000.0,233000000.0,0.9,7.781,81.74,72.5,1208000000.0,0.0,58.0,1.753,1.753,3598000000.0,-18859000000.0,13289000000.0,13289000000.0,0.0,0.012,0.093,0.061,0.099,171000000.0,2040000000.0,1.0,401653582.0,401653582.0,,33.086,16386000000.0,0.0,583000000.0,700000000.0,40.796,2242000000.0
16,VIAC,MRT,2017-06-30,2017-06-30,2017-06-30,2021-08-25,-741000000.0,22653000000.0,23440250000.0,5686000000.0,16967000000.0,0.563,6.471,-195000000.0,170000000.0,170000000.0,8004000000.0,171000000.0,1.76,7.623,9184000000.0,286000000.0,8898000000.0,9184000000.0,0.0,222000000.0,0.0,0.011,0.72,1158000000.0,1380000000.0,0.105,1380000000.0,1158000000.0,727000000.0,0.4,0.39,0.4,2627000000.0,3637250000.0,2627000000.0,34681917561.0,30.0,25.132,1177000000.0,2.899,1.0,5198000000.0,0.394,7518000000.0,431000000.0,20919000000.0,20273750000.0,4019000000.0,0.0,0.0,0.0,20026000000.0,3230000000.0,16796000000.0,25891917561.0,3000000.0,-61000000.0,-2759000000.0,2127000000.0,-297000000.0,-1019000000.0,-350000000.0,-103000000.0,1372000000.0,0.0,171000000.0,171000000.0,171000000.0,1417000000.0,0.0,0.013,2619000000.0,2579000000.0,124000000.0,1.8,9.856,151.415,159.45,1214000000.0,0.0,63.78,1.961,1.961,3299000000.0,-19451000000.0,13202000000.0,13202000000.0,0.0,0.007,0.047,0.057,0.088,169000000.0,2036000000.0,1.0,405956688.0,405956688.0,,32.521,15135000000.0,41000000.0,556000000.0,628000000.0,37.282,2456000000.0
17,VIAC,MRT,2017-03-31,2017-03-31,2017-03-31,2021-08-25,-753000000.0,23022000000.0,23561500000.0,5620000000.0,17402000000.0,0.548,7.045,-189000000.0,163000000.0,163000000.0,7758000000.0,536000000.0,1.641,6.98,8953000000.0,53000000.0,8900000000.0,8953000000.0,173000000.0,223000000.0,0.0,0.01,0.69,1516000000.0,1739000000.0,0.135,1739000000.0,1516000000.0,1096000000.0,1.2,1.18,1.2,2885000000.0,4327500000.0,2885000000.0,37182356825.0,25.0,21.381,1187000000.0,2.898,1.0,5163000000.0,0.4,7520000000.0,420000000.0,20868000000.0,19106250000.0,3747000000.0,0.0,0.0,0.0,20137000000.0,3424000000.0,16713000000.0,28405356825.0,-241000000.0,-64000000.0,-2944000000.0,2036000000.0,-292000000.0,-1286000000.0,-331000000.0,-98000000.0,1376000000.0,0.0,536000000.0,536000000.0,536000000.0,1028000000.0,0.0,0.041,2611000000.0,2552000000.0,158000000.0,0.575,9.846,52.995,57.8,1220000000.0,0.0,69.36,2.198,2.198,3478000000.0,-19509000000.0,12921000000.0,12921000000.0,0.0,0.023,0.124,0.079,0.117,166000000.0,2039000000.0,1.0,409535133.0,409535133.0,,31.55,15502000000.0,0.0,560000000.0,716000000.0,37.853,2196000000.0
18,VIAC,MRT,2016-12-31,2016-12-31,2016-12-31,2021-08-25,-767000000.0,24238000000.0,23681250000.0,6063000000.0,18175000000.0,0.556,8.585,-196000000.0,598000000.0,598000000.0,7956000000.0,1261000000.0,1.635,5.57,9375000000.0,473000000.0,8902000000.0,9375000000.0,152000000.0,225000000.0,0.0,0.01,0.66,2300000000.0,2525000000.0,0.192,2525000000.0,2300000000.0,1889000000.0,2.84,2.81,2.84,3689000000.0,4977000000.0,3689000000.0,36115692390.0,16.0,14.303,1489000000.0,3.465,1.0,5210000000.0,0.396,7497000000.0,411000000.0,21810000000.0,17867500000.0,3866000000.0,0.0,0.0,0.0,20549000000.0,3708000000.0,16841000000.0,27337692390.0,299000000.0,-72000000.0,-2976000000.0,2259000000.0,-288000000.0,-1046000000.0,-340000000.0,-81000000.0,1685000000.0,0.0,1261000000.0,1261000000.0,1261000000.0,291000000.0,0.0,0.096,2601000000.0,2609000000.0,148000000.0,0.232,7.411,21.679,22.401,1241000000.0,0.0,63.62,2.076,2.076,3314000000.0,-19257000000.0,13166000000.0,13166000000.0,0.0,0.053,0.253,0.129,0.175,165000000.0,2054000000.0,1.0,429702804.0,429702804.0,,30.64,16741000000.0,30000000.0,628000000.0,590000000.0,38.959,2355000000.0
19,VIAC,MRT,2016-09-30,2016-09-30,2016-09-30,2021-08-25,-739000000.0,23848000000.0,23563000000.0,5457000000.0,18391000000.0,0.524,12.029,-178000000.0,179000000.0,179000000.0,7838000000.0,1635000000.0,1.761,3.459,8957000000.0,55000000.0,8902000000.0,8957000000.0,141000000.0,204000000.0,0.0,0.012,0.63,2663000000.0,2867000000.0,0.232,2867000000.0,2663000000.0,2256000000.0,3.61,3.58,3.61,5348000000.0,5445500000.0,5348000000.0,32570499959.0,12.0,11.36,1899000000.0,4.271,1.0,4505000000.0,0.365,12030000000.0,407000000.0,17498000000.0,17642000000.0,3696000000.0,0.0,0.0,0.0,18500000000.0,3098000000.0,15402000000.0,24337499959.0,46000000.0,272000000.0,-1984000000.0,199000000.0,-281000000.0,-2110000000.0,79000000.0,-4000000.0,2077000000.0,0.0,1635000000.0,1635000000.0,1635000000.0,48000000.0,0.0,0.132,1780000000.0,2725000000.0,153000000.0,0.175,4.551,14.885,15.163,1345000000.0,0.0,54.74,1.972,1.972,3348000000.0,-19144000000.0,12343000000.0,12343000000.0,0.0,0.069,0.3,0.151,0.216,152000000.0,1705000000.0,1.0,444601753.0,444601753.0,,27.762,11818000000.0,39000000.0,621000000.0,1667000000.0,26.581,2359000000.0
20,VIAC,MRT,2016-06-30,2016-06-30,2016-06-30,2021-08-25,-750000000.0,23138000000.0,23660750000.0,5096000000.0,18042000000.0,0.529,11.893,-194000000.0,176000000.0,176000000.0,7892000000.0,1583000000.0,1.651,3.294,8409000000.0,186000000.0,8223000000.0,8409000000.0,156000000.0,215000000.0,0.0,0.011,0.6,2675000000.0,2890000000.0,0.231,2890000000.0,2675000000.0,2270000000.0,3.42,3.39,3.42,5388000000.0,5578250000.0,5388000000.0,32501504133.0,12.0,11.246,1588000000.0,3.505,1.0,4624000000.0,0.369,12035000000.0,405000000.0,16249000000.0,17470750000.0,3293000000.0,0.0,0.0,0.0,17750000000.0,3087000000.0,14663000000.0,24663504133.0,-144000000.0,281000000.0,-1985000000.0,334000000.0,-287000000.0,-1980000000.0,54000000.0,-6000000.0,1782000000.0,0.0,1583000000.0,1583000000.0,1583000000.0,60000000.0,0.0,0.126,1871000000.0,2753000000.0,121000000.0,0.175,4.577,15.58,15.918,1356000000.0,0.0,54.44,1.971,1.971,3243000000.0,-19622000000.0,12516000000.0,12516000000.0,0.0,0.067,0.284,0.153,0.214,149000000.0,1781000000.0,1.0,453040120.0,453040120.0,,27.627,11103000000.0,39000000.0,687000000.0,1574000000.0,24.508,2009000000.0
21,VIAC,MRT,2016-03-31,2016-03-31,2016-03-31,2021-08-25,-759000000.0,23501000000.0,23791750000.0,5534000000.0,17967000000.0,0.536,11.931,-188000000.0,411000000.0,411000000.0,8041000000.0,1492000000.0,1.635,3.286,8249000000.0,23000000.0,8226000000.0,8249000000.0,205000000.0,224000000.0,0.0,0.011,0.6,2570000000.0,2794000000.0,0.219,2794000000.0,2570000000.0,2171000000.0,3.16,3.13,3.16,5483000000.0,5722000000.0,5483000000.0,33441109283.0,13.0,11.969,1817000000.0,3.954,1.0,4718000000.0,0.37,12042000000.0,399000000.0,15913000000.0,17237250000.0,2845000000.0,0.0,0.0,0.0,18018000000.0,3384000000.0,14634000000.0,25316109283.0,80000000.0,284000000.0,-2229000000.0,564000000.0,-293000000.0,-1979000000.0,54000000.0,-11000000.0,2005000000.0,0.0,1492000000.0,1492000000.0,1492000000.0,110000000.0,0.0,0.117,2022000000.0,2696000000.0,196000000.0,0.19,4.617,16.968,17.434,1376000000.0,0.0,55.09,1.984,1.984,3678000000.0,-20045000000.0,12759000000.0,12759000000.0,0.0,0.063,0.261,0.149,0.201,150000000.0,1876000000.0,1.0,459540920.0,459540920.0,,27.765,11459000000.0,0.0,679000000.0,1630000000.0,24.936,2150000000.0
22,VIAC,MRT,2015-12-31,2015-12-31,2015-12-31,2021-08-25,-770000000.0,23765000000.0,23863000000.0,5747000000.0,18018000000.0,0.531,11.798,-171000000.0,317000000.0,317000000.0,7911000000.0,1413000000.0,1.614,3.272,8448000000.0,222000000.0,8226000000.0,8448000000.0,294000000.0,235000000.0,0.0,0.013,0.6,2481000000.0,2716000000.0,0.214,2716000000.0,2481000000.0,2089000000.0,2.92,2.89,2.92,5563000000.0,5950500000.0,5563000000.0,30889193300.0,12.0,11.373,1223000000.0,2.594,1.0,4760000000.0,0.376,7428000000.0,392000000.0,20908000000.0,17111750000.0,3227000000.0,0.0,0.0,0.0,18202000000.0,3560000000.0,14642000000.0,22223193300.0,-105000000.0,371000000.0,-2671000000.0,1326000000.0,-300000000.0,-1653000000.0,154000000.0,-18000000.0,1394000000.0,0.0,1413000000.0,1413000000.0,1413000000.0,141000000.0,0.0,0.112,2128000000.0,2632000000.0,159000000.0,0.205,3.995,15.728,16.14,1253000000.0,0.0,47.13,1.754,1.754,3375000000.0,-20518000000.0,12671000000.0,12671000000.0,0.0,0.059,0.237,0.145,0.196,157000000.0,1961000000.0,1.0,471529669.0,471529669.0,,26.872,16337000000.0,101000000.0,676000000.0,495000000.0,34.647,2187000000.0
23,VIAC,MRT,2015-09-30,2015-09-30,2015-09-30,2021-08-25,-714000000.0,24239000000.0,23905500000.0,5555000000.0,18684000000.0,0.517,12.191,-170000000.0,133000000.0,133000000.0,7725000000.0,1565000000.0,1.619,3.123,8799000000.0,323000000.0,8476000000.0,8799000000.0,187000000.0,239000000.0,0.0,0.015,0.6,2618000000.0,2857000000.0,0.231,2857000000.0,2618000000.0,2242000000.0,3.21,3.16,3.21,5879000000.0,6302250000.0,5879000000.0,27021187433.0,10.0,9.458,1440000000.0,2.986,1.0,4645000000.0,0.376,12660000000.0,376000000.0,16813000000.0,15354750000.0,3329000000.0,0.0,0.0,0.0,18360000000.0,3432000000.0,14928000000.0,19241187433.0,-45000000.0,90000000.0,-2927000000.0,3382000000.0,-306000000.0,-1416000000.0,-239000000.0,-76000000.0,1610000000.0,0.0,1565000000.0,1565000000.0,1565000000.0,-214000000.0,0.0,0.127,2227000000.0,2418000000.0,169000000.0,0.187,3.273,12.295,12.43,1374000000.0,0.0,39.9,1.555,1.555,3397000000.0,-20779000000.0,12370000000.0,12370000000.0,0.0,0.065,0.248,0.171,0.212,148000000.0,1968000000.0,1.0,482235274.0,482235274.0,,25.651,11579000000.0,122000000.0,677000000.0,1645000000.0,24.011,2123000000.0
24,VIAC,MRT,2015-06-30,2015-06-30,2015-06-30,2021-08-25,-718000000.0,23662000000.0,23709500000.0,5232000000.0,18430000000.0,0.526,12.116,-155000000.0,320000000.0,320000000.0,7819000000.0,2778000000.0,1.509,2.968,8100000000.0,414000000.0,7686000000.0,8100000000.0,136000000.0,242000000.0,0.0,0.011,0.6,3717000000.0,3959000000.0,0.317,3959000000.0,3717000000.0,3354000000.0,5.4,5.31,5.4,5963000000.0,6714000000.0,5963000000.0,34696927342.0,9.0,8.764,1359000000.0,2.761,1.0,4661000000.0,0.373,12660000000.0,363000000.0,15315000000.0,14747000000.0,2961000000.0,0.0,0.0,0.0,17699000000.0,3467000000.0,14232000000.0,27313927342.0,-164000000.0,55000000.0,-2745000000.0,3418000000.0,-302000000.0,-1184000000.0,-494000000.0,-80000000.0,1514000000.0,0.0,2778000000.0,2778000000.0,2778000000.0,-1781000000.0,0.0,0.223,2345000000.0,2316000000.0,198000000.0,0.111,4.581,9.832,10.278,1376000000.0,0.0,55.5,2.189,2.189,3124000000.0,-21205000000.0,12480000000.0,12480000000.0,0.0,0.117,0.414,0.252,0.298,142000000.0,1988000000.0,1.0,492142835.0,492142835.0,,25.358,11002000000.0,181000000.0,576000000.0,1611000000.0,22.355,1765000000.0
25,VIAC,MRT,2015-03-31,2015-03-31,2015-03-31,2021-08-25,-729000000.0,23786000000.0,24373000000.0,5220000000.0,18566000000.0,0.511,12.864,-167000000.0,331000000.0,331000000.0,7710000000.0,2885000000.0,1.688,2.718,7714000000.0,21000000.0,7693000000.0,7714000000.0,161000000.0,247000000.0,0.0,0.009,0.57,3876000000.0,4123000000.0,0.331,4123000000.0,3876000000.0,3513000000.0,5.49,5.4,5.49,6397000000.0,7473500000.0,6397000000.0,36867616518.0,10.0,8.942,1024000000.0,2.059,1.0,4739000000.0,0.381,12666000000.0,363000000.0,15411000000.0,14977000000.0,2618000000.0,0.0,0.0,0.0,17389000000.0,3092000000.0,14297000000.0,30149616518.0,20000000.0,54000000.0,-2325000000.0,2866000000.0,-297000000.0,-637000000.0,-534000000.0,-86000000.0,1191000000.0,0.0,2885000000.0,2885000000.0,2885000000.0,-1802000000.0,0.0,0.232,2277000000.0,2462000000.0,175000000.0,0.104,4.713,10.45,11.044,1394000000.0,0.0,60.63,2.422,2.422,3295000000.0,-21537000000.0,12449000000.0,12449000000.0,0.0,0.118,0.386,0.259,0.311,143000000.0,1972000000.0,1.0,497272250.0,497272250.0,,25.035,11120000000.0,190000000.0,628000000.0,1601000000.0,22.362,2128000000.0
26,VIAC,MRT,2014-12-31,2014-12-31,2014-12-31,2021-08-25,-735000000.0,23935000000.0,24955250000.0,5485000000.0,18450000000.0,0.502,13.448,-178000000.0,428000000.0,428000000.0,7689000000.0,2959000000.0,1.36,2.434,7112000000.0,636000000.0,6476000000.0,7112000000.0,206000000.0,250000000.0,0.0,0.01,0.54,3981000000.0,4231000000.0,0.338,4231000000.0,3981000000.0,3618000000.0,5.38,5.27,5.38,6970000000.0,7991000000.0,6970000000.0,35462289026.0,9.0,8.382,1097000000.0,2.117,1.0,4830000000.0,0.386,12706000000.0,363000000.0,13880000000.0,14814250000.0,2739000000.0,0.0,0.0,0.0,16965000000.0,4033000000.0,12932000000.0,28681289026.0,31000000.0,2000000.0,-3312000000.0,2269000000.0,-292000000.0,-643000000.0,-601000000.0,-86000000.0,1275000000.0,0.0,2959000000.0,2959000000.0,2959000000.0,-1808000000.0,0.0,0.236,2270000000.0,2560000000.0,302000000.0,0.1,4.115,9.693,10.286,1433000000.0,0.0,55.34,2.291,2.291,3459000000.0,-21931000000.0,12519000000.0,12519000000.0,0.0,0.119,0.37,0.269,0.318,137000000.0,1971000000.0,1.0,518274106.0,518274106.0,,24.155,11229000000.0,161000000.0,659000000.0,1427000000.0,21.666,1452000000.0
27,VIAC,MRT,2014-09-30,2014-09-30,2014-09-30,2021-08-25,-547000000.0,23455000000.0,25568250000.0,5404000000.0,18051000000.0,0.536,14.286,-212000000.0,178000000.0,178000000.0,7977000000.0,3016000000.0,1.591,2.117,6959000000.0,451000000.0,6508000000.0,6959000000.0,161000000.0,283000000.0,0.0,0.01,0.51,4147000000.0,4430000000.0,0.323,4430000000.0,4147000000.0,3777000000.0,5.43,5.33,5.43,7526000000.0,8740000000.0,7526000000.0,34170801306.0,8.0,7.713,629000000.0,1.194,1.0,5719000000.0,0.418,12457000000.0,370000000.0,14382000000.0,15291500000.0,2757000000.0,0.0,0.0,0.0,15929000000.0,3397000000.0,12532000000.0,28184801306.0,-48000000.0,-41000000.0,-2889000000.0,650000000.0,-286000000.0,-265000000.0,-624000000.0,-113000000.0,841000000.0,0.0,3016000000.0,3016000000.0,3016000000.0,-1642000000.0,0.0,0.22,2816000000.0,2903000000.0,196000000.0,0.094,3.745,9.345,9.853,1394000000.0,0.0,53.5,2.058,2.058,3378000000.0,-22344000000.0,13696000000.0,13696000000.0,0.0,0.118,0.345,0.271,0.303,176000000.0,2434000000.0,1.0,526818716.0,526818716.0,,25.998,10998000000.0,238000000.0,761000000.0,1489000000.0,20.876,2007000000.0
28,VIAC,MRT,2014-06-30,2014-06-30,2014-06-30,2021-08-25,-523000000.0,26316000000.0,26178250000.0,5392000000.0,20924000000.0,0.521,15.839,-213000000.0,261000000.0,261000000.0,7842000000.0,1871000000.0,1.624,1.893,6247000000.0,401000000.0,5846000000.0,6247000000.0,148000000.0,285000000.0,0.0,0.008,0.48,3122000000.0,3407000000.0,0.25,3407000000.0,3122000000.0,2748000000.0,3.17,3.1,3.17,9001000000.0,9276250000.0,9001000000.0,42996917106.0,14.0,12.62,1233000000.0,2.17,1.0,5789000000.0,0.425,12746000000.0,374000000.0,16235000000.0,14995500000.0,2509000000.0,0.0,0.0,0.0,17042000000.0,3321000000.0,13721000000.0,35313917106.0,202000000.0,168000000.0,-2834000000.0,-186000000.0,-290000000.0,-1053000000.0,-191000000.0,-109000000.0,1446000000.0,0.0,1871000000.0,1871000000.0,1871000000.0,-138000000.0,0.0,0.137,2763000000.0,3026000000.0,148000000.0,0.151,3.923,18.874,19.603,1424000000.0,0.0,62.14,2.591,2.591,3002000000.0,-23983000000.0,13631000000.0,13631000000.0,0.0,0.071,0.202,0.208,0.229,200000000.0,2484000000.0,1.0,568296059.0,568296059.0,,23.986,13570000000.0,198000000.0,877000000.0,1436000000.0,23.878,2071000000.0
29,VIAC,MRT,2014-03-31,2014-03-31,2014-03-31,2021-08-25,-543000000.0,26115000000.0,26022500000.0,5077000000.0,21038000000.0,0.531,14.269,-206000000.0,311000000.0,311000000.0,7936000000.0,1904000000.0,1.247,2.084,7994000000.0,546000000.0,7448000000.0,7994000000.0,223000000.0,245000000.0,0.0,0.008,0.48,3172000000.0,3417000000.0,0.247,3417000000.0,3172000000.0,2798000000.0,3.18,3.1,3.18,8467000000.0,9426250000.0,8467000000.0,42709781845.0,13.0,12.499,1581000000.0,2.664,1.0,5876000000.0,0.425,14966000000.0,374000000.0,14760000000.0,14176750000.0,2176000000.0,0.0,0.0,0.0,17648000000.0,4072000000.0,13576000000.0,36670781845.0,-98000000.0,148000000.0,-2764000000.0,-127000000.0,-294000000.0,-1602000000.0,-283000000.0,-190000000.0,1787000000.0,0.0,1904000000.0,1904000000.0,1904000000.0,-154000000.0,0.0,0.138,2817000000.0,3059000000.0,223000000.0,0.151,4.331,19.26,19.434,2179000000.0,0.0,61.8,2.655,2.655,3301000000.0,-24422000000.0,13812000000.0,13812000000.0,0.0,0.073,0.202,0.224,0.23,202000000.0,2524000000.0,1.0,593378347.0,593378347.0,,23.277,11149000000.0,168000000.0,894000000.0,1719000000.0,18.789,1005000000.0
30,VIAC,MRT,2013-12-31,2013-12-31,2013-12-31,2021-08-25,-545000000.0,26387000000.0,26021500000.0,5370000000.0,21017000000.0,0.538,16.608,-212000000.0,368000000.0,368000000.0,8124000000.0,1879000000.0,1.276,1.648,6435000000.0,495000000.0,5940000000.0,6435000000.0,269000000.0,290000000.0,0.0,0.008,0.48,3132000000.0,3422000000.0,0.244,3422000000.0,3132000000.0,2757000000.0,3.09,3.01,3.09,9966000000.0,9658000000.0,9966000000.0,44329351610.0,14.0,12.954,1661000000.0,2.768,1.0,5881000000.0,0.42,12458000000.0,375000000.0,15789000000.0,13653500000.0,2469000000.0,0.0,0.0,0.0,16421000000.0,4207000000.0,12214000000.0,38249351610.0,-311000000.0,144000000.0,-2039000000.0,458000000.0,-300000000.0,-1912000000.0,-272000000.0,-169000000.0,1873000000.0,0.0,1879000000.0,1879000000.0,1879000000.0,-141000000.0,0.0,0.134,2849000000.0,3032000000.0,286000000.0,0.155,3.838,20.356,20.628,1461000000.0,0.0,63.74,2.731,2.731,3234000000.0,-24890000000.0,14005000000.0,14005000000.0,0.0,0.072,0.195,0.229,0.224,222000000.0,2546000000.0,1.0,600083960.0,600083960.0,,23.338,13929000000.0,152000000.0,878000000.0,1368000000.0,23.212,1163000000.0
31,VIAC,MRT,2013-09-30,2013-09-30,2013-09-30,2021-08-25,-723000000.0,25895000000.0,26041250000.0,4892000000.0,21003000000.0,0.505,15.99,-173000000.0,226000000.0,226000000.0,7614000000.0,1802000000.0,1.303,1.678,6306000000.0,362000000.0,5944000000.0,6306000000.0,213000000.0,169000000.0,0.0,0.009,0.48,3018000000.0,3187000000.0,0.243,3187000000.0,3018000000.0,2643000000.0,2.93,2.86,2.93,9671000000.0,9719750000.0,9671000000.0,39502158147.0,13.0,12.395,1482000000.0,2.45,1.0,5526000000.0,0.421,15024000000.0,375000000.0,13198000000.0,12870500000.0,2140000000.0,0.0,0.0,0.0,16224000000.0,3753000000.0,12471000000.0,33361158147.0,-721000000.0,92000000.0,-2013000000.0,323000000.0,-305000000.0,-2028000000.0,-348000000.0,-159000000.0,1655000000.0,0.0,1802000000.0,1802000000.0,1802000000.0,-196000000.0,0.0,0.137,2666000000.0,2860000000.0,227000000.0,0.164,3.45,18.513,18.826,2200000000.0,0.0,55.16,2.539,2.539,3221000000.0,-25360000000.0,13140000000.0,13140000000.0,0.0,0.069,0.185,0.234,0.23,192000000.0,2436000000.0,1.0,604807073.0,604807073.0,,21.726,10871000000.0,269000000.0,841000000.0,1571000000.0,17.974,1139000000.0
32,VIAC,MRT,2013-06-30,2013-06-30,2013-06-30,2021-08-25,-565000000.0,25693000000.0,26165500000.0,4770000000.0,20923000000.0,0.501,15.647,-184000000.0,282000000.0,282000000.0,7530000000.0,1699000000.0,1.247,1.676,6423000000.0,474000000.0,5949000000.0,6423000000.0,149000000.0,215000000.0,0.0,0.01,0.48,2926000000.0,3141000000.0,0.24,3141000000.0,2926000000.0,2550000000.0,2.72,2.66,2.72,9601000000.0,9874250000.0,9601000000.0,36044082066.0,12.0,11.475,1424000000.0,2.321,1.0,5574000000.0,0.425,15049000000.0,376000000.0,12960000000.0,12726000000.0,1994000000.0,0.0,0.0,0.0,16092000000.0,3825000000.0,12267000000.0,29986082066.0,-1606000000.0,-48000000.0,-1957000000.0,-450000000.0,-296000000.0,-2727000000.0,-487000000.0,-166000000.0,1608000000.0,0.0,1699000000.0,1699000000.0,1699000000.0,-139000000.0,0.0,0.13,2699000000.0,2875000000.0,218000000.0,0.176,3.123,17.649,17.967,2228000000.0,0.0,48.87,2.288,2.288,2998000000.0,-25854000000.0,13104000000.0,13104000000.0,0.0,0.065,0.172,0.23,0.223,173000000.0,2414000000.0,1.0,613588747.0,613588747.0,,21.356,10644000000.0,261000000.0,851000000.0,1348000000.0,17.347,945000000.0
33,VIAC,MRT,2013-03-31,2013-03-31,2013-03-31,2021-08-25,-566000000.0,26111000000.0,26437500000.0,5259000000.0,20852000000.0,0.494,14.931,-199000000.0,409000000.0,409000000.0,7391000000.0,1654000000.0,1.184,1.78,6467000000.0,566000000.0,5901000000.0,6467000000.0,171000000.0,303000000.0,0.0,0.01,0.46,2885000000.0,3188000000.0,0.244,3188000000.0,2885000000.0,2499000000.0,2.6,2.55,2.6,9394000000.0,10003500000.0,9394000000.0,34589509768.0,12.0,10.85,1557000000.0,2.475,1.0,5673000000.0,0.434,15062000000.0,386000000.0,12667000000.0,12539250000.0,2140000000.0,0.0,0.0,0.0,16717000000.0,4440000000.0,12277000000.0,29375509768.0,-385000000.0,-26000000.0,-1976000000.0,525000000.0,-288000000.0,-1776000000.0,-365000000.0,-66000000.0,1756000000.0,0.0,1654000000.0,1654000000.0,1654000000.0,-77000000.0,0.0,0.127,2772000000.0,2901000000.0,232000000.0,0.177,3.127,17.76,17.958,2215000000.0,0.0,46.69,2.249,2.249,3130000000.0,-26326000000.0,13064000000.0,13064000000.0,0.0,0.063,0.165,0.23,0.221,166000000.0,2450000000.0,1.0,629160629.0,629160629.0,,20.764,11049000000.0,257000000.0,845000000.0,1348000000.0,17.561,819000000.0
34,VIAC,MRT,2012-12-31,2012-12-31,2012-12-31,2021-08-25,-569000000.0,26466000000.0,26508000000.0,5720000000.0,20746000000.0,0.484,16.074,-200000000.0,708000000.0,708000000.0,7264000000.0,1574000000.0,1.451,1.591,5922000000.0,18000000.0,5904000000.0,5922000000.0,232000000.0,306000000.0,0.0,0.012,0.44,2787000000.0,3093000000.0,0.241,3093000000.0,2787000000.0,2386000000.0,2.45,2.39,2.45,10213000000.0,10156000000.0,10213000000.0,29156512220.0,10.0,9.427,1615000000.0,2.542,1.0,5556000000.0,0.433,15082000000.0,401000000.0,12657000000.0,12419500000.0,2441000000.0,0.0,0.0,0.0,16253000000.0,3941000000.0,12312000000.0,24176512220.0,48000000.0,-97000000.0,-969000000.0,-36000000.0,-276000000.0,-1316000000.0,-451000000.0,-78000000.0,1815000000.0,0.0,1574000000.0,1574000000.0,1574000000.0,-66000000.0,0.0,0.123,2771000000.0,2785000000.0,386000000.0,0.18,2.367,15.36,15.531,2271000000.0,0.0,38.05,1.886,1.886,3137000000.0,-26769000000.0,12820000000.0,12820000000.0,0.0,0.059,0.155,0.224,0.217,147000000.0,2442000000.0,1.0,635387969.0,635387969.0,,20.177,11384000000.0,280000000.0,812000000.0,1254000000.0,17.917,1779000000.0
35,VIAC,MRT,2012-09-30,2012-09-30,2012-09-30,2021-08-25,-404000000.0,26392000000.0,26446500000.0,5788000000.0,20604000000.0,0.513,16.076,-232000000.0,947000000.0,947000000.0,7583000000.0,1551000000.0,1.58,1.565,5927000000.0,20000000.0,5907000000.0,5927000000.0,239000000.0,437000000.0,0.0,0.012,0.42,2811000000.0,3248000000.0,0.239,3248000000.0,2811000000.0,2398000000.0,2.4,2.35,2.4,10289000000.0,10079750000.0,10289000000.0,28165328083.0,10.0,8.672,1317000000.0,2.058,1.0,5984000000.0,0.441,15089000000.0,413000000.0,12620000000.0,12383500000.0,2152000000.0,0.0,0.0,0.0,16103000000.0,3663000000.0,12440000000.0,23252328083.0,0.0,-21000000.0,-847000000.0,-38000000.0,-265000000.0,-1190000000.0,-359000000.0,-73000000.0,1549000000.0,0.0,1551000000.0,1551000000.0,1551000000.0,136000000.0,0.0,0.114,2981000000.0,3003000000.0,345000000.0,0.175,2.26,14.992,15.137,2372000000.0,0.0,36.33,1.714,1.714,3202000000.0,-27162000000.0,13567000000.0,13567000000.0,0.0,0.059,0.154,0.227,0.207,147000000.0,2491000000.0,1.0,640031051.0,640031051.0,,21.197,11303000000.0,364000000.0,847000000.0,1276000000.0,17.66,2125000000.0
36,VIAC,MRT,2012-06-30,2012-06-30,2012-06-30,2021-08-25,-434000000.0,26781000000.0,26377000000.0,6382000000.0,20399000000.0,0.518,15.611,-234000000.0,1888000000.0,1888000000.0,7676000000.0,1498000000.0,1.459,1.647,6801000000.0,901000000.0,5900000000.0,6801000000.0,186000000.0,455000000.0,0.0,0.012,0.4,2755000000.0,3210000000.0,0.235,3210000000.0,2755000000.0,2326000000.0,2.3,2.25,2.3,10118000000.0,9982000000.0,10118000000.0,26376076108.0,10.0,8.217,1179000000.0,1.819,1.0,5990000000.0,0.438,15107000000.0,429000000.0,12213000000.0,12234500000.0,1853000000.0,0.0,0.0,0.0,16663000000.0,4374000000.0,12289000000.0,21246076108.0,542000000.0,-83000000.0,-978000000.0,845000000.0,-268000000.0,-459000000.0,-412000000.0,-58000000.0,1413000000.0,0.0,1498000000.0,1498000000.0,1498000000.0,142000000.0,0.0,0.11,3090000000.0,2900000000.0,309000000.0,0.174,2.1,14.183,14.252,2394000000.0,0.0,32.78,1.555,1.555,2973000000.0,-27553000000.0,13666000000.0,13666000000.0,0.0,0.057,0.15,0.225,0.202,144000000.0,2564000000.0,1.0,648141431.0,648141431.0,,21.085,11674000000.0,363000000.0,828000000.0,1164000000.0,18.012,2008000000.0
37,VIAC,MRT,2012-03-31,2012-03-31,2012-03-31,2021-08-25,-420000000.0,26393000000.0,26239000000.0,5783000000.0,20610000000.0,0.531,15.412,-239000000.0,794000000.0,794000000.0,7953000000.0,1466000000.0,1.393,1.638,5924000000.0,22000000.0,5902000000.0,5924000000.0,262000000.0,475000000.0,0.0,0.012,0.4,2731000000.0,3206000000.0,0.23,3206000000.0,2731000000.0,2296000000.0,2.23,2.18,2.23,10004000000.0,9939500000.0,10004000000.0,27332433862.0,10.0,8.525,1262000000.0,1.944,1.0,5970000000.0,0.429,15185000000.0,435000000.0,12188000000.0,12118250000.0,1999000000.0,0.0,0.0,0.0,16389000000.0,4150000000.0,12239000000.0,22010433862.0,-178000000.0,-86000000.0,-924000000.0,-28000000.0,-238000000.0,-1253000000.0,-426000000.0,-71000000.0,1501000000.0,0.0,1466000000.0,1466000000.0,1466000000.0,117000000.0,0.0,0.105,3126000000.0,2844000000.0,339000000.0,0.179,2.2,15.014,15.206,2458000000.0,0.0,33.91,1.581,1.581,3332000000.0,-27980000000.0,13923000000.0,13923000000.0,0.0,0.056,0.147,0.225,0.196,146000000.0,2582000000.0,1.0,649083865.0,649083865.0,,21.45,11208000000.0,324000000.0,830000000.0,1162000000.0,17.267,1633000000.0
38,VIAC,MRT,2011-12-31,2011-12-31,2011-12-31,2021-08-25,-439000000.0,26220000000.0,26233750000.0,5549000000.0,20671000000.0,0.52,15.14,-245000000.0,660000000.0,660000000.0,7882000000.0,1305000000.0,1.409,1.646,5982000000.0,24000000.0,5958000000.0,5982000000.0,230000000.0,495000000.0,0.0,0.013,0.35,2491000000.0,2986000000.0,0.219,2986000000.0,2491000000.0,2056000000.0,1.97,1.92,1.97,9908000000.0,9883500000.0,9908000000.0,22804743200.0,9.0,7.637,1504000000.0,2.298,1.0,5755000000.0,0.422,15092000000.0,435000000.0,12513000000.0,12063750000.0,2231000000.0,0.0,0.0,0.0,16312000000.0,3937000000.0,12375000000.0,17760743200.0,180000000.0,-57000000.0,-940000000.0,-19000000.0,-206000000.0,-1180000000.0,-389000000.0,-67000000.0,1749000000.0,0.0,1305000000.0,1305000000.0,1305000000.0,86000000.0,0.0,0.096,3147000000.0,2608000000.0,324000000.0,0.178,1.793,13.61,13.777,2372000000.0,0.0,27.14,1.302,1.302,3086000000.0,-28343000000.0,13637000000.0,13637000000.0,0.0,0.05,0.132,0.206,0.183,139000000.0,2598000000.0,1.0,654412056.0,654412056.0,,20.839,11128000000.0,335000000.0,751000000.0,1044000000.0,17.005,1612000000.0
39,VIAC,MRT,2011-09-30,2011-09-30,2011-09-30,2021-08-25,-273000000.0,26114000000.0,26214500000.0,5466000000.0,20648000000.0,0.525,14.776,-243000000.0,947000000.0,947000000.0,8071000000.0,1218000000.0,1.379,1.638,5991000000.0,30000000.0,5961000000.0,5991000000.0,297000000.0,488000000.0,0.0,0.015,0.3,2432000000.0,2920000000.0,0.212,2920000000.0,2432000000.0,1974000000.0,1.82,1.77,1.82,9898000000.0,9861750000.0,9898000000.0,18301238712.0,8.0,6.268,1598000000.0,2.385,1.0,5697000000.0,0.414,15170000000.0,458000000.0,12024000000.0,12057750000.0,1989000000.0,0.0,0.0,0.0,16216000000.0,3964000000.0,12252000000.0,13652238712.0,-125000000.0,-61000000.0,-789000000.0,-569000000.0,-174000000.0,-1549000000.0,-417000000.0,-72000000.0,1841000000.0,0.0,1218000000.0,1218000000.0,1218000000.0,98000000.0,0.0,0.088,3088000000.0,2609000000.0,374000000.0,0.165,1.379,11.209,11.198,2525000000.0,0.0,20.38,0.992,0.992,3114000000.0,-28713000000.0,13768000000.0,13768000000.0,0.0,0.046,0.124,0.202,0.177,139000000.0,2612000000.0,1.0,669884137.0,669884137.0,,20.553,10944000000.0,313000000.0,756000000.0,980000000.0,16.337,1502000000.0
40,VIAC,MRT,2011-06-30,2011-06-30,2011-06-30,2021-08-25,-252000000.0,26229000000.0,26308150000.0,5695000000.0,20534000000.0,0.521,14.875,-249000000.0,1346000000.0,1346000000.0,8177000000.0,1197000000.0,1.449,1.637,5995000000.0,31000000.0,5964000000.0,5995000000.0,307000000.0,493000000.0,0.0,0.009,0.25,2390000000.0,2883000000.0,0.21,2883000000.0,2390000000.0,1915000000.0,1.78,1.73,1.78,9948000000.0,9769000000.0,9948000000.0,24075668781.0,10.0,8.351,1829000000.0,2.735,1.0,5523000000.0,0.403,15199000000.0,475000000.0,11748000000.0,12086900000.0,1584000000.0,0.0,0.0,0.0,16281000000.0,3931000000.0,12350000000.0,19053668781.0,508000000.0,-28000000.0,-415000000.0,-568000000.0,-141000000.0,-1179000000.0,-391000000.0,-81000000.0,2078000000.0,0.0,1197000000.0,1197000000.0,1197000000.0,98000000.0,0.0,0.087,2961000000.0,2562000000.0,372000000.0,0.14,1.915,15.918,16.006,2595000000.0,0.0,28.49,1.391,1.391,3024000000.0,-29051000000.0,13700000000.0,13700000000.0,0.0,0.045,0.123,0.198,0.174,141000000.0,2518000000.0,1.0,668784443.0,668784443.0,,20.485,11030000000.0,360000000.0,718000000.0,851000000.0,16.493,1764000000.0
41,VIAC,MRT,2011-03-31,2011-03-31,2011-03-31,2021-08-25,-266000000.0,26372000000.0,26254450000.0,5637000000.0,20735000000.0,0.512,14.545,-254000000.0,972000000.0,972000000.0,8224000000.0,952000000.0,1.344,1.697,5994000000.0,26000000.0,5968000000.0,5994000000.0,359000000.0,498000000.0,0.0,0.008,0.2,2030000000.0,2528000000.0,0.188,2528000000.0,2030000000.0,1531000000.0,1.41,1.37,1.41,9780000000.0,9577750000.0,9780000000.0,22357690842.0,11.0,8.844,1674000000.0,2.49,1.0,5221000000.0,0.388,15229000000.0,499000000.0,11970000000.0,12266975000.0,1777000000.0,0.0,0.0,0.0,16592000000.0,4195000000.0,12397000000.0,16836890842.0,99000000.0,-31000000.0,-210000000.0,-1033000000.0,-142000000.0,-1432000000.0,-397000000.0,-75000000.0,1928000000.0,0.0,952000000.0,952000000.0,952000000.0,98000000.0,0.0,0.071,2977000000.0,2244000000.0,376000000.0,0.142,1.722,17.686,17.759,2642000000.0,0.0,25.04,1.252,1.252,3146000000.0,-29446000000.0,13445000000.0,13445000000.0,0.0,0.036,0.099,0.165,0.151,137000000.0,2508000000.0,1.0,672399794.0,672399794.0,,19.996,11143000000.0,357000000.0,579000000.0,789000000.0,16.572,1442000000.0
42,VIAC,MRT,2010-12-31,2010-12-31,2010-12-31,2021-08-25,-286000000.0,26143000000.0,26350475000.0,5395000000.0,20748000000.0,0.511,14.424,-254000000.0,480000000.0,480000000.0,8512000000.0,724000000.0,1.34,1.662,6000000000.0,27000000.0,5973000000.0,6000000000.0,292000000.0,500000000.0,0.0,0.01,0.2,1729000000.0,2229000000.0,0.166,2229000000.0,1729000000.0,1202000000.0,1.07,1.04,1.07,9821000000.0,9394275000.0,9821000000.0,18436219956.0,11.0,8.271,1481000000.0,2.175,1.0,4954000000.0,0.368,15148000000.0,527000000.0,12489000000.0,12465700000.0,2116000000.0,0.0,0.0,0.0,16322000000.0,4026000000.0,12296000000.0,12971019956.0,-237000000.0,7000000.0,7000000.0,-1448000000.0,-142000000.0,-1604000000.0,-368000000.0,-80000000.0,1735000000.0,0.0,724000000.0,724000000.0,724000000.0,98000000.0,0.0,0.054,3016000000.0,1938000000.0,439000000.0,0.187,1.321,17.916,17.804,2694000000.0,0.0,19.05,0.963,0.963,3248000000.0,-29648000000.0,13466000000.0,13466000000.0,0.0,0.027,0.077,0.139,0.128,136000000.0,2466000000.0,1.0,680893436.0,680893436.0,,19.777,10995000000.0,348000000.0,478000000.0,715000000.0,16.148,1369000000.0
43,VIAC,MRT,2010-09-30,2010-09-30,2010-09-30,2021-08-25,-301800000.0,26488600000.0,26555225000.0,5678700000.0,20809900000.0,0.514,13.995,-239500000.0,1072000000.0,1072000000.0,8827200000.0,500300000.0,1.224,1.78,6537200000.0,570500000.0,5966700000.0,6537200000.0,321400000.0,572100000.0,0.0,0.013,0.2,1367400000.0,1939500000.0,0.142,1939500000.0,1367400000.0,828900000.0,0.74,0.72,0.74,9527000000.0,9193875000.0,9527000000.0,16500415052.0,12.0,8.508,1705600000.0,2.506,1.0,4830600000.0,0.354,15172200000.0,538500000.0,12140600000.0,12612075000.0,1946700000.0,0.0,0.0,0.0,16961600000.0,4641000000.0,12320600000.0,10796515052.0,597700000.0,52400000.0,22700000.0,-895000000.0,-141500000.0,-1083900000.0,-263500000.0,-76900000.0,1945100000.0,0.0,500300000.0,500300000.0,500300000.0,0.0,0.0,0.037,3393100000.0,1437500000.0,397400000.0,0.27,1.133,21.58,21.432,2681800000.0,0.0,15.86,0.791,0.791,3035500000.0,-29930500000.0,13657800000.0,13657800000.0,0.0,0.019,0.054,0.108,0.1,134800000.0,2558700000.0,1.0,680738654.0,680738654.0,,20.063,11316400000.0,305300000.0,328600000.0,709600000.0,16.624,1037700000.0
44,VIAC,MRT,2010-06-30,2010-06-30,2010-06-30,2021-08-25,-329500000.0,26014200000.0,26573200000.0,5241500000.0,20772700000.0,0.516,13.505,-222700000.0,838100000.0,838100000.0,9043500000.0,390900000.0,1.341,1.833,6542000000.0,26100000.0,6515900000.0,6542000000.0,266700000.0,580500000.0,0.0,0.015,0.2,1167100000.0,1747600000.0,0.127,1747600000.0,1167100000.0,620200000.0,0.58,0.56,0.58,9183000000.0,9023675000.0,9183000000.0,14890021810.0,13.0,8.52,1572000000.0,2.312,1.0,4667300000.0,0.34,15342100000.0,546900000.0,12468300000.0,12886250000.0,1793000000.0,0.0,0.0,0.0,16831200000.0,3907700000.0,12923500000.0,8791921810.0,496000000.0,84800000.0,-16500000.0,-894900000.0,-142400000.0,-1087500000.0,-211200000.0,-73700000.0,1794700000.0,0.0,390900000.0,390900000.0,390900000.0,0.0,0.0,0.029,3431600000.0,1235700000.0,332700000.0,0.345,0.957,22.491,22.293,2715400000.0,0.0,12.93,0.641,0.641,2895600000.0,-30247800000.0,13710800000.0,13710800000.0,0.0,0.015,0.043,0.091,0.085,139200000.0,2555100000.0,1.0,679963017.0,679963017.0,,20.164,10672100000.0,328200000.0,229300000.0,696500000.0,15.695,1333800000.0
45,VIAC,MRT,2010-03-31,2010-03-31,2010-03-31,2021-08-25,-323800000.0,26756100000.0,26576125000.0,5705200000.0,21050900000.0,0.504,13.376,-228800000.0,872700000.0,872700000.0,8950900000.0,256300000.0,1.211,1.958,6970800000.0,442500000.0,6528300000.0,6970800000.0,387300000.0,581700000.0,0.0,0.014,0.2,998300000.0,1580000000.0,0.118,1580000000.0,998300000.0,451500000.0,0.38,0.36,0.38,9046100000.0,8880450000.0,9046100000.0,15718164184.0,16.0,9.948,1432700000.0,2.118,1.0,4435200000.0,0.331,15377000000.0,546800000.0,12764900000.0,12978425000.0,2007000000.0,0.0,0.0,0.0,17710000000.0,4712300000.0,12997700000.0,9437964184.0,632900000.0,88100000.0,-19000000.0,-609300000.0,-149600000.0,-813300000.0,-215300000.0,-74900000.0,1661500000.0,0.0,256300000.0,256300000.0,256300000.0,0.0,0.0,0.019,3381800000.0,1053400000.0,335600000.0,0.526,1.043,36.824,36.684,2785600000.0,0.0,13.94,0.705,0.704,3198700000.0,-30397900000.0,13386100000.0,13386100000.0,0.0,0.01,0.029,0.077,0.075,136100000.0,2507800000.0,1.0,677041907.0,676300000.0,,19.793,11379100000.0,322000000.0,195200000.0,610700000.0,16.826,992900000.0
46,VIAC,MRT,2009-12-31,2009-12-31,2009-12-31,2021-08-25,-395500000.0,26962000000.0,26488550000.0,5636900000.0,21325100000.0,0.491,13.319,-262000000.0,716700000.0,716700000.0,8700000000.0,227000000.0,1.188,1.989,6996900000.0,443600000.0,6553300000.0,6996900000.0,461500000.0,583000000.0,0.0,0.014,0.2,952000000.0,1535000000.0,0.118,1535000000.0,952000000.0,410000000.0,0.34,0.33,0.34,9019400000.0,8736350000.0,9019400000.0,16026833020.0,17.0,10.441,677000000.0,1.0,1.0,4315000000.0,0.332,15421200000.0,542000000.0,13074500000.0,13083525000.0,2549200000.0,0.0,0.0,0.0,17942600000.0,4746500000.0,13196100000.0,9514233020.0,297000000.0,105000000.0,0.0,-51000000.0,-297000000.0,-393000000.0,-249000000.0,-92000000.0,939000000.0,0.0,227000000.0,227000000.0,227000000.0,0.0,0.0,0.017,3306000000.0,1009000000.0,436400000.0,0.588,1.055,41.913,41.324,2858700000.0,0.0,14.05,0.731,0.731,2900200000.0,-30371700000.0,13015000000.0,13015000000.0,0.0,0.009,0.026,0.073,0.073,136000000.0,2488000000.0,1.0,677169610.0,677169610.0,,19.22,11540800000.0,303400000.0,183000000.0,635900000.0,17.043,890400000.0
47,VIAC,MRT,2009-09-30,2009-09-30,2009-09-30,2021-08-25,-515800000.0,26560500000.0,26518275000.0,5101300000.0,21459200000.0,0.492,13.053,-310000000.0,473800000.0,473800000.0,8681700000.0,303800000.0,1.209,2.002,6986400000.0,22700000.0,6963700000.0,6986400000.0,409400000.0,585600000.0,0.0,0.035,0.42,1019100000.0,1604700000.0,0.123,1604700000.0,1019100000.0,477800000.0,0.46,0.45,0.46,8846200000.0,8630825000.0,8846200000.0,14811873465.0,15.0,9.23,690700000.0,1.019,1.0,4361400000.0,0.334,15615200000.0,541300000.0,13237300000.0,13091050000.0,2313100000.0,0.0,0.0,0.0,17714300000.0,4220600000.0,13493700000.0,8166573465.0,-79300000.0,-192300000.0,-19500000.0,-234000000.0,-444600000.0,-695500000.0,-384500000.0,114900000.0,1000700000.0,0.0,303800000.0,303800000.0,303800000.0,0.0,0.0,0.023,3299500000.0,1061900000.0,373600000.0,0.913,0.923,26.881,26.196,2899200000.0,0.0,12.05,0.626,0.626,2726900000.0,-30430500000.0,13043100000.0,13043100000.0,0.0,0.011,0.035,0.078,0.078,135600000.0,2520900000.0,1.0,677723939.0,677723939.0,,19.245,10945300000.0,322200000.0,174000000.0,566500000.0,16.15,880700000.0
48,VIAC,MRT,2009-06-30,2009-06-30,2009-06-30,2021-08-25,-539800000.0,26025900000.0,26671575000.0,4711100000.0,21314800000.0,0.49,12.672,-393200000.0,341500000.0,341500000.0,8599600000.0,-12366000000.0,1.139,2.023,6986800000.0,22500000.0,6964300000.0,6986800000.0,335200000.0,577900000.0,0.0,0.092,0.64,-13063100000.0,-12485200000.0,-0.955,-12485200000.0,-13063100000.0,-13603800000.0,-18.43,-18.43,-18.43,8610100000.0,8712650000.0,8610100000.0,11593631107.0,-1.0,-0.929,526200000.0,0.774,1.0,4469200000.0,0.342,15697300000.0,540700000.0,12837000000.0,13074375000.0,2108000000.0,0.0,0.0,0.0,17415800000.0,4136900000.0,13278900000.0,4702031107.0,-472400000.0,-298100000.0,-18200000.0,-235400000.0,-590800000.0,-840600000.0,-551200000.0,135800000.0,919400000.0,0.0,-12366000000.0,-12366000000.0,-12366000000.0,0.0,0.0,-0.946,17499900000.0,-13030700000.0,384000000.0,-0.035,0.546,-0.38,-0.375,2958400000.0,0.0,6.92,0.36,0.36,2677200000.0,-30638100000.0,13068800000.0,13068800000.0,0.0,-0.464,-1.419,-0.999,-1.0,132500000.0,2581300000.0,1.0,679484264.0,679484264.0,,19.233,10328600000.0,320800000.0,-1237800000.0,392500000.0,15.201,574200000.0
49,VIAC,MRT,2009-03-31,2009-03-31,2009-03-31,2021-08-25,-673500000.0,26405800000.0,30477050000.0,4963500000.0,21442300000.0,0.442,12.613,-459500000.0,239600000.0,239600000.0,8577500000.0,-11973000000.0,1.113,2.118,7131200000.0,22500000.0,7108700000.0,7131200000.0,413200000.0,556100000.0,0.0,0.224,0.86,-12493700000.0,-11937600000.0,-0.887,-11937600000.0,-12493700000.0,-13034800000.0,-17.84,-17.84,-17.84,8469700000.0,12041925000.0,8469700000.0,9184311648.0,-1.0,-0.769,638700000.0,0.951,1.0,4878700000.0,0.363,15650600000.0,541100000.0,13185300000.0,13051400000.0,2324000000.0,0.0,0.0,0.0,17936100000.0,4461500000.0,13474600000.0,2607711648.0,-2019300000.0,-1970000000.0,-37700000.0,-59700000.0,-721000000.0,-813100000.0,-2304400000.0,127000000.0,1098200000.0,0.0,-11973000000.0,-11973000000.0,-11973000000.0,0.0,0.0,-0.89,17386200000.0,-12507500000.0,354400000.0,-0.048,0.308,-0.218,-0.215,2957100000.0,0.0,3.84,0.194,0.192,2932900000.0,-30653500000.0,13456200000.0,13456200000.0,0.0,-0.393,-0.994,-0.957,-0.928,137700000.0,2624000000.0,1.0,679091575.0,671500000.0,,20.039,10755200000.0,321900000.0,-1061800000.0,361400000.0,16.017,502000000.0
50,VIAC,MRT,2008-12-31,2008-12-31,2008-12-31,2021-08-25,-606900000.0,27080900000.0,34133425000.0,5215900000.0,21865000000.0,0.409,12.651,-474100000.0,419500000.0,419500000.0,8650700000.0,-11673400000.0,1.086,2.15,6996100000.0,21300000.0,6974800000.0,6996100000.0,392000000.0,531600000.0,0.0,0.129,1.06,-12046100000.0,-11514500000.0,-0.825,-11514500000.0,-12046100000.0,-12592700000.0,-17.43,-17.43,-17.43,8597300000.0,15341250000.0,8597300000.0,12112827432.0,-1.0,-1.052,1672400000.0,2.461,1.0,5299700000.0,0.38,15752000000.0,546600000.0,13104600000.0,12935200000.0,2605400000.0,0.0,0.0,0.0,18483600000.0,4800900000.0,13682700000.0,5565827432.0,-927400000.0,-1837100000.0,-15200000.0,-205700000.0,-705400000.0,-919800000.0,-2154100000.0,166100000.0,2146500000.0,0.0,-11673400000.0,-11673400000.0,-11673400000.0,0.0,0.0,-0.837,17378800000.0,-12079100000.0,462800000.0,-0.061,0.647,-0.477,-0.47,3008300000.0,0.0,8.19,0.399,0.399,2749900000.0,-30598200000.0,13950400000.0,13950400000.0,0.0,-0.342,-0.761,-0.931,-0.863,137900000.0,2608700000.0,1.0,679588209.0,679588209.0,,20.528,11328900000.0,318700000.0,-919300000.0,388000000.0,16.67,415000000.0
51,VIAC,MRT,2008-09-30,2008-09-30,2008-09-30,2021-08-25,-51100000.0,27173700000.0,37470750000.0,5217800000.0,21955900000.0,0.378,13.492,-516500000.0,553100000.0,553100000.0,8635300000.0,-11523300000.0,1.117,1.962,7100100000.0,15800000.0,7084300000.0,7100100000.0,415900000.0,500100000.0,0.0,0.071,1.04,-11708400000.0,-11208300000.0,-0.79,-11208300000.0,-11708400000.0,-12260100000.0,-17.17,-17.18,-17.17,9173500000.0,18560025000.0,9173500000.0,16188774774.0,-1.0,-1.444,1486500000.0,2.186,1.0,5547000000.0,0.391,15877900000.0,551700000.0,13170600000.0,12967325000.0,2333900000.0,0.0,0.0,0.0,18000200000.0,4672200000.0,13328000000.0,9913274774.0,-672900000.0,-1451600000.0,-7900000.0,-23100000.0,-692200000.0,-717900000.0,-1958000000.0,18700000.0,2003000000.0,0.0,-11523300000.0,-11523300000.0,-11523300000.0,-29300000.0,0.0,-0.813,17244200000.0,-11697200000.0,387000000.0,-0.061,1.081,-0.86,-0.849,3030600000.0,0.0,14.58,0.699,0.699,2780400000.0,-30734300000.0,14182300000.0,14182300000.0,0.0,-0.308,-0.621,-0.903,-0.826,136300000.0,2628400000.0,1.0,679922824.0,679922824.0,,20.859,11295800000.0,316500000.0,-736800000.0,683800000.0,16.613,545600000.0
52,VIAC,MRT,2008-06-30,2008-06-30,2008-06-30,2021-08-25,92600000.0,41247800000.0,40952750000.0,5233600000.0,36014200000.0,0.344,32.198,-482700000.0,813900000.0,813900000.0,8440100000.0,1282200000.0,1.113,0.881,7089400000.0,16700000.0,7072700000.0,7089400000.0,454400000.0,472200000.0,0.0,0.052,1.02,2608600000.0,3080800000.0,0.219,3080800000.0,2608600000.0,2050000000.0,1.9,1.88,1.9,21927200000.0,21566175000.0,21927200000.0,18140747018.0,7.0,5.888,1794900000.0,2.636,1.0,5647900000.0,0.401,30077800000.0,558600000.0,12745100000.0,13011250000.0,2049000000.0,0.0,0.0,0.0,19320600000.0,4700400000.0,14620200000.0,13273047018.0,-1982900000.0,-1409300000.0,-1692700000.0,-22200000.0,-669600000.0,-2379700000.0,-1880800000.0,21500000.0,2277600000.0,0.0,1282200000.0,1282200000.0,1282200000.0,-32400000.0,0.0,0.091,3048200000.0,2599700000.0,364300000.0,0.537,0.605,10.352,10.258,3027300000.0,0.0,19.49,0.942,0.942,2668000000.0,-18272100000.0,14088000000.0,14088000000.0,0.0,0.031,0.059,0.2,0.185,127300000.0,2616400000.0,1.0,681018318.0,681018318.0,,20.687,11170000000.0,318000000.0,767800000.0,2002400000.0,16.402,533200000.0
53,VIAC,MRT,2008-03-31,2008-03-31,2008-03-31,2021-08-25,82200000.0,41031300000.0,41313750000.0,6991800000.0,34039500000.0,0.341,31.83,-462800000.0,2258900000.0,2258900000.0,8319800000.0,1277800000.0,1.476,0.894,7126600000.0,14600000.0,7112000000.0,7126600000.0,506500000.0,458300000.0,0.0,0.044,0.97,2616200000.0,3074500000.0,0.219,3074500000.0,2616200000.0,2046400000.0,1.85,1.82,1.85,21667000000.0,21742700000.0,21667000000.0,20771048847.0,8.0,6.756,1901200000.0,2.793,1.0,5749400000.0,0.409,28441600000.0,569800000.0,12720500000.0,13134025000.0,2017900000.0,0.0,0.0,0.0,19364300000.0,4736900000.0,14627400000.0,15030248847.0,-1119700000.0,68400000.0,-1784600000.0,-681900000.0,-655200000.0,-3113300000.0,-370400000.0,28800000.0,2364000000.0,0.0,1277800000.0,1277800000.0,1277800000.0,-32400000.0,0.0,0.091,3157400000.0,2592000000.0,328100000.0,0.524,0.694,11.763,11.935,2893000000.0,0.0,22.08,1.068,1.068,2923000000.0,-18680500000.0,14069200000.0,14069200000.0,0.0,0.031,0.059,0.199,0.186,118700000.0,2621500000.0,1.0,680717792.0,680717792.0,,20.668,12589700000.0,275200000.0,768600000.0,2095300000.0,18.495,2254900000.0
54,VIAC,MRT,2007-12-31,2007-12-31,2007-12-31,2021-08-25,10100000.0,40430200000.0,41887325000.0,6030900000.0,34399300000.0,0.336,31.345,-469100000.0,1346900000.0,1346900000.0,8329300000.0,1247000000.0,1.369,0.883,7087700000.0,19100000.0,7068600000.0,7087700000.0,378800000.0,455700000.0,0.0,0.034,0.94,2639400000.0,3095100000.0,0.22,3095100000.0,2639400000.0,2068500000.0,1.75,1.73,1.75,21472400000.0,21942325000.0,21472400000.0,24497125156.0,9.0,7.915,1716100000.0,2.505,1.0,5743600000.0,0.408,28533300000.0,570900000.0,13233100000.0,13284525000.0,2520400000.0,0.0,0.0,0.0,18957800000.0,4404600000.0,14553200000.0,18667425156.0,-1727700000.0,324700000.0,-3149600000.0,2900000.0,-640300000.0,-3777800000.0,-135100000.0,6700000.0,2185200000.0,0.0,1247000000.0,1247000000.0,1247000000.0,-32400000.0,0.0,0.089,3155800000.0,2587800000.0,352300000.0,0.537,0.869,14.97,15.571,2921500000.0,0.0,27.25,1.326,1.326,2678000000.0,-18924800000.0,14072900000.0,14072900000.0,0.0,0.03,0.057,0.199,0.188,106600000.0,2666100000.0,1.0,685043125.0,685043125.0,,20.543,11896900000.0,273700000.0,821500000.0,1986800000.0,17.367,1626300000.0
55,VIAC,MRT,2007-09-30,2007-09-30,2007-09-30,2021-08-25,-116400000.0,41101700000.0,42656975000.0,5743300000.0,35358400000.0,0.333,28.816,-500600000.0,1226000000.0,1226000000.0,8394000000.0,1295800000.0,1.347,0.939,7055700000.0,19800000.0,7035900000.0,7055700000.0,0.0,449900000.0,0.0,0.028,0.89,2638100000.0,3088000000.0,0.218,3088000000.0,2638100000.0,2070800000.0,1.77,1.74,1.77,21198100000.0,22454850000.0,21198100000.0,27390819107.0,10.0,8.87,1538900000.0,2.092,1.0,5803000000.0,0.409,29321900000.0,567300000.0,13346300000.0,13433875000.0,2438100000.0,0.0,0.0,0.0,19903600000.0,4263200000.0,15640400000.0,23172319107.0,-1950600000.0,377000000.0,-3123100000.0,3200000.0,-625700000.0,-3736500000.0,-253600000.0,-128400000.0,2039500000.0,0.0,1295800000.0,1295800000.0,1295800000.0,-3100000.0,0.0,0.091,3197000000.0,2606000000.0,375600000.0,0.503,1.093,17.883,17.797,2844500000.0,0.0,31.5,1.632,1.632,2592900000.0,-19211000000.0,14197000000.0,14197000000.0,0.0,0.03,0.058,0.196,0.186,93400000.0,2677800000.0,1.0,735629178.0,735629178.0,,19.299,11779800000.0,307700000.0,775000000.0,2372300000.0,16.013,1480100000.0
56,VIAC,MRT,2007-06-30,2007-06-30,2007-06-30,2021-08-25,-184100000.0,42691800000.0,43253000000.0,7428800000.0,35263000000.0,0.33,30.897,-487500000.0,2796800000.0,2796800000.0,8460900000.0,1269400000.0,1.69,0.886,7015300000.0,19500000.0,6995800000.0,7015300000.0,0.0,447600000.0,0.0,0.025,0.84,2646000000.0,3093600000.0,0.216,3093600000.0,2646000000.0,2080300000.0,1.69,1.67,1.69,22633300000.0,22967225000.0,22633300000.0,28755279161.0,11.0,9.295,1593400000.0,2.175,1.0,5833500000.0,0.408,29277100000.0,565700000.0,13236200000.0,13507300000.0,2313600000.0,0.0,0.0,0.0,20058500000.0,4397000000.0,15661500000.0,24408579161.0,-265000000.0,304500000.0,-1417300000.0,2200000.0,-603100000.0,-2009600000.0,-336300000.0,-151300000.0,2080900000.0,0.0,1269400000.0,1269400000.0,1269400000.0,6700000.0,0.0,0.089,3227800000.0,2605700000.0,396100000.0,0.497,1.078,19.228,19.716,2809400000.0,0.0,33.32,1.708,1.708,2541700000.0,-19554200000.0,14294400000.0,14294400000.0,0.0,0.029,0.055,0.196,0.185,85000000.0,2710000000.0,1.0,732550395.0,732550395.0,,19.513,13414700000.0,307700000.0,810900000.0,2397700000.0,18.312,3031800000.0
57,VIAC,MRT,2007-03-31,2007-03-31,2007-03-31,2021-08-25,-224900000.0,43325600000.0,43347425000.0,8257500000.0,35068100000.0,0.332,28.617,-442900000.0,3378600000.0,3378600000.0,8529000000.0,1647100000.0,1.551,0.929,7725300000.0,677600000.0,7047700000.0,7725300000.0,0.0,446700000.0,0.0,0.026,0.8,2903300000.0,3350000000.0,0.233,3350000000.0,2903300000.0,2342300000.0,2.15,2.14,2.15,22465500000.0,23086675000.0,22465500000.0,27982247106.0,10.0,8.353,1645700000.0,2.096,1.0,5873600000.0,0.408,29024400000.0,561000000.0,13322500000.0,13524250000.0,2413100000.0,0.0,0.0,0.0,20860100000.0,5325400000.0,15534700000.0,24014547106.0,2091800000.0,1857500000.0,-1273600000.0,583500000.0,-567200000.0,-1253400000.0,1256600000.0,-138600000.0,2088600000.0,0.0,1647100000.0,1647100000.0,1647100000.0,-285200000.0,0.0,0.114,3287000000.0,2586600000.0,399600000.0,0.372,1.069,14.58,14.228,2812200000.0,0.0,30.59,1.667,1.667,2835400000.0,-19958300000.0,14402600000.0,14402600000.0,0.0,0.038,0.071,0.215,0.202,72800000.0,2750600000.0,1.0,785045672.0,785045672.0,,18.346,14301200000.0,307700000.0,695200000.0,2405600000.0,18.217,2932100000.0
58,VIAC,MRT,2006-12-31,2006-12-31,2006-12-31,2021-08-25,-246300000.0,43508800000.0,43141850000.0,8144100000.0,35364700000.0,0.332,30.098,-394100000.0,3074600000.0,3074600000.0,8424800000.0,1660500000.0,1.851,0.85,7042300000.0,15000000.0,7027300000.0,7042300000.0,268400000.0,439500000.0,0.0,0.024,0.74,2878200000.0,3317700000.0,0.232,3317700000.0,2878200000.0,2312700000.0,2.17,2.15,2.17,23522500000.0,23002175000.0,23522500000.0,28239088637.0,10.0,8.512,1494300000.0,1.912,1.0,5895400000.0,0.412,29246500000.0,565500000.0,13830500000.0,13736125000.0,2648500000.0,0.0,0.0,0.0,19986300000.0,4399500000.0,15586800000.0,24367888637.0,1419300000.0,1352300000.0,84900000.0,-851500000.0,-519100000.0,-1284100000.0,815000000.0,-107500000.0,1888400000.0,0.0,1660500000.0,1660500000.0,1660500000.0,-277600000.0,0.0,0.116,3303300000.0,2592100000.0,502300000.0,0.341,1.036,14.675,14.369,2813800000.0,0.0,31.18,1.702,1.702,2824000000.0,-20175900000.0,14320200000.0,14320200000.0,0.0,0.038,0.072,0.21,0.201,64300000.0,2772700000.0,1.0,781523048.0,781523048.0,,18.323,14262300000.0,307700000.0,652200000.0,2314000000.0,18.249,3744600000.0
59,VIAC,MRT,2006-09-30,2006-09-30,2006-09-30,2021-08-25,-311100000.0,43485800000.0,43022050000.0,7872500000.0,35613300000.0,0.331,29.78,-327900000.0,3176600000.0,3176600000.0,8429000000.0,-7810900000.0,1.853,0.871,7047800000.0,14800000.0,7033000000.0,7047800000.0,0.0,442500000.0,0.0,0.143,4.04,-6524600000.0,-6082100000.0,-0.428,-6082100000.0,-6524600000.0,-7145700000.0,-9.81,-9.8,-9.81,23247600000.0,22555800000.0,23247600000.0,25964410232.0,-4.0,-4.269,1994300000.0,2.555,1.0,5797200000.0,0.408,29467400000.0,621100000.0,13640000000.0,13966500000.0,2467200000.0,0.0,0.0,0.0,20238200000.0,4249600000.0,15988600000.0,21990510232.0,2365800000.0,6450700000.0,-1748900000.0,-3312400000.0,-475400000.0,-5917900000.0,5961500000.0,93900000.0,2322200000.0,0.0,-7810900000.0,-7810900000.0,-7810900000.0,-373200000.0,0.0,-0.549,12752800000.0,-6955600000.0,426000000.0,-0.412,0.946,-2.815,-2.872,2705000000.0,0.0,28.17,1.546,1.546,2582200000.0,-20510900000.0,14226200000.0,14226200000.0,0.0,-0.182,-0.346,-0.467,-0.459,56200000.0,2771900000.0,1.0,780635791.0,780635791.0,,18.224,14018400000.0,492900000.0,665200000.0,2415800000.0,17.958,3622900000.0
60,VIAC,MRT,2006-06-30,2006-06-30,2006-06-30,2021-08-25,-332800000.0,43069500000.0,48979275000.0,7510100000.0,35559400000.0,0.29,29.918,-316900000.0,3061800000.0,3061800000.0,8455900000.0,-7419300000.0,1.76,0.864,7035700000.0,16300000.0,7019400000.0,7035700000.0,0.0,441900000.0,0.0,0.142,3.84,-6096900000.0,-5655000000.0,-0.398,-5655000000.0,-6096900000.0,-6751600000.0,-9.32,-9.31,-9.32,23111100000.0,26832600000.0,23111100000.0,26711728748.0,-4.0,-4.724,2610900000.0,3.38,1.0,5763400000.0,0.405,29473100000.0,654700000.0,13304000000.0,15917075000.0,2420200000.0,0.0,0.0,0.0,19958400000.0,4266300000.0,15692100000.0,20895828748.0,2394400000.0,6664600000.0,-2924200000.0,-3138000000.0,-451400000.0,-6904700000.0,6371300000.0,-13900000.0,2927800000.0,0.0,-7419300000.0,-7419300000.0,-7419300000.0,-831500000.0,0.0,-0.522,12724600000.0,-6961200000.0,1120700000.0,-0.412,0.904,-2.816,-2.902,2704200000.0,0.0,27.05,1.47,1.47,2451900000.0,-20827800000.0,14219300000.0,14219300000.0,0.0,-0.151,-0.277,-0.383,-0.429,40200000.0,2762900000.0,1.0,772489048.0,772489048.0,,18.407,13596400000.0,0.0,667700000.0,2334000000.0,17.601,3243800000.0
61,VIAC,MRT,2006-03-31,2006-03-31,2006-03-31,2021-08-25,-422500000.0,42503300000.0,55011450000.0,6196300000.0,36307000000.0,0.259,28.651,-314800000.0,1286800000.0,1286800000.0,8508700000.0,-7447200000.0,1.395,0.921,7102700000.0,17400000.0,7085300000.0,7102700000.0,0.0,427200000.0,0.0,0.153,3.66,-5965600000.0,-5538400000.0,-0.389,-5538400000.0,-5965600000.0,-6655200000.0,-9.4,-9.39,-9.4,22127500000.0,31275125000.0,22127500000.0,24765026605.0,-4.0,-4.472,2958700000.0,3.831,1.0,5740800000.0,0.403,29705900000.0,689600000.0,14170000000.0,17920600000.0,2511400000.0,0.0,0.0,0.0,20375800000.0,4443300000.0,15932500000.0,18520026605.0,819400000.0,5140400000.0,-3813200000.0,-2400800000.0,-440900000.0,-7063200000.0,4609100000.0,-13000000.0,3273500000.0,0.0,-7447200000.0,-7447200000.0,-7447200000.0,-913300000.0,0.0,-0.523,12645600000.0,-6904800000.0,1284100000.0,-0.389,0.837,-2.487,-2.551,3205000000.0,0.0,23.98,1.3,1.3,2770800000.0,-21609500000.0,14249500000.0,14249500000.0,0.0,-0.135,-0.238,-0.333,-0.419,26800000.0,2682800000.0,1.0,772311368.0,772311368.0,,18.45,12797400000.0,0.0,792000000.0,2269100000.0,16.57,1753000000.0
62,VIAC,MRT,2005-12-31,2005-12-31,2005-12-31,2021-08-25,-397500000.0,43029600000.0,61102475000.0,6795500000.0,36234100000.0,0.231,14.065,-327000000.0,1655300000.0,1655300000.0,8378300000.0,-7089100000.0,1.263,0.98,7900300000.0,747100000.0,7153200000.0,7900300000.0,265100000.0,440100000.0,0.0,0.137,3.5,-5574400000.0,-5134300000.0,-0.364,-5134300000.0,-5574400000.0,-6294900000.0,-8.98,-8.98,-8.98,21737000000.0,36027300000.0,21737000000.0,49296306033.0,-9.0,-9.601,3210000000.0,2.077,1.0,5734700000.0,0.406,29144000000.0,720500000.0,14752000000.0,19547700000.0,2854400000.0,0.0,0.0,0.0,21292600000.0,5378600000.0,15914000000.0,39408306033.0,727100000.0,5216700000.0,-5245100000.0,-1455400000.0,-451300000.0,-7577700000.0,4767800000.0,93900000.0,3537000000.0,0.0,-7089100000.0,-7089100000.0,-7089100000.0,-1271500000.0,0.0,-0.502,12599900000.0,-6865200000.0,588600000.0,-0.39,1.813,-5.559,-2.84,2736400000.0,0.0,25.5,2.792,2.792,2726100000.0,-21836400000.0,14113000000.0,14113000000.0,0.0,-0.116,-0.197,-0.285,-0.395,17600000.0,2679700000.0,1.0,1545423766.0,1545423766.0,,9.132,13885600000.0,468900000.0,794200000.0,2106500000.0,8.985,1416900000.0
63,VIAC,MRT,2005-09-30,2005-09-30,2005-09-30,2021-08-25,-398200000.0,67314700000.0,67345650000.0,6993100000.0,60321600000.0,0.126,25.456,-167300000.0,810800000.0,810800000.0,5893800000.0,-16391600000.0,1.059,0.668,10698800000.0,63600000.0,10635200000.0,10698800000.0,0.0,212700000.0,0.0,0.0,0.0,-15691000000.0,-15478300000.0,-1.817,-15478300000.0,-15691000000.0,-16374900000.0,-18.38,-18.37,-18.38,40354800000.0,41099125000.0,40354800000.0,62219084459.0,-4.0,-4.02,3584100000.0,2.261,1.0,2625000000.0,0.308,49156600000.0,683900000.0,21442300000.0,23630200000.0,5726600000.0,0.0,0.0,0.0,26959900000.0,6603800000.0,20356100000.0,52330784459.0,-1833300000.0,-508800000.0,-5277100000.0,1041200000.0,-445300000.0,-4760100000.0,-824600000.0,1200000.0,3751400000.0,0.0,-16391600000.0,-16391600000.0,-16391600000.0,-2551100000.0,0.0,-1.924,19643000000.0,-17018000000.0,1853600000.0,0.0,1.297,-3.193,-1.796,4309200000.0,0.0,33.01,6.143,6.143,3908400000.0,-12700000000.0,8518800000.0,8518800000.0,0.0,-0.243,-0.399,-0.664,-1.842,13100000.0,1446200000.0,1.0,1585300953.0,1585300953.0,,5.374,18158100000.0,0.0,16700000.0,1540800000.0,11.454,389300000.0
64,VIAC,MRT,2005-06-30,2005-06-30,2005-06-30,2021-08-25,-409200000.0,67198200000.0,73158650000.0,6725400000.0,60472800000.0,0.144,25.356,-200800000.0,666400000.0,666400000.0,6740300000.0,-17587700000.0,1.014,0.644,10554700000.0,62500000.0,10492200000.0,10554700000.0,0.0,289300000.0,0.0,0.0,0.0,-16661600000.0,-16372300000.0,-1.555,-16372300000.0,-16661600000.0,-17348500000.0,-19.56,-19.55,-19.56,40881200000.0,46880700000.0,40881200000.0,61068248405.0,-4.0,-3.73,3307100000.0,2.051,1.0,3786600000.0,0.36,49132800000.0,686900000.0,21318100000.0,24057825000.0,5417800000.0,0.0,0.0,0.0,26317000000.0,6635600000.0,19681400000.0,51625648405.0,-1045900000.0,-212900000.0,-4082700000.0,780200000.0,-436800000.0,-3793600000.0,-760200000.0,158600000.0,3507900000.0,0.0,-17587700000.0,-17587700000.0,-17587700000.0,-890200000.0,0.0,-1.671,20085300000.0,-16298700000.0,1792100000.0,0.0,1.263,-2.935,-1.637,4334900000.0,0.0,32.02,4.904,4.904,3784900000.0,-13408500000.0,10526900000.0,10526900000.0,0.0,-0.24,-0.375,-0.693,-1.583,8200000.0,1811100000.0,1.0,1612293829.0,1612293829.0,,6.529,18065400000.0,0.0,239200000.0,1569300000.0,11.205,89800000.0
65,VIAC,MRT,2005-03-31,2005-03-31,2005-03-31,2021-08-25,-377100000.0,66867400000.0,78776975000.0,6615800000.0,60251600000.0,0.157,25.272,-214100000.0,467400000.0,467400000.0,7450000000.0,-17587700000.0,0.992,0.626,9910000000.0,64700000.0,9845300000.0,9910000000.0,0.0,378900000.0,0.0,0.0,0.0,-16398600000.0,-16019700000.0,-1.295,-16019700000.0,-16398600000.0,-17088200000.0,-20.06,-20.06,-20.06,41136200000.0,52651750000.0,41136200000.0,65479863719.0,-4.0,-4.087,3409200000.0,2.094,1.0,4917600000.0,0.398,48963200000.0,689600000.0,20678400000.0,24087025000.0,5513300000.0,0.0,0.0,0.0,25731200000.0,6668400000.0,19062800000.0,56693063719.0,-591900000.0,-49200000.0,-3405800000.0,86700000.0,-427000000.0,-3807200000.0,-408000000.0,171100000.0,3623300000.0,0.0,-17587700000.0,-17587700000.0,-17587700000.0,-553100000.0,0.0,-1.422,20603300000.0,-15685700000.0,1801700000.0,0.0,1.378,-3.223,-1.736,4624600000.0,0.0,34.83,4.584,4.584,3836200000.0,-14162300000.0,12367600000.0,12367600000.0,0.0,-0.223,-0.334,-0.681,-1.326,3300000.0,2291700000.0,1.0,1627707830.0,1627707830.0,,7.598,17904200000.0,0.0,499500000.0,1667700000.0,11.0,-52600000.0
66,VIAC,MRT,2004-12-31,2004-12-31,2004-12-31,2021-08-25,-356000000.0,68002300000.0,84493000000.0,7493500000.0,60508800000.0,0.167,24.647,-217900000.0,778200000.0,778200000.0,8366200000.0,-17462200000.0,1.089,0.618,9363600000.0,12100000.0,9351500000.0,9363600000.0,294900000.0,449800000.0,0.0,0.0,0.0,-16171100000.0,-15721300000.0,-1.112,-15721300000.0,-16171100000.0,-16865100000.0,-20.37,-20.37,-20.37,42024300000.0,58240950000.0,42024300000.0,69264237697.0,-4.0,-4.406,3422700000.0,2.007,1.0,5772100000.0,0.408,38626200000.0,694000000.0,31082000000.0,24388850000.0,2589400000.0,0.0,0.0,0.0,25978000000.0,6879500000.0,19098500000.0,62046037697.0,77500000.0,-50300000.0,-2383700000.0,-119200000.0,-415200000.0,-3029400000.0,-533700000.0,70200000.0,3640600000.0,0.0,-17462200000.0,-17462200000.0,-17462200000.0,-278900000.0,0.0,-1.235,20949300000.0,-15177200000.0,1070600000.0,0.0,1.476,-3.553,-1.786,3233000000.0,0.0,36.39,4.389,4.389,2476500000.0,-14747300000.0,14138300000.0,14138300000.0,0.0,-0.207,-0.3,-0.663,-1.144,0.0,2526800000.0,1.0,1705029890.0,1705029890.0,,8.292,29376100000.0,201500000.0,597100000.0,1964700000.0,17.229,614000000.0
67,VIAC,MRT,2004-09-30,2004-09-30,2004-09-30,2021-08-25,-328600000.0,90566700000.0,90048800000.0,9447400000.0,81119300000.0,0.163,36.591,-219900000.0,2453200000.0,2453200000.0,8491700000.0,591300000.0,1.236,0.427,9671400000.0,67100000.0,9604300000.0,9671400000.0,0.0,513600000.0,0.0,0.0,0.0,2059000000.0,2572600000.0,0.175,2572600000.0,2059000000.0,1370400000.0,1.16,1.15,1.16,63481100000.0,63536125000.0,63481100000.0,66292311016.0,32.0,25.769,3578100000.0,2.062,1.0,6217400000.0,0.423,66989300000.0,688600000.0,23152800000.0,22695700000.0,5483600000.0,0.0,0.0,0.0,27085600000.0,7642800000.0,19442800000.0,58222511016.0,1885200000.0,1661200000.0,-938000000.0,-97300000.0,-416200000.0,-1739100000.0,-173700000.0,69900000.0,3798000000.0,0.0,591300000.0,591300000.0,591300000.0,931500000.0,0.0,0.04,3226000000.0,2991400000.0,1642300000.0,0.0,0.917,98.465,28.931,5070300000.0,0.0,33.56,3.958,3.958,3936500000.0,3807700000.0,14709100000.0,14709100000.0,0.0,0.007,0.009,0.091,0.14,0.0,2740500000.0,1.0,1734878159.0,1734878159.0,,8.478,23577400000.0,0.0,779100000.0,557300000.0,13.59,1804600000.0
68,VIAC,MRT,2004-06-30,2004-06-30,2004-06-30,2021-08-25,-379100000.0,89671500000.0,90141000000.0,7916000000.0,81755500000.0,0.162,36.918,-145100000.0,1713300000.0,1713300000.0,8606400000.0,1778500000.0,1.143,0.402,9783100000.0,124200000.0,9658900000.0,9783100000.0,0.0,389400000.0,0.0,0.0,0.0,3265200000.0,3654600000.0,0.251,3654600000.0,3265200000.0,2560600000.0,1.84,1.83,1.84,63965400000.0,63696425000.0,63965400000.0,70650381617.0,22.0,19.332,3721000000.0,2.148,1.0,5981700000.0,0.41,69381500000.0,704600000.0,21434900000.0,22421650000.0,5873000000.0,0.0,0.0,0.0,25706100000.0,6924900000.0,18781200000.0,61888981617.0,832000000.0,1209600000.0,-1111200000.0,-490800000.0,-312800000.0,-2411800000.0,-622300000.0,27100000.0,3866100000.0,0.0,1778500000.0,1778500000.0,1778500000.0,-329500000.0,0.0,0.122,3066500000.0,2915200000.0,2093500000.0,0.0,0.968,34.798,19.413,5820200000.0,0.0,35.72,4.242,4.242,3728900000.0,4398900000.0,14588100000.0,14588100000.0,0.0,0.02,0.028,0.146,0.224,0.0,2568100000.0,1.0,1732614267.0,1732614267.0,,8.42,20290000000.0,0.0,782100000.0,507100000.0,11.711,991100000.0
69,VIAC,MRT,2004-03-31,2004-03-31,2004-03-31,2021-08-25,-359900000.0,89731500000.0,90402075000.0,7470800000.0,82260700000.0,0.173,36.515,-188500000.0,1059300000.0,1059300000.0,9649700000.0,1684300000.0,1.04,0.413,9820700000.0,135600000.0,9685100000.0,9820700000.0,0.0,452300000.0,0.0,0.0,0.0,3141900000.0,3594200000.0,0.23,3594200000.0,3141900000.0,2419900000.0,1.78,1.77,1.78,63493000000.0,63620125000.0,63493000000.0,77208723066.0,25.0,21.481,3538100000.0,2.035,1.0,6002700000.0,0.384,69421800000.0,722000000.0,21885700000.0,22731275000.0,6077500000.0,0.0,0.0,0.0,26238500000.0,7185400000.0,19053100000.0,68179923066.0,395200000.0,-38700000.0,-937900000.0,124700000.0,-209000000.0,-1497900000.0,-1833500000.0,38200000.0,3726600000.0,0.0,1684300000.0,1684300000.0,1684300000.0,-292900000.0,0.0,0.108,3168000000.0,2834700000.0,2058800000.0,0.0,1.074,40.48,22.028,5891300000.0,0.0,39.21,4.356,4.356,3894600000.0,3748600000.0,15652400000.0,15652400000.0,0.0,0.019,0.026,0.138,0.201,0.0,2594000000.0,1.0,1738840170.0,1738840170.0,,9.002,20309700000.0,0.0,735600000.0,767900000.0,11.68,285400000.0
70,VIAC,MRT,2003-12-31,2003-12-31,2003-12-31,2021-08-25,-351200000.0,90225500000.0,90260550000.0,7768400000.0,82457100000.0,0.15,36.133,-234100000.0,617300000.0,617300000.0,8165400000.0,1416900000.0,1.023,0.428,9659600000.0,51500000.0,9608100000.0,9659600000.0,558500000.0,501700000.0,0.0,0.0,0.0,2859500000.0,3361200000.0,0.248,3361200000.0,2859500000.0,2143400000.0,1.62,1.61,1.62,63205000000.0,63469775000.0,63205000000.0,86918756143.0,30.0,25.859,3263300000.0,1.866,1.0,5389100000.0,0.398,67363700000.0,716100000.0,24309400000.0,22773575000.0,5239900000.0,0.0,0.0,0.0,27020500000.0,7594700000.0,19425800000.0,77631356143.0,219300000.0,-64000000.0,-699900000.0,-201800000.0,-104600000.0,-1415700000.0,-1862400000.0,32200000.0,3497400000.0,0.0,1416900000.0,1416900000.0,1416900000.0,-318500000.0,0.0,0.105,2856400000.0,2532700000.0,1685300000.0,0.0,1.228,54.79,27.395,4635100000.0,0.0,44.38,5.727,5.727,4163300000.0,3141900000.0,13554500000.0,13554500000.0,0.0,0.016,0.022,0.126,0.211,0.0,2376100000.0,1.0,1749241914.0,1749241914.0,,7.749,22861800000.0,69000000.0,726500000.0,483600000.0,13.07,173700000.0
71,VIAC,MRT,2003-09-30,2003-09-30,2003-09-30,2021-08-25,-420600000.0,90935500000.0,90214975000.0,7511900000.0,83423600000.0,0.212,36.533,-326500000.0,758900000.0,758900000.0,10511300000.0,2454700000.0,1.01,0.418,10046300000.0,332800000.0,9713500000.0,10046300000.0,0.0,554700000.0,0.0,0.0,0.0,4691800000.0,5246500000.0,0.275,5246500000.0,4691800000.0,3954800000.0,1.4,1.39,1.4,64122300000.0,63290475000.0,64122300000.0,77065157207.0,16.0,14.689,3392500000.0,1.933,1.0,8575400000.0,0.449,70725700000.0,737000000.0,22056600000.0,22414000000.0,6043700000.0,0.0,0.0,0.0,26813200000.0,7440600000.0,19372600000.0,67224357207.0,237900000.0,-1267000000.0,-607400000.0,-558700000.0,0.0,-1559100000.0,-1922000000.0,16900000.0,3719000000.0,0.0,2454700000.0,2454700000.0,2454700000.0,-216300000.0,0.0,0.129,4083000000.0,4492400000.0,2120000000.0,0.0,1.048,27.386,27.357,6012700000.0,0.0,38.3,3.522,3.522,3821900000.0,3631700000.0,19086700000.0,19086700000.0,0.0,0.027,0.039,0.209,0.246,0.0,3405800000.0,1.0,1755205149.0,1755205149.0,,10.874,20209800000.0,0.0,1500100000.0,1405600000.0,11.514,71300000.0
72,VIAC,MRT,2003-06-30,2003-06-30,2003-06-30,2021-08-25,-426100000.0,90715800000.0,89928150000.0,7087500000.0,83628300000.0,0.224,36.254,-421400000.0,881300000.0,881300000.0,11313600000.0,2395400000.0,0.993,0.425,10722100000.0,362000000.0,10360100000.0,10722100000.0,0.0,731300000.0,0.0,0.0,0.0,4628700000.0,5360000000.0,0.266,5360000000.0,4628700000.0,3871400000.0,1.37,1.35,1.37,63660200000.0,62902275000.0,63660200000.0,86075880811.0,19.0,16.059,2798900000.0,1.594,1.0,8820600000.0,0.438,70743500000.0,757300000.0,22673400000.0,22650600000.0,5845100000.0,0.0,0.0,0.0,27055600000.0,7139700000.0,19915900000.0,76664480811.0,226500000.0,-1375500000.0,-745100000.0,-13300000.0,0.0,-958100000.0,-2035700000.0,24500000.0,3220300000.0,0.0,2395400000.0,2395400000.0,2395400000.0,-164600000.0,0.0,0.119,4314400000.0,4506200000.0,2008700000.0,0.0,1.204,32.005,31.869,6099200000.0,0.0,43.66,3.808,3.808,3399500000.0,3036700000.0,20134200000.0,20134200000.0,0.0,0.027,0.038,0.204,0.23,0.0,3589400000.0,1.0,1755943216.0,1755943216.0,,11.466,19972300000.0,0.0,1476000000.0,1249400000.0,11.374,-52200000.0
73,VIAC,MRT,2003-03-31,2003-03-31,2003-03-31,2021-08-25,-533600000.0,89165400000.0,89497775000.0,6620200000.0,82545200000.0,0.219,35.804,-413200000.0,664100000.0,664100000.0,10967500000.0,2282300000.0,0.954,0.418,10075500000.0,293100000.0,9782400000.0,10075500000.0,0.0,723600000.0,0.0,0.0,0.0,4459800000.0,5183400000.0,0.265,5183400000.0,4459800000.0,3676400000.0,1.3,1.29,1.3,62891600000.0,62539000000.0,62891600000.0,73921589270.0,17.0,14.261,2939200000.0,1.673,1.0,8597900000.0,0.439,69582100000.0,783400000.0,22054900000.0,22495500000.0,5792400000.0,0.0,0.0,0.0,26273800000.0,6939800000.0,19334000000.0,64148789270.0,118800000.0,-804400000.0,-780900000.0,-790500000.0,0.0,-1769800000.0,-1463800000.0,0.0,3352400000.0,0.0,2282300000.0,2282300000.0,2282300000.0,-164600000.0,0.0,0.117,4265200000.0,4332700000.0,1864000000.0,0.0,1.02,28.107,28.092,6054700000.0,0.0,36.52,3.279,3.279,3251400000.0,2377100000.0,19565400000.0,19565400000.0,0.0,0.026,0.036,0.198,0.228,0.0,3512100000.0,1.0,1756538589.0,1756538589.0,,11.139,19583300000.0,0.0,1394100000.0,0.0,11.149,-319600000.0
74,VIAC,MRT,2002-12-31,2002-12-31,2002-12-31,2021-08-25,-580500000.0,90043200000.0,89316775000.0,7166800000.0,82876400000.0,0.215,35.482,-396500000.0,631400000.0,631400000.0,10735500000.0,725700000.0,0.976,0.441,10404200000.0,199000000.0,10205200000.0,10404200000.0,604600000.0,711800000.0,0.0,0.0,0.0,2863100000.0,3574900000.0,0.186,3574900000.0,2863100000.0,2064000000.0,0.41,0.41,0.41,62487800000.0,62199850000.0,62487800000.0,82082471737.0,29.0,22.961,2727900000.0,1.549,1.0,8451300000.0,0.44,69598900000.0,799100000.0,22871100000.0,22608275000.0,5859700000.0,0.0,0.0,0.0,27555400000.0,7346000000.0,20209400000.0,71782271737.0,-96000000.0,-806400000.0,-823900000.0,-756700000.0,0.0,-1778200000.0,-1442200000.0,0.0,3124400000.0,0.0,725700000.0,725700000.0,725700000.0,-164600000.0,0.0,0.038,4243300000.0,4208000000.0,2143000000.0,0.0,1.149,98.915,99.415,6112700000.0,0.0,40.76,3.741,3.741,3721000000.0,1934000000.0,19186800000.0,19186800000.0,0.0,0.008,0.012,0.127,0.149,0.0,3498600000.0,1.0,1761095970.0,1761095970.0,,10.895,20444300000.0,527600000.0,1338300000.0,102900000.0,11.609,-179200000.0
75,VIAC,MRT,2002-09-30,2002-09-30,2002-09-30,2021-08-25,-129400000.0,89788200000.0,89508450000.0,7262500000.0,82525700000.0,0.267,35.458,-515500000.0,521000000.0,521000000.0,14634600000.0,30800000.0,1.016,0.435,10821200000.0,357300000.0,10463900000.0,10821200000.0,0.0,1488700000.0,0.0,0.0,0.0,2270700000.0,3759400000.0,0.158,3759400000.0,2270700000.0,1404000000.0,0.02,0.02,0.02,62569500000.0,62257100000.0,62569500000.0,81601215973.0,36.0,21.706,3001700000.0,1.701,1.0,9233500000.0,0.387,69938400000.0,866700000.0,23003000000.0,22553850000.0,5766300000.0,0.0,0.0,0.0,27218700000.0,7147000000.0,20071700000.0,71555515973.0,-4300000.0,-1005400000.0,-740100000.0,-1291700000.0,0.0,-2034900000.0,-1486600000.0,21700000.0,3517200000.0,0.0,30800000.0,30800000.0,30800000.0,0.0,0.0,0.001,5352200000.0,3881300000.0,2229200000.0,0.0,1.144,2323.231,2027.5,6064700000.0,0.0,40.55,2.998,2.998,3390800000.0,1281600000.0,23868100000.0,23868100000.0,0.0,0.0,0.0,0.101,0.095,0.0,4016900000.0,1.0,1764624315.0,1764624315.0,,13.526,19849800000.0,0.0,1373200000.0,0.0,11.249,115500000.0
76,VIAC,MRT,2002-06-30,2002-06-30,2002-06-30,2021-08-25,-110200000.0,88994300000.0,89957075000.0,6791800000.0,82202500000.0,0.259,35.194,-512100000.0,654800000.0,654800000.0,14629900000.0,-799900000.0,0.954,0.431,10700500000.0,337400000.0,10363100000.0,10700500000.0,0.0,2034000000.0,0.0,0.0,0.0,1210600000.0,3244600000.0,0.139,3244600000.0,1210600000.0,330400000.0,-0.46,-0.45,-0.46,62207100000.0,62320600000.0,62207100000.0,88718640739.0,73.0,27.343,3209200000.0,1.816,1.0,8645500000.0,0.371,69866600000.0,880200000.0,22053000000.0,22826150000.0,5303500000.0,0.0,0.0,0.0,26787200000.0,7120400000.0,19666800000.0,78425640739.0,-209100000.0,-910400000.0,-789900000.0,-1748200000.0,0.0,-2540400000.0,-1390000000.0,9500000.0,3721300000.0,0.0,-799900000.0,-799900000.0,-799900000.0,0.0,0.0,-0.034,5887300000.0,2758200000.0,2207100000.0,0.0,1.261,-98.044,-96.457,6171700000.0,0.0,44.37,3.369,3.369,3076600000.0,641300000.0,23275400000.0,23275400000.0,0.0,-0.009,-0.013,0.053,0.052,0.0,3978100000.0,1.0,1767537542.0,1767537542.0,,13.168,19127700000.0,0.0,1130300000.0,0.0,10.822,-328600000.0
77,VIAC,MRT,2002-03-31,2002-03-31,2002-03-31,2021-08-25,-170000000.0,88441400000.0,90737300000.0,6827000000.0,81614400000.0,0.255,34.879,-501600000.0,545300000.0,545300000.0,14374900000.0,-1329700000.0,0.962,0.437,10838300000.0,313400000.0,10524900000.0,10838300000.0,0.0,2571200000.0,0.0,0.0,0.0,662600000.0,3233800000.0,0.14,3233800000.0,662600000.0,-258900000.0,-0.76,-0.75,-0.76,61535000000.0,62600950000.0,61535000000.0,95731087106.0,144.0,29.603,3025700000.0,1.715,1.0,8767900000.0,0.379,69135100000.0,921500000.0,22506000000.0,23300175000.0,5378100000.0,0.0,0.0,0.0,26906400000.0,7093300000.0,19813100000.0,85335787106.0,-402500000.0,-344600000.0,-854400000.0,-2254300000.0,0.0,-3110300000.0,-819500000.0,20300000.0,3527300000.0,0.0,-1329700000.0,-1329700000.0,-1329700000.0,0.0,0.0,-0.057,6572400000.0,2195500000.0,2073100000.0,0.0,1.387,-64.177,-63.645,6229100000.0,0.0,48.37,3.687,3.687,3272500000.0,94800000.0,23142800000.0,23142800000.0,0.0,-0.015,-0.021,0.028,0.029,0.0,4155300000.0,1.0,1764229628.0,1764229628.0,,13.118,19306300000.0,0.0,1070800000.0,0.0,10.943,-266300000.0
78,VIAC,MRT,2001-12-31,2001-12-31,2001-12-31,2021-08-25,-152700000.0,90809900000.0,91764500000.0,6755700000.0,84054200000.0,0.253,35.366,-515400000.0,727400000.0,727400000.0,14463800000.0,-223500000.0,0.893,0.448,11122700000.0,299000000.0,10823700000.0,11122700000.0,527700000.0,3087000000.0,0.0,0.0,0.0,1665600000.0,4752600000.0,0.205,4752600000.0,1665600000.0,696400000.0,-0.13,-0.13,-0.13,62716800000.0,63081775000.0,62716800000.0,89759032258.0,54.0,18.886,2993700000.0,1.688,1.0,8759000000.0,0.377,70990100000.0,969200000.0,22653400000.0,23923675000.0,5254300000.0,0.0,0.0,0.0,28093100000.0,7561700000.0,20531400000.0,78292932258.0,-207100000.0,-722500000.0,-881500000.0,-1641700000.0,0.0,-2525700000.0,-1190500000.0,47400000.0,3509100000.0,0.0,-223500000.0,-223500000.0,-223500000.0,0.0,0.0,-0.01,7044100000.0,1714900000.0,2254400000.0,0.0,1.248,-350.304,-339.615,6335200000.0,0.0,44.15,3.371,3.371,3581800000.0,1208300000.0,23222800000.0,23222800000.0,0.0,-0.002,-0.004,0.07,0.072,0.0,4092400000.0,1.0,1773339349.0,1773339349.0,,13.096,19819800000.0,359700000.0,919900000.0,1225200000.0,11.177,-806000000.0
79,VIAC,MRT,2001-09-30,2001-09-30,2001-09-30,2021-08-25,-193000000.0,91582700000.0,89723550000.0,7075700000.0,84507000000.0,0.262,35.255,-566400000.0,525300000.0,525300000.0,14101000000.0,-150600000.0,0.926,0.458,11991400000.0,266400000.0,11725000000.0,11991400000.0,0.0,3067300000.0,0.0,0.0,0.0,1724600000.0,4791900000.0,0.204,4791900000.0,1724600000.0,716600000.0,-0.02,-0.02,-0.02,62823500000.0,59394300000.0,62823500000.0,72978838033.0,42.0,15.23,2557500000.0,1.435,1.0,9438100000.0,0.401,71313800000.0,1008000000.0,24092200000.0,24422075000.0,5141800000.0,0.0,0.0,0.0,28759200000.0,7642800000.0,21116400000.0,61478238033.0,-467400000.0,-1041900000.0,-1003000000.0,-1044500000.0,0.0,-2049800000.0,-1541500000.0,69500000.0,3123900000.0,0.0,-150600000.0,-150600000.0,-150600000.0,0.0,0.0,-0.006,7668900000.0,1769200000.0,980600000.0,0.0,0.979,-408.222,-1725.0,6445700000.0,0.0,34.5,2.612,2.612,3843300000.0,1250800000.0,23539100000.0,23539100000.0,0.0,-0.002,-0.003,0.071,0.073,0.0,4588800000.0,1.0,1781977914.0,1781977914.0,,13.21,20268900000.0,0.0,867200000.0,0.0,11.374,-567100000.0
80,VIAC,MRT,2001-06-30,2001-06-30,2001-06-30,2021-08-25,-205800000.0,92115200000.0,87433725000.0,7038500000.0,85076700000.0,0.27,35.574,-574900000.0,863900000.0,863900000.0,13594700000.0,73200000.0,0.904,0.455,12364500000.0,219600000.0,12144900000.0,12364500000.0,0.0,2964400000.0,0.0,0.0,0.0,2221700000.0,5186100000.0,0.219,5186100000.0,2221700000.0,1195200000.0,0.11,0.11,0.11,63328500000.0,55737250000.0,63328500000.0,104213505342.0,47.0,20.095,2615400000.0,1.469,1.0,10041400000.0,0.425,71878200000.0,1026500000.0,23949100000.0,24800275000.0,5298800000.0,0.0,0.0,0.0,28786700000.0,7788500000.0,20998200000.0,92124205342.0,-43100000.0,-2575700000.0,-970500000.0,682200000.0,0.0,-288400000.0,-2945000000.0,204400000.0,3190300000.0,0.0,73200000.0,73200000.0,73200000.0,0.0,0.0,0.003,7677200000.0,2364200000.0,1017700000.0,0.0,1.455,1258.527,470.455,6547300000.0,0.0,51.75,3.898,3.898,3652400000.0,1441200000.0,23636100000.0,23636100000.0,0.0,0.001,0.001,0.09,0.094,0.0,4728800000.0,1.0,1780177881.0,1780177881.0,,13.277,20237000000.0,0.0,1122000000.0,0.0,11.368,-750000000.0
81,VIAC,MRT,2001-03-31,2001-03-31,2001-03-31,2021-08-25,-201100000.0,92550200000.0,85336225000.0,7856200000.0,84694000000.0,0.267,35.608,-658300000.0,947800000.0,947800000.0,13305900000.0,-439100000.0,1.011,0.458,13037100000.0,150000000.0,12887100000.0,13037100000.0,0.0,2739500000.0,0.0,0.0,0.0,1312800000.0,4052300000.0,0.178,4052300000.0,1312800000.0,356100000.0,-0.31,-0.31,-0.31,63458300000.0,52210075000.0,63458300000.0,90124473654.0,69.0,22.24,2009600000.0,1.128,1.0,9464200000.0,0.416,71867000000.0,956700000.0,25000000000.0,25316850000.0,5358700000.0,0.0,0.0,0.0,29091900000.0,7772500000.0,21319400000.0,78361273654.0,250300000.0,-2793200000.0,-1256800000.0,2101100000.0,0.0,758600000.0,-3176200000.0,268200000.0,2667900000.0,0.0,-439100000.0,-439100000.0,-439100000.0,0.0,0.0,-0.019,7982700000.0,1481500000.0,923100000.0,0.0,1.235,-178.459,-141.839,6465600000.0,0.0,43.97,3.441,3.441,3986400000.0,1424500000.0,22770100000.0,22770100000.0,0.0,-0.005,-0.008,0.052,0.058,0.0,4542000000.0,1.0,1782153142.0,1782153142.0,,12.777,20683200000.0,0.0,795200000.0,0.0,11.606,83700000.0
82,VIAC,MRT,2000-12-31,2000-12-31,2000-12-31,2021-08-25,-152500000.0,82646100000.0,68279550000.0,7832400000.0,74813700000.0,0.294,31.703,-659000000.0,934500000.0,934500000.0,11707100000.0,-816100000.0,1.01,0.723,12697700000.0,223900000.0,12473800000.0,12697700000.0,605900000.0,2223500000.0,0.0,0.0,0.0,736000000.0,2959500000.0,0.148,2959500000.0,736000000.0,-86300000.0,-0.67,-0.67,-0.67,47966900000.0,38953825000.0,47966900000.0,82618399811.0,112.0,27.916,1664300000.0,1.1,1.0,8336600000.0,0.416,62004100000.0,822300000.0,24647000000.0,22830800000.0,5034900000.0,0.0,0.0,0.0,34679200000.0,7758200000.0,26921000000.0,70734199811.0,253700000.0,-2428600000.0,-1758400000.0,2633800000.0,0.0,791300000.0,-2860900000.0,226700000.0,2323300000.0,0.0,-816100000.0,-816100000.0,-816100000.0,0.0,0.0,-0.041,7006900000.0,1329700000.0,2481400000.0,0.0,1.475,-86.673,-69.776,6601800000.0,0.0,46.75,3.529,3.529,3964100000.0,1431800000.0,20043700000.0,20043700000.0,0.0,-0.012,-0.021,0.032,0.037,0.0,4093700000.0,1.0,1513031012.0,1513031012.0,,13.247,20642000000.0,336300000.0,729800000.0,1236500000.0,13.643,74200000.0
83,VIAC,MRT,2000-09-30,2000-09-30,2000-09-30,2021-08-25,-125700000.0,82423400000.0,53739625000.0,7519800000.0,74903600000.0,0.321,31.778,-624700000.0,992700000.0,992700000.0,10353400000.0,-713400000.0,1.065,0.71,12876900000.0,238000000.0,12638900000.0,12876900000.0,0.0,1689400000.0,0.0,0.0,0.0,555000000.0,2244400000.0,0.13,2244400000.0,555000000.0,-127400000.0,-0.75,-0.75,-0.75,48195300000.0,29745100000.0,48195300000.0,99321598115.0,179.0,44.253,1102600000.0,0.727,1.0,6906500000.0,0.4,61643400000.0,682400000.0,25605000000.0,20148800000.0,4866800000.0,0.0,0.0,0.0,34228100000.0,7059200000.0,27168900000.0,88722398115.0,318500000.0,-1919900000.0,-1426100000.0,2530400000.0,0.0,1041300000.0,-2450100000.0,129500000.0,1727300000.0,0.0,-713400000.0,-713400000.0,-713400000.0,0.0,0.0,-0.041,5817700000.0,1088800000.0,1163300000.0,0.0,1.841,-124.366,-78.0,6536900000.0,0.0,58.5,5.14,5.14,3501900000.0,1401400000.0,17259900000.0,17259900000.0,0.0,-0.013,-0.024,0.028,0.032,0.0,3430200000.0,1.0,1516622190.0,1516622190.0,,11.38,20780000000.0,0.0,586000000.0,0.0,13.702,460600000.0
84,VIAC,MRT,2000-06-30,2000-06-30,2000-06-30,2021-08-25,-77300000.0,83725200000.0,39200825000.0,7204200000.0,76521000000.0,0.377,72.335,-677700000.0,907000000.0,907000000.0,9271400000.0,-650100000.0,1.016,0.701,11506200000.0,375500000.0,11130700000.0,11506200000.0,0.0,1227800000.0,0.0,0.0,0.0,160600000.0,1388400000.0,0.094,1388400000.0,160600000.0,-395100000.0,-0.63,-0.63,-0.63,49219800000.0,20425775000.0,49219800000.0,52528323328.0,327.0,37.834,524100000.0,0.77,1.0,5509700000.0,0.373,61216100000.0,555700000.0,26015400000.0,17311950000.0,4722100000.0,0.0,0.0,0.0,34505400000.0,7092900000.0,27412500000.0,46397623328.0,291000000.0,-396700000.0,-1213600000.0,672700000.0,0.0,153500000.0,-1064300000.0,47100000.0,1201800000.0,0.0,-650100000.0,-650100000.0,-650100000.0,0.0,0.0,-0.044,4862500000.0,647200000.0,1100100000.0,0.0,0.943,-71.37,-108.234,6569100000.0,0.0,68.188,3.139,3.139,3284400000.0,1368000000.0,14781100000.0,14781100000.0,0.0,-0.017,-0.032,0.009,0.011,0.0,2863400000.0,1.0,680441772.0,680441772.0,,21.723,22509100000.0,0.0,255000000.0,1895000000.0,33.08,111300000.0
85,VIAC,MRT,2000-03-31,2000-03-31,2000-03-31,2021-08-25,-37000000.0,24323500000.0,24220375000.0,4951600000.0,19371900000.0,0.534,14.934,-666700000.0,697500000.0,697500000.0,8380800000.0,-95200000.0,1.242,1.331,6828200000.0,281300000.0,6546900000.0,6828200000.0,0.0,876800000.0,0.0,0.0,0.0,749900000.0,1626700000.0,0.126,1626700000.0,749900000.0,277000000.0,-0.13,-0.14,-0.13,10433300000.0,10924525000.0,10433300000.0,42164961811.0,56.0,25.921,127300000.0,0.182,1.0,4552700000.0,0.352,11410900000.0,472900000.0,15055800000.0,14348775000.0,4791500000.0,0.0,0.0,0.0,13890200000.0,3987500000.0,9902700000.0,36853761811.0,314800000.0,-284600000.0,-1160800000.0,894500000.0,0.0,529200000.0,-1008400000.0,-14200000.0,794000000.0,0.0,-95200000.0,-95200000.0,-95200000.0,0.0,0.0,-0.007,3321700000.0,1231000000.0,1603600000.0,0.0,3.532,-387.119,-405.769,3399900000.0,0.0,52.75,2.849,2.849,1530000000.0,2323900000.0,12933500000.0,12933500000.0,0.0,-0.004,-0.009,0.052,0.058,0.0,2395400000.0,1.0,698649513.0,698649513.0,,18.512,12912600000.0,0.0,372200000.0,3100000.0,18.482,964100000.0
86,VIAC,MRT,1999-12-31,1999-12-31,1999-12-31,2021-08-25,-30200000.0,24486400000.0,23902850000.0,5198400000.0,19288000000.0,0.538,15.972,-706200000.0,680800000.0,680800000.0,8337900000.0,334000000.0,1.182,1.2,5992000000.0,294300000.0,5697700000.0,5992000000.0,371400000.0,844700000.0,0.0,0.0,0.0,1194300000.0,2039000000.0,0.159,2039000000.0,1194300000.0,745400000.0,0.46,0.45,0.46,11132000000.0,11187025000.0,11132000000.0,47722955741.0,40.0,23.405,-412100000.0,-0.591,1.0,4520900000.0,0.352,11478900000.0,448900000.0,13919000000.0,13863700000.0,4789000000.0,0.0,0.0,0.0,13354400000.0,4399700000.0,8954700000.0,42124155741.0,-86500000.0,-359700000.0,-478800000.0,1003000000.0,0.0,727000000.0,-1107600000.0,-5900000.0,294100000.0,0.0,334000000.0,321600000.0,321600000.0,0.0,0.0,0.025,3255800000.0,1265100000.0,1631600000.0,0.0,3.784,130.983,131.386,3425300000.0,12400000.0,60.438,3.276,3.276,1697400000.0,2247900000.0,12858800000.0,12858800000.0,0.0,0.013,0.029,0.086,0.093,0.0,2358600000.0,1.0,696987065.0,696987065.0,,18.449,13007500000.0,0.0,411400000.0,1000000.0,18.662,798700000.0
87,VIAC,MRT,1999-09-30,1999-09-30,1999-09-30,2021-08-25,-32500000.0,24268200000.0,23684525000.0,4982000000.0,19286200000.0,0.533,15.672,-689900000.0,674200000.0,674200000.0,8254100000.0,219400000.0,1.19,1.223,6273000000.0,131200000.0,6141800000.0,6273000000.0,0.0,705100000.0,0.0,0.0,0.0,1037100000.0,1742200000.0,0.138,1742200000.0,1037100000.0,568300000.0,0.33,0.32,0.33,10918000000.0,11416425000.0,10918000000.0,35569927813.0,34.0,20.417,-335100000.0,-0.481,1.0,4374700000.0,0.346,11424100000.0,468800000.0,14257600000.0,12845575000.0,4709700000.0,0.0,0.0,0.0,13350200000.0,4185300000.0,9164900000.0,29433427813.0,361300000.0,4335800000.0,-976200000.0,-2477700000.0,0.0,-3811700000.0,3818200000.0,173300000.0,354800000.0,0.0,219400000.0,224800000.0,224800000.0,62100000.0,0.0,0.018,3195800000.0,1178900000.0,1567000000.0,0.0,2.696,130.932,128.03,3315700000.0,-5400000.0,42.25,2.331,2.331,1676900000.0,2114700000.0,12628800000.0,12628800000.0,0.0,0.009,0.02,0.081,0.082,0.0,2305200000.0,1.0,696649179.0,696649179.0,,18.128,12844100000.0,0.0,348900000.0,212400000.0,18.437,796700000.0
88,VIAC,MRT,1999-06-30,1999-06-30,1999-06-30,2021-08-25,-42500000.0,23803400000.0,24571250000.0,4815300000.0,18988100000.0,0.512,16.244,-659900000.0,616000000.0,616000000.0,8280200000.0,261100000.0,1.123,1.122,6752500000.0,328200000.0,6424300000.0,6752500000.0,0.0,709500000.0,0.0,0.0,0.0,1188200000.0,1897700000.0,0.151,1897700000.0,1188200000.0,667400000.0,0.36,0.35,0.36,11214800000.0,11938325000.0,11214800000.0,35740104720.0,30.0,18.833,-100500000.0,-0.146,1.0,4305400000.0,0.342,11489700000.0,520800000.0,14162700000.0,13517000000.0,4406100000.0,0.0,0.0,0.0,12588600000.0,4287500000.0,8301100000.0,30377704720.0,280100000.0,4485400000.0,-1211900000.0,-1936100000.0,0.0,-4201900000.0,3922600000.0,119700000.0,559400000.0,0.0,261100000.0,251500000.0,251500000.0,-5800000.0,0.0,0.02,3052000000.0,1253400000.0,1515000000.0,0.0,2.709,120.786,122.222,3248800000.0,9600000.0,44.0,2.414,2.414,1577600000.0,2017900000.0,12585600000.0,12585600000.0,0.0,0.01,0.021,0.088,0.094,0.0,2246300000.0,1.0,690402380.0,690402380.0,,18.229,12313700000.0,0.0,406300000.0,195500000.0,17.836,527800000.0
89,VIAC,MRT,1999-03-31,1999-03-31,1999-03-31,2021-08-25,-45300000.0,23053400000.0,25496125000.0,4394700000.0,18658700000.0,0.485,16.497,-632100000.0,382700000.0,382700000.0,8654200000.0,-78900000.0,1.137,1.008,5745100000.0,132200000.0,5612900000.0,5745100000.0,0.0,745100000.0,0.0,0.0,0.0,656100000.0,1401200000.0,0.113,1401200000.0,656100000.0,89300000.0,-0.14,-0.14,-0.14,11483300000.0,12426825000.0,11483300000.0,32636301303.0,50.0,23.292,106700000.0,0.153,1.0,3707400000.0,0.3,11433900000.0,566800000.0,13115500000.0,14202150000.0,4291900000.0,0.0,0.0,0.0,11570100000.0,3866400000.0,7703700000.0,29213001303.0,61600000.0,4671400000.0,-859100000.0,-2881600000.0,0.0,-4791900000.0,4114700000.0,109900000.0,738800000.0,0.0,-78900000.0,-103500000.0,-103500000.0,7900000.0,0.0,-0.008,2968300000.0,739100000.0,1524300000.0,0.0,2.544,-282.251,-299.777,3118300000.0,24600000.0,41.969,2.363,2.363,1444300000.0,1958900000.0,12361600000.0,12361600000.0,0.0,-0.004,-0.008,0.046,0.053,0.0,2164100000.0,1.0,696065556.0,696065556.0,,17.759,11619500000.0,0.0,168200000.0,155000000.0,16.693,528300000.0
90,VIAC,MRT,1998-12-31,1998-12-31,1998-12-31,2021-08-25,-67100000.0,23613100000.0,26694075000.0,5064500000.0,18548600000.0,0.453,17.321,-603500000.0,767300000.0,767300000.0,8506300000.0,-122400000.0,0.899,0.96,4190600000.0,377200000.0,3813400000.0,4190600000.0,286500000.0,777300000.0,0.0,0.0,0.0,638700000.0,1416000000.0,0.117,1416000000.0,638700000.0,16300000.0,-0.21,-0.21,-0.21,12049600000.0,12920350000.0,12049600000.0,33786205592.0,53.0,23.86,260600000.0,0.375,1.0,3589800000.0,0.297,11557300000.0,622400000.0,9846500000.0,15163650000.0,4276300000.0,0.0,0.0,0.0,11563500000.0,5632600000.0,5930900000.0,25739605592.0,475000000.0,4723400000.0,-809600000.0,-3363000000.0,0.0,-4607500000.0,4218400000.0,117100000.0,864100000.0,0.0,-122400000.0,-149600000.0,-149600000.0,54100000.0,0.0,-0.012,2853500000.0,736300000.0,1726700000.0,0.0,2.136,-172.056,-176.19,3079500000.0,27200000.0,37.0,2.128,2.128,1759100000.0,1932900000.0,12096100000.0,12096100000.0,0.0,-0.006,-0.012,0.042,0.053,0.0,2060900000.0,1.0,695665016.0,695665016.0,,17.388,12055800000.0,0.0,138700000.0,526500000.0,17.33,-568100000.0
91,VIAC,MRT,1998-09-30,1998-09-30,1998-09-30,2021-08-25,9500000.0,27815100000.0,27862975000.0,5809800000.0,22005300000.0,0.368,18.195,-546400000.0,312900000.0,312900000.0,7700200000.0,432100000.0,1.311,1.139,8359500000.0,89200000.0,8270300000.0,8359500000.0,0.0,923900000.0,0.0,0.0,0.0,1687200000.0,2611100000.0,0.254,2611100000.0,1687200000.0,1021400000.0,0.53,0.53,0.53,13005600000.0,13253850000.0,13005600000.0,28689048182.0,17.0,10.987,489200000.0,0.684,1.0,2560600000.0,0.25,14486200000.0,665800000.0,16943300000.0,16712975000.0,4454400000.0,0.0,0.0,0.0,14809500000.0,4432200000.0,10377300000.0,20764248182.0,94400000.0,1547100000.0,-312200000.0,-1745500000.0,0.0,-1927900000.0,986700000.0,4700000.0,1035600000.0,0.0,432100000.0,372100000.0,372100000.0,-61100000.0,0.0,0.036,771200000.0,1789400000.0,1932400000.0,0.0,1.597,55.803,54.717,3107000000.0,60000000.0,29.0,2.024,2.02,2459100000.0,1903100000.0,10260800000.0,10260800000.0,0.0,0.013,0.028,0.101,0.164,0.0,1345800000.0,1.0,716008558.0,714800000.0,,14.355,13328900000.0,0.0,589300000.0,84100000.0,18.647,1377600000.0
92,VIAC,MRT,1998-06-30,1998-06-30,1998-06-30,2021-08-25,-11100000.0,27502900000.0,,5620600000.0,21882300000.0,,18.47,-497700000.0,335900000.0,335900000.0,7372900000.0,728000000.0,1.42,1.088,8260700000.0,89600000.0,8171100000.0,8260700000.0,0.0,926500000.0,0.0,0.0,0.0,2104800000.0,3031300000.0,0.297,3031300000.0,2104800000.0,1423000000.0,0.955,0.955,0.955,13168800000.0,,13168800000.0,28712348709.0,14.0,9.472,157100000.0,0.22,1.0,2828300000.0,0.277,14566800000.0,681800000.0,16903300000.0,,4633900000.0,0.0,0.0,0.0,14334100000.0,3957600000.0,10376500000.0,20772648709.0,134300000.0,2519700000.0,-9800000.0,-2659700000.0,0.0,-2602100000.0,2081600000.0,52200000.0,654800000.0,0.0,728000000.0,668000000.0,668000000.0,73800000.0,0.0,0.065,887900000.0,1940400000.0,1590700000.0,0.0,1.577,31.097,30.497,3164600000.0,60000000.0,29.125,2.036,2.036,1942200000.0,1779700000.0,10201200000.0,10201200000.0,0.0,,,,0.206,0.0,1462300000.0,1.0,713223990.0,713000000.0,,14.307,12936100000.0,0.0,695000000.0,42400000.0,18.143,1663000000.0
93,VIAC,MRT,1998-03-31,1998-03-31,1998-03-31,2021-08-25,6100000.0,27845200000.0,,5380700000.0,22464500000.0,,18.938,-517000000.0,321100000.0,321100000.0,7312800000.0,813700000.0,1.293,1.069,8260800000.0,287600000.0,7973200000.0,8260800000.0,0.0,954400000.0,0.0,0.0,0.0,2272100000.0,3226500000.0,0.309,3226500000.0,2272100000.0,1541900000.0,1.07,1.07,1.07,13457400000.0,,13457400000.0,26621644441.0,12.0,8.251,49800000.0,0.07,1.0,3140000000.0,0.3,14663500000.0,730200000.0,16961500000.0,,4955200000.0,0.0,0.0,0.0,14387800000.0,4159900000.0,10227900000.0,19114444441.0,60100000.0,2490000000.0,-9800000.0,-2592400000.0,0.0,-2561300000.0,2054600000.0,60100000.0,566800000.0,0.0,813700000.0,753700000.0,753700000.0,51300000.0,0.0,0.072,1111000000.0,2029000000.0,1573900000.0,0.0,1.42,25.361,25.117,3180000000.0,60000000.0,26.875,1.829,1.827,1961300000.0,2075400000.0,10452800000.0,10452800000.0,0.0,,,,0.217,0.0,1613800000.0,1.0,711235142.0,710600000.0,,14.71,13181700000.0,0.0,728200000.0,129900000.0,18.55,1220800000.0
94,VIAC,MRT,1997-12-31,1997-12-31,1997-12-31,2021-08-25,-12600000.0,28288700000.0,28561350000.0,5713500000.0,22575200000.0,0.374,18.817,-530300000.0,292300000.0,292300000.0,7476300000.0,793600000.0,1.131,1.114,7799500000.0,376500000.0,7423000000.0,7799500000.0,254600000.0,943300000.0,0.0,0.0,0.0,2212900000.0,3156200000.0,0.295,3156200000.0,2212900000.0,1440000000.0,1.04,1.04,1.04,13383600000.0,12985050000.0,13383600000.0,,,,-190300000.0,-0.268,1.0,3208600000.0,0.3,14699600000.0,772900000.0,16043800000.0,17712100000.0,4903300000.0,0.0,0.0,0.0,14905100000.0,5052500000.0,9852600000.0,14735903098.0,83300000.0,2359400000.0,-9800000.0,-2158500000.0,0.0,-2162500000.0,1905800000.0,58500000.0,340000000.0,0.0,793600000.0,733600000.0,733600000.0,0.0,0.0,0.069,1279200000.0,1929400000.0,1651000000.0,0.0,1.101,20.087,19.922,3197700000.0,60000000.0,20.719,1.379,1.379,2397700000.0,2089000000.0,10684900000.0,10684900000.0,0.0,0.026,0.056,0.125,0.207,0.0,1750600000.0,1.0,711235142.0,711235142.0,,15.023,13589100000.0,0.0,646400000.0,556300000.0,19.106,661000000.0
95,VIAC,MRT,1997-09-30,1997-09-30,1997-09-30,2021-08-25,,,,,,,,,,,,,,,,,,,,,,0.0,0.0,,,,,,,,,,,,,,,,,,1.0,,,,,,,,,,,,,,,,,,,,,,,,,,,,,,,,,,,,,,,,15.812,,,,,,,,,,,,,,1.0,,705800000.0,,,,,,,,
96,VIAC,MRT,1997-06-30,1997-06-30,1997-06-30,2021-08-25,,,,,,,,,,,,,,,,,,,,,,0.0,0.0,,,,,,,,,,,,,,,,,,1.0,,,,,,,,,,,,,,,,,,,,,,,,,,,,,,,,,,,,,,,,15.0,,,,,,,,,,,,,,1.0,,705400000.0,,,,,,,,
97,VIAC,MRT,1997-03-31,1997-03-31,1997-03-31,2021-08-25,,,,,,,,,,,,,,,,,,,,,,0.0,0.0,,,,,,,,,,,,,,,,,,1.0,,,,,,,,,,,,,,,,,,,,,,,,,,,,,,,,,,,,,,,,16.562,,,,,,,,,,,,,,1.0,,705000000.0,,,,,,,,
98,VIAC,MRT,1996-12-31,1996-12-31,1996-12-31,2021-08-25,3400000.0,28834000000.0,,5717700000.0,23116300000.0,,,-598600000.0,209000000.0,209000000.0,6340200000.0,1247900000.0,1.339,1.291,9918300000.0,62600000.0,9855700000.0,9918300000.0,364600000.0,817600000.0,0.0,0.0,0.0,2276700000.0,3094300000.0,0.32,3094300000.0,2276700000.0,1491200000.0,1.63,1.62,1.63,12586500000.0,,12586500000.0,,,,-528100000.0,,1.0,3343700000.0,0.345,14894200000.0,785500000.0,19380400000.0,,4961800000.0,0.0,0.0,0.0,16247500000.0,4268700000.0,11978800000.0,,-255100000.0,1449500000.0,-223600000.0,-959300000.0,0.0,-1165200000.0,839600000.0,-11300000.0,70500000.0,0.0,1247900000.0,1187900000.0,1187900000.0,0.0,0.0,0.123,2146500000.0,1197200000.0,1665400000.0,0.0,,,10.698,3155800000.0,60000000.0,17.438,,,2153100000.0,1361000000.0,9683900000.0,9683900000.0,0.0,,,,0.235,0.0,1442000000.0,1.0,,,,,13939800000.0,0.0,243300000.0,0.0,,1449000000.0
99,VIAC,MRT,1995-12-31,1995-12-31,1995-12-31,2021-08-25,,,,,,,,-730600000.0,,,6689500000.0,222500000.0,,,,,,,,820400000.0,,0.0,0.0,1398900000.0,2219300000.0,0.203,2219300000.0,1398900000.0,589600000.0,0.225,0.215,0.225,,,,,,,-675000000.0,,1.0,4226400000.0,0.387,,809300000.0,,,,,,,,,,,-133600000.0,688600000.0,0.0,-57900000.0,0.0,-109600000.0,-79600000.0,-19900000.0,55600000.0,0.0,222500000.0,162500000.0,162500000.0,0.0,0.0,0.015,2827700000.0,1398700000.0,,0.0,,,105.278,,60000000.0,23.688,,,,,10915900000.0,10915900000.0,0.0,,,,0.128,0.0,2111000000.0,1.0,,,,,,,367100000.0,,,
