None,ticker,dimension,calendardate,datekey,reportperiod,lastupdated,accoci,assets,assetsavg,assetsc,assetsnc,assetturnover,bvps,capex,cashneq,cashnequsd,cor,consolinc,currentratio,de,debt,debtc,debtnc,debtusd,deferredrev,depamor,deposits,divyield,dps,ebit,ebitda,ebitdamargin,ebitdausd,ebitusd,ebt,eps,epsdil,epsusd,equity,equityavg,equityusd,ev,evebit,evebitda,fcf,fcfps,fxusd,gp,grossmargin,intangibles,intexp,invcap,invcapavg,inventory,investments,investmentsc,investmentsnc,liabilities,liabilitiesc,liabilitiesnc,marketcap,ncf,ncfbus,ncfcommon,ncfdebt,ncfdiv,ncff,ncfi,ncfinv,ncfo,ncfx,netinc,netinccmn,netinccmnusd,netincdis,netincnci,netmargin,opex,opinc,payables,payoutratio,pb,pe,pe1,ppnenet,prefdivis,price,ps,ps1,receivables,retearn,revenue,revenueusd,rnd,roa,roe,roic,ros,sbcomp,sgna,sharefactor,sharesbas,shareswa,shareswadil,sps,tangibles,taxassets,taxexp,taxliabilities,tbvps,workingcapital
0,IQV,MRY,2020-12-31,2020-12-31,2020-12-31,2021-10-22,-205000000.0,24564000000.0,23665500000.0,5090000000.0,19474000000.0,0.48,31.37,-616000000.0,1814000000.0,1814000000.0,7500000000.0,308000000.0,1.117,3.047,12904000000.0,149000000.0,12755000000.0,12904000000.0,1252000000.0,1287000000.0,0.0,0.0,0.0,767000000.0,2054000000.0,0.181,2054000000.0,767000000.0,351000000.0,1.46,1.43,1.46,6001000000.0,5745000000.0,6001000000.0,45613507644.0,59.0,22.207,1343000000.0,7.02,1.0,3859000000.0,0.34,17859000000.0,416000000.0,13237000000.0,13320750000.0,0.0,250000000.0,88000000.0,162000000.0,18284000000.0,4558000000.0,13726000000.0,34351507644.0,977000000.0,-167000000.0,-491000000.0,309000000.0,0.0,-217000000.0,-796000000.0,-11000000.0,1959000000.0,31000000.0,279000000.0,279000000.0,279000000.0,0.0,29000000.0,0.025,3128000000.0,731000000.0,2813000000.0,0.0,5.724,123.124,122.719,953000000.0,0.0,179.17,3.024,3.017,2410000000.0,1277000000.0,11359000000.0,11359000000.0,0.0,0.012,0.049,0.058,0.068,95000000.0,1789000000.0,1.0,191725778.0,191300000,195000000.0,59.378,6705000000.0,170000000.0,72000000.0,440000000.0,35.05,532000000.0
1,IQV,MRY,2019-12-31,2019-12-31,2019-12-31,2021-10-22,-311000000.0,23251000000.0,23080000000.0,4126000000.0,19125000000.0,0.48,30.769,-582000000.0,837000000.0,837000000.0,7300000000.0,227000000.0,1.046,2.83,12041000000.0,100000000.0,11941000000.0,12041000000.0,1014000000.0,1202000000.0,0.0,0.0,0.0,754000000.0,1956000000.0,0.176,1956000000.0,754000000.0,307000000.0,0.98,0.96,0.98,6003000000.0,6318000000.0,6003000000.0,41052745095.0,54.0,20.988,835000000.0,4.28,1.0,3788000000.0,0.342,17673000000.0,447000000.0,12837000000.0,12811250000.0,0.0,214000000.0,62000000.0,152000000.0,16988000000.0,3945000000.0,13043000000.0,29980745095.0,-54000000.0,-588000000.0,-938000000.0,700000000.0,0.0,-276000000.0,-1190000000.0,-25000000.0,1417000000.0,-5000000.0,191000000.0,191000000.0,191000000.0,0.0,36000000.0,0.017,3011000000.0,777000000.0,2512000000.0,0.0,4.994,156.967,157.663,954000000.0,0.0,154.51,2.704,2.719,2582000000.0,998000000.0,11088000000.0,11088000000.0,0.0,0.008,0.03,0.059,0.068,146000000.0,1734000000.0,1.0,194037571.0,195100000,199600000.0,56.832,5578000000.0,175000000.0,116000000.0,754000000.0,28.59,181000000.0
2,IQV,MRY,2018-12-31,2018-12-31,2018-12-31,2021-10-22,-224000000.0,22549000000.0,22727000000.0,3874000000.0,18675000000.0,0.458,32.96,-459000000.0,891000000.0,891000000.0,6746000000.0,284000000.0,1.096,2.323,11007000000.0,100000000.0,10907000000.0,11007000000.0,1007000000.0,1141000000.0,0.0,0.0,0.0,732000000.0,1873000000.0,0.18,1873000000.0,732000000.0,318000000.0,1.27,1.24,1.27,6714000000.0,7372250000.0,6714000000.0,33293920664.0,45.0,17.776,795000000.0,3.903,1.0,3666000000.0,0.352,17751000000.0,414000000.0,11380000000.0,11115500000.0,0.0,189000000.0,47000000.0,142000000.0,15595000000.0,3534000000.0,12061000000.0,23501920664.0,-68000000.0,-326000000.0,-1390000000.0,993000000.0,0.0,-452000000.0,-810000000.0,-27000000.0,1254000000.0,-60000000.0,259000000.0,259000000.0,259000000.0,0.0,25000000.0,0.025,2925000000.0,741000000.0,2295000000.0,0.0,3.5,90.741,91.472,434000000.0,0.0,116.17,2.257,2.273,2394000000.0,807000000.0,10412000000.0,10412000000.0,0.0,0.011,0.035,0.066,0.07,113000000.0,1716000000.0,1.0,202306281.0,203700000,208200000.0,51.114,4798000000.0,178000000.0,59000000.0,836000000.0,23.554,340000000.0
3,IQV,MRY,2017-12-31,2017-12-31,2017-12-31,2021-10-22,49000000.0,22857000000.0,22066750000.0,3554000000.0,19303000000.0,0.44,36.708,-369000000.0,959000000.0,959000000.0,6301000000.0,1296000000.0,1.126,1.828,10225000000.0,103000000.0,10122000000.0,10225000000.0,985000000.0,1011000000.0,0.0,0.0,0.0,631000000.0,1642000000.0,0.169,1642000000.0,631000000.0,285000000.0,5.86,5.74,5.86,7995000000.0,7592250000.0,7995000000.0,29338590965.0,46.0,17.868,601000000.0,2.759,1.0,3401000000.0,0.351,18441000000.0,346000000.0,10526000000.0,9695500000.0,0.0,124000000.0,46000000.0,78000000.0,14613000000.0,3156000000.0,11457000000.0,20687590965.0,-239000000.0,-827000000.0,-2529000000.0,2461000000.0,0.0,-72000000.0,-1190000000.0,2000000.0,970000000.0,53000000.0,1277000000.0,1277000000.0,1277000000.0,0.0,19000000.0,0.132,2736000000.0,665000000.0,1986000000.0,0.0,2.588,16.2,16.706,440000000.0,0.0,97.9,2.132,2.198,2097000000.0,538000000.0,9702000000.0,9702000000.0,0.0,0.058,0.168,0.065,0.065,106000000.0,1622000000.0,1.0,211313493.0,217800000,222600000.0,44.545,4416000000.0,156000000.0,-992000000.0,967000000.0,20.275,398000000.0
4,IQV,MRY,2016-12-31,2016-12-31,2016-12-31,2021-10-22,-570000000.0,21208000000.0,8320634750.0,3337000000.0,17871000000.0,0.819,57.901,-164000000.0,1198000000.0,1198000000.0,4748000000.0,87000000.0,1.234,1.43,7200000000.0,92000000.0,7108000000.0,7200000000.0,774000000.0,289000000.0,0.0,0.0,0.0,541000000.0,830000000.0,0.122,830000000.0,541000000.0,397000000.0,0.48,0.47,0.48,8633000000.0,1856618000.0,8633000000.0,19945497638.0,37.0,24.031,696000000.0,4.668,1.0,2067000000.0,0.303,17117000000.0,144000000.0,7388000000.0,3896362500.0,0.0,122000000.0,40000000.0,82000000.0,12348000000.0,2705000000.0,9643000000.0,18722107638.0,221000000.0,1870000000.0,-1000000000.0,-1320000000.0,0.0,-2284000000.0,1731000000.0,1000000.0,860000000.0,-86000000.0,72000000.0,72000000.0,72000000.0,0.0,15000000.0,0.011,1491000000.0,576000000.0,1743000000.0,0.0,2.169,260.029,158.438,406000000.0,0.0,76.05,2.747,1.664,1707000000.0,-399000000.0,6815000000.0,6815000000.0,0.0,0.009,0.039,0.139,0.079,39000000.0,1016000000.0,1.0,246181560.0,149100000,152000000.0,45.708,4091000000.0,123000000.0,325000000.0,2209000000.0,27.438,632000000.0
5,IQV,MRY,2015-12-31,2015-12-31,2015-12-31,2021-10-22,-111000000.0,3926000000.0,3634542750.0,2412000000.0,1514000000.0,1.578,-4.585,-78000000.0,977000000.0,977000000.0,4116000000.0,388000000.0,1.513,-7.557,2468000000.0,49000000.0,2419000000.0,2468000000.0,585000000.0,128000000.0,0.0,0.0,0.0,647000000.0,775000000.0,0.135,775000000.0,647000000.0,546000000.0,3.15,3.08,3.15,-564000000.0,-571041000.0,-564000000.0,9845699580.0,15.0,12.704,398000000.0,3.236,1.0,1621000000.0,0.283,1088000000.0,101000000.0,2735000000.0,2794777750.0,0.0,85000000.0,0.0,85000000.0,4262000000.0,1594000000.0,2668000000.0,8451574580.0,110000000.0,20000000.0,-515000000.0,166000000.0,0.0,-249000000.0,-67000000.0,-11000000.0,476000000.0,-50000000.0,387000000.0,387000000.0,387000000.0,0.0,1000000.0,0.067,975000000.0,646000000.0,906000000.0,0.0,-14.985,21.839,21.797,188000000.0,0.0,68.66,1.473,1.472,1166000000.0,-462000000.0,5737000000.0,5737000000.0,0.0,0.106,-0.678,0.232,0.113,-1000000.0,815000000.0,1.0,123093134.0,123000000,125600000.0,46.642,2838000000.0,178000000.0,159000000.0,101000000.0,23.073,818000000.0
6,IQV,MRY,2014-12-31,2014-12-31,2014-12-31,2021-10-22,-59091000.0,3295953000.0,3110799250.0,2146083000.0,1149870000.0,1.755,-5.5,-83000000.0,870240000.0,870240000.0,3959000000.0,357000000.0,1.458,-5.681,2283438000.0,826000.0,2282612000.0,2283438000.0,543305000.0,121000000.0,0.0,0.0,0.0,607000000.0,728000000.0,0.133,728000000.0,607000000.0,506000000.0,2.78,2.72,2.78,-704061000.0,-605335750.0,-704061000.0,8918298698.0,15.0,12.25,350000000.0,2.734,1.0,1501000000.0,0.275,744677000.0,101000000.0,2492574000.0,2359954750.0,0.0,66011000.0,0.0,66011000.0,3999965000.0,1471900000.0,2528065000.0,7523575698.0,90000000.0,-96000000.0,-423000000.0,241000000.0,0.0,-130000000.0,-173000000.0,6000000.0,433000000.0,-40000000.0,357000000.0,357000000.0,357000000.0,0.0,0.0,0.065,911000000.0,590000000.0,842387000.0,0.0,-10.686,21.074,21.176,190297000.0,0.0,58.87,1.378,1.38,975255000.0,-788798000.0,5460000000.0,5460000000.0,0.0,0.115,-0.59,0.257,0.111,10000000.0,781000000.0,1.0,127799825.0,128000000,131100000.0,42.656,2551276000.0,199844000.0,149000000.0,117491000.0,19.932,674183000.0
7,IQV,MRY,2013-12-31,2013-12-31,2013-12-31,2021-10-22,-376000.0,3066797000.0,2745922500.0,1945688000.0,1121109000.0,1.857,-5.376,-86326000.0,780855000.0,780855000.0,3762631000.0,226027000.0,1.313,-5.595,2046019000.0,10433000.0,2035586000.0,2046019000.0,538585000.0,107504000.0,0.0,0.0,0.0,446064000.0,553568000.0,0.109,553568000.0,446064000.0,322556000.0,1.83,1.77,1.83,-667413000.0,-875015250.0,-667413000.0,7407645112.0,17.0,13.382,307045000.0,2.473,1.0,1336914000.0,0.262,707680000.0,123508000.0,2142034000.0,2306069500.0,0.0,63276000.0,0.0,63276000.0,3734282000.0,1482247000.0,2252035000.0,5974552112.0,210415000.0,-152323000.0,432478000.0,-390264000.0,0.0,70957000.0,-236176000.0,60000.0,393371000.0,-17737000.0,226591000.0,226591000.0,226591000.0,0.0,-564000.0,0.044,874581000.0,462333000.0,861805000.0,0.0,-8.952,26.367,25.322,199578000.0,0.0,46.34,1.172,1.128,924205000.0,-1145181000.0,5099545000.0,5099545000.0,0.0,0.083,-0.259,0.193,0.087,6622000.0,860510000.0,1.0,128928617.0,124147000,127862000.0,41.077,2359117000.0,141150000.0,95965000.0,73319000.0,19.003,463441000.0
8,IQV,MRY,2012-12-31,2012-12-31,2012-12-31,2021-10-22,7695000.0,2499153000.0,2411035000.0,1509994000.0,989159000.0,2.018,-11.749,-68607000.0,570550000.0,570550000.0,3632582000.0,176631000.0,1.154,-2.838,2421978000.0,55710000.0,2366268000.0,2421978000.0,456587000.0,98288000.0,0.0,,0.0,405281000.0,503569000.0,0.103,503569000.0,405281000.0,270910000.0,1.53,1.51,1.53,-1359523000.0,-1164953500.0,-1359523000.0,,,,267094000.0,2.308,1.0,1232931000.0,0.253,575242000.0,134371000.0,2466342000.0,2251115000.0,0.0,55099000.0,0.0,55099000.0,3858197000.0,1308997000.0,2549200000.0,,51429000.0,-47420000.0,-10247000.0,430410000.0,-567851000.0,-146873000.0,-132233000.0,-13134000.0,335701000.0,-5166000.0,177546000.0,177546000.0,177546000.0,0.0,-915000.0,0.036,836496000.0,396435000.0,742831000.0,0.0,,,,193999000.0,0.0,,,,745373000.0,-1371772000.0,4865513000.0,4865513000.0,0.0,0.074,-0.152,0.18,0.083,25461000.0,817755000.0,1.0,129606179.0,115710000,117796000.0,42.049,1923911000.0,123948000.0,93364000.0,21255000.0,16.627,200997000.0
9,IQV,MRY,2011-12-31,2011-12-31,2011-12-31,2021-10-22,22871000.0,2322917000.0,,1365478000.0,957439000.0,,-8.349,-72703000.0,519297000.0,519297000.0,3185787000.0,240327000.0,1.145,-3.393,1971855000.0,20147000.0,1951708000.0,1971855000.0,398471000.0,92004000.0,0.0,,0.0,365942000.0,457946000.0,0.106,457946000.0,365942000.0,256877000.0,2.08,2.05,2.08,-970384000.0,,-970384000.0,,,,88250000.0,0.759,1.0,1141961000.0,0.264,547454000.0,109065000.0,2035888000.0,,0.0,33888000.0,0.0,33888000.0,3292513000.0,1192133000.0,2100380000.0,,-130316000.0,-135821000.0,-13210000.0,241728000.0,-288322000.0,-59309000.0,-224838000.0,-32684000.0,160953000.0,-7122000.0,241772000.0,241772000.0,241772000.0,0.0,-1445000.0,0.056,796710000.0,345251000.0,686918000.0,0.0,,,,185772000.0,0.0,,,,691038000.0,-994415000.0,4327748000.0,4327748000.0,0.0,,,,0.085,14089000.0,762299000.0,1.0,,116232000,117936000.0,37.234,1775463000.0,150337000.0,15105000.0,56905000.0,15.275,173345000.0
10,IQV,MRY,2010-12-31,2010-12-31,2010-12-31,2021-10-22,,,,,,,,-77682000.0,,,2804837000.0,165255000.0,,,,,,,,84217000.0,,,0.0,379608000.0,463825000.0,0.118,463825000.0,379608000.0,238178000.0,1.38,1.36,1.38,,,,,,,300478000.0,2.581,1.0,1119183000.0,0.285,,141430000.0,,,,,,,,,,,80841000.0,-101874000.0,-9269000.0,-78365000.0,-67493000.0,-153081000.0,-141434000.0,14639000.0,378160000.0,-2804000.0,160596000.0,160596000.0,160596000.0,0.0,4659000.0,0.041,724178000.0,395005000.0,,0.0,,,,,0.0,,,,,,3924020000.0,3924020000.0,0.0,,,,0.097,17046000.0,698406000.0,1.0,,116418000,118000000.0,33.706,,,77582000.0,,,
0,IQV,MRQ,2021-09-30,2021-09-30,2021-09-30,2021-10-22,-445000000.0,24033000000.0,,4534000000.0,19499000000.0,,30.439,-162000000.0,1470000000.0,1470000000.0,2253000000.0,261000000.0,0.935,3.123,12495000000.0,91000000.0,12404000000.0,12495000000.0,1826000000.0,336000000.0,0.0,0.0,0.0,365000000.0,701000000.0,0.207,701000000.0,365000000.0,273000000.0,1.36,1.34,1.36,5829000000.0,,5829000000.0,56723819205.0,43.0,21.269,682000000.0,3.561,1.0,1138000000.0,0.336,17936000000.0,92000000.0,12275000000.0,,0.0,262000000.0,104000000.0,158000000.0,18204000000.0,4847000000.0,13357000000.0,45898819205.0,-337000000.0,-929000000.0,-91000000.0,28000000.0,0.0,-66000000.0,-1095000000.0,-5000000.0,844000000.0,-20000000.0,261000000.0,261000000.0,261000000.0,0.0,0.0,0.077,836000000.0,302000000.0,2663000000.0,0.0,7.874,59.842,59.885,889000000.0,0.0,239.54,3.391,3.389,2330000000.0,1925000000.0,3391000000.0,3391000000.0,0.0,,,,,48000000.0,498000000.0,1.0,191612337.0,191500000,195300000.0,17.708,6097000000.0,161000000.0,12000000.0,350000000.0,31.838,-313000000.0
1,IQV,MRQ,2021-06-30,2021-06-30,2021-06-30,2021-10-22,-327000000.0,23937000000.0,,5068000000.0,18869000000.0,,30.063,-145000000.0,1807000000.0,1807000000.0,2323000000.0,175000000.0,1.052,3.156,12632000000.0,147000000.0,12485000000.0,12632000000.0,1597000000.0,343000000.0,0.0,0.0,0.0,317000000.0,660000000.0,0.192,660000000.0,317000000.0,223000000.0,0.91,0.9,0.91,5760000000.0,,5760000000.0,56721335684.0,49.0,22.844,394000000.0,2.056,1.0,1115000000.0,0.324,17321000000.0,94000000.0,12622000000.0,,0.0,262000000.0,104000000.0,158000000.0,18177000000.0,4819000000.0,13358000000.0,46443335684.0,-498000000.0,-48000000.0,-44000000.0,-36000000.0,0.0,-863000000.0,-185000000.0,9000000.0,539000000.0,11000000.0,175000000.0,175000000.0,175000000.0,0.0,0.0,0.051,829000000.0,286000000.0,2756000000.0,0.0,8.063,76.513,76.442,900000000.0,0.0,242.32,3.592,3.59,2276000000.0,1664000000.0,3438000000.0,3438000000.0,0.0,,,,,48000000.0,482000000.0,1.0,191661174.0,191600000,194900000.0,17.944,6616000000.0,174000000.0,48000000.0,367000000.0,34.53,249000000.0
2,IQV,MRQ,2021-03-31,2021-03-31,2021-03-31,2021-10-22,-376000000.0,24467000000.0,,5579000000.0,18888000000.0,,31.086,-149000000.0,2305000000.0,2305000000.0,2293000000.0,217000000.0,1.146,3.062,12583000000.0,144000000.0,12439000000.0,12583000000.0,1554000000.0,323000000.0,0.0,0.0,0.0,355000000.0,678000000.0,0.199,678000000.0,355000000.0,256000000.0,1.11,1.09,1.11,5953000000.0,,5953000000.0,48034067578.0,52.0,21.725,718000000.0,3.749,1.0,1116000000.0,0.327,17330000000.0,99000000.0,12547000000.0,,0.0,259000000.0,97000000.0,162000000.0,18230000000.0,4868000000.0,13362000000.0,36944067578.0,491000000.0,-20000000.0,-118000000.0,-39000000.0,0.0,-168000000.0,-176000000.0,-8000000.0,867000000.0,-32000000.0,212000000.0,212000000.0,212000000.0,0.0,5000000.0,0.062,774000000.0,342000000.0,2819000000.0,0.0,6.206,90.328,90.252,909000000.0,0.0,193.14,3.075,3.079,2361000000.0,1489000000.0,3409000000.0,3409000000.0,0.0,,,,,32000000.0,442000000.0,1.0,191281286.0,191500000,194900000.0,17.802,7137000000.0,171000000.0,44000000.0,472000000.0,37.269,711000000.0
3,IQV,MRQ,2020-12-31,2020-12-31,2020-12-31,2021-10-22,-205000000.0,24564000000.0,,5090000000.0,19474000000.0,,31.37,-176000000.0,1814000000.0,1814000000.0,2172000000.0,130000000.0,1.117,3.047,12904000000.0,149000000.0,12755000000.0,12904000000.0,1252000000.0,344000000.0,0.0,0.0,0.0,284000000.0,628000000.0,0.19,628000000.0,284000000.0,182000000.0,0.62,0.61,0.62,6001000000.0,,6001000000.0,45613507644.0,59.0,22.207,574000000.0,3.001,1.0,1126000000.0,0.341,17859000000.0,102000000.0,13237000000.0,,0.0,250000000.0,88000000.0,162000000.0,18284000000.0,4558000000.0,13726000000.0,34351507644.0,350000000.0,-57000000.0,-102000000.0,-97000000.0,0.0,-198000000.0,-236000000.0,-1000000.0,750000000.0,34000000.0,119000000.0,119000000.0,119000000.0,0.0,11000000.0,0.036,837000000.0,289000000.0,2813000000.0,0.0,5.724,123.124,122.719,953000000.0,0.0,179.17,3.024,3.017,2410000000.0,1277000000.0,3298000000.0,3298000000.0,0.0,,,,,26000000.0,491000000.0,1.0,191725778.0,191300000,195300000.0,17.24,6705000000.0,170000000.0,63000000.0,440000000.0,35.05,532000000.0
4,IQV,MRQ,2020-09-30,2020-09-30,2020-09-30,2021-10-22,-317000000.0,23837000000.0,,4645000000.0,19192000000.0,,30.559,-157000000.0,1464000000.0,1464000000.0,1800000000.0,108000000.0,1.122,3.033,12726000000.0,144000000.0,12582000000.0,12726000000.0,1188000000.0,319000000.0,0.0,0.0,0.0,198000000.0,517000000.0,0.186,517000000.0,198000000.0,98000000.0,0.53,0.52,0.53,5846000000.0,,5846000000.0,41550042371.0,61.0,21.495,417000000.0,2.18,1.0,986000000.0,0.354,17585000000.0,100000000.0,13375000000.0,,0.0,242000000.0,79000000.0,163000000.0,17730000000.0,4139000000.0,13591000000.0,30150042371.0,355000000.0,-33000000.0,-2000000.0,-36000000.0,0.0,-53000000.0,-191000000.0,-1000000.0,574000000.0,25000000.0,101000000.0,101000000.0,101000000.0,0.0,7000000.0,0.036,799000000.0,187000000.0,2461000000.0,0.0,5.157,171.307,169.495,942000000.0,0.0,157.63,2.752,2.752,2414000000.0,1158000000.0,2786000000.0,2786000000.0,0.0,,,,,33000000.0,460000000.0,1.0,191270966.0,191300000,194900000.0,14.564,6252000000.0,203000000.0,-3000000.0,530000000.0,32.682,506000000.0
5,IQV,MRQ,2020-06-30,2020-06-30,2020-06-30,2021-10-22,-444000000.0,23183000000.0,,4208000000.0,18975000000.0,,29.288,-142000000.0,1109000000.0,1109000000.0,1704000000.0,-21000000.0,1.095,3.1,12509000000.0,142000000.0,12367000000.0,12509000000.0,1061000000.0,308000000.0,0.0,0.0,0.0,80000000.0,388000000.0,0.154,388000000.0,80000000.0,-28000000.0,-0.12,-0.12,-0.12,5591000000.0,,5591000000.0,38565939829.0,60.0,20.459,330000000.0,1.729,1.0,817000000.0,0.324,17395000000.0,108000000.0,13345000000.0,,0.0,226000000.0,73000000.0,153000000.0,17331000000.0,3843000000.0,13488000000.0,27093939829.0,182000000.0,-80000000.0,-1000000.0,-62000000.0,0.0,-73000000.0,-219000000.0,4000000.0,472000000.0,2000000.0,-23000000.0,-23000000.0,-23000000.0,0.0,2000000.0,-0.009,755000000.0,62000000.0,2295000000.0,0.0,4.846,205.257,205.623,946000000.0,0.0,141.88,2.477,2.476,2371000000.0,1057000000.0,2521000000.0,2521000000.0,0.0,,,,,36000000.0,431000000.0,1.0,190963771.0,190900000,190900000.0,13.206,5788000000.0,176000000.0,-5000000.0,641000000.0,30.32,365000000.0
6,IQV,MRQ,2020-03-31,2020-03-31,2020-03-31,2021-10-22,-485000000.0,23078000000.0,,4277000000.0,18801000000.0,,28.925,-141000000.0,927000000.0,927000000.0,1824000000.0,91000000.0,1.095,3.117,12399000000.0,139000000.0,12260000000.0,12399000000.0,1036000000.0,316000000.0,0.0,0.0,0.0,205000000.0,521000000.0,0.189,521000000.0,205000000.0,99000000.0,0.43,0.42,0.43,5542000000.0,,5542000000.0,31949694571.0,43.0,16.193,22000000.0,0.115,1.0,930000000.0,0.338,17317000000.0,106000000.0,13326000000.0,,0.0,206000000.0,63000000.0,143000000.0,17276000000.0,3907000000.0,13369000000.0,20745694571.0,90000000.0,3000000.0,-386000000.0,504000000.0,0.0,107000000.0,-150000000.0,-13000000.0,163000000.0,-30000000.0,82000000.0,82000000.0,82000000.0,0.0,9000000.0,0.03,737000000.0,193000000.0,2384000000.0,0.0,3.743,96.492,96.304,934000000.0,0.0,107.86,1.859,1.852,2634000000.0,1080000000.0,2754000000.0,2754000000.0,0.0,,,,,0.0,407000000.0,1.0,192339093.0,191600000,195700000.0,14.374,5761000000.0,169000000.0,17000000.0,712000000.0,30.068,370000000.0
7,IQV,MRQ,2019-12-31,2019-12-31,2019-12-31,2021-10-22,-311000000.0,23251000000.0,,4126000000.0,19125000000.0,,31.152,-137000000.0,837000000.0,837000000.0,1901000000.0,20000000.0,1.046,2.83,12041000000.0,100000000.0,11941000000.0,12041000000.0,1014000000.0,314000000.0,0.0,0.0,0.0,193000000.0,507000000.0,0.175,507000000.0,193000000.0,84000000.0,0.09,0.09,0.09,6003000000.0,,6003000000.0,41052745095.0,54.0,20.988,446000000.0,2.314,1.0,994000000.0,0.343,17673000000.0,109000000.0,12837000000.0,,0.0,214000000.0,62000000.0,152000000.0,16988000000.0,3945000000.0,13043000000.0,29980745095.0,-26000000.0,-130000000.0,-274000000.0,-58000000.0,0.0,-343000000.0,-280000000.0,-13000000.0,583000000.0,14000000.0,16000000.0,16000000.0,16000000.0,0.0,4000000.0,0.006,828000000.0,166000000.0,2512000000.0,0.0,4.994,156.967,157.663,954000000.0,0.0,154.51,2.704,2.719,2582000000.0,998000000.0,2895000000.0,2895000000.0,0.0,,,,,59000000.0,484000000.0,1.0,194037571.0,192700000,196900000.0,15.023,5578000000.0,175000000.0,68000000.0,754000000.0,28.947,181000000.0
8,IQV,MRQ,2019-09-30,2019-09-30,2019-09-30,2021-10-22,-377000000.0,22892000000.0,,3995000000.0,18897000000.0,,31.522,-149000000.0,863000000.0,863000000.0,1852000000.0,69000000.0,1.117,2.691,11935000000.0,98000000.0,11837000000.0,11935000000.0,954000000.0,299000000.0,0.0,0.0,0.0,170000000.0,469000000.0,0.169,469000000.0,170000000.0,56000000.0,0.29,0.29,0.29,6131000000.0,,6131000000.0,40121720559.0,52.0,20.596,181000000.0,0.931,1.0,917000000.0,0.331,17465000000.0,114000000.0,12923000000.0,,0.0,200000000.0,57000000.0,143000000.0,16498000000.0,3576000000.0,12922000000.0,29262720559.0,-75000000.0,-254000000.0,-295000000.0,339000000.0,0.0,39000000.0,-400000000.0,0.0,330000000.0,-44000000.0,57000000.0,57000000.0,57000000.0,0.0,12000000.0,0.021,713000000.0,204000000.0,2190000000.0,0.0,4.773,119.929,121.447,941000000.0,0.0,149.38,2.689,2.67,2514000000.0,982000000.0,2769000000.0,2769000000.0,0.0,,,,,27000000.0,395000000.0,1.0,195894501.0,194500000,199000000.0,14.237,5427000000.0,173000000.0,-1000000.0,777000000.0,27.902,419000000.0
9,IQV,MRQ,2019-06-30,2019-06-30,2019-06-30,2021-10-22,-215000000.0,23068000000.0,,3978000000.0,19090000000.0,,33.247,-155000000.0,938000000.0,938000000.0,1799000000.0,71000000.0,1.138,2.497,11797000000.0,100000000.0,11697000000.0,11797000000.0,934000000.0,294000000.0,0.0,0.0,0.0,182000000.0,476000000.0,0.174,476000000.0,182000000.0,68000000.0,0.31,0.3,0.31,6523000000.0,,6523000000.0,42488028308.0,57.0,22.21,236000000.0,1.203,1.0,941000000.0,0.343,17638000000.0,114000000.0,12794000000.0,,0.0,208000000.0,56000000.0,152000000.0,16287000000.0,3495000000.0,12792000000.0,31736028308.0,2000000.0,-31000000.0,-233000000.0,39000000.0,0.0,-200000000.0,-195000000.0,-10000000.0,391000000.0,6000000.0,60000000.0,60000000.0,60000000.0,0.0,11000000.0,0.022,744000000.0,197000000.0,2139000000.0,0.0,4.865,128.486,129.758,956000000.0,0.0,160.9,2.964,2.949,2401000000.0,925000000.0,2740000000.0,2740000000.0,0.0,,,,,34000000.0,436000000.0,1.0,197240698.0,196200000,200600000.0,13.965,5430000000.0,166000000.0,8000000.0,782000000.0,27.676,483000000.0
10,IQV,MRQ,2019-03-31,2019-03-31,2019-03-31,2021-10-22,-262000000.0,23109000000.0,,3999000000.0,19110000000.0,,33.579,-141000000.0,936000000.0,936000000.0,1748000000.0,67000000.0,1.142,2.456,11688000000.0,100000000.0,11588000000.0,11688000000.0,971000000.0,295000000.0,0.0,0.0,0.0,209000000.0,504000000.0,0.188,504000000.0,209000000.0,99000000.0,0.29,0.29,0.29,6615000000.0,,6615000000.0,38540740005.0,51.0,20.168,-28000000.0,-0.142,1.0,936000000.0,0.349,17668000000.0,110000000.0,12691000000.0,,0.0,192000000.0,55000000.0,137000000.0,16244000000.0,3502000000.0,12742000000.0,28424740005.0,45000000.0,-173000000.0,-136000000.0,380000000.0,0.0,228000000.0,-315000000.0,-2000000.0,113000000.0,19000000.0,58000000.0,58000000.0,58000000.0,0.0,9000000.0,0.022,726000000.0,210000000.0,2122000000.0,0.0,4.297,114.616,116.951,954000000.0,0.0,143.85,2.699,2.69,2461000000.0,865000000.0,2684000000.0,2684000000.0,0.0,,,,,26000000.0,419000000.0,1.0,197599861.0,197000000,201700000.0,13.624,5441000000.0,168000000.0,41000000.0,844000000.0,27.619,497000000.0
11,IQV,MRQ,2018-12-31,2018-12-31,2018-12-31,2021-10-22,-224000000.0,22549000000.0,,3874000000.0,18675000000.0,,33.705,-138000000.0,891000000.0,891000000.0,1742000000.0,76000000.0,1.096,2.323,11007000000.0,100000000.0,10907000000.0,11007000000.0,1007000000.0,294000000.0,0.0,0.0,0.0,205000000.0,499000000.0,0.186,499000000.0,205000000.0,99000000.0,0.34,0.33,0.34,6714000000.0,,6714000000.0,33293920664.0,45.0,17.776,279000000.0,1.401,1.0,946000000.0,0.352,17751000000.0,106000000.0,11380000000.0,,0.0,189000000.0,47000000.0,142000000.0,15595000000.0,3534000000.0,12061000000.0,23501920664.0,64000000.0,-47000000.0,-607000000.0,461000000.0,0.0,-158000000.0,-178000000.0,-1000000.0,417000000.0,-17000000.0,69000000.0,69000000.0,69000000.0,0.0,7000000.0,0.026,739000000.0,207000000.0,2295000000.0,0.0,3.5,90.741,91.472,434000000.0,0.0,116.17,2.257,2.273,2394000000.0,807000000.0,2688000000.0,2688000000.0,0.0,,,,,35000000.0,443000000.0,1.0,202306281.0,199200000,204000000.0,13.494,4798000000.0,178000000.0,30000000.0,836000000.0,24.086,340000000.0
12,IQV,MRQ,2018-09-30,2018-09-30,2018-09-30,2021-10-22,-220000000.0,22498000000.0,,3696000000.0,18802000000.0,,35.665,-123000000.0,827000000.0,827000000.0,1678000000.0,67000000.0,1.093,2.084,10619000000.0,101000000.0,10518000000.0,10619000000.0,984000000.0,283000000.0,0.0,0.0,0.0,151000000.0,434000000.0,0.167,434000000.0,151000000.0,46000000.0,0.3,0.29,0.3,7215000000.0,,7215000000.0,36132623757.0,55.0,20.333,221000000.0,1.092,1.0,916000000.0,0.353,17897000000.0,105000000.0,11013000000.0,,0.0,186000000.0,52000000.0,134000000.0,15038000000.0,3380000000.0,11658000000.0,26283623757.0,-52000000.0,-47000000.0,-113000000.0,-78000000.0,0.0,-201000000.0,-182000000.0,-6000000.0,344000000.0,-13000000.0,60000000.0,60000000.0,60000000.0,0.0,7000000.0,0.023,735000000.0,181000000.0,2162000000.0,0.0,3.643,21.597,22.922,417000000.0,0.0,129.74,2.566,2.562,2298000000.0,726000000.0,2594000000.0,2594000000.0,0.0,,,,,31000000.0,429000000.0,1.0,202586895.0,202300000,206800000.0,12.823,4601000000.0,162000000.0,-14000000.0,851000000.0,22.743,316000000.0
13,IQV,MRQ,2018-06-30,2018-06-30,2018-06-30,2021-10-22,-104000000.0,22626000000.0,,3587000000.0,19039000000.0,,35.8,-110000000.0,879000000.0,879000000.0,1674000000.0,68000000.0,1.133,2.039,10728000000.0,101000000.0,10627000000.0,10728000000.0,940000000.0,282000000.0,0.0,0.0,0.0,192000000.0,474000000.0,0.185,474000000.0,192000000.0,85000000.0,0.3,0.29,0.3,7364000000.0,,7364000000.0,30217104322.0,45.0,17.005,201000000.0,0.977,1.0,893000000.0,0.348,18141000000.0,107000000.0,11168000000.0,,0.0,159000000.0,49000000.0,110000000.0,15012000000.0,3166000000.0,11846000000.0,20731104322.0,-81000000.0,-216000000.0,-564000000.0,531000000.0,0.0,-52000000.0,-330000000.0,-19000000.0,311000000.0,-10000000.0,61000000.0,61000000.0,61000000.0,0.0,7000000.0,0.024,723000000.0,170000000.0,1997000000.0,0.0,2.815,16.651,17.3,415000000.0,0.0,99.82,2.049,2.03,2172000000.0,665000000.0,2567000000.0,2567000000.0,0.0,,,,,26000000.0,424000000.0,1.0,207684876.0,205700000,209900000.0,12.479,4485000000.0,160000000.0,24000000.0,934000000.0,21.804,421000000.0
14,IQV,MRQ,2018-03-31,2018-03-31,2018-03-31,2021-10-22,254000000.0,23235000000.0,,3724000000.0,19511000000.0,,39.499,-88000000.0,960000000.0,960000000.0,1652000000.0,73000000.0,1.164,1.804,10446000000.0,104000000.0,10342000000.0,10446000000.0,934000000.0,282000000.0,0.0,0.0,0.0,184000000.0,466000000.0,0.182,466000000.0,184000000.0,88000000.0,0.33,0.32,0.33,8196000000.0,,8196000000.0,29697551525.0,48.0,17.709,94000000.0,0.453,1.0,911000000.0,0.355,18621000000.0,96000000.0,10901000000.0,,0.0,148000000.0,47000000.0,101000000.0,14782000000.0,3199000000.0,11583000000.0,20431551525.0,1000000.0,-16000000.0,-106000000.0,79000000.0,0.0,-41000000.0,-120000000.0,-1000000.0,182000000.0,-20000000.0,69000000.0,69000000.0,69000000.0,0.0,4000000.0,0.027,728000000.0,183000000.0,2045000000.0,0.0,2.493,16.398,17.063,432000000.0,0.0,98.11,2.063,2.055,2250000000.0,605000000.0,2563000000.0,2563000000.0,0.0,,,,,21000000.0,420000000.0,1.0,208251468.0,207500000,212000000.0,12.352,4614000000.0,158000000.0,19000000.0,934000000.0,22.236,525000000.0
15,IQV,MRQ,2017-12-31,2017-12-31,2017-12-31,2021-10-22,49000000.0,22857000000.0,,3554000000.0,19303000000.0,,38.235,-102000000.0,959000000.0,959000000.0,1607000000.0,1035000000.0,1.126,1.828,10225000000.0,103000000.0,10122000000.0,10225000000.0,985000000.0,278000000.0,0.0,0.0,0.0,125000000.0,403000000.0,0.16,403000000.0,125000000.0,28000000.0,4.73,4.63,4.73,7995000000.0,,7995000000.0,29338590965.0,46.0,17.868,131000000.0,0.626,1.0,914000000.0,0.363,18441000000.0,97000000.0,10526000000.0,,0.0,124000000.0,46000000.0,78000000.0,14613000000.0,3156000000.0,11457000000.0,20687590965.0,-144000000.0,-319000000.0,-363000000.0,405000000.0,0.0,45000000.0,-416000000.0,2000000.0,233000000.0,-6000000.0,1027000000.0,1027000000.0,1027000000.0,0.0,8000000.0,0.407,772000000.0,142000000.0,1986000000.0,0.0,2.588,16.2,16.706,440000000.0,0.0,97.9,2.132,2.198,2097000000.0,538000000.0,2521000000.0,2521000000.0,0.0,,,,,24000000.0,469000000.0,1.0,211313493.0,209100000,214200000.0,12.056,4416000000.0,156000000.0,-999000000.0,967000000.0,21.119,398000000.0
16,IQV,MRQ,2017-09-30,2017-09-30,2017-09-30,2021-10-22,-79000000.0,22445000000.0,,3492000000.0,18953000000.0,,33.896,-89000000.0,1103000000.0,1103000000.0,1611000000.0,93000000.0,1.224,2.056,9754000000.0,103000000.0,9651000000.0,9754000000.0,782000000.0,256000000.0,0.0,0.0,0.0,178000000.0,434000000.0,0.176,434000000.0,178000000.0,85000000.0,0.41,0.4,0.41,7264000000.0,,7264000000.0,28635200404.0,51.0,19.257,347000000.0,1.619,1.0,855000000.0,0.347,18165000000.0,93000000.0,10078000000.0,,0.0,119000000.0,44000000.0,75000000.0,14938000000.0,2853000000.0,12085000000.0,20585200404.0,201000000.0,-246000000.0,-541000000.0,633000000.0,0.0,93000000.0,-334000000.0,0.0,436000000.0,6000000.0,88000000.0,88000000.0,88000000.0,0.0,5000000.0,0.036,660000000.0,195000000.0,1894000000.0,0.0,2.834,709.834,-111.847,428000000.0,0.0,95.07,2.177,2.155,1859000000.0,-166000000.0,2466000000.0,2466000000.0,0.0,,,,,29000000.0,394000000.0,1.0,216526774.0,214300000,219000000.0,11.507,4280000000.0,149000000.0,-3000000.0,2074000000.0,19.972,639000000.0
17,IQV,MRQ,2017-06-30,2017-06-30,2017-06-30,2021-10-22,-233000000.0,21782000000.0,,3259000000.0,18523000000.0,,34.646,-100000000.0,902000000.0,902000000.0,1557000000.0,66000000.0,1.225,1.858,8952000000.0,94000000.0,8858000000.0,8952000000.0,801000000.0,245000000.0,0.0,0.0,0.0,129000000.0,374000000.0,0.159,374000000.0,129000000.0,48000000.0,0.28,0.28,0.28,7539000000.0,,7539000000.0,27176642113.0,50.0,21.724,145000000.0,0.666,1.0,798000000.0,0.339,17751000000.0,81000000.0,9421000000.0,,0.0,113000000.0,43000000.0,70000000.0,14008000000.0,2660000000.0,11348000000.0,19693642113.0,40000000.0,-111000000.0,-338000000.0,309000000.0,0.0,-34000000.0,-200000000.0,1000000.0,245000000.0,29000000.0,62000000.0,62000000.0,62000000.0,0.0,4000000.0,0.026,672000000.0,126000000.0,1678000000.0,0.0,2.612,480.333,-208.14,430000000.0,0.0,89.5,2.32,2.295,1845000000.0,-255000000.0,2355000000.0,2355000000.0,0.0,,,,,27000000.0,378000000.0,1.0,220040694.0,217600000,222300000.0,10.823,4031000000.0,135000000.0,-14000000.0,2142000000.0,18.525,599000000.0
18,IQV,MRQ,2017-03-31,2017-03-31,2017-03-31,2021-10-22,-444000000.0,21183000000.0,,3117000000.0,18066000000.0,,32.903,-78000000.0,862000000.0,862000000.0,1526000000.0,102000000.0,1.201,1.768,8345000000.0,91000000.0,8254000000.0,8345000000.0,791000000.0,232000000.0,0.0,0.0,0.0,199000000.0,431000000.0,0.183,431000000.0,199000000.0,124000000.0,0.43,0.43,0.43,7571000000.0,,7571000000.0,24984460009.0,44.0,23.727,-22000000.0,-0.096,1.0,834000000.0,0.353,17313000000.0,75000000.0,8757000000.0,,0.0,115000000.0,43000000.0,72000000.0,13383000000.0,2596000000.0,10787000000.0,18982460009.0,-336000000.0,-151000000.0,-1287000000.0,1114000000.0,0.0,-176000000.0,-240000000.0,-1000000.0,56000000.0,24000000.0,100000000.0,100000000.0,100000000.0,0.0,2000000.0,0.042,632000000.0,202000000.0,1627000000.0,0.0,2.507,292.038,4026.5,410000000.0,0.0,80.53,2.47,2.411,1779000000.0,-325000000.0,2360000000.0,2360000000.0,0.0,,,,,26000000.0,381000000.0,1.0,235719111.0,230100000,234900000.0,10.256,3870000000.0,120000000.0,24000000.0,2215000000.0,16.819,521000000.0
19,IQV,MRQ,2016-12-31,2016-12-31,2016-12-31,2021-10-22,-570000000.0,21208000000.0,,3337000000.0,17871000000.0,,57.901,-86000000.0,1198000000.0,1198000000.0,1495000000.0,-217000000.0,1.234,1.43,7200000000.0,92000000.0,7108000000.0,7200000000.0,774000000.0,191000000.0,0.0,0.0,0.0,57000000.0,248000000.0,0.109,248000000.0,57000000.0,-14000000.0,-1.97,-1.94,-1.97,8633000000.0,,8633000000.0,19945497638.0,37.0,24.031,361000000.0,2.421,1.0,780000000.0,0.343,17117000000.0,71000000.0,7388000000.0,,0.0,122000000.0,40000000.0,82000000.0,12348000000.0,2705000000.0,9643000000.0,18722107638.0,-12000000.0,1883000000.0,-902000000.0,-1283000000.0,0.0,-2206000000.0,1813000000.0,14000000.0,447000000.0,-66000000.0,-221000000.0,-221000000.0,-221000000.0,0.0,4000000.0,-0.097,701000000.0,79000000.0,1743000000.0,0.0,2.169,260.029,158.438,406000000.0,0.0,76.05,2.747,1.664,1707000000.0,-399000000.0,2275000000.0,2275000000.0,0.0,,,,,19000000.0,393000000.0,1.0,246181560.0,149100000,152000000.0,15.258,4091000000.0,123000000.0,207000000.0,2209000000.0,27.438,632000000.0
20,IQV,MRQ,2016-09-30,2016-09-30,2016-09-30,2021-10-22,-140976000.0,4128802000.0,,2643132000.0,1485670000.0,,-2.636,-21000000.0,1212224000.0,1212224000.0,1056000000.0,104000000.0,1.632,-13.434,2435614000.0,48500000.0,2387114000.0,2435614000.0,624079000.0,34000000.0,0.0,0.0,0.0,164000000.0,198000000.0,0.132,198000000.0,164000000.0,139000000.0,0.83,0.82,0.83,-313432000.0,,-313432000.0,11091233049.0,17.0,13.918,239000000.0,2.01,1.0,441000000.0,0.295,1038257000.0,25000000.0,2693987000.0,,0.0,108264000.0,39878000.0,68386000.0,4210729000.0,1619948000.0,2590781000.0,9604069049.0,255000000.0,-3000000.0,0.0,-12000000.0,0.0,25000000.0,-22000000.0,0.0,260000000.0,-8000000.0,100000000.0,100000000.0,100000000.0,0.0,4000000.0,0.067,273000000.0,168000000.0,904095000.0,0.0,-30.642,24.169,24.416,184189000.0,0.0,81.06,1.585,1.59,1207503000.0,-221218000.0,1497000000.0,1497000000.0,0.0,,,,,6000000.0,207000000.0,1.0,118480990.0,118900000,121200000.0,12.59,3090545000.0,122386000.0,39000000.0,29055000.0,25.993,1023184000.0
21,IQV,MRQ,2016-06-30,2016-06-30,2016-06-30,2021-10-22,-139094000.0,3962798000.0,,2436598000.0,1526200000.0,,-3.835,-31000000.0,959173000.0,959173000.0,1121000000.0,91000000.0,1.523,-9.146,2446337000.0,48503000.0,2397834000.0,2446337000.0,608742000.0,32000000.0,0.0,0.0,0.0,144000000.0,176000000.0,0.113,176000000.0,144000000.0,122000000.0,0.73,0.71,0.73,-458286000.0,,-458286000.0,9217020563.0,14.0,11.397,10000000.0,0.084,1.0,432000000.0,0.278,1069395000.0,22000000.0,2780279000.0,,0.0,102979000.0,37787000.0,65192000.0,4191499000.0,1600288000.0,2591211000.0,7816726563.0,-98000000.0,-8000000.0,-98000000.0,-13000000.0,0.0,-98000000.0,-17000000.0,24000000.0,41000000.0,-24000000.0,86000000.0,86000000.0,86000000.0,0.0,5000000.0,0.055,282000000.0,150000000.0,865151000.0,0.0,-17.056,19.128,19.212,189630000.0,0.0,65.32,1.305,1.303,1257427000.0,-320385000.0,1553000000.0,1553000000.0,0.0,,,,,8000000.0,216000000.0,1.0,119668196.0,119500000,121500000.0,12.996,2893403000.0,125917000.0,36000000.0,43040000.0,24.213,836310000.0
22,IQV,MRQ,2016-03-31,2016-03-31,2016-03-31,2021-10-22,-105758000.0,3982939000.0,,2437156000.0,1545783000.0,,-3.642,-26000000.0,1056778000.0,1056778000.0,1076000000.0,109000000.0,1.544,-9.634,2457072000.0,48517000.0,2408555000.0,2457072000.0,618928000.0,32000000.0,0.0,0.0,0.0,176000000.0,208000000.0,0.14,208000000.0,176000000.0,150000000.0,0.89,0.88,0.89,-434810000.0,,-434810000.0,9260140044.0,14.0,11.505,86000000.0,0.72,1.0,414000000.0,0.278,1081911000.0,26000000.0,2723184000.0,,0.0,122255000.0,36711000.0,85544000.0,4188880000.0,1578138000.0,2610742000.0,7771963044.0,76000000.0,-2000000.0,0.0,-12000000.0,0.0,-5000000.0,-43000000.0,-37000000.0,112000000.0,12000000.0,107000000.0,107000000.0,107000000.0,0.0,2000000.0,0.072,235000000.0,179000000.0,852315000.0,0.0,-17.874,19.068,19.375,189011000.0,0.0,65.1,1.322,1.322,1175597000.0,-354967000.0,1490000000.0,1490000000.0,0.0,,,,,6000000.0,200000000.0,1.0,119384993.0,119400000,121400000.0,12.479,2901028000.0,117152000.0,43000000.0,44390000.0,24.297,859018000.0
23,IQV,MRQ,2015-12-31,2015-12-31,2015-12-31,2021-10-22,-111000000.0,3926000000.0,,2412000000.0,1514000000.0,,-4.668,-21308000.0,977000000.0,977000000.0,1069201000.0,107783000.0,1.513,-7.557,2468000000.0,49000000.0,2419000000.0,2468000000.0,585000000.0,34776000.0,0.0,0.0,0.0,180129000.0,214905000.0,0.141,214905000.0,180129000.0,155385000.0,0.87,0.84,0.87,-564000000.0,,-564000000.0,9845699580.0,15.0,12.704,185316000.0,1.534,1.0,451910000.0,0.297,1088000000.0,24744000.0,2735000000.0,,0.0,85000000.0,0.0,85000000.0,4262000000.0,1594000000.0,2668000000.0,8451574580.0,-104446000.0,-6161000.0,-265000000.0,-12261000.0,0.0,-270728000.0,-27599000.0,-19000.0,206624000.0,-12743000.0,104365000.0,104365000.0,104365000.0,0.0,3418000.0,0.069,274539000.0,177371000.0,906000000.0,0.0,-14.985,21.839,21.797,188000000.0,0.0,68.66,1.473,1.472,1166000000.0,-462000000.0,1521111000.0,1521111000.0,0.0,,,,,5442000.0,138081000.0,1.0,123093134.0,120816000,123071000.0,12.59,2838000000.0,178000000.0,51020000.0,101000000.0,23.49,818000000.0
24,IQV,MRQ,2015-09-30,2015-09-30,2015-09-30,2021-10-22,-95461000.0,4033736000.0,,2520179000.0,1513557000.0,,-3.305,-24768000.0,1084414000.0,1084414000.0,1014347000.0,108839000.0,1.654,-10.378,2478539000.0,48505000.0,2430034000.0,2478539000.0,558826000.0,32884000.0,0.0,0.0,0.0,176907000.0,209791000.0,0.147,209791000.0,176907000.0,151478000.0,0.91,0.89,0.91,-406021000.0,,-406021000.0,10219424171.0,16.0,13.71,258178000.0,2.102,1.0,410422000.0,0.288,1098433000.0,25429000.0,2805453000.0,,0.0,77187000.0,0.0,77187000.0,4213662000.0,1523975000.0,2689687000.0,8536703171.0,278189000.0,29592000.0,0.0,-13331000.0,0.0,5263000.0,6065000.0,0.0,282946000.0,-16085000.0,111286000.0,111286000.0,111286000.0,0.0,-2447000.0,0.078,243399000.0,167023000.0,871206000.0,0.0,-21.025,22.968,23.268,194744000.0,0.0,69.57,1.517,1.519,1128899000.0,-550148000.0,1424769000.0,1424769000.0,0.0,,,,,2802000.0,231415000.0,1.0,122706672.0,122848000,125339000.0,11.598,2935303000.0,202547000.0,40192000.0,115530000.0,23.894,996204000.0
25,IQV,MRQ,2015-06-30,2015-06-30,2015-06-30,2021-10-22,-68842000.0,3341784000.0,,2219842000.0,1121942000.0,,-5.667,-15492000.0,806761000.0,806761000.0,1053006000.0,84947000.0,1.64,-5.762,2489482000.0,48510000.0,2440972000.0,2489482000.0,502477000.0,30011000.0,0.0,0.0,0.0,142138000.0,172149000.0,0.119,172149000.0,142138000.0,116651000.0,0.69,0.67,0.69,-701756000.0,,-701756000.0,10590214391.0,18.0,14.612,35270000.0,0.285,1.0,390521000.0,0.271,726827000.0,25487000.0,2943870000.0,,0.0,71703000.0,0.0,71703000.0,4043462000.0,1353808000.0,2689654000.0,9077854391.0,24547000.0,-889000.0,-250000000.0,192821000.0,0.0,-9877000.0,-27158000.0,-10981000.0,50762000.0,10820000.0,84951000.0,84951000.0,84951000.0,0.0,-4000.0,0.059,232132000.0,158389000.0,758407000.0,0.0,-12.936,25.713,25.84,176773000.0,0.0,72.61,1.62,1.605,1089439000.0,-661434000.0,1443527000.0,1443527000.0,0.0,,,,,-9741000.0,225898000.0,1.0,125022096.0,123834000,126536000.0,11.657,2614957000.0,215206000.0,31700000.0,90587000.0,21.117,866034000.0
26,IQV,MRQ,2015-03-31,2015-03-31,2015-03-31,2021-10-22,-88953000.0,3236651000.0,,2098823000.0,1137828000.0,,-4.919,-16432000.0,781809000.0,781809000.0,979446000.0,86431000.0,1.589,-6.285,2294169000.0,5940000.0,2288229000.0,2294169000.0,527684000.0,30329000.0,0.0,0.0,0.0,147826000.0,178155000.0,0.132,178155000.0,147826000.0,122486000.0,0.69,0.68,0.69,-612387000.0,,-612387000.0,9748460118.0,16.0,13.45,-80764000.0,-0.649,1.0,368147000.0,0.273,733526000.0,25340000.0,2694788000.0,,0.0,69161000.0,0.0,69161000.0,3848958000.0,1320697000.0,2528261000.0,8325383118.0,-88290000.0,-2542000.0,0.0,-1229000.0,0.0,26342000.0,-18308000.0,0.0,-64332000.0,-31992000.0,86398000.0,86398000.0,86398000.0,0.0,33000.0,0.064,224930000.0,143217000.0,722871000.0,0.0,-13.595,23.57,24.09,179490000.0,0.0,66.97,1.514,1.516,1006425000.0,-702400000.0,1347593000.0,1347593000.0,0.0,,,,,497000.0,219606000.0,1.0,124315113.0,124504000,127454000.0,10.824,2503125000.0,197724000.0,36088000.0,95813000.0,20.105,778126000.0
27,IQV,MRQ,2014-12-31,2014-12-31,2014-12-31,2021-10-22,-59091000.0,3295953000.0,,2146083000.0,1149870000.0,,-5.603,-25218000.0,870240000.0,870240000.0,1002580000.0,88943000.0,1.458,-5.681,2283438000.0,826000.0,2282612000.0,2283438000.0,543305000.0,31887000.0,0.0,0.0,0.0,153442000.0,185329000.0,0.131,185329000.0,153442000.0,126994000.0,0.7,0.69,0.7,-704061000.0,,-704061000.0,8918298698.0,15.0,12.25,231985000.0,1.846,1.0,408510000.0,0.289,744677000.0,26448000.0,2492574000.0,,0.0,66011000.0,0.0,66011000.0,3999965000.0,1471900000.0,2528065000.0,7523575698.0,223109000.0,-1662000.0,-257764000.0,247729000.0,0.0,14377000.0,-27073000.0,139000.0,257203000.0,-21398000.0,89043000.0,89043000.0,89043000.0,0.0,-100000.0,0.063,249968000.0,158542000.0,842387000.0,0.0,-10.686,21.074,21.176,190297000.0,0.0,58.87,1.378,1.38,975255000.0,-788798000.0,1411090000.0,1411090000.0,0.0,,,,,414000.0,123717000.0,1.0,127799825.0,125660000,128691000.0,11.229,2551276000.0,199844000.0,37951000.0,117491000.0,20.303,674183000.0
28,IQV,MRQ,2014-09-30,2014-09-30,2014-09-30,2021-10-22,-27045000.0,3106715000.0,,1938603000.0,1168112000.0,,-4.207,-21950000.0,648553000.0,648553000.0,1030072000.0,92733000.0,1.359,-6.793,2043276000.0,20681000.0,2022595000.0,2043276000.0,526000000.0,30180000.0,0.0,0.0,0.0,158964000.0,189144000.0,0.135,189144000.0,158964000.0,133914000.0,0.73,0.71,0.73,-536259000.0,,-536259000.0,8507365649.0,15.0,12.143,115150000.0,0.903,1.0,369962000.0,0.264,756886000.0,25050000.0,2317772000.0,,0.0,68460000.0,0.0,68460000.0,3642947000.0,1426780000.0,2216167000.0,7099505649.0,8566000.0,-92002000.0,-105000.0,-6263000.0,0.0,9709000.0,-112919000.0,0.0,137100000.0,-25324000.0,92654000.0,92654000.0,92654000.0,0.0,79000.0,0.066,220820000.0,149142000.0,830388000.0,0.0,-13.239,20.823,20.97,190863000.0,0.0,55.78,1.308,1.31,1032553000.0,-877224000.0,1400034000.0,1400034000.0,0.0,,,,,2598000.0,219027000.0,1.0,127276903.0,127462000,130626000.0,10.984,2349829000.0,142847000.0,41260000.0,44797000.0,18.436,511823000.0
29,IQV,MRQ,2014-06-30,2014-06-30,2014-06-30,2021-10-22,2244000.0,2978637000.0,,1864707000.0,1113930000.0,,-4.819,-18126000.0,639764000.0,639764000.0,980068000.0,85110000.0,1.378,-5.792,2047624000.0,20715000.0,2026909000.0,2047624000.0,516076000.0,29845000.0,0.0,0.0,0.0,142319000.0,172164000.0,0.128,172164000.0,142319000.0,117520000.0,0.66,0.64,0.66,-621549000.0,,-621549000.0,8237333033.0,15.0,12.447,49008000.0,0.38,1.0,360962000.0,0.269,692832000.0,24799000.0,2340605000.0,,0.0,67423000.0,0.0,67423000.0,3600247000.0,1353060000.0,2247187000.0,6935268033.0,-104913000.0,-1112000.0,-165131000.0,-132000.0,0.0,-157093000.0,-19029000.0,0.0,67134000.0,4075000.0,85120000.0,85120000.0,85120000.0,0.0,-10000.0,0.063,219962000.0,141000000.0,751649000.0,0.0,-11.158,22.012,21.751,196382000.0,0.0,53.29,1.328,1.316,964346000.0,-969878000.0,1341030000.0,1341030000.0,0.0,,,,,5607000.0,219014000.0,1.0,130142016.0,128979000,132042000.0,10.397,2285805000.0,143414000.0,32400000.0,66711000.0,17.722,511647000.0
30,IQV,MRQ,2014-03-31,2014-03-31,2014-03-31,2021-10-22,-393000.0,3061892000.0,,1947820000.0,1114072000.0,,-4.307,-17706000.0,744754000.0,744754000.0,946280000.0,90214000.0,1.415,-6.473,2046819000.0,15572000.0,2031247000.0,2046819000.0,511441000.0,29088000.0,0.0,0.0,0.0,152275000.0,181363000.0,0.139,181363000.0,152275000.0,127572000.0,0.69,0.68,0.69,-559474000.0,,-559474000.0,7857278234.0,16.0,13.232,-46143000.0,-0.355,1.0,361566000.0,0.276,698613000.0,24703000.0,2288868000.0,,0.0,66700000.0,0.0,66700000.0,3621417000.0,1376476000.0,2244941000.0,6592114234.0,-36762000.0,-1224000.0,0.0,-334000.0,0.0,3007000.0,-13979000.0,5861000.0,-28437000.0,2647000.0,90183000.0,90183000.0,90183000.0,0.0,31000.0,0.069,220250000.0,141316000.0,768868000.0,0.0,-11.783,24.555,24.176,195852000.0,0.0,50.77,1.273,1.274,948453000.0,-1054998000.0,1307846000.0,1307846000.0,0.0,,,,,1381000.0,219242000.0,1.0,129842707.0,129898000,133040000.0,10.068,2363279000.0,142730000.0,37389000.0,82262000.0,18.193,571344000.0
31,IQV,MRQ,2013-12-31,2013-12-31,2013-12-31,2021-10-22,-376000.0,3066797000.0,,1945688000.0,1121109000.0,,-5.166,-12386000.0,780855000.0,780855000.0,1017202000.0,72934000.0,1.313,-5.595,2046019000.0,10433000.0,2035586000.0,2046019000.0,538585000.0,30554000.0,0.0,0.0,0.0,127380000.0,157934000.0,0.115,157934000.0,127380000.0,100554000.0,0.58,0.55,0.58,-667413000.0,,-667413000.0,7407645112.0,17.0,13.382,203074000.0,1.572,1.0,361983000.0,0.262,707680000.0,26826000.0,2142034000.0,,0.0,63276000.0,0.0,63276000.0,3734282000.0,1482247000.0,2252035000.0,5974552112.0,168433000.0,-1409000.0,-57082000.0,-4457000.0,0.0,-33305000.0,-12184000.0,0.0,215460000.0,-1538000.0,72996000.0,72996000.0,72996000.0,0.0,-62000.0,0.053,234971000.0,127012000.0,861805000.0,0.0,-8.952,26.367,25.322,199578000.0,0.0,46.34,1.172,1.128,924205000.0,-1145181000.0,1379185000.0,1379185000.0,0.0,,,,,-10193000.0,232797000.0,1.0,128928617.0,129187000,132863000.0,10.676,2359117000.0,141150000.0,27558000.0,73319000.0,18.261,463441000.0
32,IQV,MRQ,2013-09-30,2013-09-30,2013-09-30,2021-10-22,-3892000.0,2842021000.0,,1717186000.0,1124835000.0,,-5.522,-14695000.0,613027000.0,613027000.0,863806000.0,66584000.0,1.287,-4.992,2046120000.0,4091000.0,2042029000.0,2046120000.0,510997000.0,27324000.0,0.0,0.0,0.0,122984000.0,150308000.0,0.126,150308000.0,122984000.0,94228000.0,0.52,0.5,0.52,-711967000.0,,-711967000.0,7243261469.0,18.0,14.076,161831000.0,1.255,1.0,332033000.0,0.278,722650000.0,28756000.0,2218081000.0,,0.0,61431000.0,0.0,61431000.0,3553993000.0,1334383000.0,2219610000.0,5786021469.0,23988000.0,-146246000.0,-634000.0,-982000.0,0.0,-1516000.0,-160592000.0,0.0,176526000.0,9570000.0,66769000.0,66769000.0,66769000.0,0.0,-185000.0,0.056,206774000.0,125259000.0,758641000.0,0.0,-8.127,30.684,28.955,197393000.0,0.0,44.88,1.157,1.157,895345000.0,-1218177000.0,1195839000.0,1195839000.0,0.0,,,,,6133000.0,199573000.0,1.0,128922047.0,128923000,133267000.0,9.276,2119371000.0,118359000.0,27459000.0,42460000.0,16.439,382803000.0
33,IQV,MRQ,2013-06-30,2013-06-30,2013-06-30,2021-10-22,-18186000.0,2648167000.0,,1673860000.0,974307000.0,,-6.504,-28445000.0,588043000.0,588043000.0,969108000.0,38353000.0,1.351,-4.318,2045283000.0,141000.0,2045142000.0,2045283000.0,459569000.0,24986000.0,0.0,0.0,0.0,79231000.0,104217000.0,0.08,104217000.0,79231000.0,47347000.0,0.31,0.3,0.31,-798058000.0,,-798058000.0,6859540238.0,17.0,13.798,-5602000.0,-0.046,1.0,326572000.0,0.252,566993000.0,31884000.0,2299687000.0,,0.0,58122000.0,0.0,58122000.0,3446055000.0,1238727000.0,2207328000.0,4928209238.0,131429000.0,-291000.0,490045000.0,-350521000.0,0.0,139737000.0,-27206000.0,0.0,22843000.0,-3945000.0,38517000.0,38517000.0,38517000.0,0.0,-164000.0,0.03,232211000.0,94361000.0,708583000.0,0.0,-6.175,28.34,28.757,196749000.0,0.0,42.56,0.985,1.044,867211000.0,-1284946000.0,1295680000.0,1295680000.0,0.0,,,,,6405000.0,228838000.0,1.0,115794390.0,122709000,126578000.0,10.559,2081174000.0,133061000.0,8830000.0,35966000.0,16.96,435133000.0
34,IQV,MRQ,2013-03-31,2013-03-31,2013-03-31,2021-10-22,-8387000.0,2426705000.0,,1439497000.0,987208000.0,,-11.425,-30800000.0,458173000.0,458173000.0,912515000.0,48156000.0,1.178,-2.835,2389504000.0,34741000.0,2354763000.0,2389504000.0,454108000.0,24640000.0,0.0,,0.0,116469000.0,141109000.0,0.115,141109000.0,116469000.0,80427000.0,0.42,0.41,0.42,-1322623000.0,,-1322623000.0,,,,-52258000.0,-0.451,1.0,316326000.0,0.257,571572000.0,36042000.0,2564476000.0,,0.0,57582000.0,0.0,57582000.0,3749000000.0,1221988000.0,2527012000.0,,-113435000.0,-4377000.0,149000.0,-34304000.0,0.0,-33959000.0,-36194000.0,60000.0,-21458000.0,-21824000.0,48309000.0,48309000.0,48309000.0,0.0,-153000.0,0.039,198779000.0,117547000.0,671448000.0,0.0,,,,190166000.0,0.0,,,,779342000.0,-1323463000.0,1228841000.0,1228841000.0,0.0,,,,,4277000.0,199302000.0,1.0,129606179.0,115769000,118740000.0,10.615,1855133000.0,120266000.0,32118000.0,33057000.0,16.024,217509000.0
35,IQV,MRQ,2012-12-31,2012-12-31,2012-12-31,2021-10-22,7695000.0,2499153000.0,,1509994000.0,989159000.0,,-11.753,-21130000.0,570550000.0,570550000.0,961303000.0,34836000.0,1.154,-2.838,2421978000.0,55710000.0,2366268000.0,2421978000.0,456587000.0,25571000.0,0.0,,0.0,93370000.0,118941000.0,0.093,118941000.0,93370000.0,54987000.0,0.3,0.3,0.3,-1359523000.0,,-1359523000.0,,,,138844000.0,1.2,1.0,317285000.0,0.248,575242000.0,38383000.0,2466342000.0,,0.0,55099000.0,0.0,55099000.0,3858197000.0,1308997000.0,2549200000.0,,61418000.0,8678000.0,1323000.0,159924000.0,-241703000.0,-80021000.0,-12564000.0,231000.0,159974000.0,-5971000.0,34974000.0,34974000.0,34974000.0,0.0,-138000.0,0.027,227586000.0,89699000.0,742831000.0,0.0,,,,193999000.0,0.0,,,,745373000.0,-1371772000.0,1278588000.0,1278588000.0,0.0,,,,,12112000.0,215636000.0,1.0,129606179.0,115671000,118147000.0,11.054,1923911000.0,123948000.0,20013000.0,21255000.0,16.633,200997000.0
36,IQV,MRQ,2012-09-30,2012-09-30,2012-09-30,2021-10-22,,,,,,,,-15050000.0,,,898092000.0,51975000.0,,,,,,,,25727000.0,,,0.0,107153000.0,132880000.0,0.111,132880000.0,107153000.0,73640000.0,0.45,0.44,0.45,,,,,,,73346000.0,0.634,1.0,301482000.0,0.251,,33513000.0,,,,,,,,,,,30068000.0,-40299000.0,-2400000.0,-5792000.0,0.0,-8192000.0,-56711000.0,-161000.0,88396000.0,6575000.0,52098000.0,52098000.0,52098000.0,0.0,-123000.0,0.043,196196000.0,105286000.0,,0.0,,,,,0.0,,,,,,1199574000.0,1199574000.0,0.0,,,,,3260000.0,192780000.0,1.0,,115691000,117835000.0,10.369,,,21542000.0,,,
37,IQV,MRQ,2012-06-30,2012-06-30,2012-06-30,2021-10-22,,,,,,,,-22187000.0,,,914075000.0,47012000.0,,,,,,,,23719000.0,,,0.0,107889000.0,131608000.0,0.107,131608000.0,107889000.0,74759000.0,0.41,0.4,0.41,,,,,,,60503000.0,0.523,1.0,316692000.0,0.257,,33130000.0,,,,,,,,,,,29968000.0,-13351000.0,44000.0,-5640000.0,0.0,-5367000.0,-41458000.0,-6715000.0,82690000.0,-5897000.0,47201000.0,47201000.0,47201000.0,0.0,-189000.0,0.038,209648000.0,107044000.0,,0.0,,,,,0.0,,,,,,1230767000.0,1230767000.0,0.0,,,,,2854000.0,203544000.0,1.0,,115670000,117706000.0,10.64,,,27558000.0,,,
38,IQV,MRQ,2012-03-31,2012-03-31,2012-03-31,2021-10-22,,,,,,,,-10240000.0,,,859112000.0,42808000.0,,,,,,,,23271000.0,,,0.0,96869000.0,120140000.0,0.104,120140000.0,96869000.0,67524000.0,0.37,0.37,0.37,,,,,,,-5599000.0,-0.048,1.0,297472000.0,0.257,,29345000.0,,,,,,,,,,,-70025000.0,-2448000.0,-9214000.0,281918000.0,-326148000.0,-53293000.0,-21500000.0,-6489000.0,4641000.0,127000.0,43273000.0,43273000.0,43273000.0,0.0,-465000.0,0.037,205485000.0,91987000.0,,0.0,,,,,0.0,,,,,,1156584000.0,1156584000.0,0.0,,,,,7235000.0,205795000.0,1.0,,115808000,117551000.0,9.987,,,24251000.0,,,
39,IQV,MRQ,2011-12-31,2011-12-31,2011-12-31,2021-10-22,22871000.0,2322917000.0,,1365478000.0,957439000.0,,-8.349,,519297000.0,519297000.0,,,1.145,-3.393,1971855000.0,20147000.0,1951708000.0,1971855000.0,398471000.0,,0.0,,0.0,,,,,,,,,,-970384000.0,,-970384000.0,,,,,,1.0,,,547454000.0,,2035888000.0,,0.0,33888000.0,0.0,33888000.0,3292513000.0,1192133000.0,2100380000.0,,,,,,,,,,,,,,,,,,,,686918000.0,,,,,185772000.0,,,,,691038000.0,-994415000.0,,,,,,,,,,1.0,,116232000,,,1775463000.0,150337000.0,,56905000.0,15.275,173345000.0
0,IQV,MRT,2021-09-30,2021-09-30,2021-09-30,2021-10-22,-445000000.0,24033000000.0,24250250000.0,4534000000.0,19499000000.0,0.558,30.439,-632000000.0,1470000000.0,1470000000.0,9041000000.0,783000000.0,0.935,3.123,12495000000.0,91000000.0,12404000000.0,12495000000.0,1826000000.0,1346000000.0,0.0,0.0,0.0,1321000000.0,2667000000.0,0.197,2667000000.0,1321000000.0,934000000.0,4.0,3.94,4.0,5829000000.0,5885750000.0,5829000000.0,56723819205.0,43.0,21.269,2368000000.0,12.366,1.0,4495000000.0,0.332,17936000000.0,387000000.0,12275000000.0,12670250000.0,0.0,262000000.0,104000000.0,158000000.0,18204000000.0,4847000000.0,13357000000.0,45898819205.0,6000000.0,-1054000000.0,-355000000.0,-144000000.0,0.0,-1295000000.0,-1692000000.0,-5000000.0,3000000000.0,-7000000.0,767000000.0,767000000.0,767000000.0,0.0,16000000.0,0.057,3276000000.0,1219000000.0,2663000000.0,0.0,7.874,59.842,59.885,889000000.0,0.0,239.54,3.391,3.389,2330000000.0,1925000000.0,13536000000.0,13536000000.0,0.0,0.032,0.13,0.104,0.098,154000000.0,1913000000.0,1.0,191612337.0,191500000,195300000.0,70.684,6097000000.0,161000000.0,167000000.0,350000000.0,31.838,-313000000.0
1,IQV,MRT,2021-06-30,2021-06-30,2021-06-30,2021-10-22,-327000000.0,23937000000.0,24201250000.0,5068000000.0,18869000000.0,0.534,30.063,-627000000.0,1807000000.0,1807000000.0,8588000000.0,630000000.0,1.052,3.156,12632000000.0,147000000.0,12485000000.0,12632000000.0,1597000000.0,1329000000.0,0.0,0.0,0.0,1154000000.0,2483000000.0,0.192,2483000000.0,1154000000.0,759000000.0,3.17,3.12,3.17,5760000000.0,5890000000.0,5760000000.0,56721335684.0,49.0,22.844,2103000000.0,10.976,1.0,4343000000.0,0.336,17321000000.0,395000000.0,12622000000.0,12945250000.0,0.0,262000000.0,104000000.0,158000000.0,18177000000.0,4819000000.0,13358000000.0,46443335684.0,698000000.0,-158000000.0,-266000000.0,-208000000.0,0.0,-1282000000.0,-788000000.0,-1000000.0,2730000000.0,38000000.0,607000000.0,607000000.0,607000000.0,0.0,23000000.0,0.047,3239000000.0,1104000000.0,2756000000.0,0.0,8.063,76.513,76.442,900000000.0,0.0,242.32,3.592,3.59,2276000000.0,1664000000.0,12931000000.0,12931000000.0,0.0,0.025,0.103,0.089,0.089,139000000.0,1875000000.0,1.0,191661174.0,191600000,194900000.0,67.49,6616000000.0,174000000.0,152000000.0,367000000.0,34.53,249000000.0
2,IQV,MRT,2021-03-31,2021-03-31,2021-03-31,2021-10-22,-376000000.0,24467000000.0,24012750000.0,5579000000.0,18888000000.0,0.5,31.086,-624000000.0,2305000000.0,2305000000.0,7969000000.0,434000000.0,1.146,3.062,12583000000.0,144000000.0,12439000000.0,12583000000.0,1554000000.0,1294000000.0,0.0,0.0,0.0,917000000.0,2211000000.0,0.184,2211000000.0,917000000.0,508000000.0,2.14,2.1,2.14,5953000000.0,5847750000.0,5953000000.0,48034067578.0,52.0,21.725,2039000000.0,10.648,1.0,4045000000.0,0.337,17330000000.0,409000000.0,12547000000.0,13126000000.0,0.0,259000000.0,97000000.0,162000000.0,18230000000.0,4868000000.0,13362000000.0,36944067578.0,1378000000.0,-190000000.0,-223000000.0,-234000000.0,0.0,-492000000.0,-822000000.0,-6000000.0,2663000000.0,29000000.0,409000000.0,409000000.0,409000000.0,0.0,25000000.0,0.034,3165000000.0,880000000.0,2819000000.0,0.0,6.206,90.328,90.252,909000000.0,0.0,193.14,3.075,3.079,2361000000.0,1489000000.0,12014000000.0,12014000000.0,0.0,0.017,0.07,0.07,0.076,127000000.0,1824000000.0,1.0,191281286.0,191500000,194900000.0,62.736,7137000000.0,171000000.0,99000000.0,472000000.0,37.269,711000000.0
3,IQV,MRT,2020-12-31,2020-12-31,2020-12-31,2021-10-22,-205000000.0,24564000000.0,23665500000.0,5090000000.0,19474000000.0,0.48,31.37,-616000000.0,1814000000.0,1814000000.0,7500000000.0,308000000.0,1.117,3.047,12904000000.0,149000000.0,12755000000.0,12904000000.0,1252000000.0,1287000000.0,0.0,0.0,0.0,767000000.0,2054000000.0,0.181,2054000000.0,767000000.0,351000000.0,1.46,1.43,1.46,6001000000.0,5745000000.0,6001000000.0,45613507644.0,59.0,22.207,1343000000.0,7.02,1.0,3859000000.0,0.34,17859000000.0,416000000.0,13237000000.0,13320750000.0,0.0,250000000.0,88000000.0,162000000.0,18284000000.0,4558000000.0,13726000000.0,34351507644.0,977000000.0,-167000000.0,-491000000.0,309000000.0,0.0,-217000000.0,-796000000.0,-11000000.0,1959000000.0,31000000.0,279000000.0,279000000.0,279000000.0,0.0,29000000.0,0.025,3128000000.0,731000000.0,2813000000.0,0.0,5.724,123.124,122.719,953000000.0,0.0,179.17,3.024,3.017,2410000000.0,1277000000.0,11359000000.0,11359000000.0,0.0,0.012,0.049,0.058,0.068,95000000.0,1789000000.0,1.0,191725778.0,191300000,195000000.0,59.378,6705000000.0,170000000.0,72000000.0,440000000.0,35.05,532000000.0
4,IQV,MRT,2020-09-30,2020-09-30,2020-09-30,2021-10-22,-317000000.0,23837000000.0,23337250000.0,4645000000.0,19192000000.0,0.469,30.559,-577000000.0,1464000000.0,1464000000.0,7229000000.0,198000000.0,1.122,3.033,12726000000.0,144000000.0,12582000000.0,12726000000.0,1188000000.0,1257000000.0,0.0,0.0,0.0,676000000.0,1933000000.0,0.176,1933000000.0,676000000.0,253000000.0,0.93,0.91,0.93,5846000000.0,5745500000.0,5846000000.0,41550042371.0,61.0,21.495,1215000000.0,6.351,1.0,3727000000.0,0.34,17585000000.0,423000000.0,13375000000.0,13220750000.0,0.0,242000000.0,79000000.0,163000000.0,17730000000.0,4139000000.0,13591000000.0,30150042371.0,601000000.0,-240000000.0,-663000000.0,348000000.0,0.0,-362000000.0,-840000000.0,-23000000.0,1792000000.0,11000000.0,176000000.0,176000000.0,176000000.0,0.0,22000000.0,0.016,3119000000.0,608000000.0,2461000000.0,0.0,5.157,171.307,169.495,942000000.0,0.0,157.63,2.752,2.752,2414000000.0,1158000000.0,10956000000.0,10956000000.0,0.0,0.008,0.031,0.051,0.062,128000000.0,1782000000.0,1.0,191270966.0,191300000,194900000.0,57.271,6252000000.0,203000000.0,77000000.0,530000000.0,32.682,506000000.0
5,IQV,MRT,2020-06-30,2020-06-30,2020-06-30,2021-10-22,-444000000.0,23183000000.0,23101000000.0,4208000000.0,18975000000.0,0.474,29.288,-569000000.0,1109000000.0,1109000000.0,7281000000.0,159000000.0,1.095,3.1,12509000000.0,142000000.0,12367000000.0,12509000000.0,1061000000.0,1237000000.0,0.0,0.0,0.0,648000000.0,1885000000.0,0.172,1885000000.0,648000000.0,211000000.0,0.69,0.68,0.69,5591000000.0,5816750000.0,5591000000.0,38565939829.0,60.0,20.459,979000000.0,5.128,1.0,3658000000.0,0.334,17395000000.0,437000000.0,13345000000.0,13107750000.0,0.0,226000000.0,73000000.0,153000000.0,17331000000.0,3843000000.0,13488000000.0,27093939829.0,171000000.0,-461000000.0,-956000000.0,723000000.0,0.0,-270000000.0,-1049000000.0,-22000000.0,1548000000.0,-58000000.0,132000000.0,132000000.0,132000000.0,0.0,27000000.0,0.012,3033000000.0,625000000.0,2295000000.0,0.0,4.846,205.257,205.623,946000000.0,0.0,141.88,2.477,2.476,2371000000.0,1057000000.0,10939000000.0,10939000000.0,0.0,0.006,0.023,0.049,0.059,122000000.0,1717000000.0,1.0,190963771.0,190900000,190900000.0,57.302,5788000000.0,176000000.0,79000000.0,641000000.0,30.32,365000000.0
6,IQV,MRT,2020-03-31,2020-03-31,2020-03-31,2021-10-22,-485000000.0,23078000000.0,23072250000.0,4277000000.0,18801000000.0,0.484,28.925,-582000000.0,927000000.0,927000000.0,7376000000.0,251000000.0,1.095,3.117,12399000000.0,139000000.0,12260000000.0,12399000000.0,1036000000.0,1223000000.0,0.0,0.0,0.0,750000000.0,1973000000.0,0.177,1973000000.0,750000000.0,307000000.0,1.12,1.1,1.12,5542000000.0,6049750000.0,5542000000.0,31949694571.0,43.0,16.193,885000000.0,4.619,1.0,3782000000.0,0.339,17317000000.0,443000000.0,13326000000.0,12970000000.0,0.0,206000000.0,63000000.0,143000000.0,17276000000.0,3907000000.0,13369000000.0,20745694571.0,-9000000.0,-412000000.0,-1188000000.0,824000000.0,0.0,-397000000.0,-1025000000.0,-36000000.0,1467000000.0,-54000000.0,215000000.0,215000000.0,215000000.0,0.0,36000000.0,0.019,3022000000.0,760000000.0,2384000000.0,0.0,3.743,96.492,96.304,934000000.0,0.0,107.86,1.859,1.852,2634000000.0,1080000000.0,11158000000.0,11158000000.0,0.0,0.009,0.036,0.058,0.067,120000000.0,1722000000.0,1.0,192339093.0,191600000,195700000.0,58.236,5761000000.0,169000000.0,92000000.0,712000000.0,30.068,370000000.0
7,IQV,MRT,2019-12-31,2019-12-31,2019-12-31,2021-10-22,-311000000.0,23251000000.0,23080000000.0,4126000000.0,19125000000.0,0.48,30.769,-582000000.0,837000000.0,837000000.0,7300000000.0,227000000.0,1.046,2.83,12041000000.0,100000000.0,11941000000.0,12041000000.0,1014000000.0,1202000000.0,0.0,0.0,0.0,754000000.0,1956000000.0,0.176,1956000000.0,754000000.0,307000000.0,0.98,0.96,0.98,6003000000.0,6318000000.0,6003000000.0,41052745095.0,54.0,20.988,835000000.0,4.28,1.0,3788000000.0,0.342,17673000000.0,447000000.0,12837000000.0,12811250000.0,0.0,214000000.0,62000000.0,152000000.0,16988000000.0,3945000000.0,13043000000.0,29980745095.0,-54000000.0,-588000000.0,-938000000.0,700000000.0,0.0,-276000000.0,-1190000000.0,-25000000.0,1417000000.0,-5000000.0,191000000.0,191000000.0,191000000.0,0.0,36000000.0,0.017,3011000000.0,777000000.0,2512000000.0,0.0,4.994,156.967,157.663,954000000.0,0.0,154.51,2.704,2.719,2582000000.0,998000000.0,11088000000.0,11088000000.0,0.0,0.008,0.03,0.059,0.068,146000000.0,1734000000.0,1.0,194037571.0,195100000,199600000.0,56.832,5578000000.0,175000000.0,116000000.0,754000000.0,28.59,181000000.0
8,IQV,MRT,2019-09-30,2019-09-30,2019-09-30,2021-10-22,-377000000.0,22892000000.0,22904500000.0,3995000000.0,18897000000.0,0.475,31.522,-583000000.0,863000000.0,863000000.0,7141000000.0,283000000.0,1.117,2.691,11935000000.0,98000000.0,11837000000.0,11935000000.0,954000000.0,1182000000.0,0.0,0.0,0.0,766000000.0,1948000000.0,0.179,1948000000.0,766000000.0,322000000.0,1.23,1.21,1.23,6131000000.0,6495750000.0,6131000000.0,40121720559.0,52.0,20.596,668000000.0,3.434,1.0,3740000000.0,0.344,17465000000.0,444000000.0,12923000000.0,12447000000.0,0.0,200000000.0,57000000.0,143000000.0,16498000000.0,3576000000.0,12922000000.0,29262720559.0,36000000.0,-505000000.0,-1271000000.0,1219000000.0,0.0,-91000000.0,-1088000000.0,-13000000.0,1251000000.0,-36000000.0,244000000.0,244000000.0,244000000.0,0.0,39000000.0,0.022,2922000000.0,818000000.0,2190000000.0,0.0,4.773,119.929,121.447,941000000.0,0.0,149.38,2.689,2.67,2514000000.0,982000000.0,10881000000.0,10881000000.0,0.0,0.011,0.038,0.062,0.07,122000000.0,1693000000.0,1.0,195894501.0,194500000,199000000.0,55.943,5427000000.0,173000000.0,78000000.0,777000000.0,27.902,419000000.0
9,IQV,MRT,2019-06-30,2019-06-30,2019-06-30,2021-10-22,-215000000.0,23068000000.0,22806000000.0,3978000000.0,19090000000.0,0.469,33.247,-557000000.0,938000000.0,938000000.0,6967000000.0,281000000.0,1.138,2.497,11797000000.0,100000000.0,11697000000.0,11797000000.0,934000000.0,1166000000.0,0.0,0.0,0.0,747000000.0,1913000000.0,0.179,1913000000.0,747000000.0,312000000.0,1.24,1.21,1.24,6523000000.0,6766750000.0,6523000000.0,42488028308.0,57.0,22.21,708000000.0,3.609,1.0,3739000000.0,0.349,17638000000.0,435000000.0,12794000000.0,11969500000.0,0.0,208000000.0,56000000.0,152000000.0,16287000000.0,3495000000.0,12792000000.0,31736028308.0,59000000.0,-298000000.0,-1089000000.0,802000000.0,0.0,-331000000.0,-870000000.0,-19000000.0,1265000000.0,-5000000.0,247000000.0,247000000.0,247000000.0,0.0,34000000.0,0.023,2944000000.0,795000000.0,2139000000.0,0.0,4.865,128.486,129.758,956000000.0,0.0,160.9,2.964,2.949,2401000000.0,925000000.0,10706000000.0,10706000000.0,0.0,0.011,0.037,0.062,0.07,126000000.0,1727000000.0,1.0,197240698.0,196200000,200600000.0,54.567,5430000000.0,166000000.0,65000000.0,782000000.0,27.676,483000000.0
10,IQV,MRT,2019-03-31,2019-03-31,2019-03-31,2021-10-22,-262000000.0,23109000000.0,22695500000.0,3999000000.0,19110000000.0,0.464,33.579,-512000000.0,936000000.0,936000000.0,6842000000.0,278000000.0,1.142,2.456,11688000000.0,100000000.0,11588000000.0,11688000000.0,971000000.0,1154000000.0,0.0,0.0,0.0,757000000.0,1911000000.0,0.181,1911000000.0,757000000.0,329000000.0,1.23,1.2,1.23,6615000000.0,6977000000.0,6615000000.0,38540740005.0,51.0,20.168,673000000.0,3.416,1.0,3691000000.0,0.35,17668000000.0,428000000.0,12691000000.0,11563000000.0,0.0,192000000.0,55000000.0,137000000.0,16244000000.0,3502000000.0,12742000000.0,28424740005.0,-24000000.0,-483000000.0,-1420000000.0,1294000000.0,0.0,-183000000.0,-1005000000.0,-28000000.0,1185000000.0,-21000000.0,248000000.0,248000000.0,248000000.0,0.0,30000000.0,0.024,2923000000.0,768000000.0,2122000000.0,0.0,4.297,114.616,116.951,954000000.0,0.0,143.85,2.699,2.69,2461000000.0,865000000.0,10533000000.0,10533000000.0,0.0,0.011,0.036,0.065,0.072,118000000.0,1715000000.0,1.0,197599861.0,197000000,201700000.0,53.467,5441000000.0,168000000.0,81000000.0,844000000.0,27.619,497000000.0
11,IQV,MRT,2018-12-31,2018-12-31,2018-12-31,2021-10-22,-224000000.0,22549000000.0,22727000000.0,3874000000.0,18675000000.0,0.458,32.96,-459000000.0,891000000.0,891000000.0,6746000000.0,284000000.0,1.096,2.323,11007000000.0,100000000.0,10907000000.0,11007000000.0,1007000000.0,1141000000.0,0.0,0.0,0.0,732000000.0,1873000000.0,0.18,1873000000.0,732000000.0,318000000.0,1.27,1.24,1.27,6714000000.0,7372250000.0,6714000000.0,33293920664.0,45.0,17.776,795000000.0,3.903,1.0,3666000000.0,0.352,17751000000.0,414000000.0,11380000000.0,11115500000.0,0.0,189000000.0,47000000.0,142000000.0,15595000000.0,3534000000.0,12061000000.0,23501920664.0,-68000000.0,-326000000.0,-1390000000.0,993000000.0,0.0,-452000000.0,-810000000.0,-27000000.0,1254000000.0,-60000000.0,259000000.0,259000000.0,259000000.0,0.0,25000000.0,0.025,2925000000.0,741000000.0,2295000000.0,0.0,3.5,90.741,91.472,434000000.0,0.0,116.17,2.257,2.273,2394000000.0,807000000.0,10412000000.0,10412000000.0,0.0,0.011,0.035,0.066,0.07,113000000.0,1716000000.0,1.0,202306281.0,203700000,208200000.0,51.114,4798000000.0,178000000.0,59000000.0,836000000.0,23.554,340000000.0
12,IQV,MRT,2018-09-30,2018-09-30,2018-09-30,2021-10-22,-220000000.0,22498000000.0,22804000000.0,3696000000.0,18802000000.0,0.449,35.665,-423000000.0,827000000.0,827000000.0,6611000000.0,1243000000.0,1.093,2.084,10619000000.0,101000000.0,10518000000.0,10619000000.0,984000000.0,1125000000.0,0.0,0.0,0.0,652000000.0,1777000000.0,0.173,1777000000.0,652000000.0,247000000.0,5.66,5.53,5.66,7215000000.0,7692500000.0,7215000000.0,36132623757.0,55.0,20.333,647000000.0,3.198,1.0,3634000000.0,0.355,17897000000.0,405000000.0,11013000000.0,10902000000.0,0.0,186000000.0,52000000.0,134000000.0,15038000000.0,3380000000.0,11658000000.0,26283623757.0,-276000000.0,-598000000.0,-1146000000.0,937000000.0,0.0,-249000000.0,-1048000000.0,-24000000.0,1070000000.0,-49000000.0,1217000000.0,1217000000.0,1217000000.0,0.0,26000000.0,0.119,2958000000.0,676000000.0,2162000000.0,0.0,3.643,21.597,22.922,417000000.0,0.0,129.74,2.566,2.562,2298000000.0,726000000.0,10245000000.0,10245000000.0,0.0,0.053,0.158,0.06,0.064,102000000.0,1742000000.0,1.0,202586895.0,202300000,206800000.0,50.643,4601000000.0,162000000.0,-970000000.0,851000000.0,22.743,316000000.0
13,IQV,MRT,2018-06-30,2018-06-30,2018-06-30,2021-10-22,-104000000.0,22626000000.0,22790750000.0,3587000000.0,19039000000.0,0.444,35.8,-389000000.0,879000000.0,879000000.0,6544000000.0,1269000000.0,1.133,2.039,10728000000.0,101000000.0,10627000000.0,10728000000.0,940000000.0,1098000000.0,0.0,0.0,0.0,679000000.0,1777000000.0,0.176,1777000000.0,679000000.0,286000000.0,5.77,5.64,5.77,7364000000.0,7704750000.0,7364000000.0,30217104322.0,45.0,17.005,773000000.0,3.758,1.0,3573000000.0,0.353,18141000000.0,393000000.0,11168000000.0,10668250000.0,0.0,159000000.0,49000000.0,110000000.0,15012000000.0,3166000000.0,11846000000.0,20731104322.0,-23000000.0,-797000000.0,-1574000000.0,1648000000.0,0.0,45000000.0,-1200000000.0,-18000000.0,1162000000.0,-30000000.0,1245000000.0,1245000000.0,1245000000.0,0.0,24000000.0,0.123,2883000000.0,690000000.0,1997000000.0,0.0,2.815,16.651,17.3,415000000.0,0.0,99.82,2.049,2.03,2172000000.0,665000000.0,10117000000.0,10117000000.0,0.0,0.055,0.162,0.064,0.067,100000000.0,1707000000.0,1.0,207684876.0,205700000,209900000.0,49.183,4485000000.0,160000000.0,-959000000.0,934000000.0,21.804,421000000.0
14,IQV,MRT,2018-03-31,2018-03-31,2018-03-31,2021-10-22,254000000.0,23235000000.0,22579750000.0,3724000000.0,19511000000.0,0.439,39.499,-379000000.0,960000000.0,960000000.0,6427000000.0,1267000000.0,1.164,1.804,10446000000.0,104000000.0,10342000000.0,10446000000.0,934000000.0,1061000000.0,0.0,0.0,0.0,616000000.0,1677000000.0,0.169,1677000000.0,616000000.0,249000000.0,5.75,5.63,5.75,8196000000.0,7748500000.0,8196000000.0,29697551525.0,48.0,17.709,717000000.0,3.455,1.0,3478000000.0,0.351,18621000000.0,367000000.0,10901000000.0,10231500000.0,0.0,148000000.0,47000000.0,101000000.0,14782000000.0,3199000000.0,11583000000.0,20431551525.0,98000000.0,-692000000.0,-1348000000.0,1426000000.0,0.0,63000000.0,-1070000000.0,2000000.0,1096000000.0,9000000.0,1246000000.0,1246000000.0,1246000000.0,0.0,21000000.0,0.126,2832000000.0,646000000.0,2045000000.0,0.0,2.493,16.398,17.063,432000000.0,0.0,98.11,2.063,2.055,2250000000.0,605000000.0,9905000000.0,9905000000.0,0.0,0.055,0.161,0.06,0.062,101000000.0,1661000000.0,1.0,208251468.0,207500000,212000000.0,47.735,4614000000.0,158000000.0,-997000000.0,934000000.0,22.236,525000000.0
15,IQV,MRT,2017-12-31,2017-12-31,2017-12-31,2021-10-22,49000000.0,22857000000.0,22066750000.0,3554000000.0,19303000000.0,0.44,36.708,-369000000.0,959000000.0,959000000.0,6301000000.0,1296000000.0,1.126,1.828,10225000000.0,103000000.0,10122000000.0,10225000000.0,985000000.0,1011000000.0,0.0,0.0,0.0,631000000.0,1642000000.0,0.169,1642000000.0,631000000.0,285000000.0,5.86,5.74,5.86,7995000000.0,7592250000.0,7995000000.0,29338590965.0,46.0,17.868,601000000.0,2.759,1.0,3401000000.0,0.351,18441000000.0,346000000.0,10526000000.0,9695500000.0,0.0,124000000.0,46000000.0,78000000.0,14613000000.0,3156000000.0,11457000000.0,20687590965.0,-239000000.0,-827000000.0,-2529000000.0,2461000000.0,0.0,-72000000.0,-1190000000.0,2000000.0,970000000.0,53000000.0,1277000000.0,1277000000.0,1277000000.0,0.0,19000000.0,0.132,2736000000.0,665000000.0,1986000000.0,0.0,2.588,16.2,16.706,440000000.0,0.0,97.9,2.132,2.198,2097000000.0,538000000.0,9702000000.0,9702000000.0,0.0,0.058,0.168,0.065,0.065,106000000.0,1622000000.0,1.0,211313493.0,217800000,222600000.0,44.545,4416000000.0,156000000.0,-992000000.0,967000000.0,20.275,398000000.0
16,IQV,MRT,2017-09-30,2017-09-30,2017-09-30,2021-10-22,-79000000.0,22445000000.0,21654500000.0,3492000000.0,18953000000.0,0.437,33.896,-353000000.0,1103000000.0,1103000000.0,6189000000.0,44000000.0,1.224,2.056,9754000000.0,103000000.0,9651000000.0,9754000000.0,782000000.0,924000000.0,0.0,0.0,0.0,563000000.0,1487000000.0,0.157,1487000000.0,563000000.0,243000000.0,-0.85,-0.83,-0.85,7264000000.0,7751750000.0,7264000000.0,28635200404.0,51.0,19.257,831000000.0,3.878,1.0,3267000000.0,0.345,18165000000.0,320000000.0,10078000000.0,8911000000.0,0.0,119000000.0,44000000.0,75000000.0,14938000000.0,2853000000.0,12085000000.0,20585200404.0,-107000000.0,1375000000.0,-3068000000.0,773000000.0,0.0,-2323000000.0,1039000000.0,14000000.0,1184000000.0,-7000000.0,29000000.0,29000000.0,29000000.0,0.0,15000000.0,0.003,2665000000.0,602000000.0,1894000000.0,0.0,2.834,709.834,-111.847,428000000.0,0.0,95.07,2.177,2.155,1859000000.0,-166000000.0,9456000000.0,9456000000.0,0.0,0.001,0.004,0.063,0.06,101000000.0,1546000000.0,1.0,216526774.0,214300000,219000000.0,44.125,4280000000.0,149000000.0,214000000.0,2074000000.0,19.972,639000000.0
17,IQV,MRT,2017-06-30,2017-06-30,2017-06-30,2021-10-22,-233000000.0,21782000000.0,17075450500.0,3259000000.0,18523000000.0,0.497,34.646,-285000000.0,902000000.0,902000000.0,5634000000.0,55000000.0,1.225,1.858,8952000000.0,94000000.0,8858000000.0,8952000000.0,801000000.0,702000000.0,0.0,0.0,0.0,549000000.0,1251000000.0,0.147,1251000000.0,549000000.0,297000000.0,-0.43,-0.41,-0.43,7539000000.0,5857392000.0,7539000000.0,27176642113.0,50.0,21.724,723000000.0,3.323,1.0,2853000000.0,0.336,17751000000.0,252000000.0,9421000000.0,7064996750.0,0.0,113000000.0,43000000.0,70000000.0,14008000000.0,2660000000.0,11348000000.0,19693642113.0,-53000000.0,1618000000.0,-2527000000.0,128000000.0,0.0,-2391000000.0,1351000000.0,14000000.0,1008000000.0,-21000000.0,41000000.0,41000000.0,41000000.0,0.0,14000000.0,0.005,2278000000.0,575000000.0,1678000000.0,0.0,2.612,480.333,-208.14,430000000.0,0.0,89.5,2.32,2.295,1845000000.0,-255000000.0,8487000000.0,8487000000.0,0.0,0.002,0.007,0.078,0.065,78000000.0,1359000000.0,1.0,220040694.0,217600000,222300000.0,39.003,4031000000.0,135000000.0,256000000.0,2142000000.0,18.525,599000000.0
18,IQV,MRT,2017-03-31,2017-03-31,2017-03-31,2021-10-22,-444000000.0,21183000000.0,12620650000.0,3117000000.0,18066000000.0,0.609,32.903,-216000000.0,862000000.0,862000000.0,5198000000.0,80000000.0,1.201,1.768,8345000000.0,91000000.0,8254000000.0,8345000000.0,791000000.0,489000000.0,0.0,0.0,0.0,564000000.0,1053000000.0,0.137,1053000000.0,564000000.0,371000000.0,0.02,0.02,0.02,7571000000.0,3858070500.0,7571000000.0,24984460009.0,44.0,23.727,588000000.0,2.555,1.0,2487000000.0,0.324,17313000000.0,193000000.0,8757000000.0,5404816500.0,0.0,115000000.0,43000000.0,72000000.0,13383000000.0,2596000000.0,10787000000.0,18982460009.0,-191000000.0,1721000000.0,-2287000000.0,-194000000.0,0.0,-2455000000.0,1534000000.0,37000000.0,804000000.0,-74000000.0,65000000.0,65000000.0,65000000.0,0.0,15000000.0,0.008,1888000000.0,599000000.0,1627000000.0,0.0,2.507,292.038,4026.5,410000000.0,0.0,80.53,2.47,2.411,1779000000.0,-325000000.0,7685000000.0,7685000000.0,0.0,0.005,0.017,0.104,0.073,59000000.0,1197000000.0,1.0,235719111.0,230100000,234900000.0,33.399,3870000000.0,120000000.0,306000000.0,2215000000.0,16.819,521000000.0
19,IQV,MRT,2016-12-31,2016-12-31,2016-12-31,2021-10-22,-570000000.0,21208000000.0,8320634750.0,3337000000.0,17871000000.0,0.819,57.901,-164000000.0,1198000000.0,1198000000.0,4748000000.0,87000000.0,1.234,1.43,7200000000.0,92000000.0,7108000000.0,7200000000.0,774000000.0,289000000.0,0.0,0.0,0.0,541000000.0,830000000.0,0.122,830000000.0,541000000.0,397000000.0,0.48,0.47,0.48,8633000000.0,1856618000.0,8633000000.0,19945497638.0,37.0,24.031,696000000.0,4.668,1.0,2067000000.0,0.303,17117000000.0,144000000.0,7388000000.0,3896362500.0,0.0,122000000.0,40000000.0,82000000.0,12348000000.0,2705000000.0,9643000000.0,18722107638.0,221000000.0,1870000000.0,-1000000000.0,-1320000000.0,0.0,-2284000000.0,1731000000.0,1000000.0,860000000.0,-86000000.0,72000000.0,72000000.0,72000000.0,0.0,15000000.0,0.011,1491000000.0,576000000.0,1743000000.0,0.0,2.169,260.029,158.438,406000000.0,0.0,76.05,2.747,1.664,1707000000.0,-399000000.0,6815000000.0,6815000000.0,0.0,0.009,0.039,0.139,0.079,39000000.0,1016000000.0,1.0,246181560.0,149100000,152000000.0,45.708,4091000000.0,123000000.0,325000000.0,2209000000.0,27.438,632000000.0
20,IQV,MRT,2016-09-30,2016-09-30,2016-09-30,2021-10-22,-140976000.0,4128802000.0,4000134750.0,2643132000.0,1485670000.0,1.515,-2.636,-99308000.0,1212224000.0,1212224000.0,4322201000.0,411783000.0,1.632,-13.434,2435614000.0,48500000.0,2387114000.0,2435614000.0,624079000.0,132776000.0,0.0,0.0,0.0,664129000.0,796905000.0,0.131,796905000.0,664129000.0,566385000.0,3.32,3.25,3.32,-313432000.0,-442632000.0,-313432000.0,11091233049.0,17.0,13.918,520316000.0,4.376,1.0,1738910000.0,0.287,1038257000.0,97744000.0,2693987000.0,2733112500.0,0.0,108264000.0,39878000.0,68386000.0,4210729000.0,1619948000.0,2590781000.0,9604069049.0,128554000.0,-19161000.0,-363000000.0,-49261000.0,0.0,-348728000.0,-109599000.0,-13019000.0,619624000.0,-32743000.0,397365000.0,397365000.0,397365000.0,0.0,14418000.0,0.066,1064539000.0,674371000.0,904095000.0,0.0,-30.642,24.169,24.416,184189000.0,0.0,81.06,1.585,1.59,1207503000.0,-221218000.0,6061111000.0,6061111000.0,0.0,0.099,-0.898,0.243,0.11,25442000.0,761081000.0,1.0,118480990.0,118900000,121200000.0,50.977,3090545000.0,122386000.0,169020000.0,29055000.0,25.993,1023184000.0
21,IQV,MRT,2016-06-30,2016-06-30,2016-06-30,2021-10-22,-139094000.0,3962798000.0,3976368250.0,2436598000.0,1526200000.0,1.506,-3.835,-103076000.0,959173000.0,959173000.0,4280548000.0,416622000.0,1.523,-9.146,2446337000.0,48503000.0,2397834000.0,2446337000.0,608742000.0,131660000.0,0.0,0.0,0.0,677036000.0,808696000.0,0.135,808696000.0,677036000.0,578863000.0,3.4,3.32,3.4,-458286000.0,-465779250.0,-458286000.0,9217020563.0,14.0,11.397,539494000.0,4.515,1.0,1708332000.0,0.285,1069395000.0,98173000.0,2780279000.0,2760979000.0,0.0,102979000.0,37787000.0,65192000.0,4191499000.0,1600288000.0,2591211000.0,7816726563.0,151743000.0,13431000.0,-363000000.0,-50592000.0,0.0,-368465000.0,-81534000.0,-13019000.0,642570000.0,-40828000.0,408651000.0,408651000.0,408651000.0,0.0,7971000.0,0.068,1034938000.0,673394000.0,865151000.0,0.0,-17.056,19.128,19.212,189630000.0,0.0,65.32,1.305,1.303,1257427000.0,-320385000.0,5988880000.0,5988880000.0,0.0,0.103,-0.877,0.245,0.113,22244000.0,785496000.0,1.0,119668196.0,119500000,121500000.0,50.116,2893403000.0,125917000.0,170212000.0,43040000.0,24.213,836310000.0
22,IQV,MRT,2016-03-31,2016-03-31,2016-03-31,2021-10-22,-105758000.0,3982939000.0,3821114750.0,2437156000.0,1545783000.0,1.539,-3.642,-87568000.0,1056778000.0,1056778000.0,4212554000.0,410569000.0,1.544,-9.634,2457072000.0,48517000.0,2408555000.0,2457072000.0,618928000.0,129671000.0,0.0,0.0,0.0,675174000.0,804845000.0,0.137,804845000.0,675174000.0,573514000.0,3.36,3.28,3.36,-434810000.0,-526646750.0,-434810000.0,9260140044.0,14.0,11.505,564764000.0,4.73,1.0,1666853000.0,0.284,1081911000.0,101660000.0,2723184000.0,2801876750.0,0.0,122255000.0,36711000.0,85544000.0,4188880000.0,1578138000.0,2610742000.0,7771963044.0,274290000.0,20542000.0,-515000000.0,155229000.0,0.0,-280342000.0,-91692000.0,-48000000.0,652332000.0,-6008000.0,407602000.0,407602000.0,407602000.0,0.0,2967000.0,0.069,985070000.0,681783000.0,852315000.0,0.0,-17.874,19.068,19.375,189011000.0,0.0,65.1,1.322,1.322,1175597000.0,-354967000.0,5879407000.0,5879407000.0,0.0,0.107,-0.774,0.241,0.115,4503000.0,795394000.0,1.0,119384993.0,119400000,121400000.0,49.241,2901028000.0,117152000.0,165912000.0,44390000.0,24.297,859018000.0
23,IQV,MRT,2015-12-31,2015-12-31,2015-12-31,2021-10-22,-111000000.0,3926000000.0,3634542750.0,2412000000.0,1514000000.0,1.578,-4.585,-78000000.0,977000000.0,977000000.0,4116000000.0,388000000.0,1.513,-7.557,2468000000.0,49000000.0,2419000000.0,2468000000.0,585000000.0,128000000.0,0.0,0.0,0.0,647000000.0,775000000.0,0.135,775000000.0,647000000.0,546000000.0,3.15,3.08,3.15,-564000000.0,-571041000.0,-564000000.0,9845699580.0,15.0,12.704,398000000.0,3.236,1.0,1621000000.0,0.283,1088000000.0,101000000.0,2735000000.0,2794777750.0,0.0,85000000.0,0.0,85000000.0,4262000000.0,1594000000.0,2668000000.0,8451574580.0,110000000.0,20000000.0,-515000000.0,166000000.0,0.0,-249000000.0,-67000000.0,-11000000.0,476000000.0,-50000000.0,387000000.0,387000000.0,387000000.0,0.0,1000000.0,0.067,975000000.0,646000000.0,906000000.0,0.0,-14.985,21.839,21.797,188000000.0,0.0,68.66,1.473,1.472,1166000000.0,-462000000.0,5737000000.0,5737000000.0,0.0,0.106,-0.678,0.232,0.113,-1000000.0,815000000.0,1.0,123093134.0,123000000,125600000.0,46.642,2838000000.0,178000000.0,159000000.0,101000000.0,23.073,818000000.0
24,IQV,MRT,2015-09-30,2015-09-30,2015-09-30,2021-10-22,-95461000.0,4033736000.0,3477031000.0,2520179000.0,1513557000.0,1.618,-3.305,-81910000.0,1084414000.0,1084414000.0,4049379000.0,369160000.0,1.654,-10.378,2478539000.0,48505000.0,2430034000.0,2478539000.0,558826000.0,125111000.0,0.0,0.0,0.0,620313000.0,745424000.0,0.132,745424000.0,620313000.0,517609000.0,2.99,2.93,2.99,-406021000.0,-606056250.0,-406021000.0,10219424171.0,16.0,13.71,444669000.0,3.62,1.0,1577600000.0,0.28,1098433000.0,102704000.0,2805453000.0,2734171250.0,0.0,77187000.0,0.0,77187000.0,4213662000.0,1523975000.0,2689687000.0,8536703171.0,437555000.0,24499000.0,-507764000.0,425990000.0,0.0,36105000.0,-66474000.0,-10842000.0,526579000.0,-58655000.0,371678000.0,371678000.0,371678000.0,0.0,-2518000.0,0.066,950429000.0,627171000.0,871206000.0,0.0,-21.025,22.968,23.268,194744000.0,0.0,69.57,1.517,1.519,1128899000.0,-550148000.0,5626979000.0,5626979000.0,0.0,0.107,-0.613,0.227,0.11,-6028000.0,800636000.0,1.0,122706672.0,122848000,125339000.0,45.804,2935303000.0,202547000.0,145931000.0,115530000.0,23.894,996204000.0
25,IQV,MRT,2015-06-30,2015-06-30,2015-06-30,2021-10-22,-68842000.0,3341784000.0,3245275750.0,2219842000.0,1121942000.0,1.726,-5.667,-79092000.0,806761000.0,806761000.0,4065104000.0,353054000.0,1.64,-5.762,2489482000.0,48510000.0,2440972000.0,2489482000.0,502477000.0,122407000.0,0.0,0.0,0.0,602370000.0,724777000.0,0.129,724777000.0,602370000.0,500045000.0,2.81,2.75,2.81,-701756000.0,-638615750.0,-701756000.0,10590214391.0,18.0,14.612,301641000.0,2.436,1.0,1537140000.0,0.274,726827000.0,102325000.0,2943870000.0,2612251000.0,0.0,71703000.0,0.0,71703000.0,4043462000.0,1353808000.0,2689654000.0,9077854391.0,167932000.0,-97095000.0,-507869000.0,433058000.0,0.0,40551000.0,-185458000.0,-10842000.0,380733000.0,-67894000.0,353046000.0,353046000.0,353046000.0,0.0,8000.0,0.063,927850000.0,609290000.0,758407000.0,0.0,-12.936,25.713,25.84,176773000.0,0.0,72.61,1.62,1.605,1089439000.0,-661434000.0,5602244000.0,5602244000.0,0.0,0.109,-0.553,0.231,0.108,-6232000.0,788248000.0,1.0,125022096.0,123834000,126536000.0,45.24,2614957000.0,215206000.0,146999000.0,90587000.0,21.117,866034000.0
26,IQV,MRT,2015-03-31,2015-03-31,2015-03-31,2021-10-22,-88953000.0,3236651000.0,3154489000.0,2098823000.0,1137828000.0,1.743,-4.919,-81726000.0,781809000.0,781809000.0,3992166000.0,353217000.0,1.589,-6.285,2294169000.0,5940000.0,2288229000.0,2294169000.0,527684000.0,122241000.0,0.0,0.0,0.0,602551000.0,724792000.0,0.132,724792000.0,602551000.0,500914000.0,2.78,2.72,2.78,-612387000.0,-618564000.0,-612387000.0,9748460118.0,16.0,13.45,315379000.0,2.533,1.0,1507581000.0,0.274,733526000.0,101637000.0,2694788000.0,2461434750.0,0.0,69161000.0,0.0,69161000.0,3848958000.0,1320697000.0,2528261000.0,8325383118.0,38472000.0,-97318000.0,-423000000.0,240105000.0,0.0,-106665000.0,-177329000.0,139000.0,397105000.0,-74639000.0,353215000.0,353215000.0,353215000.0,0.0,2000.0,0.064,915680000.0,591901000.0,722871000.0,0.0,-13.595,23.57,24.09,179490000.0,0.0,66.97,1.514,1.516,1006425000.0,-702400000.0,5499747000.0,5499747000.0,0.0,0.112,-0.571,0.245,0.11,9116000.0,781364000.0,1.0,124315113.0,124504000,127454000.0,44.173,2503125000.0,197724000.0,147699000.0,95813000.0,20.105,778126000.0
27,IQV,MRT,2014-12-31,2014-12-31,2014-12-31,2021-10-22,-59091000.0,3295953000.0,3110799250.0,2146083000.0,1149870000.0,1.755,-5.5,-83000000.0,870240000.0,870240000.0,3959000000.0,357000000.0,1.458,-5.681,2283438000.0,826000.0,2282612000.0,2283438000.0,543305000.0,121000000.0,0.0,0.0,0.0,607000000.0,728000000.0,0.133,728000000.0,607000000.0,506000000.0,2.78,2.72,2.78,-704061000.0,-605335750.0,-704061000.0,8918298698.0,15.0,12.25,350000000.0,2.734,1.0,1501000000.0,0.275,744677000.0,101000000.0,2492574000.0,2359954750.0,0.0,66011000.0,0.0,66011000.0,3999965000.0,1471900000.0,2528065000.0,7523575698.0,90000000.0,-96000000.0,-423000000.0,241000000.0,0.0,-130000000.0,-173000000.0,6000000.0,433000000.0,-40000000.0,357000000.0,357000000.0,357000000.0,0.0,0.0,0.065,911000000.0,590000000.0,842387000.0,0.0,-10.686,21.074,21.176,190297000.0,0.0,58.87,1.378,1.38,975255000.0,-788798000.0,5460000000.0,5460000000.0,0.0,0.115,-0.59,0.257,0.111,10000000.0,781000000.0,1.0,127799825.0,128000000,131100000.0,42.656,2551276000.0,199844000.0,149000000.0,117491000.0,19.932,674183000.0
28,IQV,MRT,2014-09-30,2014-09-30,2014-09-30,2021-10-22,-27045000.0,3106715000.0,3053510250.0,1938603000.0,1168112000.0,1.778,-4.207,-70168000.0,648553000.0,648553000.0,3973622000.0,340991000.0,1.359,-6.793,2043276000.0,20681000.0,2022595000.0,2043276000.0,526000000.0,119667000.0,0.0,0.0,0.0,580938000.0,700605000.0,0.129,700605000.0,580938000.0,479560000.0,2.66,2.58,2.66,-536259000.0,-596173750.0,-536259000.0,8507365649.0,15.0,12.143,321089000.0,2.519,1.0,1454473000.0,0.268,756886000.0,101378000.0,2317772000.0,2272319750.0,0.0,68460000.0,0.0,68460000.0,3642947000.0,1426780000.0,2216167000.0,7099505649.0,35324000.0,-95747000.0,-222318000.0,-11186000.0,0.0,-177682000.0,-158111000.0,5861000.0,391257000.0,-20140000.0,340953000.0,340953000.0,340953000.0,0.0,38000.0,0.063,896003000.0,558470000.0,830388000.0,0.0,-13.239,20.823,20.97,190863000.0,0.0,55.78,1.308,1.31,1032553000.0,-877224000.0,5428095000.0,5428095000.0,0.0,0.112,-0.572,0.256,0.107,-607000.0,890080000.0,1.0,127276903.0,127462000,130626000.0,42.586,2349829000.0,142847000.0,138607000.0,44797000.0,18.436,511823000.0
29,IQV,MRT,2014-06-30,2014-06-30,2014-06-30,2021-10-22,2244000.0,2978637000.0,2987336750.0,1864707000.0,1113930000.0,1.749,-4.819,-62913000.0,639764000.0,639764000.0,3807356000.0,314842000.0,1.378,-5.792,2047624000.0,20715000.0,2026909000.0,2047624000.0,516076000.0,116811000.0,0.0,0.0,0.0,544958000.0,661769000.0,0.127,661769000.0,544958000.0,439874000.0,2.45,2.37,2.45,-621549000.0,-640100750.0,-621549000.0,8237333033.0,15.0,12.447,367770000.0,2.851,1.0,1416544000.0,0.271,692832000.0,105084000.0,2340605000.0,2247397000.0,0.0,67423000.0,0.0,67423000.0,3600247000.0,1353060000.0,2247187000.0,6935268033.0,50746000.0,-149991000.0,-222847000.0,-5905000.0,0.0,-188907000.0,-205784000.0,5861000.0,430683000.0,14754000.0,315068000.0,315068000.0,315068000.0,0.0,-226000.0,0.06,881957000.0,534587000.0,751649000.0,0.0,-11.158,22.012,21.751,196382000.0,0.0,53.29,1.328,1.316,964346000.0,-969878000.0,5223900000.0,5223900000.0,0.0,0.105,-0.492,0.242,0.104,2928000.0,870626000.0,1.0,130142016.0,128979000,132042000.0,40.502,2285805000.0,143414000.0,124806000.0,66711000.0,17.722,511647000.0
30,IQV,MRT,2014-03-31,2014-03-31,2014-03-31,2021-10-22,-393000.0,3061892000.0,2904719250.0,1947820000.0,1114072000.0,1.783,-4.307,-73232000.0,744754000.0,744754000.0,3796396000.0,268085000.0,1.415,-6.473,2046819000.0,15572000.0,2031247000.0,2046819000.0,511441000.0,111952000.0,0.0,0.0,0.0,481870000.0,593822000.0,0.115,593822000.0,481870000.0,369701000.0,2.1,2.03,2.1,-559474000.0,-684228000.0,-559474000.0,7857278234.0,16.0,13.232,313160000.0,2.411,1.0,1382154000.0,0.267,698613000.0,112169000.0,2288868000.0,2237167500.0,0.0,66700000.0,0.0,66700000.0,3621417000.0,1376476000.0,2244941000.0,6592114234.0,287088000.0,-149170000.0,432329000.0,-356294000.0,0.0,107923000.0,-213961000.0,5861000.0,386392000.0,6734000.0,268465000.0,268465000.0,268465000.0,0.0,-380000.0,0.052,894206000.0,487948000.0,768868000.0,0.0,-11.783,24.555,24.176,195852000.0,0.0,50.77,1.273,1.274,948453000.0,-1054998000.0,5178550000.0,5178550000.0,0.0,0.092,-0.392,0.215,0.093,3726000.0,880450000.0,1.0,129842707.0,129898000,133040000.0,39.866,2363279000.0,142730000.0,101236000.0,82262000.0,18.193,571344000.0
31,IQV,MRT,2013-12-31,2013-12-31,2013-12-31,2021-10-22,-376000.0,3066797000.0,2745922500.0,1945688000.0,1121109000.0,1.857,-5.376,-86326000.0,780855000.0,780855000.0,3762631000.0,226027000.0,1.313,-5.595,2046019000.0,10433000.0,2035586000.0,2046019000.0,538585000.0,107504000.0,0.0,0.0,0.0,446064000.0,553568000.0,0.109,553568000.0,446064000.0,322556000.0,1.83,1.77,1.83,-667413000.0,-875015250.0,-667413000.0,7407645112.0,17.0,13.382,307045000.0,2.473,1.0,1336914000.0,0.262,707680000.0,123508000.0,2142034000.0,2306069500.0,0.0,63276000.0,0.0,63276000.0,3734282000.0,1482247000.0,2252035000.0,5974552112.0,210415000.0,-152323000.0,432478000.0,-390264000.0,0.0,70957000.0,-236176000.0,60000.0,393371000.0,-17737000.0,226591000.0,226591000.0,226591000.0,0.0,-564000.0,0.044,874581000.0,462333000.0,861805000.0,0.0,-8.952,26.367,25.322,199578000.0,0.0,46.34,1.172,1.128,924205000.0,-1145181000.0,5099545000.0,5099545000.0,0.0,0.083,-0.259,0.193,0.087,6622000.0,860510000.0,1.0,128928617.0,124147000,127862000.0,41.077,2359117000.0,141150000.0,95965000.0,73319000.0,19.003,463441000.0
32,IQV,MRT,2013-09-30,2013-09-30,2013-09-30,2021-10-22,-3892000.0,2842021000.0,2604011500.0,1717186000.0,1124835000.0,1.92,-5.522,-95070000.0,613027000.0,613027000.0,3706732000.0,187929000.0,1.287,-4.992,2046120000.0,4091000.0,2042029000.0,2046120000.0,510997000.0,102521000.0,0.0,0.0,0.0,412054000.0,514575000.0,0.103,514575000.0,412054000.0,276989000.0,1.55,1.51,1.55,-711967000.0,-1048042750.0,-711967000.0,7243261469.0,18.0,14.076,242815000.0,1.883,1.0,1292216000.0,0.258,722650000.0,135065000.0,2218081000.0,2387146500.0,0.0,61431000.0,0.0,61431000.0,3553993000.0,1334383000.0,2219610000.0,5786021469.0,103400000.0,-142236000.0,490883000.0,-225883000.0,-241703000.0,24241000.0,-236556000.0,291000.0,337885000.0,-22170000.0,188569000.0,188569000.0,188569000.0,0.0,-640000.0,0.038,865350000.0,426866000.0,758641000.0,0.0,-8.127,30.684,28.955,197393000.0,0.0,44.88,1.157,1.157,895345000.0,-1218177000.0,4998948000.0,4998948000.0,0.0,0.072,-0.18,0.173,0.082,28927000.0,843349000.0,1.0,128922047.0,128923000,133267000.0,38.775,2119371000.0,118359000.0,88420000.0,42460000.0,16.439,382803000.0
33,IQV,MRT,2013-06-30,2013-06-30,2013-06-30,2021-10-22,-18186000.0,2648167000.0,,1673860000.0,974307000.0,,-6.504,-95425000.0,588043000.0,588043000.0,3741018000.0,173320000.0,1.351,-4.318,2045283000.0,141000.0,2045142000.0,2045283000.0,459569000.0,100924000.0,0.0,0.0,0.0,396223000.0,497147000.0,0.099,497147000.0,396223000.0,256401000.0,1.48,1.45,1.48,-798058000.0,,-798058000.0,6859540238.0,17.0,13.798,154330000.0,1.258,1.0,1261665000.0,0.252,566993000.0,139822000.0,2299687000.0,,0.0,58122000.0,0.0,58122000.0,3446055000.0,1238727000.0,2207328000.0,4928209238.0,109480000.0,-36289000.0,489117000.0,-230693000.0,-241703000.0,17565000.0,-132675000.0,130000.0,249755000.0,-25165000.0,173898000.0,173898000.0,173898000.0,0.0,-578000.0,0.035,854772000.0,406893000.0,708583000.0,0.0,-6.175,28.34,28.757,196749000.0,0.0,42.56,0.985,1.044,867211000.0,-1284946000.0,5002683000.0,5002683000.0,0.0,,,,0.079,26054000.0,836556000.0,1.0,115794390.0,122709000,126578000.0,40.769,2081174000.0,133061000.0,82503000.0,35966000.0,16.96,435133000.0
34,IQV,MRT,2013-03-31,2013-03-31,2013-03-31,2021-10-22,-8387000.0,2426705000.0,,1439497000.0,987208000.0,,-11.425,-89167000.0,458173000.0,458173000.0,3685985000.0,181979000.0,1.178,-2.835,2389504000.0,34741000.0,2354763000.0,2389504000.0,454108000.0,99657000.0,0.0,,0.0,424881000.0,524538000.0,0.106,524538000.0,424881000.0,283813000.0,1.58,1.55,1.58,-1322623000.0,,-1322623000.0,,,,220435000.0,1.904,1.0,1251785000.0,0.254,571572000.0,141068000.0,2564476000.0,,0.0,57582000.0,0.0,57582000.0,3749000000.0,1221988000.0,2527012000.0,,8019000.0,-49349000.0,-884000.0,114188000.0,-241703000.0,-127539000.0,-146927000.0,-6585000.0,309602000.0,-27117000.0,182582000.0,182582000.0,182582000.0,0.0,-603000.0,0.037,832209000.0,419576000.0,671448000.0,0.0,,,,190166000.0,0.0,,,,779342000.0,-1323463000.0,4937770000.0,4937770000.0,0.0,,,,0.086,22503000.0,811262000.0,1.0,129606179.0,115769000,118740000.0,42.652,1855133000.0,120266000.0,101231000.0,33057000.0,16.024,217509000.0
35,IQV,MRT,2012-12-31,2012-12-31,2012-12-31,2021-10-22,7695000.0,2499153000.0,2411035000.0,1509994000.0,989159000.0,2.018,-11.749,-68607000.0,570550000.0,570550000.0,3632582000.0,176631000.0,1.154,-2.838,2421978000.0,55710000.0,2366268000.0,2421978000.0,456587000.0,98288000.0,0.0,,0.0,405281000.0,503569000.0,0.103,503569000.0,405281000.0,270910000.0,1.53,1.51,1.53,-1359523000.0,-1164953500.0,-1359523000.0,,,,267094000.0,2.308,1.0,1232931000.0,0.253,575242000.0,134371000.0,2466342000.0,2251115000.0,0.0,55099000.0,0.0,55099000.0,3858197000.0,1308997000.0,2549200000.0,,51429000.0,-47420000.0,-10247000.0,430410000.0,-567851000.0,-146873000.0,-132233000.0,-13134000.0,335701000.0,-5166000.0,177546000.0,177546000.0,177546000.0,0.0,-915000.0,0.036,836496000.0,396435000.0,742831000.0,0.0,,,,193999000.0,0.0,,,,745373000.0,-1371772000.0,4865513000.0,4865513000.0,0.0,0.074,-0.152,0.18,0.083,25461000.0,817755000.0,1.0,129606179.0,115710000,117796000.0,42.049,1923911000.0,123948000.0,93364000.0,21255000.0,16.627,200997000.0
36,IQV,MRT,2012-09-30,2012-09-30,2012-09-30,2021-10-22,,,,,,,,,,,,,,,,,,,,,,,0.0,,,,,,,,,,,,,,,,,,1.0,,,,,,,,,,,,,,,,,,,,,,,,,,,,,,,,,,,,,,,,,,,,,,,,,,,,,,1.0,,115691000,,,,,,,,
37,IQV,MRT,2012-06-30,2012-06-30,2012-06-30,2021-10-22,,,,,,,,,,,,,,,,,,,,,,,0.0,,,,,,,,,,,,,,,,,,1.0,,,,,,,,,,,,,,,,,,,,,,,,,,,,,,,,,,,,,,,,,,,,,,,,,,,,,,1.0,,115670000,,,,,,,,
38,IQV,MRT,2012-03-31,2012-03-31,2012-03-31,2021-10-22,,,,,,,,,,,,,,,,,,,,,,,0.0,,,,,,,,,,,,,,,,,,1.0,,,,,,,,,,,,,,,,,,,,,,,,,,,,,,,,,,,,,,,,,,,,,,,,,,,,,,1.0,,115808000,,,,,,,,
39,IQV,MRT,2011-12-31,2011-12-31,2011-12-31,2021-10-22,22871000.0,2322917000.0,,1365478000.0,957439000.0,,-8.349,-72703000.0,519297000.0,519297000.0,3185787000.0,240327000.0,1.145,-3.393,1971855000.0,20147000.0,1951708000.0,1971855000.0,398471000.0,92004000.0,0.0,,0.0,365942000.0,457946000.0,0.106,457946000.0,365942000.0,256877000.0,2.08,2.05,2.08,-970384000.0,,-970384000.0,,,,88250000.0,0.759,1.0,1141961000.0,0.264,547454000.0,109065000.0,2035888000.0,,0.0,33888000.0,0.0,33888000.0,3292513000.0,1192133000.0,2100380000.0,,-130316000.0,-135821000.0,-13210000.0,241728000.0,-288322000.0,-59309000.0,-224838000.0,-32684000.0,160953000.0,-7122000.0,241772000.0,241772000.0,241772000.0,0.0,-1445000.0,0.056,796710000.0,345251000.0,686918000.0,0.0,,,,185772000.0,0.0,,,,691038000.0,-994415000.0,4327748000.0,4327748000.0,0.0,,,,0.085,14089000.0,762299000.0,1.0,,116232000,117936000.0,37.234,1775463000.0,150337000.0,15105000.0,56905000.0,15.275,173345000.0
40,IQV,MRT,2010-12-31,2010-12-31,2010-12-31,2021-10-22,,,,,,,,-77682000.0,,,2804837000.0,165255000.0,,,,,,,,84217000.0,,,0.0,379608000.0,463825000.0,0.118,463825000.0,379608000.0,238178000.0,1.38,1.36,1.38,,,,,,,300478000.0,2.581,1.0,1119183000.0,0.285,,141430000.0,,,,,,,,,,,80841000.0,-101874000.0,-9269000.0,-78365000.0,-67493000.0,-153081000.0,-141434000.0,14639000.0,378160000.0,-2804000.0,160596000.0,160596000.0,160596000.0,0.0,4659000.0,0.041,724178000.0,395005000.0,,0.0,,,,,0.0,,,,,,3924020000.0,3924020000.0,0.0,,,,0.097,17046000.0,698406000.0,1.0,,116418000,118000000.0,33.706,,,77582000.0,,,
