None,ticker,dimension,calendardate,datekey,reportperiod,lastupdated,accoci,assets,assetsavg,assetsc,assetsnc,assetturnover,bvps,capex,cashneq,cashnequsd,cor,consolinc,currentratio,de,debt,debtc,debtnc,debtusd,deferredrev,depamor,deposits,divyield,dps,ebit,ebitda,ebitdamargin,ebitdausd,ebitusd,ebt,eps,epsdil,epsusd,equity,equityavg,equityusd,ev,evebit,evebitda,fcf,fcfps,fxusd,gp,grossmargin,intangibles,intexp,invcap,invcapavg,inventory,investments,investmentsc,investmentsnc,liabilities,liabilitiesc,liabilitiesnc,marketcap,ncf,ncfbus,ncfcommon,ncfdebt,ncfdiv,ncff,ncfi,ncfinv,ncfo,ncfx,netinc,netinccmn,netinccmnusd,netincdis,netincnci,netmargin,opex,opinc,payables,payoutratio,pb,pe,pe1,ppnenet,prefdivis,price,ps,ps1,receivables,retearn,revenue,revenueusd,rnd,roa,roe,roic,ros,sbcomp,sgna,sharefactor,sharesbas,shareswa,shareswadil,sps,tangibles,taxassets,taxexp,taxliabilities,tbvps,workingcapital
0,BF.B,MRY,2021-12-31,2021-04-30,2021-04-30,2021-09-07,-422000000.0,6522000000.0,6389500000.0,3917000000.0,2605000000.0,0.542,5.548,-65000000.0,1150000000.0,1150000000.0,1367000000.0,903000000.0,4.267,1.456,2559000000.0,205000000.0,2354000000.0,2559000000.0,0.0,77000000.0,0.0,0.009,0.708,1162000000.0,1239000000.0,0.358,1239000000.0,1162000000.0,1081000000.0,1.89,1.88,1.89,2656000000.0,2419250000.0,2656000000.0,38067885036.0,33.0,30.725,752000000.0,1.571,1.0,2094000000.0,0.605,1455000000.0,81000000.0,5558000000.0,5552500000.0,1751000000.0,0.0,0.0,0.0,3866000000.0,918000000.0,2948000000.0,36514885036.0,475000000.0,163000000.0,0.0,-126000000.0,-338000000.0,-485000000.0,98000000.0,0.0,817000000.0,45000000.0,903000000.0,903000000.0,903000000.0,0.0,0.0,0.261,1070000000.0,1024000000.0,679000000.0,0.375,13.748,40.437,40.36,832000000.0,0.0,76.28,10.55,10.55,753000000.0,3243000000.0,3461000000.0,3461000000.0,0.0,0.141,0.373,0.209,0.336,12000000.0,1070000000.0,1.0,478695399.0,478695399.0,,7.23,5067000000.0,70000000.0,178000000.0,203000000.0,10.585,2999000000.0
1,BF.B,MRY,2020-12-31,2020-04-30,2020-04-30,2021-09-07,-547000000.0,5766000000.0,5539750000.0,3265000000.0,2501000000.0,0.607,4.131,-119000000.0,675000000.0,675000000.0,1236000000.0,827000000.0,3.71,1.919,2602000000.0,333000000.0,2269000000.0,2602000000.0,0.0,74000000.0,0.0,0.011,0.681,1091000000.0,1165000000.0,0.346,1165000000.0,1091000000.0,1009000000.0,1.73,1.72,1.73,1975000000.0,1896250000.0,1975000000.0,31761319072.0,29.0,27.263,605000000.0,1.265,1.0,2127000000.0,0.632,1391000000.0,82000000.0,5422000000.0,5419750000.0,1685000000.0,0.0,0.0,0.0,3791000000.0,880000000.0,2911000000.0,29740319072.0,368000000.0,-22000000.0,-1000000.0,178000000.0,-325000000.0,-191000000.0,-141000000.0,0.0,724000000.0,-24000000.0,827000000.0,827000000.0,827000000.0,0.0,0.0,0.246,1025000000.0,1102000000.0,517000000.0,0.394,15.058,35.962,35.954,848000000.0,0.0,62.2,8.843,8.843,570000000.0,2708000000.0,3363000000.0,3363000000.0,0.0,0.149,0.436,0.201,0.324,11000000.0,1025000000.0,1.0,478140178.0,478140178.0,,7.034,4375000000.0,15000000.0,182000000.0,207000000.0,9.15,2385000000.0
2,BF.B,MRY,2019-12-31,2019-04-30,2019-04-30,2021-09-07,-363000000.0,5139000000.0,5119000000.0,2719000000.0,2420000000.0,0.649,3.452,-121000000.0,307000000.0,307000000.0,1158000000.0,835000000.0,3.868,2.12,2440000000.0,150000000.0,2290000000.0,2440000000.0,0.0,72000000.0,0.0,0.012,0.648,1130000000.0,1202000000.0,0.362,1202000000.0,1130000000.0,1042000000.0,1.74,1.73,1.74,1647000000.0,1501250000.0,1647000000.0,27669893196.0,24.0,23.02,679000000.0,1.423,1.0,2166000000.0,0.652,1398000000.0,88000000.0,5171000000.0,5127500000.0,1520000000.0,0.0,0.0,0.0,3492000000.0,703000000.0,2789000000.0,25421893196.0,68000000.0,0.0,-207000000.0,-71000000.0,-310000000.0,-599000000.0,-119000000.0,0.0,800000000.0,-14000000.0,835000000.0,835000000.0,835000000.0,0.0,0.0,0.251,1037000000.0,1129000000.0,544000000.0,0.372,15.435,30.445,30.626,816000000.0,0.0,53.29,7.648,7.648,609000000.0,2238000000.0,3324000000.0,3324000000.0,0.0,0.163,0.556,0.22,0.34,14000000.0,1037000000.0,1.0,477048099.0,477048099.0,,6.968,3741000000.0,16000000.0,207000000.0,154000000.0,7.842,2016000000.0
3,BF.B,MRY,2018-12-31,2018-04-30,2018-04-30,2021-09-07,-378000000.0,4976000000.0,4949500000.0,2555000000.0,2421000000.0,0.656,2.737,-128000000.0,239000000.0,239000000.0,1046000000.0,717000000.0,3.112,2.781,2556000000.0,215000000.0,2341000000.0,2556000000.0,0.0,64000000.0,0.0,0.029,1.608,1045000000.0,1109000000.0,0.341,1109000000.0,1045000000.0,977000000.0,1.49,1.48,1.49,1316000000.0,1396000000.0,1316000000.0,28759033794.0,28.0,25.932,525000000.0,1.092,1.0,2202000000.0,0.678,1433000000.0,68000000.0,5039000000.0,4436750000.0,1379000000.0,0.0,0.0,0.0,3660000000.0,821000000.0,2839000000.0,26949033794.0,57000000.0,0.0,-1000000.0,336000000.0,-773000000.0,-466000000.0,-149000000.0,0.0,653000000.0,19000000.0,717000000.0,717000000.0,717000000.0,0.0,0.0,0.221,1170000000.0,1032000000.0,581000000.0,1.079,20.478,37.586,37.611,780000000.0,0.0,56.04,8.297,8.297,639000000.0,1730000000.0,3248000000.0,3248000000.0,0.0,0.145,0.514,0.236,0.322,19000000.0,1170000000.0,1.0,480889254.0,480889254.0,,6.754,3543000000.0,16000000.0,260000000.0,110000000.0,7.368,1734000000.0
4,BF.B,MRY,2017-12-31,2017-04-30,2017-04-30,2021-09-07,-390000000.0,4625000000.0,4675000000.0,2351000000.0,2274000000.0,0.64,2.855,-115000000.0,182000000.0,182000000.0,973000000.0,669000000.0,2.424,2.376,2149000000.0,460000000.0,1689000000.0,2149000000.0,0.0,58000000.0,0.0,0.015,0.564,992000000.0,1050000000.0,0.351,1050000000.0,992000000.0,933000000.0,1.38,1.37,1.38,1370000000.0,1291750000.0,1370000000.0,20195174783.0,20.0,19.233,541000000.0,1.127,1.0,2021000000.0,0.675,1394000000.0,59000000.0,4228000000.0,4269750000.0,1270000000.0,0.0,0.0,0.0,3255000000.0,970000000.0,2285000000.0,18166174783.0,-81000000.0,-307000000.0,-571000000.0,590000000.0,-274000000.0,-285000000.0,-439000000.0,0.0,656000000.0,-13000000.0,669000000.0,669000000.0,669000000.0,0.0,0.0,0.223,1029000000.0,992000000.0,501000000.0,0.409,13.26,27.154,27.432,713000000.0,0.0,37.856,6.068,6.068,557000000.0,4470000000.0,2994000000.0,2994000000.0,0.0,0.143,0.518,0.232,0.331,14000000.0,1029000000.0,1.0,479875708.0,479875708.0,,6.239,3231000000.0,16000000.0,264000000.0,161000000.0,6.733,1381000000.0
5,BF.B,MRY,2016-12-31,2016-04-30,2016-04-30,2021-09-07,-350000000.0,4183000000.0,4292250000.0,2233000000.0,1950000000.0,0.72,3.123,-110000000.0,263000000.0,263000000.0,945000000.0,1067000000.0,2.823,1.678,1501000000.0,271000000.0,1230000000.0,1501000000.0,0.0,56000000.0,0.0,0.014,0.524,1535000000.0,1591000000.0,0.515,1591000000.0,1535000000.0,1489000000.0,2.1,2.09,2.1,1562000000.0,1521750000.0,1562000000.0,20689687702.0,13.0,13.004,414000000.0,0.828,1.0,2144000000.0,0.694,1185000000.0,46000000.0,3445000000.0,3444750000.0,1054000000.0,0.0,0.0,0.0,2621000000.0,791000000.0,1830000000.0,19268687702.0,-107000000.0,543000000.0,-1124000000.0,315000000.0,-266000000.0,-1060000000.0,433000000.0,0.0,524000000.0,-4000000.0,1067000000.0,1067000000.0,1067000000.0,0.0,0.0,0.345,1105000000.0,1039000000.0,501000000.0,0.25,12.336,18.059,18.347,629000000.0,0.0,38.528,6.238,6.238,559000000.0,4065000000.0,3089000000.0,3089000000.0,0.0,0.249,0.701,0.446,0.497,15000000.0,1105000000.0,1.0,500121670.0,500121670.0,,6.176,2998000000.0,17000000.0,422000000.0,120000000.0,5.995,1442000000.0
6,BF.B,MRY,2015-12-31,2015-04-30,2015-04-30,2021-09-07,-300000000.0,4188000000.0,4195750000.0,2254000000.0,1934000000.0,0.747,3.619,-121000000.0,370000000.0,370000000.0,951000000.0,684000000.0,2.353,1.198,1183000000.0,440000000.0,743000000.0,1183000000.0,0.0,51000000.0,0.0,0.013,0.484,1029000000.0,1080000000.0,0.345,1080000000.0,1029000000.0,1002000000.0,1.296,1.28,1.296,1905000000.0,2018750000.0,1905000000.0,19756482716.0,19.0,18.293,487000000.0,0.925,1.0,2183000000.0,0.697,1218000000.0,27000000.0,2825000000.0,2916000000.0,953000000.0,0.0,0.0,0.0,2283000000.0,958000000.0,1325000000.0,19000482716.0,-67000000.0,-4000000.0,-476000000.0,183000000.0,-256000000.0,-531000000.0,-125000000.0,0.0,608000000.0,-19000000.0,684000000.0,684000000.0,684000000.0,0.0,0.0,0.218,1134000000.0,1049000000.0,497000000.0,0.373,9.974,27.778,27.849,586000000.0,0.0,36.092,6.063,6.063,583000000.0,3300000000.0,3134000000.0,3134000000.0,0.0,0.163,0.339,0.353,0.328,15000000.0,1134000000.0,1.0,526445825.0,526445825.0,,5.953,2970000000.0,34000000.0,318000000.0,128000000.0,5.642,1296000000.0
7,BF.B,MRY,2014-12-31,2014-04-30,2014-04-30,2021-09-07,-188000000.0,4103000000.0,3916000000.0,2177000000.0,1926000000.0,1.008,3.811,-126000000.0,437000000.0,437000000.0,1868000000.0,659000000.0,3.881,1.019,1005000000.0,8000000.0,997000000.0,1005000000.0,0.0,50000000.0,0.0,0.012,0.436,973000000.0,1023000000.0,0.259,1023000000.0,973000000.0,947000000.0,1.232,1.224,1.232,2032000000.0,1856250000.0,2032000000.0,19854976316.0,20.0,19.409,523000000.0,0.981,1.0,2078000000.0,0.527,1297000000.0,26000000.0,2813000000.0,2790750000.0,882000000.0,0.0,0.0,0.0,2071000000.0,561000000.0,1510000000.0,19135976316.0,233000000.0,-1000000.0,-68000000.0,3000000.0,-233000000.0,-288000000.0,-127000000.0,0.0,649000000.0,-1000000.0,659000000.0,659000000.0,659000000.0,0.0,0.0,0.167,1122000000.0,956000000.0,474000000.0,0.354,9.417,29.038,29.13,526000000.0,0.0,35.888,4.849,4.849,569000000.0,2894000000.0,3946000000.0,3946000000.0,0.0,0.168,0.355,0.349,0.247,13000000.0,1122000000.0,1.0,533213785.0,533213785.0,,7.4,2806000000.0,51000000.0,288000000.0,181000000.0,5.262,1616000000.0
8,BF.B,MRY,2013-12-31,2013-04-30,2013-04-30,2021-09-07,-211000000.0,3626000000.0,3711300000.0,1821000000.0,1805000000.0,1.02,3.048,-96000000.0,204000000.0,204000000.0,1829000000.0,591000000.0,3.85,1.227,1002000000.0,5000000.0,997000000.0,1002000000.0,0.0,51000000.0,0.0,0.071,1.991,901000000.0,952000000.0,0.252,952000000.0,901000000.0,865000000.0,1.108,1.1,1.108,1628000000.0,1893400000.0,1628000000.0,15934013124.0,18.0,16.737,441000000.0,0.826,1.0,1955000000.0,0.517,1285000000.0,36000000.0,2666000000.0,2353500000.0,827000000.0,0.0,0.0,0.0,1998000000.0,473000000.0,1525000000.0,15059913124.0,-134000000.0,-1000000.0,-16000000.0,486000000.0,-1063000000.0,-576000000.0,-97000000.0,0.0,537000000.0,2000000.0,591000000.0,591000000.0,591000000.0,0.0,0.0,0.156,1058000000.0,897000000.0,451000000.0,1.797,9.251,25.482,25.451,450000000.0,0.0,28.2,3.98,3.98,548000000.0,2500000000.0,3784000000.0,3784000000.0,0.0,0.159,0.312,0.383,0.238,11000000.0,1058000000.0,1.0,534039472.0,534039472.0,,7.086,2341000000.0,43000000.0,274000000.0,197000000.0,4.384,1348000000.0
9,BF.B,MRY,2012-12-31,2012-04-30,2012-04-30,2021-09-07,-230000000.0,3477000000.0,3644050000.0,1749000000.0,1728000000.0,0.992,3.885,-61000000.0,338000000.0,338000000.0,1819000000.0,513000000.0,4.329,0.681,510000000.0,7000000.0,503000000.0,510000000.0,0.0,49000000.0,0.0,0.016,0.357,791000000.0,840000000.0,0.232,840000000.0,791000000.0,760000000.0,0.956,0.948,0.956,2069000000.0,2045025000.0,2069000000.0,12529398199.0,16.0,14.916,455000000.0,0.854,1.0,1795000000.0,0.497,1285000000.0,31000000.0,1960000000.0,1948425000.0,712000000.0,0.0,0.0,0.0,1408000000.0,404000000.0,1004000000.0,12262798199.0,-229000000.0,-7000000.0,-230000000.0,-248000000.0,-192000000.0,-662000000.0,-68000000.0,0.0,516000000.0,-15000000.0,513000000.0,513000000.0,513000000.0,0.0,0.0,0.142,1008000000.0,787000000.0,386000000.0,0.373,5.927,23.904,24.086,399000000.0,0.0,23.027,3.393,3.393,475000000.0,3031000000.0,3614000000.0,3614000000.0,0.0,0.141,0.251,0.406,0.219,9000000.0,1005000000.0,1.0,532547692.0,532547692.0,,6.786,2192000000.0,42000000.0,247000000.0,169000000.0,4.116,1345000000.0
10,BF.B,MRY,2011-12-31,2011-04-30,2011-04-30,2021-09-07,-131000000.0,3712000000.0,3514225000.0,1976000000.0,1736000000.0,0.969,3.784,-30000000.0,567000000.0,567000000.0,1680000000.0,572000000.0,2.795,0.802,759000000.0,255000000.0,504000000.0,759000000.0,0.0,56000000.0,0.0,0.031,0.597,858000000.0,914000000.0,0.269,914000000.0,858000000.0,829000000.0,1.044,1.04,1.044,2060000000.0,1944000000.0,2060000000.0,10914202579.0,13.0,11.941,497000000.0,0.913,1.0,1724000000.0,0.506,1295000000.0,29000000.0,1902000000.0,2019600000.0,647000000.0,0.0,0.0,0.0,1652000000.0,707000000.0,945000000.0,10433002579.0,335000000.0,233000000.0,-143000000.0,55000000.0,-326000000.0,-406000000.0,203000000.0,0.0,527000000.0,11000000.0,572000000.0,572000000.0,572000000.0,0.0,0.0,0.168,945000000.0,779000000.0,412000000.0,0.572,5.065,18.24,18.355,393000000.0,0.0,19.163,3.065,3.065,496000000.0,2710000000.0,3404000000.0,3404000000.0,0.0,0.163,0.294,0.425,0.252,9000000.0,940000000.0,1.0,544444192.0,544444192.0,,6.252,2417000000.0,60000000.0,257000000.0,190000000.0,4.439,1269000000.0
11,BF.B,MRY,2010-12-31,2010-04-30,2010-04-30,2021-09-07,-176000000.0,3383000000.0,3457625000.0,1527000000.0,1856000000.0,0.933,3.44,-35000000.0,232000000.0,232000000.0,1615000000.0,449000000.0,2.797,0.785,699000000.0,191000000.0,508000000.0,699000000.0,0.0,59000000.0,0.0,0.02,0.313,713000000.0,772000000.0,0.239,772000000.0,713000000.0,682000000.0,0.808,0.805,0.808,1895000000.0,1863500000.0,1895000000.0,9070773838.0,13.0,11.75,510000000.0,0.926,1.0,1611000000.0,0.499,1335000000.0,31000000.0,1969000000.0,1948050000.0,651000000.0,0.0,0.0,0.0,1488000000.0,546000000.0,942000000.0,8545773838.0,-108000000.0,0.0,-164000000.0,-302000000.0,-174000000.0,-637000000.0,-35000000.0,0.0,545000000.0,19000000.0,449000000.0,449000000.0,449000000.0,0.0,0.0,0.139,894000000.0,717000000.0,342000000.0,0.387,4.51,19.033,19.201,468000000.0,0.0,15.515,2.649,2.649,418000000.0,2464000000.0,3226000000.0,3226000000.0,0.0,0.13,0.241,0.366,0.221,8000000.0,889000000.0,1.0,550819042.0,550819042.0,,5.857,2048000000.0,53000000.0,233000000.0,95000000.0,3.718,981000000.0
12,BF.B,MRY,2009-12-31,2009-04-30,2009-04-30,2021-09-07,-133000000.0,3475000000.0,3526075000.0,1574000000.0,1901000000.0,0.905,3.224,-54000000.0,340000000.0,340000000.0,1615000000.0,435000000.0,1.883,0.914,999000000.0,490000000.0,509000000.0,999000000.0,0.0,55000000.0,0.0,0.024,0.299,667000000.0,722000000.0,0.226,722000000.0,667000000.0,630000000.0,0.768,0.765,0.768,1816000000.0,1797700000.0,1816000000.0,7707726616.0,12.0,10.676,437000000.0,0.776,1.0,1577000000.0,0.494,1361000000.0,37000000.0,1937000000.0,1989125000.0,652000000.0,0.0,0.0,0.0,1659000000.0,836000000.0,823000000.0,6984626616.0,221000000.0,17000000.0,-45000000.0,-6000000.0,-169000000.0,-216000000.0,-37000000.0,0.0,491000000.0,-17000000.0,435000000.0,435000000.0,435000000.0,0.0,0.0,0.136,936000000.0,641000000.0,326000000.0,0.389,3.846,16.057,16.146,483000000.0,0.0,12.4,2.188,2.188,367000000.0,2189000000.0,3192000000.0,3192000000.0,0.0,0.123,0.242,0.335,0.209,7000000.0,931000000.0,1.0,563276340.0,563276340.0,,5.667,2114000000.0,11000000.0,195000000.0,100000000.0,3.753,738000000.0
13,BF.B,MRY,2008-12-31,2008-04-30,2008-04-30,2021-09-07,5000000.0,3405000000.0,3421275000.0,1456000000.0,1949000000.0,0.959,3.054,-47000000.0,119000000.0,119000000.0,1587000000.0,440000000.0,1.48,0.974,1006000000.0,589000000.0,417000000.0,1006000000.0,0.0,52000000.0,0.0,0.019,0.274,693000000.0,745000000.0,0.227,745000000.0,693000000.0,644000000.0,0.765,0.76,0.765,1725000000.0,1694125000.0,1725000000.0,9073593796.0,13.0,12.179,487000000.0,0.862,1.0,1695000000.0,0.516,1387000000.0,49000000.0,1921000000.0,1901375000.0,685000000.0,0.0,0.0,0.0,1680000000.0,984000000.0,696000000.0,8195893796.0,-164000000.0,-13000000.0,-212000000.0,-172000000.0,-362000000.0,-736000000.0,28000000.0,86000000.0,534000000.0,10000000.0,440000000.0,440000000.0,440000000.0,0.0,0.0,0.134,1012000000.0,683000000.0,380000000.0,0.358,4.751,18.627,18.969,501000000.0,0.0,14.511,2.497,2.497,453000000.0,1931000000.0,3282000000.0,3282000000.0,0.0,0.129,0.26,0.364,0.211,10000000.0,1007000000.0,1.0,564808177.0,564808177.0,,5.811,2018000000.0,102000000.0,204000000.0,89000000.0,3.573,472000000.0
14,BF.B,MRY,2007-12-31,2007-04-30,2007-04-30,2021-09-07,-57000000.0,3551000000.0,3240900000.0,1635000000.0,1916000000.0,0.866,2.725,-53000000.0,283000000.0,283000000.0,1325000000.0,389000000.0,1.214,1.257,1177000000.0,755000000.0,422000000.0,1177000000.0,0.0,44000000.0,0.0,0.044,0.603,609000000.0,653000000.0,0.233,653000000.0,609000000.0,575000000.0,0.677,0.669,0.677,1573000000.0,1681400000.0,1573000000.0,8863126061.0,15.0,13.573,302000000.0,0.523,1.0,1481000000.0,0.528,1354000000.0,34000000.0,1744000000.0,1858775000.0,694000000.0,86000000.0,86000000.0,0.0,1978000000.0,1347000000.0,631000000.0,7871926061.0,-192000000.0,-1033000000.0,27000000.0,595000000.0,-143000000.0,487000000.0,-1038000000.0,74000000.0,355000000.0,4000000.0,389000000.0,389000000.0,389000000.0,11000000.0,0.0,0.139,879000000.0,602000000.0,361000000.0,0.891,5.004,20.236,20.145,506000000.0,0.0,13.638,2.805,2.805,404000000.0,1649000000.0,2806000000.0,2806000000.0,0.0,0.12,0.231,0.328,0.217,8000000.0,896000000.0,1.0,577188384.0,577188384.0,,4.861,2197000000.0,76000000.0,186000000.0,83000000.0,3.806,288000000.0
15,BF.B,MRY,2006-12-31,2006-04-30,2006-04-30,2021-09-07,18000000.0,2728000000.0,2642775000.0,1609000000.0,1119000000.0,0.913,2.727,-44000000.0,475000000.0,475000000.0,1104000000.0,320000000.0,2.828,0.745,576000000.0,225000000.0,351000000.0,576000000.0,0.0,42000000.0,0.0,0.014,0.224,502000000.0,544000000.0,0.226,544000000.0,502000000.0,484000000.0,0.559,0.555,0.559,1563000000.0,1421700000.0,1563000000.0,9346136525.0,19.0,17.18,299000000.0,0.522,1.0,1308000000.0,0.542,517000000.0,18000000.0,1743000000.0,1730025000.0,511000000.0,160000000.0,160000000.0,0.0,1165000000.0,569000000.0,596000000.0,9110936525.0,180000000.0,204000000.0,16000000.0,-55000000.0,-128000000.0,-160000000.0,-3000000.0,-160000000.0,343000000.0,0.0,320000000.0,320000000.0,320000000.0,75000000.0,0.0,0.133,745000000.0,563000000.0,289000000.0,0.401,5.829,28.472,28.432,425000000.0,0.0,15.893,3.777,3.777,323000000.0,1607000000.0,2412000000.0,2412000000.0,0.0,0.121,0.225,0.29,0.208,9000000.0,792000000.0,1.0,573255234.0,573255234.0,,4.208,2211000000.0,80000000.0,164000000.0,182000000.0,3.857,1040000000.0
16,BF.B,MRY,2005-12-31,2005-04-30,2005-04-30,2021-09-07,-11000000.0,2649000000.0,2551900000.0,1315000000.0,1334000000.0,0.86,2.294,-47000000.0,295000000.0,295000000.0,1039000000.0,308000000.0,2.061,1.022,630000000.0,279000000.0,351000000.0,630000000.0,0.0,43000000.0,0.0,0.016,0.195,493000000.0,536000000.0,0.244,536000000.0,493000000.0,473000000.0,0.54,0.537,0.54,1310000000.0,1211825000.0,1310000000.0,7103932323.0,14.0,13.254,349000000.0,0.611,1.0,1156000000.0,0.527,527000000.0,20000000.0,1819000000.0,1942025000.0,470000000.0,0.0,0.0,0.0,1339000000.0,638000000.0,701000000.0,6760132323.0,227000000.0,93000000.0,6000000.0,-50000000.0,-111000000.0,-153000000.0,-16000000.0,-64000000.0,396000000.0,0.0,308000000.0,308000000.0,308000000.0,31000000.0,0.0,0.14,711000000.0,445000000.0,264000000.0,0.361,5.16,21.948,21.926,418000000.0,0.0,11.84,3.08,3.08,296000000.0,1415000000.0,2195000000.0,2195000000.0,0.0,0.121,0.254,0.254,0.225,7000000.0,713000000.0,1.0,570957122.0,570957122.0,,3.844,2122000000.0,70000000.0,165000000.0,200000000.0,3.717,677000000.0
17,BF.B,MRY,2004-12-31,2004-04-30,2004-04-30,2021-09-07,-14000000.0,2376000000.0,2354550000.0,1083000000.0,1293000000.0,0.858,1.923,-41000000.0,68000000.0,68000000.0,985000000.0,254000000.0,2.935,1.17,680000000.0,50000000.0,630000000.0,680000000.0,0.0,42000000.0,0.0,0.017,0.171,395000000.0,437000000.0,0.216,437000000.0,395000000.0,373000000.0,0.446,0.444,0.446,1095000000.0,957925000.0,1095000000.0,6323367571.0,16.0,14.47,263000000.0,0.462,1.0,1035000000.0,0.512,562000000.0,22000000.0,2057000000.0,1982425000.0,557000000.0,45000000.0,0.0,45000000.0,1281000000.0,369000000.0,912000000.0,5691267571.0,-4000000.0,0.0,12000000.0,-155000000.0,-97000000.0,-245000000.0,-63000000.0,0.0,304000000.0,0.0,254000000.0,254000000.0,254000000.0,-12000000.0,0.0,0.126,650000000.0,385000000.0,271000000.0,0.383,5.198,22.407,22.414,515000000.0,0.0,9.997,2.817,2.817,348000000.0,1218000000.0,2020000000.0,2020000000.0,0.0,0.108,0.265,0.199,0.196,6000000.0,650000000.0,1.0,569308936.0,569308936.0,,3.548,1814000000.0,67000000.0,119000000.0,160000000.0,3.186,714000000.0
18,BF.B,MRY,2003-12-31,2003-04-30,2003-04-30,2021-09-07,-83000000.0,2264000000.0,2161625000.0,1068000000.0,1196000000.0,1.099,1.309,-126000000.0,72000000.0,72000000.0,1196000000.0,242000000.0,1.949,1.695,836000000.0,207000000.0,629000000.0,836000000.0,0.0,55000000.0,0.0,0.019,0.155,375000000.0,430000000.0,0.181,430000000.0,375000000.0,367000000.0,0.382,0.382,0.382,840000000.0,1234850000.0,840000000.0,5355206552.0,14.0,12.454,117000000.0,0.182,1.0,1180000000.0,0.497,546000000.0,8000000.0,1934000000.0,1517325000.0,585000000.0,41000000.0,0.0,41000000.0,1424000000.0,548000000.0,876000000.0,5239006552.0,-44000000.0,-99000000.0,-554000000.0,592000000.0,-99000000.0,-61000000.0,-226000000.0,0.0,243000000.0,0.0,242000000.0,242000000.0,242000000.0,0.0,0.0,0.102,812000000.0,368000000.0,297000000.0,0.406,6.237,21.649,21.372,506000000.0,0.0,8.164,2.205,2.205,325000000.0,1506000000.0,2376000000.0,2376000000.0,0.0,0.112,0.196,0.247,0.158,6000000.0,812000000.0,1.0,641699588.0,641699588.0,,3.703,1718000000.0,56000000.0,125000000.0,122000000.0,2.677,520000000.0
19,BF.B,MRY,2002-12-31,2002-04-30,2002-04-30,2021-09-07,-19000000.0,2016000000.0,1996150000.0,1032000000.0,984000000.0,1.114,2.047,-79000000.0,116000000.0,116000000.0,1091000000.0,228000000.0,2.085,0.538,207000000.0,167000000.0,40000000.0,207000000.0,0.0,55000000.0,0.0,0.017,0.145,356000000.0,411000000.0,0.185,411000000.0,356000000.0,348000000.0,0.354,0.354,0.354,1311000000.0,1248150000.0,1311000000.0,5448105714.0,15.0,13.256,170000000.0,0.265,1.0,1132000000.0,0.509,254000000.0,8000000.0,1358000000.0,1339000000.0,581000000.0,127000000.0,0.0,127000000.0,705000000.0,495000000.0,210000000.0,5370705714.0,30000000.0,0.0,-9000000.0,-37000000.0,-94000000.0,-140000000.0,-79000000.0,0.0,249000000.0,0.0,228000000.0,228000000.0,228000000.0,0.0,0.0,0.103,772000000.0,360000000.0,296000000.0,0.41,4.097,23.556,23.69,434000000.0,0.0,8.386,2.416,2.416,280000000.0,1360000000.0,2223000000.0,2223000000.0,0.0,0.114,0.183,0.266,0.16,0.0,772000000.0,1.0,640426941.0,640312000.0,642188000.0,3.472,1762000000.0,31000000.0,120000000.0,90000000.0,2.752,537000000.0
20,BF.B,MRY,2001-12-31,2001-04-30,2001-04-30,2021-09-07,-17000000.0,1939000000.0,1899200000.0,1000000000.0,939000000.0,1.156,1.848,-99000000.0,86000000.0,86000000.0,1042000000.0,233000000.0,1.859,0.634,244000000.0,204000000.0,40000000.0,244000000.0,0.0,64000000.0,0.0,0.021,0.137,382000000.0,446000000.0,0.203,446000000.0,382000000.0,366000000.0,0.363,0.363,0.363,1187000000.0,1123150000.0,1187000000.0,4279445306.0,11.0,9.595,133000000.0,0.207,1.0,1153000000.0,0.525,246000000.0,16000000.0,1313000000.0,1208500000.0,583000000.0,125000000.0,0.0,125000000.0,752000000.0,538000000.0,214000000.0,4162245306.0,-94000000.0,-114000000.0,-2000000.0,-23000000.0,-87000000.0,-112000000.0,-214000000.0,0.0,232000000.0,0.0,233000000.0,233000000.0,233000000.0,0.0,0.0,0.106,782000000.0,371000000.0,281000000.0,0.377,3.507,17.864,17.866,418000000.0,0.0,6.485,1.896,1.897,303000000.0,1226000000.0,2195000000.0,2195000000.0,0.0,0.123,0.207,0.316,0.174,0.0,782000000.0,1.0,641793581.0,642188000.0,643125000.0,3.418,1693000000.0,0.0,133000000.0,115000000.0,2.636,462000000.0
21,BF.B,MRY,2000-12-31,2000-04-30,2000-04-30,2021-09-07,-12000000.0,1802000000.0,1806050000.0,1020000000.0,782000000.0,1.182,1.632,-78000000.0,180000000.0,180000000.0,1031000000.0,218000000.0,1.988,0.719,267000000.0,226000000.0,41000000.0,267000000.0,0.0,62000000.0,0.0,0.028,0.162,358000000.0,420000000.0,0.197,420000000.0,358000000.0,343000000.0,0.339,0.339,0.339,1048000000.0,988200000.0,1048000000.0,3824741610.0,11.0,9.107,163000000.0,0.254,1.0,1103000000.0,0.517,253000000.0,15000000.0,1123000000.0,1113300000.0,514000000.0,17000000.0,0.0,17000000.0,754000000.0,513000000.0,241000000.0,3737941610.0,9000000.0,-27000000.0,0.0,-30000000.0,-83000000.0,-113000000.0,-119000000.0,0.0,241000000.0,0.0,218000000.0,218000000.0,218000000.0,0.0,0.0,0.102,755000000.0,348000000.0,271000000.0,0.478,3.567,17.147,17.167,376000000.0,0.0,5.82,1.752,1.751,294000000.0,1080000000.0,2134000000.0,2134000000.0,0.0,0.121,0.221,0.322,0.168,0.0,755000000.0,1.0,642287438.0,642188000.0,643125000.0,3.323,1549000000.0,0.0,125000000.0,111000000.0,2.412,507000000.0
22,BF.B,MRY,1999-12-31,1999-04-30,1999-04-30,2021-09-07,-8000000.0,1735000000.0,1609550000.0,999000000.0,736000000.0,1.248,1.426,-46000000.0,171000000.0,171000000.0,990000000.0,202000000.0,1.959,0.892,297000000.0,244000000.0,53000000.0,297000000.0,0.0,55000000.0,0.0,0.016,0.123,328000000.0,383000000.0,0.191,383000000.0,328000000.0,318000000.0,0.313,0.313,0.313,917000000.0,868175000.0,917000000.0,5093324678.0,16.0,13.298,167000000.0,0.26,1.0,1019000000.0,0.507,264000000.0,10000000.0,1087000000.0,991175000.0,525000000.0,0.0,0.0,0.0,818000000.0,510000000.0,308000000.0,5048224678.0,93000000.0,-54000000.0,-13000000.0,101000000.0,-79000000.0,-3000000.0,-117000000.0,0.0,213000000.0,0.0,202000000.0,202000000.0,202000000.0,0.0,0.0,0.101,697000000.0,322000000.0,235000000.0,0.393,5.505,24.991,25.113,348000000.0,0.0,7.86,2.513,2.516,274000000.0,945000000.0,2009000000.0,2009000000.0,0.0,0.126,0.233,0.331,0.163,0.0,697000000.0,1.0,642245981.0,643125000.0,644062000.0,3.124,1471000000.0,0.0,116000000.0,168000000.0,2.287,489000000.0
23,BF.B,MRY,1998-12-31,1998-04-30,1998-04-30,2021-09-07,-9000000.0,1494000000.0,1463475000.0,869000000.0,625000000.0,1.302,1.246,-31000000.0,78000000.0,78000000.0,950000000.0,185000000.0,2.275,0.841,164000000.0,114000000.0,50000000.0,164000000.0,0.0,51000000.0,0.0,0.019,0.117,310000000.0,361000000.0,0.189,361000000.0,310000000.0,296000000.0,0.285,0.285,0.285,805000000.0,768275000.0,805000000.0,3986415081.0,13.0,11.043,189000000.0,0.293,1.0,956000000.0,0.502,250000000.0,14000000.0,948000000.0,938675000.0,502000000.0,0.0,0.0,0.0,677000000.0,382000000.0,295000000.0,3898315081.0,20000000.0,0.0,-17000000.0,-61000000.0,-76000000.0,-154000000.0,-46000000.0,0.0,220000000.0,0.0,185000000.0,185000000.0,185000000.0,0.0,0.0,0.097,649000000.0,307000000.0,233000000.0,0.411,4.843,21.072,21.195,281000000.0,0.0,6.041,2.045,2.047,265000000.0,821000000.0,1906000000.0,1906000000.0,0.0,0.126,0.241,0.33,0.163,0.0,649000000.0,1.0,645359419.0,645938000.0,646875000.0,2.951,1244000000.0,0.0,111000000.0,185000000.0,1.926,487000000.0
24,BF.B,MRY,1997-12-31,1997-04-30,1997-04-30,2021-09-07,-4000000.0,1428000000.0,1404500000.0,802000000.0,626000000.0,1.311,1.11,-52000000.0,58000000.0,58000000.0,937000000.0,169000000.0,2.01,0.972,225000000.0,162000000.0,63000000.0,225000000.0,0.0,50000000.0,0.0,0.021,0.113,290000000.0,340000000.0,0.185,340000000.0,290000000.0,273000000.0,0.261,0.261,0.261,718000000.0,670000000.0,718000000.0,3637010019.0,13.0,10.697,124000000.0,0.192,1.0,904000000.0,0.491,254000000.0,17000000.0,942000000.0,987000000.0,451000000.0,0.0,0.0,0.0,698000000.0,399000000.0,299000000.0,3484310019.0,4000000.0,0.0,0.0,-43000000.0,-73000000.0,-116000000.0,-56000000.0,0.0,176000000.0,0.0,169000000.0,169000000.0,169000000.0,0.0,0.0,0.092,617000000.0,287000000.0,209000000.0,0.433,4.853,20.617,20.639,292000000.0,0.0,5.387,1.893,1.893,263000000.0,712000000.0,1841000000.0,1841000000.0,0.0,0.12,0.252,0.294,0.158,0.0,617000000.0,1.0,646839731.0,646875000.0,646875000.0,2.846,1174000000.0,0.0,104000000.0,164000000.0,1.815,403000000.0
25,BF.B,MRY,1996-12-31,1996-04-30,1996-04-30,2021-09-07,-4000000.0,1381000000.0,1333500000.0,768000000.0,613000000.0,1.355,,-56000000.0,54000000.0,54000000.0,927000000.0,160000000.0,2.535,1.201,267000000.0,56000000.0,211000000.0,267000000.0,0.0,46000000.0,0.0,0.026,0.108,277000000.0,323000000.0,0.179,323000000.0,277000000.0,257000000.0,0.246,0.246,0.246,622000000.0,578000000.0,622000000.0,,,,111000000.0,,1.0,880000000.0,0.487,259000000.0,20000000.0,1032000000.0,1005000000.0,433000000.0,0.0,0.0,0.0,747000000.0,303000000.0,444000000.0,,-8000000.0,-8000000.0,0.0,-37000000.0,-71000000.0,-108000000.0,-67000000.0,0.0,167000000.0,0.0,160000000.0,160000000.0,160000000.0,0.0,0.0,0.089,606000000.0,274000000.0,223000000.0,0.439,,,17.127,281000000.0,0.0,4.213,,,257000000.0,616000000.0,1807000000.0,1807000000.0,0.0,0.12,0.277,0.276,0.153,0.0,606000000.0,1.0,,,,,1122000000.0,0.0,97000000.0,151000000.0,,465000000.0
26,BF.B,MRY,1995-12-31,1995-04-30,1995-04-30,2021-09-07,-3000000.0,1286000000.0,,698000000.0,588000000.0,,,-41000000.0,62000000.0,62000000.0,856000000.0,149000000.0,2.441,1.386,303000000.0,56000000.0,247000000.0,303000000.0,0.0,44000000.0,0.0,0.029,0.103,270000000.0,314000000.0,0.187,314000000.0,270000000.0,247000000.0,0.229,,0.229,534000000.0,,534000000.0,,,,156000000.0,,1.0,824000000.0,0.49,263000000.0,23000000.0,978000000.0,,382000000.0,0.0,0.0,0.0,740000000.0,286000000.0,454000000.0,,31000000.0,0.0,0.0,-56000000.0,-67000000.0,-123000000.0,-43000000.0,0.0,197000000.0,0.0,149000000.0,149000000.0,149000000.0,0.0,0.0,0.089,556000000.0,268000000.0,221000000.0,0.45,,,15.371,252000000.0,0.0,3.52,,,234000000.0,527000000.0,1680000000.0,1680000000.0,0.0,,,,0.161,0.0,556000000.0,1.0,,,,,1023000000.0,0.0,98000000.0,123000000.0,,412000000.0
0,BF.B,MRQ,2021-06-30,2021-07-31,2021-07-31,2021-09-07,-414000000.0,6579000000.0,,3992000000.0,2587000000.0,,5.604,-15000000.0,1172000000.0,1172000000.0,353000000.0,192000000.0,4.233,1.452,2501000000.0,155000000.0,2346000000.0,2501000000.0,0.0,19000000.0,0.0,0.01,0.179,290000000.0,309000000.0,0.341,309000000.0,290000000.0,269000000.0,0.4,0.4,0.4,2683000000.0,,2683000000.0,35362523105.0,33.0,30.938,170000000.0,0.355,1.0,553000000.0,0.61,1448000000.0,21000000.0,5517000000.0,,1771000000.0,0.0,0.0,0.0,3896000000.0,943000000.0,2953000000.0,33953523105.0,22000000.0,0.0,0.0,-50000000.0,-86000000.0,-141000000.0,-15000000.0,0.0,185000000.0,-7000000.0,192000000.0,192000000.0,192000000.0,0.0,0.0,0.212,258000000.0,295000000.0,631000000.0,0.448,12.655,44.038,44.05,816000000.0,0.0,70.92,9.395,9.395,803000000.0,3255000000.0,906000000.0,906000000.0,0.0,,,,,4000000.0,258000000.0,1.0,478758081.0,478758081.0,,1.892,5131000000.0,70000000.0,77000000.0,262000000.0,10.717,3049000000.0
1,BF.B,MRQ,2021-03-31,2021-04-30,2021-04-30,2021-09-07,-422000000.0,6522000000.0,,3917000000.0,2605000000.0,,5.548,-22000000.0,1150000000.0,1150000000.0,314000000.0,120000000.0,4.267,1.456,2559000000.0,205000000.0,2354000000.0,2559000000.0,0.0,19000000.0,0.0,0.009,0.179,167000000.0,186000000.0,0.229,186000000.0,167000000.0,147000000.0,0.25,0.25,0.25,2656000000.0,,2656000000.0,38067885036.0,33.0,30.725,223000000.0,0.466,1.0,498000000.0,0.613,1455000000.0,20000000.0,5558000000.0,,1751000000.0,0.0,0.0,0.0,3866000000.0,918000000.0,2948000000.0,36514885036.0,44000000.0,0.0,0.0,-103000000.0,-85000000.0,-191000000.0,-22000000.0,0.0,245000000.0,12000000.0,120000000.0,120000000.0,120000000.0,0.0,0.0,0.148,332000000.0,166000000.0,679000000.0,0.716,13.748,40.437,40.36,832000000.0,0.0,76.28,10.55,10.55,753000000.0,3243000000.0,812000000.0,812000000.0,0.0,,,,,3000000.0,332000000.0,1.0,478695399.0,478695399.0,,1.696,5067000000.0,70000000.0,27000000.0,203000000.0,10.585,2999000000.0
2,BF.B,MRQ,2020-12-31,2021-01-31,2021-01-31,2021-09-07,-489000000.0,6495000000.0,,3914000000.0,2581000000.0,,5.157,-13000000.0,1106000000.0,1106000000.0,361000000.0,219000000.0,3.749,1.632,2659000000.0,312000000.0,2347000000.0,2659000000.0,0.0,19000000.0,0.0,0.01,0.179,280000000.0,299000000.0,0.328,299000000.0,280000000.0,259000000.0,0.46,0.45,0.46,2468000000.0,,2468000000.0,36002851104.0,30.0,28.619,276000000.0,0.577,1.0,550000000.0,0.604,1450000000.0,21000000.0,5554000000.0,,1723000000.0,0.0,0.0,0.0,4027000000.0,1044000000.0,2983000000.0,34299851104.0,142000000.0,-14000000.0,0.0,-49000000.0,-86000000.0,-139000000.0,-27000000.0,0.0,289000000.0,19000000.0,219000000.0,219000000.0,219000000.0,0.0,0.0,0.24,278000000.0,272000000.0,603000000.0,0.389,13.898,37.651,37.524,826000000.0,0.0,71.67,10.214,10.214,820000000.0,3125000000.0,911000000.0,911000000.0,0.0,,,,,3000000.0,278000000.0,1.0,478580314.0,478580314.0,,1.904,5045000000.0,68000000.0,40000000.0,189000000.0,10.542,2870000000.0
3,BF.B,MRQ,2020-09-30,2020-10-31,2020-10-31,2021-09-07,-508000000.0,6350000000.0,,3815000000.0,2535000000.0,,5.022,-15000000.0,964000000.0,964000000.0,404000000.0,240000000.0,3.733,1.643,2667000000.0,358000000.0,2309000000.0,2667000000.0,0.0,20000000.0,0.0,0.01,0.174,329000000.0,349000000.0,0.354,349000000.0,329000000.0,309000000.0,0.5,0.5,0.5,2403000000.0,,2403000000.0,35149849534.0,29.0,27.418,177000000.0,0.37,1.0,581000000.0,0.59,1413000000.0,20000000.0,5618000000.0,,1715000000.0,0.0,0.0,0.0,3947000000.0,1022000000.0,2925000000.0,33352849534.0,56000000.0,0.0,0.0,-29000000.0,-84000000.0,-118000000.0,-15000000.0,0.0,192000000.0,-3000000.0,240000000.0,240000000.0,240000000.0,0.0,0.0,0.244,250000000.0,331000000.0,601000000.0,0.348,13.88,36.135,36.119,828000000.0,0.0,69.71,9.968,9.968,879000000.0,3082000000.0,985000000.0,985000000.0,0.0,,,,,3000000.0,250000000.0,1.0,478451435.0,478451435.0,,2.059,4937000000.0,58000000.0,69000000.0,209000000.0,10.319,2793000000.0
4,BF.B,MRQ,2020-06-30,2020-07-31,2020-07-31,2021-09-07,-523000000.0,6191000000.0,,3646000000.0,2545000000.0,,4.496,-15000000.0,908000000.0,908000000.0,288000000.0,324000000.0,3.342,1.88,2705000000.0,389000000.0,2316000000.0,2705000000.0,0.0,19000000.0,0.0,0.01,0.174,386000000.0,405000000.0,0.538,405000000.0,386000000.0,366000000.0,0.68,0.67,0.68,2150000000.0,,2150000000.0,35087927369.0,29.0,26.929,76000000.0,0.159,1.0,465000000.0,0.618,1417000000.0,20000000.0,5480000000.0,,1741000000.0,0.0,0.0,0.0,4041000000.0,1091000000.0,2950000000.0,33160927369.0,233000000.0,177000000.0,0.0,55000000.0,-83000000.0,-37000000.0,162000000.0,0.0,91000000.0,17000000.0,324000000.0,324000000.0,324000000.0,0.0,0.0,0.43,210000000.0,255000000.0,545000000.0,0.256,15.424,34.364,34.327,834000000.0,0.0,69.34,9.899,9.899,721000000.0,2849000000.0,753000000.0,753000000.0,0.0,,,,,3000000.0,210000000.0,1.0,478236622.0,478236622.0,,1.575,4774000000.0,58000000.0,42000000.0,229000000.0,9.983,2555000000.0
5,BF.B,MRQ,2020-03-31,2020-04-30,2020-04-30,2021-09-07,-547000000.0,5766000000.0,,3265000000.0,2501000000.0,,4.131,-30000000.0,675000000.0,675000000.0,256000000.0,128000000.0,3.71,1.919,2602000000.0,333000000.0,2269000000.0,2602000000.0,0.0,19000000.0,0.0,0.011,0.174,186000000.0,205000000.0,0.289,205000000.0,186000000.0,166000000.0,0.27,0.27,0.27,1975000000.0,,1975000000.0,31761319072.0,29.0,27.263,185000000.0,0.387,1.0,453000000.0,0.639,1391000000.0,20000000.0,5422000000.0,,1685000000.0,0.0,0.0,0.0,3791000000.0,880000000.0,2911000000.0,29740319072.0,399000000.0,0.0,0.0,328000000.0,-83000000.0,235000000.0,-30000000.0,0.0,215000000.0,-21000000.0,128000000.0,128000000.0,128000000.0,0.0,0.0,0.181,242000000.0,211000000.0,517000000.0,0.644,15.058,35.962,35.954,848000000.0,0.0,62.2,8.843,8.843,570000000.0,2708000000.0,709000000.0,709000000.0,0.0,,,,,3000000.0,242000000.0,1.0,478140178.0,478140178.0,,1.483,4375000000.0,15000000.0,38000000.0,207000000.0,9.15,2385000000.0
6,BF.B,MRQ,2019-12-31,2020-01-31,2020-01-31,2021-09-07,-392000000.0,5518000000.0,,2994000000.0,2524000000.0,,4.196,-36000000.0,276000000.0,276000000.0,342000000.0,231000000.0,4.509,1.752,2297000000.0,4000000.0,2293000000.0,2297000000.0,0.0,19000000.0,0.0,0.01,0.174,304000000.0,323000000.0,0.359,323000000.0,304000000.0,284000000.0,0.48,0.48,0.48,2005000000.0,,2005000000.0,34530498773.0,31.0,28.609,286000000.0,0.599,1.0,557000000.0,0.62,1419000000.0,20000000.0,5456000000.0,,1668000000.0,0.0,0.0,0.0,3513000000.0,664000000.0,2849000000.0,32321498773.0,41000000.0,0.0,0.0,-152000000.0,-84000000.0,-243000000.0,-36000000.0,0.0,322000000.0,-2000000.0,231000000.0,231000000.0,231000000.0,0.0,0.0,0.257,257000000.0,300000000.0,558000000.0,0.362,16.12,37.671,37.788,840000000.0,0.0,67.64,9.512,9.512,732000000.0,2588000000.0,899000000.0,899000000.0,0.0,,,,,2000000.0,257000000.0,1.0,477845931.0,477845931.0,,1.881,4099000000.0,19000000.0,53000000.0,206000000.0,8.578,2330000000.0
7,BF.B,MRQ,2019-09-30,2019-10-31,2019-10-31,2021-09-07,-400000000.0,5553000000.0,,3039000000.0,2514000000.0,,4.067,-32000000.0,235000000.0,235000000.0,370000000.0,282000000.0,3.942,1.859,2444000000.0,156000000.0,2288000000.0,2444000000.0,0.0,18000000.0,0.0,0.01,0.166,352000000.0,370000000.0,0.374,370000000.0,352000000.0,331000000.0,0.59,0.59,0.59,1942000000.0,,1942000000.0,33468367205.0,29.0,27.729,83000000.0,0.174,1.0,619000000.0,0.626,1417000000.0,21000000.0,5574000000.0,,1654000000.0,0.0,0.0,0.0,3611000000.0,771000000.0,2840000000.0,31288367205.0,-72000000.0,0.0,0.0,-65000000.0,-79000000.0,-157000000.0,-32000000.0,0.0,115000000.0,2000000.0,282000000.0,282000000.0,282000000.0,0.0,0.0,0.285,270000000.0,349000000.0,592000000.0,0.281,16.111,36.637,36.809,828000000.0,0.0,65.52,9.194,9.194,823000000.0,2544000000.0,989000000.0,989000000.0,0.0,,,,,3000000.0,270000000.0,1.0,477539182.0,477539182.0,,2.071,4136000000.0,16000000.0,49000000.0,185000000.0,8.661,2268000000.0
8,BF.B,MRQ,2019-06-30,2019-07-31,2019-07-31,2021-09-07,-407000000.0,5322000000.0,,2837000000.0,2485000000.0,,3.484,-21000000.0,307000000.0,307000000.0,268000000.0,186000000.0,3.272,2.2,2487000000.0,220000000.0,2267000000.0,2487000000.0,0.0,18000000.0,0.0,0.012,0.166,249000000.0,267000000.0,0.349,267000000.0,249000000.0,228000000.0,0.39,0.39,0.39,1663000000.0,,1663000000.0,28292434803.0,25.0,23.835,51000000.0,0.107,1.0,498000000.0,0.65,1408000000.0,21000000.0,5227000000.0,,1609000000.0,0.0,0.0,0.0,3659000000.0,867000000.0,2792000000.0,26159434803.0,0.0,-22000000.0,-1000000.0,67000000.0,-79000000.0,-26000000.0,-43000000.0,0.0,72000000.0,-3000000.0,186000000.0,186000000.0,186000000.0,0.0,0.0,0.243,256000000.0,242000000.0,524000000.0,0.426,15.73,31.863,32.053,815000000.0,0.0,54.81,7.87,7.87,626000000.0,2282000000.0,766000000.0,766000000.0,0.0,,,,,3000000.0,256000000.0,1.0,477274855.0,477274855.0,,1.605,3914000000.0,16000000.0,42000000.0,192000000.0,8.201,1970000000.0
9,BF.B,MRQ,2019-03-31,2019-04-30,2019-04-30,2021-09-07,-363000000.0,5139000000.0,,2719000000.0,2420000000.0,,3.452,-35000000.0,307000000.0,307000000.0,262000000.0,159000000.0,3.868,2.12,2440000000.0,150000000.0,2290000000.0,2440000000.0,0.0,20000000.0,0.0,0.012,0.166,227000000.0,247000000.0,0.332,247000000.0,227000000.0,206000000.0,0.33,0.33,0.33,1647000000.0,,1647000000.0,27669893196.0,24.0,23.02,188000000.0,0.394,1.0,482000000.0,0.648,1398000000.0,21000000.0,5171000000.0,,1520000000.0,0.0,0.0,0.0,3492000000.0,703000000.0,2789000000.0,25421893196.0,47000000.0,0.0,-1000000.0,-58000000.0,-79000000.0,-141000000.0,-33000000.0,0.0,223000000.0,-2000000.0,159000000.0,159000000.0,159000000.0,0.0,0.0,0.214,256000000.0,226000000.0,544000000.0,0.503,15.435,30.445,30.626,816000000.0,0.0,53.29,7.648,7.648,609000000.0,2238000000.0,744000000.0,744000000.0,0.0,,,,,2000000.0,256000000.0,1.0,477048099.0,477048099.0,,1.56,3741000000.0,16000000.0,47000000.0,154000000.0,7.842,2016000000.0
10,BF.B,MRQ,2018-12-31,2019-01-31,2019-01-31,2021-09-07,-360000000.0,5163000000.0,,2755000000.0,2408000000.0,,3.13,-31000000.0,260000000.0,260000000.0,333000000.0,227000000.0,3.078,2.458,2508000000.0,207000000.0,2301000000.0,2508000000.0,0.0,16000000.0,0.0,0.035,0.166,307000000.0,323000000.0,0.357,323000000.0,307000000.0,284000000.0,0.47,0.47,0.47,1493000000.0,,1493000000.0,24889348849.0,24.0,22.262,274000000.0,0.574,1.0,571000000.0,0.632,1405000000.0,23000000.0,5111000000.0,,1471000000.0,0.0,0.0,0.0,3670000000.0,895000000.0,2775000000.0,22536348849.0,67000000.0,0.0,-78000000.0,-55000000.0,-79000000.0,-215000000.0,-29000000.0,0.0,305000000.0,6000000.0,227000000.0,227000000.0,227000000.0,0.0,0.0,0.251,252000000.0,319000000.0,587000000.0,0.353,15.095,28.672,28.811,801000000.0,0.0,47.25,6.802,6.802,737000000.0,2085000000.0,904000000.0,904000000.0,0.0,,,,,3000000.0,252000000.0,1.0,476959764.0,476959764.0,,1.895,3758000000.0,20000000.0,57000000.0,141000000.0,7.879,1860000000.0
11,BF.B,MRQ,2018-09-30,2018-10-31,2018-10-31,2021-09-07,-365000000.0,5149000000.0,,2743000000.0,2406000000.0,,3.111,-32000000.0,193000000.0,193000000.0,320000000.0,249000000.0,3.065,2.44,2546000000.0,258000000.0,2288000000.0,2546000000.0,0.0,18000000.0,0.0,0.035,0.158,332000000.0,350000000.0,0.385,350000000.0,332000000.0,310000000.0,0.52,0.52,0.52,1497000000.0,,1497000000.0,24571931740.0,23.0,21.978,114000000.0,0.237,1.0,590000000.0,0.648,1398000000.0,22000000.0,5209000000.0,,1477000000.0,0.0,0.0,0.0,3652000000.0,895000000.0,2757000000.0,22296931740.0,-18000000.0,0.0,-123000000.0,83000000.0,-76000000.0,-121000000.0,-32000000.0,0.0,146000000.0,-11000000.0,249000000.0,249000000.0,249000000.0,0.0,0.0,0.274,263000000.0,327000000.0,620000000.0,0.304,14.894,29.769,29.705,785000000.0,0.0,46.34,6.783,6.783,768000000.0,2016000000.0,910000000.0,910000000.0,0.0,,,,,4000000.0,263000000.0,1.0,481159511.0,481159511.0,,1.891,3751000000.0,16000000.0,61000000.0,130000000.0,7.796,1848000000.0
12,BF.B,MRQ,2018-06-30,2018-07-31,2018-07-31,2021-09-07,-364000000.0,5025000000.0,,2623000000.0,2402000000.0,,2.843,-23000000.0,211000000.0,211000000.0,243000000.0,200000000.0,3.022,2.673,2486000000.0,176000000.0,2310000000.0,2486000000.0,0.0,18000000.0,0.0,0.03,0.158,264000000.0,282000000.0,0.368,282000000.0,264000000.0,242000000.0,0.42,0.41,0.42,1368000000.0,,1368000000.0,27921760523.0,26.0,24.688,103000000.0,0.214,1.0,523000000.0,0.683,1413000000.0,22000000.0,5019000000.0,,1449000000.0,0.0,0.0,0.0,3657000000.0,868000000.0,2789000000.0,25604760523.0,-28000000.0,0.0,-5000000.0,-41000000.0,-76000000.0,-122000000.0,-25000000.0,0.0,126000000.0,-7000000.0,200000000.0,200000000.0,200000000.0,0.0,0.0,0.261,266000000.0,257000000.0,564000000.0,0.376,18.717,34.648,34.558,778000000.0,0.0,53.22,7.78,7.78,658000000.0,1767000000.0,766000000.0,766000000.0,0.0,,,,,5000000.0,266000000.0,1.0,481111622.0,481111622.0,,1.592,3612000000.0,16000000.0,42000000.0,171000000.0,7.508,1755000000.0
13,BF.B,MRQ,2018-03-31,2018-04-30,2018-04-30,2021-09-07,-378000000.0,4976000000.0,,2555000000.0,2421000000.0,,2.737,-27000000.0,239000000.0,239000000.0,221000000.0,110000000.0,3.112,2.781,2556000000.0,215000000.0,2341000000.0,2556000000.0,0.0,16000000.0,0.0,0.029,1.158,147000000.0,163000000.0,0.222,163000000.0,147000000.0,128000000.0,0.23,0.23,0.23,1316000000.0,,1316000000.0,28759033794.0,28.0,25.932,44000000.0,0.091,1.0,512000000.0,0.698,1433000000.0,19000000.0,5039000000.0,,1379000000.0,0.0,0.0,0.0,3660000000.0,821000000.0,2839000000.0,26949033794.0,-48000000.0,0.0,24000000.0,475000000.0,-557000000.0,-86000000.0,-28000000.0,0.0,71000000.0,-5000000.0,110000000.0,110000000.0,110000000.0,0.0,0.0,0.15,366000000.0,146000000.0,581000000.0,5.035,20.478,37.586,37.611,780000000.0,0.0,56.04,8.297,8.297,639000000.0,1730000000.0,733000000.0,733000000.0,0.0,,,,,5000000.0,366000000.0,1.0,480889254.0,480889254.0,,1.524,3543000000.0,16000000.0,18000000.0,110000000.0,7.368,1734000000.0
14,BF.B,MRQ,2017-12-31,2018-01-31,2018-01-31,2021-09-07,-382000000.0,5042000000.0,,2641000000.0,2401000000.0,,2.5,-36000000.0,287000000.0,287000000.0,291000000.0,190000000.0,1.777,3.198,2097000000.0,327000000.0,1770000000.0,2097000000.0,0.0,17000000.0,0.0,0.011,0.158,306000000.0,323000000.0,0.368,323000000.0,306000000.0,289000000.0,0.39,0.39,0.39,1201000000.0,,1201000000.0,28626600600.0,26.0,24.384,328000000.0,0.683,1.0,587000000.0,0.669,1448000000.0,17000000.0,3918000000.0,,1343000000.0,0.0,0.0,0.0,3841000000.0,1486000000.0,2355000000.0,26634600600.0,75000000.0,0.0,-17000000.0,-160000000.0,-76000000.0,-253000000.0,-52000000.0,0.0,364000000.0,16000000.0,190000000.0,190000000.0,190000000.0,0.0,0.0,0.216,285000000.0,302000000.0,584000000.0,0.405,22.177,35.418,35.538,766000000.0,0.0,55.44,8.297,8.297,725000000.0,1620000000.0,878000000.0,878000000.0,0.0,,,,,5000000.0,285000000.0,1.0,480422089.0,480422089.0,,1.828,3594000000.0,17000000.0,99000000.0,79000000.0,7.481,1155000000.0
15,BF.B,MRQ,2017-09-30,2017-10-31,2017-10-31,2021-09-07,-391000000.0,4978000000.0,,2661000000.0,2317000000.0,,3.429,-37000000.0,212000000.0,212000000.0,304000000.0,239000000.0,2.529,2.022,2204000000.0,485000000.0,1719000000.0,2204000000.0,0.0,16000000.0,0.0,0.013,0.146,347000000.0,363000000.0,0.397,363000000.0,347000000.0,331000000.0,0.5,0.49,0.5,1647000000.0,,1647000000.0,23901133161.0,22.0,20.984,76000000.0,0.158,1.0,610000000.0,0.667,1415000000.0,16000000.0,4503000000.0,,1359000000.0,0.0,0.0,0.0,3331000000.0,1052000000.0,2279000000.0,21911133161.0,-26000000.0,0.0,-2000000.0,-24000000.0,-70000000.0,-96000000.0,-38000000.0,0.0,113000000.0,-5000000.0,239000000.0,239000000.0,239000000.0,0.0,0.0,0.261,271000000.0,339000000.0,556000000.0,0.292,13.304,29.45,29.43,740000000.0,0.0,45.616,6.978,6.978,753000000.0,2063000000.0,914000000.0,914000000.0,0.0,,,,,5000000.0,271000000.0,1.0,480338766.0,480338766.0,,1.903,3563000000.0,15000000.0,92000000.0,150000000.0,7.418,1609000000.0
16,BF.B,MRQ,2017-06-30,2017-07-31,2017-07-31,2021-09-07,-376000000.0,4802000000.0,,2503000000.0,2299000000.0,,2.957,-28000000.0,238000000.0,238000000.0,230000000.0,178000000.0,2.298,2.382,2228000000.0,508000000.0,1720000000.0,2228000000.0,0.0,15000000.0,0.0,0.015,0.146,245000000.0,260000000.0,0.36,260000000.0,245000000.0,229000000.0,0.37,0.37,0.37,1420000000.0,,1420000000.0,20946779512.0,20.0,19.377,77000000.0,0.16,1.0,493000000.0,0.682,1416000000.0,16000000.0,4287000000.0,,1337000000.0,0.0,0.0,0.0,3382000000.0,1089000000.0,2293000000.0,18979779512.0,56000000.0,0.0,-6000000.0,45000000.0,-70000000.0,-31000000.0,-31000000.0,0.0,105000000.0,13000000.0,178000000.0,178000000.0,178000000.0,0.0,0.0,0.246,248000000.0,245000000.0,454000000.0,0.395,13.366,27.037,27.106,719000000.0,0.0,39.52,6.211,6.211,576000000.0,1824000000.0,723000000.0,723000000.0,0.0,,,,,4000000.0,248000000.0,1.0,480257579.0,480257579.0,,1.505,3386000000.0,17000000.0,51000000.0,192000000.0,7.05,1414000000.0
17,BF.B,MRQ,2017-03-31,2017-04-30,2017-04-30,2021-09-07,-390000000.0,4625000000.0,,2351000000.0,2274000000.0,,2.855,-42000000.0,182000000.0,182000000.0,215000000.0,145000000.0,2.424,2.376,2149000000.0,460000000.0,1689000000.0,2149000000.0,0.0,16000000.0,0.0,0.015,0.146,212000000.0,228000000.0,0.328,228000000.0,212000000.0,197000000.0,0.3,0.3,0.3,1370000000.0,,1370000000.0,20195174783.0,20.0,19.233,169000000.0,0.352,1.0,480000000.0,0.691,1394000000.0,15000000.0,4228000000.0,,1270000000.0,0.0,0.0,0.0,3255000000.0,970000000.0,2285000000.0,18166174783.0,-15000000.0,0.0,-5000000.0,-98000000.0,-71000000.0,-174000000.0,-59000000.0,0.0,211000000.0,7000000.0,145000000.0,145000000.0,145000000.0,0.0,0.0,0.209,250000000.0,230000000.0,501000000.0,0.487,13.26,27.154,27.432,713000000.0,0.0,37.856,6.068,6.068,557000000.0,4470000000.0,695000000.0,695000000.0,0.0,,,,,4000000.0,250000000.0,1.0,479875708.0,479875708.0,,1.448,3231000000.0,16000000.0,52000000.0,161000000.0,6.733,1381000000.0
18,BF.B,MRQ,2016-12-31,2017-01-31,2017-01-31,2021-09-07,-433000000.0,4600000000.0,,2377000000.0,2223000000.0,,2.462,-36000000.0,197000000.0,197000000.0,272000000.0,182000000.0,2.104,2.885,2226000000.0,557000000.0,1669000000.0,2226000000.0,0.0,14000000.0,0.0,0.015,0.146,274000000.0,288000000.0,0.356,288000000.0,274000000.0,258000000.0,0.38,0.38,0.38,1184000000.0,,1184000000.0,19588592575.0,13.0,12.517,240000000.0,0.499,1.0,536000000.0,0.663,1382000000.0,16000000.0,4117000000.0,,1238000000.0,0.0,0.0,0.0,3416000000.0,1130000000.0,2286000000.0,17545592575.0,-14000000.0,0.0,-119000000.0,-30000000.0,-69000000.0,-248000000.0,-36000000.0,0.0,276000000.0,-6000000.0,182000000.0,182000000.0,182000000.0,0.0,0.0,0.225,264000000.0,272000000.0,478000000.0,0.384,14.819,16.79,17.208,669000000.0,0.0,36.48,5.794,5.794,611000000.0,4326000000.0,808000000.0,808000000.0,0.0,,,,,3000000.0,264000000.0,1.0,480964709.0,480964709.0,,1.68,3218000000.0,16000000.0,76000000.0,175000000.0,6.691,1247000000.0
19,BF.B,MRQ,2016-09-30,2016-10-31,2016-10-31,2021-09-07,-407000000.0,4720000000.0,,2530000000.0,2190000000.0,,2.622,-20000000.0,211000000.0,211000000.0,278000000.0,197000000.0,2.799,2.679,2254000000.0,337000000.0,1917000000.0,2254000000.0,0.0,13000000.0,0.0,0.015,0.136,292000000.0,305000000.0,0.367,305000000.0,292000000.0,276000000.0,0.408,0.4,0.408,1283000000.0,,1283000000.0,19858114119.0,13.0,12.665,21000000.0,0.043,1.0,552000000.0,0.665,1383000000.0,16000000.0,4476000000.0,,1286000000.0,0.0,0.0,0.0,3437000000.0,904000000.0,2533000000.0,18076114119.0,-248000000.0,0.0,-243000000.0,49000000.0,-67000000.0,-261000000.0,-20000000.0,0.0,41000000.0,-8000000.0,197000000.0,197000000.0,197000000.0,0.0,0.0,0.237,270000000.0,282000000.0,554000000.0,0.333,14.089,17.166,17.456,651000000.0,0.0,36.936,5.968,5.968,660000000.0,4283000000.0,830000000.0,830000000.0,0.0,,,,,3000000.0,270000000.0,1.0,489390138.0,489390138.0,,1.696,3337000000.0,16000000.0,79000000.0,163000000.0,6.819,1626000000.0
20,BF.B,MRQ,2016-06-30,2016-07-31,2016-07-31,2021-09-07,-402000000.0,4755000000.0,,2561000000.0,2194000000.0,,2.701,-17000000.0,459000000.0,459000000.0,208000000.0,144000000.0,2.93,2.575,2241000000.0,288000000.0,1953000000.0,2241000000.0,0.0,15000000.0,0.0,0.014,0.136,214000000.0,229000000.0,0.346,229000000.0,214000000.0,201000000.0,0.296,0.288,0.296,1330000000.0,,1330000000.0,20574354723.0,14.0,13.03,111000000.0,0.225,1.0,453000000.0,0.685,1405000000.0,13000000.0,4258000000.0,,1262000000.0,0.0,0.0,0.0,3425000000.0,874000000.0,2551000000.0,19336354723.0,196000000.0,-307000000.0,-204000000.0,669000000.0,-67000000.0,398000000.0,-324000000.0,0.0,128000000.0,-6000000.0,144000000.0,144000000.0,144000000.0,0.0,0.0,0.218,245000000.0,208000000.0,463000000.0,0.459,14.539,18.311,18.703,645000000.0,0.0,39.276,6.334,6.334,501000000.0,4085000000.0,661000000.0,661000000.0,0.0,,,,,4000000.0,245000000.0,1.0,492319858.0,492319858.0,,1.343,3350000000.0,16000000.0,57000000.0,178000000.0,6.805,1687000000.0
21,BF.B,MRQ,2016-03-31,2016-04-30,2016-04-30,2021-09-07,-350000000.0,4183000000.0,,2233000000.0,1950000000.0,,3.123,-20000000.0,263000000.0,263000000.0,216000000.0,522000000.0,2.823,1.678,1501000000.0,271000000.0,1230000000.0,1501000000.0,0.0,16000000.0,0.0,0.014,0.136,727000000.0,743000000.0,1.019,743000000.0,727000000.0,715000000.0,1.036,1.026,1.036,1562000000.0,,1562000000.0,20689687702.0,13.0,13.004,56000000.0,0.112,1.0,513000000.0,0.704,1185000000.0,12000000.0,3445000000.0,,1054000000.0,0.0,0.0,0.0,2621000000.0,791000000.0,1830000000.0,19268687702.0,-54000000.0,543000000.0,-354000000.0,-239000000.0,-67000000.0,-660000000.0,523000000.0,0.0,76000000.0,7000000.0,522000000.0,522000000.0,522000000.0,0.0,0.0,0.716,281000000.0,232000000.0,501000000.0,0.131,12.336,18.059,18.347,629000000.0,0.0,38.528,6.238,6.238,559000000.0,4065000000.0,729000000.0,729000000.0,0.0,,,,,3000000.0,281000000.0,1.0,500121670.0,500121670.0,,1.458,2998000000.0,17000000.0,193000000.0,120000000.0,5.995,1442000000.0
22,BF.B,MRQ,2015-12-31,2016-01-31,2016-01-31,2021-09-07,-323000000.0,4333000000.0,,2405000000.0,1928000000.0,,2.815,-24000000.0,317000000.0,317000000.0,254000000.0,190000000.0,2.186,2.058,1738000000.0,509000000.0,1229000000.0,1738000000.0,0.0,13000000.0,0.0,0.013,0.136,278000000.0,291000000.0,0.36,291000000.0,278000000.0,266000000.0,0.376,0.376,0.376,1417000000.0,,1417000000.0,21286822082.0,20.0,19.476,263000000.0,0.522,1.0,555000000.0,0.686,1171000000.0,12000000.0,3483000000.0,,1031000000.0,0.0,0.0,0.0,2916000000.0,1100000000.0,1816000000.0,19699822082.0,122000000.0,0.0,-25000000.0,-44000000.0,-69000000.0,-136000000.0,-24000000.0,0.0,287000000.0,-5000000.0,190000000.0,190000000.0,190000000.0,0.0,0.0,0.235,274000000.0,281000000.0,498000000.0,0.362,13.902,28.675,29.119,621000000.0,0.0,39.136,8.394,8.394,630000000.0,3561000000.0,809000000.0,809000000.0,0.0,,,,,4000000.0,274000000.0,1.0,503368308.0,503368308.0,,1.607,3162000000.0,25000000.0,76000000.0,163000000.0,6.282,1305000000.0
23,BF.B,MRQ,2015-09-30,2015-10-31,2015-10-31,2021-09-07,-306000000.0,4319000000.0,,2348000000.0,1971000000.0,,2.714,-27000000.0,195000000.0,195000000.0,268000000.0,200000000.0,2.078,2.083,1782000000.0,553000000.0,1229000000.0,1782000000.0,0.0,14000000.0,0.0,0.012,0.126,302000000.0,316000000.0,0.37,316000000.0,302000000.0,290000000.0,0.392,0.392,0.392,1401000000.0,,1401000000.0,22923174775.0,22.0,21.088,-13000000.0,-0.025,1.0,586000000.0,0.686,1214000000.0,12000000.0,3562000000.0,,1067000000.0,0.0,0.0,0.0,2918000000.0,1130000000.0,1788000000.0,21925174775.0,-299000000.0,0.0,-510000000.0,289000000.0,-65000000.0,-285000000.0,-27000000.0,0.0,14000000.0,-1000000.0,200000000.0,200000000.0,200000000.0,0.0,0.0,0.234,286000000.0,300000000.0,549000000.0,0.321,15.65,32.101,32.176,619000000.0,0.0,42.472,8.333,8.333,727000000.0,3508000000.0,854000000.0,854000000.0,0.0,,,,,5000000.0,286000000.0,1.0,516226568.0,516226568.0,,1.654,3105000000.0,35000000.0,90000000.0,144000000.0,6.015,1218000000.0
24,BF.B,MRQ,2015-06-30,2015-07-31,2015-07-31,2021-09-07,-304000000.0,4334000000.0,,2371000000.0,1963000000.0,,3.298,-39000000.0,494000000.0,494000000.0,208000000.0,156000000.0,2.846,1.539,1492000000.0,263000000.0,1229000000.0,1492000000.0,0.0,13000000.0,0.0,0.011,0.126,227000000.0,240000000.0,0.343,240000000.0,227000000.0,218000000.0,0.304,0.296,0.304,1707000000.0,,1707000000.0,23260130700.0,22.0,21.418,108000000.0,0.209,1.0,491000000.0,0.702,1210000000.0,9000000.0,3289000000.0,,1035000000.0,0.0,0.0,0.0,2627000000.0,833000000.0,1794000000.0,22442130700.0,124000000.0,0.0,-235000000.0,309000000.0,-65000000.0,21000000.0,-39000000.0,0.0,147000000.0,-5000000.0,156000000.0,156000000.0,156000000.0,0.0,0.0,0.223,264000000.0,227000000.0,438000000.0,0.414,13.147,32.478,32.852,608000000.0,0.0,43.364,7.707,7.707,505000000.0,3309000000.0,699000000.0,699000000.0,0.0,,,,,3000000.0,264000000.0,1.0,517529072.0,517529072.0,,1.351,3124000000.0,27000000.0,62000000.0,179000000.0,6.036,1538000000.0
25,BF.B,MRQ,2015-03-31,2015-04-30,2015-04-30,2021-09-07,-300000000.0,4188000000.0,,2254000000.0,1934000000.0,,3.619,-28000000.0,370000000.0,370000000.0,-541000000.0,141000000.0,2.353,1.198,1183000000.0,440000000.0,743000000.0,1183000000.0,0.0,13000000.0,0.0,0.013,0.126,233000000.0,246000000.0,-16.4,246000000.0,233000000.0,227000000.0,0.272,0.264,0.272,1905000000.0,,1905000000.0,19756482716.0,19.0,18.293,205000000.0,0.389,1.0,526000000.0,-35.067,1218000000.0,6000000.0,2825000000.0,,953000000.0,0.0,0.0,0.0,2283000000.0,958000000.0,1325000000.0,19000482716.0,120000000.0,-1000000.0,-198000000.0,182000000.0,-66000000.0,-82000000.0,-29000000.0,0.0,233000000.0,-2000000.0,141000000.0,141000000.0,141000000.0,0.0,0.0,-9.4,288000000.0,238000000.0,497000000.0,0.463,9.974,27.778,27.849,586000000.0,0.0,36.092,6.063,6.063,583000000.0,3300000000.0,-15000000.0,-15000000.0,0.0,,,,,6000000.0,288000000.0,1.0,526445825.0,526445825.0,,-0.028,2970000000.0,34000000.0,86000000.0,128000000.0,5.642,1296000000.0
26,BF.B,MRQ,2014-12-31,2015-01-31,2015-01-31,2021-09-07,-215000000.0,4161000000.0,,2209000000.0,1952000000.0,,3.861,-33000000.0,250000000.0,250000000.0,540000000.0,186000000.0,2.569,1.039,1006000000.0,258000000.0,748000000.0,1006000000.0,0.0,13000000.0,0.0,0.013,0.126,272000000.0,285000000.0,0.261,285000000.0,272000000.0,266000000.0,0.352,0.348,0.352,2041000000.0,,2041000000.0,19676388273.0,20.0,18.993,272000000.0,0.515,1.0,553000000.0,0.506,1226000000.0,6000000.0,2831000000.0,,920000000.0,0.0,0.0,0.0,2120000000.0,860000000.0,1260000000.0,18789388273.0,15000000.0,0.0,-67000000.0,-116000000.0,-66000000.0,-248000000.0,-33000000.0,0.0,305000000.0,-9000000.0,186000000.0,186000000.0,186000000.0,0.0,0.0,0.17,275000000.0,278000000.0,511000000.0,0.358,9.206,27.754,27.947,567000000.0,0.0,35.548,4.649,4.649,631000000.0,3166000000.0,1093000000.0,1093000000.0,0.0,,,,,3000000.0,275000000.0,1.0,528563865.0,528563865.0,,2.068,2935000000.0,26000000.0,80000000.0,154000000.0,5.553,1349000000.0
27,BF.B,MRQ,2014-09-30,2014-10-31,2014-10-31,2021-09-07,-191000000.0,4243000000.0,,2299000000.0,1944000000.0,,3.888,-29000000.0,235000000.0,235000000.0,526000000.0,208000000.0,3.391,1.045,1122000000.0,124000000.0,998000000.0,1122000000.0,0.0,12000000.0,0.0,0.013,0.116,303000000.0,315000000.0,0.278,315000000.0,303000000.0,296000000.0,0.392,0.388,0.392,2075000000.0,,2075000000.0,20335710461.0,21.0,19.976,-71000000.0,-0.133,1.0,609000000.0,0.537,1265000000.0,7000000.0,3187000000.0,,971000000.0,0.0,0.0,0.0,2168000000.0,678000000.0,1490000000.0,19784710461.0,-225000000.0,-3000000.0,-195000000.0,112000000.0,-62000000.0,-144000000.0,-32000000.0,0.0,-42000000.0,-7000000.0,208000000.0,208000000.0,208000000.0,0.0,0.0,0.183,301000000.0,308000000.0,535000000.0,0.296,9.535,29.618,29.607,556000000.0,0.0,37.068,4.913,4.913,761000000.0,3114000000.0,1135000000.0,1135000000.0,0.0,,,,,3000000.0,301000000.0,1.0,533740975.0,533740975.0,,2.126,2978000000.0,42000000.0,88000000.0,132000000.0,5.579,1621000000.0
28,BF.B,MRQ,2014-06-30,2014-07-31,2014-07-31,2021-09-07,-195000000.0,4191000000.0,,2259000000.0,1932000000.0,,3.847,-31000000.0,460000000.0,460000000.0,426000000.0,150000000.0,3.546,1.04,1011000000.0,13000000.0,998000000.0,1011000000.0,0.0,13000000.0,0.0,0.013,0.116,221000000.0,234000000.0,0.254,234000000.0,221000000.0,214000000.0,0.28,0.28,0.28,2054000000.0,,2054000000.0,19073346075.0,20.0,18.572,81000000.0,0.152,1.0,495000000.0,0.537,1284000000.0,7000000.0,2821000000.0,,949000000.0,0.0,0.0,0.0,2137000000.0,637000000.0,1500000000.0,18505346075.0,23000000.0,0.0,-16000000.0,5000000.0,-62000000.0,-57000000.0,-31000000.0,0.0,112000000.0,-1000000.0,150000000.0,150000000.0,150000000.0,0.0,0.0,0.163,269000000.0,226000000.0,427000000.0,0.414,9.009,27.786,27.772,538000000.0,0.0,34.66,4.66,4.66,547000000.0,2908000000.0,921000000.0,921000000.0,0.0,,,,,3000000.0,269000000.0,1.0,533910735.0,533910735.0,,1.725,2907000000.0,41000000.0,64000000.0,242000000.0,5.445,1622000000.0
29,BF.B,MRQ,2014-03-31,2014-04-30,2014-04-30,2021-09-07,-188000000.0,4103000000.0,,2177000000.0,1926000000.0,,3.811,-37000000.0,437000000.0,437000000.0,400000000.0,133000000.0,3.881,1.019,1005000000.0,8000000.0,997000000.0,1005000000.0,0.0,14000000.0,0.0,0.012,0.116,188000000.0,202000000.0,0.226,202000000.0,188000000.0,182000000.0,0.248,0.244,0.248,2032000000.0,,2032000000.0,19854976316.0,20.0,19.409,222000000.0,0.416,1.0,493000000.0,0.552,1297000000.0,6000000.0,2813000000.0,,882000000.0,0.0,0.0,0.0,2071000000.0,561000000.0,1510000000.0,19135976316.0,150000000.0,-1000000.0,-10000000.0,-3000000.0,-62000000.0,-74000000.0,-38000000.0,0.0,259000000.0,3000000.0,133000000.0,133000000.0,133000000.0,0.0,0.0,0.149,314000000.0,179000000.0,474000000.0,0.468,9.417,29.038,29.13,526000000.0,0.0,35.888,4.849,4.849,569000000.0,2894000000.0,893000000.0,893000000.0,0.0,,,,,4000000.0,314000000.0,1.0,533213785.0,533213785.0,,1.675,2806000000.0,51000000.0,49000000.0,181000000.0,5.262,1616000000.0
30,BF.B,MRQ,2013-12-31,2014-01-31,2014-01-31,2021-09-07,-203000000.0,3993000000.0,,2103000000.0,1890000000.0,,3.544,-29000000.0,287000000.0,287000000.0,546000000.0,177000000.0,3.482,1.114,1006000000.0,9000000.0,997000000.0,1006000000.0,0.0,12000000.0,0.0,0.014,0.116,255000000.0,267000000.0,0.248,267000000.0,255000000.0,249000000.0,0.332,0.328,0.332,1889000000.0,,1889000000.0,17228223901.0,18.0,16.99,160000000.0,0.3,1.0,532000000.0,0.494,1289000000.0,6000000.0,2819000000.0,,873000000.0,0.0,0.0,0.0,2104000000.0,604000000.0,1500000000.0,16416223901.0,95000000.0,0.0,-3000000.0,4000000.0,-62000000.0,-61000000.0,-29000000.0,0.0,189000000.0,-4000000.0,177000000.0,177000000.0,177000000.0,0.0,0.0,0.164,277000000.0,255000000.0,452000000.0,0.349,8.69,25.69,25.667,497000000.0,0.0,30.8,4.19,4.19,679000000.0,2777000000.0,1078000000.0,1078000000.0,0.0,,,,,3000000.0,277000000.0,1.0,532994282.0,532994282.0,,2.023,2704000000.0,72000000.0,72000000.0,178000000.0,5.073,1499000000.0
31,BF.B,MRQ,2013-09-30,2013-10-31,2013-10-31,2021-09-07,-201000000.0,3882000000.0,,2033000000.0,1849000000.0,,3.439,-35000000.0,192000000.0,192000000.0,503000000.0,206000000.0,3.751,1.112,1004000000.0,7000000.0,997000000.0,1004000000.0,0.0,12000000.0,0.0,0.069,0.102,312000000.0,324000000.0,0.3,324000000.0,312000000.0,305000000.0,0.388,0.384,0.388,1838000000.0,,1838000000.0,16389412855.0,17.0,16.439,73000000.0,0.137,1.0,576000000.0,0.534,1291000000.0,7000000.0,2861000000.0,,901000000.0,0.0,0.0,0.0,2044000000.0,542000000.0,1502000000.0,15603412855.0,-25000000.0,0.0,-51000000.0,1000000.0,-55000000.0,-102000000.0,-35000000.0,0.0,108000000.0,4000000.0,206000000.0,206000000.0,206000000.0,0.0,0.0,0.191,273000000.0,303000000.0,513000000.0,0.263,8.489,25.207,25.079,483000000.0,0.0,29.192,4.035,4.035,729000000.0,2729000000.0,1079000000.0,1079000000.0,0.0,,,,,3000000.0,273000000.0,1.0,534509895.0,534509895.0,,2.019,2591000000.0,57000000.0,99000000.0,221000000.0,4.847,1491000000.0
32,BF.B,MRQ,2013-06-30,2013-07-31,2013-07-31,2021-09-07,-212000000.0,3686000000.0,,1861000000.0,1825000000.0,,3.117,-25000000.0,217000000.0,217000000.0,419000000.0,143000000.0,3.614,1.212,1003000000.0,6000000.0,997000000.0,1003000000.0,0.0,12000000.0,0.0,0.069,0.102,218000000.0,230000000.0,0.257,230000000.0,218000000.0,211000000.0,0.268,0.264,0.268,1666000000.0,,1666000000.0,16299939221.0,18.0,17.194,68000000.0,0.127,1.0,477000000.0,0.532,1287000000.0,7000000.0,2670000000.0,,874000000.0,0.0,0.0,0.0,2020000000.0,515000000.0,1505000000.0,15501939221.0,13000000.0,0.0,-4000000.0,1000000.0,-54000000.0,-51000000.0,-25000000.0,0.0,93000000.0,-4000000.0,143000000.0,143000000.0,143000000.0,0.0,0.0,0.16,259000000.0,218000000.0,393000000.0,0.381,9.305,26.454,26.367,459000000.0,0.0,29.004,4.077,4.077,542000000.0,2527000000.0,896000000.0,896000000.0,0.0,,,,,3000000.0,259000000.0,1.0,534475908.0,534475908.0,,1.676,2399000000.0,30000000.0,68000000.0,246000000.0,4.489,1346000000.0
33,BF.B,MRQ,2013-03-31,2013-04-30,2013-04-30,2021-09-07,-211000000.0,3626000000.0,,1821000000.0,1805000000.0,,3.048,-37000000.0,204000000.0,204000000.0,405000000.0,113000000.0,3.85,1.227,1002000000.0,5000000.0,997000000.0,1002000000.0,0.0,15000000.0,0.0,0.071,0.102,178000000.0,193000000.0,0.223,193000000.0,178000000.0,161000000.0,0.212,0.212,0.212,1628000000.0,,1628000000.0,15934013124.0,18.0,16.737,133000000.0,0.249,1.0,460000000.0,0.532,1285000000.0,17000000.0,2666000000.0,,827000000.0,0.0,0.0,0.0,1998000000.0,473000000.0,1525000000.0,15059913124.0,-183000000.0,-1000000.0,-1000000.0,-258000000.0,-55000000.0,-315000000.0,-38000000.0,0.0,170000000.0,0.0,113000000.0,113000000.0,113000000.0,0.0,0.0,0.131,279000000.0,181000000.0,451000000.0,0.481,9.251,25.482,25.451,450000000.0,0.0,28.2,3.98,3.98,548000000.0,2500000000.0,865000000.0,865000000.0,0.0,,,,,4000000.0,279000000.0,1.0,534039472.0,534039472.0,,1.62,2341000000.0,43000000.0,48000000.0,197000000.0,4.384,1348000000.0
34,BF.B,MRQ,2012-12-31,2013-01-31,2013-01-31,2021-09-07,-206400000.0,3832300000.0,,2046400000.0,1785900000.0,,2.846,-20000000.0,386800000.0,386800000.0,520000000.0,157000000.0,2.535,1.523,1260900000.0,264300000.0,996600000.0,1260900000.0,0.0,12000000.0,0.0,0.077,1.702,238000000.0,250000000.0,0.243,250000000.0,238000000.0,229000000.0,0.296,0.292,0.296,1518800000.0,,1518800000.0,13954952388.0,16.0,15.154,182000000.0,0.341,1.0,507000000.0,0.494,1288800000.0,9000000.0,2610300000.0,,801900000.0,0.0,0.0,0.0,2313500000.0,807300000.0,1506200000.0,13811452388.0,18000000.0,0.0,-5000000.0,741000000.0,-908000000.0,-167000000.0,-20000000.0,0.0,202000000.0,3000000.0,157000000.0,157000000.0,157000000.0,0.0,0.0,0.153,273000000.0,234000000.0,466400000.0,5.75,9.094,23.76,23.7,426600000.0,0.0,25.88,3.713,3.713,633800000.0,2391900000.0,1027000000.0,1027000000.0,0.0,,,,,2000000.0,273000000.0,1.0,533672812.0,533672812.0,,1.924,2543500000.0,47500000.0,72000000.0,215300000.0,4.766,1239100000.0
35,BF.B,MRQ,2012-09-30,2012-10-31,2012-10-31,2021-09-07,-223000000.0,3803900000.0,,2055000000.0,1748900000.0,,4.322,-22000000.0,368500000.0,368500000.0,489000000.0,173000000.0,4.062,0.65,512000000.0,10600000.0,501400000.0,512000000.0,0.0,12000000.0,0.0,0.015,0.093,263000000.0,275000000.0,0.271,275000000.0,263000000.0,258000000.0,0.324,0.32,0.324,2304800000.0,,2304800000.0,13813868018.0,16.0,15.528,56000000.0,0.105,1.0,525000000.0,0.518,1283400000.0,5000000.0,2158100000.0,,797500000.0,0.0,0.0,0.0,1499100000.0,505900000.0,993200000.0,13664068018.0,8000000.0,0.0,-6000000.0,2000000.0,-50000000.0,-49000000.0,-22000000.0,0.0,78000000.0,1000000.0,173000000.0,173000000.0,173000000.0,0.0,0.0,0.171,266000000.0,259000000.0,480700000.0,0.287,5.929,24.514,24.45,415900000.0,0.0,25.624,3.742,3.742,681500000.0,3207800000.0,1014000000.0,1014000000.0,0.0,,,,,3000000.0,266000000.0,1.0,533252732.0,533252732.0,,1.902,2520500000.0,30100000.0,85000000.0,199800000.0,4.727,1549100000.0
36,BF.B,MRQ,2012-06-30,2012-07-31,2012-07-31,2021-09-07,-231500000.0,3583000000.0,,1849500000.0,1733500000.0,,3.981,-17000000.0,361500000.0,361500000.0,414000000.0,147000000.0,3.883,0.689,511300000.0,9200000.0,502100000.0,511300000.0,0.0,12000000.0,0.0,0.015,0.093,222000000.0,234000000.0,0.267,234000000.0,222000000.0,217000000.0,0.276,0.276,0.276,2122000000.0,,2122000000.0,13472316514.0,16.0,15.407,70000000.0,0.131,1.0,464000000.0,0.528,1276900000.0,5000000.0,1979600000.0,,764400000.0,0.0,0.0,0.0,1461000000.0,476300000.0,984700000.0,13300316514.0,23000000.0,0.0,-4000000.0,1000000.0,-50000000.0,-45000000.0,-17000000.0,0.0,87000000.0,-2000000.0,147000000.0,147000000.0,147000000.0,0.0,0.0,0.167,240000000.0,224000000.0,375700000.0,0.337,6.268,24.539,24.556,404600000.0,0.0,24.949,3.642,3.642,524900000.0,3057000000.0,878000000.0,878000000.0,0.0,,,,,2000000.0,240000000.0,1.0,533093062.0,533093062.0,,1.647,2306100000.0,31600000.0,70000000.0,214200000.0,4.326,1373200000.0
37,BF.B,MRQ,2012-03-31,2012-04-30,2012-04-30,2021-09-07,-230000000.0,3477000000.0,,1749000000.0,1728000000.0,,3.885,-27300000.0,338000000.0,338000000.0,379100000.0,104300000.0,4.329,0.681,510000000.0,7000000.0,503000000.0,510000000.0,0.0,11300000.0,0.0,0.016,0.093,150600000.0,161900000.0,0.202,161900000.0,150600000.0,143200000.0,0.196,0.192,0.196,2069000000.0,,2069000000.0,12529398199.0,16.0,14.916,147000000.0,0.276,1.0,421800000.0,0.527,1285000000.0,7400000.0,1960000000.0,,712000000.0,0.0,0.0,0.0,1408000000.0,404000000.0,1004000000.0,12262798199.0,-156800000.0,200000.0,-3800000.0,-250900000.0,-50000000.0,-304600000.0,-27100000.0,0.0,174300000.0,600000.0,104300000.0,104300000.0,104300000.0,0.0,0.0,0.13,274400000.0,147400000.0,386000000.0,0.474,5.927,23.904,24.086,399000000.0,0.0,23.027,3.393,3.393,475000000.0,3031000000.0,800900000.0,800900000.0,0.0,,,,,2500000.0,274800000.0,1.0,532547692.0,532547692.0,,1.504,2192000000.0,42000000.0,38900000.0,169000000.0,4.116,1345000000.0
38,BF.B,MRQ,2011-12-31,2012-01-31,2012-01-31,2021-09-07,-160900000.0,3676400000.0,,1953100000.0,1723300000.0,,3.824,-14200000.0,494900000.0,494900000.0,508100000.0,133100000.0,2.692,0.807,761500000.0,258000000.0,503500000.0,761500000.0,0.0,11900000.0,0.0,0.016,0.093,206800000.0,218700000.0,0.228,218700000.0,206800000.0,198900000.0,0.252,0.248,0.252,2034700000.0,,2034700000.0,11904328976.0,14.0,13.017,172000000.0,0.323,1.0,450900000.0,0.47,1284300000.0,7900000.0,1933100000.0,,684200000.0,0.0,0.0,0.0,1641700000.0,725600000.0,916100000.0,11524228976.0,114800000.0,0.0,-8100000.0,1800000.0,-49600000.0,-52800000.0,-14200000.0,0.0,186200000.0,-4400000.0,133100000.0,133100000.0,133100000.0,0.0,0.0,0.139,247600000.0,203300000.0,390800000.0,0.369,5.664,20.053,20.373,385300000.0,0.0,21.656,3.198,3.198,568700000.0,2927000000.0,959000000.0,959000000.0,0.0,,,,,2200000.0,246800000.0,1.0,532149472.0,532149472.0,,1.802,2392100000.0,34100000.0,65800000.0,200500000.0,4.495,1227500000.0
39,BF.B,MRQ,2011-09-30,2011-10-31,2011-10-31,2021-09-07,-158400000.0,3673600000.0,,1945600000.0,1728000000.0,,3.713,-12800000.0,380100000.0,380100000.0,511800000.0,157600000.0,2.585,0.831,760200000.0,256000000.0,504200000.0,760200000.0,0.0,12800000.0,0.0,0.031,0.085,247000000.0,259800000.0,0.256,259800000.0,247000000.0,239200000.0,0.292,0.292,0.292,2006200000.0,,2006200000.0,10976819907.0,12.0,11.726,78700000.0,0.146,1.0,501900000.0,0.495,1293900000.0,7800000.0,2007100000.0,,694500000.0,0.0,0.0,0.0,1667400000.0,752700000.0,914700000.0,10767919907.0,-172400000.0,-200000.0,-197900000.0,0.0,-46000000.0,-243500000.0,-13000000.0,0.0,91500000.0,-7400000.0,157600000.0,157600000.0,157600000.0,0.0,0.0,0.155,254800000.0,247100000.0,453300000.0,0.291,5.367,18.492,18.642,383000000.0,0.0,19.928,2.985,2.985,641900000.0,2893200000.0,1013700000.0,1013700000.0,0.0,,,,,2100000.0,253500000.0,1.0,540341224.0,540341224.0,,1.876,2379700000.0,52300000.0,81600000.0,205700000.0,4.404,1192900000.0
40,BF.B,MRQ,2011-06-30,2011-07-31,2011-07-31,2021-09-07,-132000000.0,3749200000.0,,2011600000.0,1737600000.0,,3.81,-6700000.0,552500000.0,552500000.0,420000000.0,118100000.0,2.623,0.811,761400000.0,256300000.0,505100000.0,761400000.0,0.0,13000000.0,0.0,0.031,0.085,186700000.0,199700000.0,0.238,199700000.0,186700000.0,178800000.0,0.216,0.216,0.216,2070200000.0,,2070200000.0,10850615376.0,12.0,11.716,57300000.0,0.105,1.0,420300000.0,0.5,1297700000.0,7900000.0,1893500000.0,,685500000.0,0.0,0.0,0.0,1679000000.0,766900000.0,912100000.0,10658615376.0,-14600000.0,-7000000.0,-20200000.0,1100000.0,-46400000.0,-61100000.0,-13700000.0,0.0,64000000.0,-3800000.0,118100000.0,118100000.0,118100000.0,0.0,0.0,0.141,231100000.0,189200000.0,404000000.0,0.394,5.149,18.418,18.506,388000000.0,0.0,19.616,3.046,3.046,523300000.0,2735400000.0,840300000.0,840300000.0,0.0,,,,,2200000.0,229800000.0,1.0,543363345.0,543363345.0,,1.546,2451500000.0,59800000.0,60700000.0,213900000.0,4.512,1244700000.0
41,BF.B,MRQ,2011-03-31,2011-04-30,2011-04-30,2021-09-07,-131000000.0,3712000000.0,,1976000000.0,1736000000.0,,3.784,-13200000.0,567000000.0,567000000.0,368100000.0,165900000.0,2.795,0.802,759000000.0,255000000.0,504000000.0,759000000.0,0.0,13100000.0,0.0,0.031,0.085,223200000.0,236300000.0,0.299,236300000.0,223200000.0,215100000.0,0.303,0.301,0.303,2060000000.0,,2060000000.0,10914202579.0,13.0,11.941,114300000.0,0.21,1.0,422900000.0,0.535,1295000000.0,8100000.0,1902000000.0,,647000000.0,0.0,0.0,0.0,1652000000.0,707000000.0,945000000.0,10433002579.0,288000000.0,233000000.0,-18300000.0,-2200000.0,-46500000.0,-67600000.0,219800000.0,0.0,127500000.0,8300000.0,165900000.0,165900000.0,165900000.0,0.0,0.0,0.21,267300000.0,155600000.0,412000000.0,0.281,5.065,18.24,18.355,393000000.0,0.0,19.163,3.065,3.065,496000000.0,2710000000.0,791000000.0,791000000.0,0.0,,,,,3000000.0,266100000.0,1.0,544444192.0,544444192.0,,1.453,2417000000.0,60000000.0,49200000.0,190000000.0,4.439,1269000000.0
42,BF.B,MRQ,2010-12-31,2011-01-31,2011-01-31,2021-09-07,-167600000.0,3522900000.0,,1686700000.0,1836200000.0,,3.443,-12500000.0,278600000.0,278600000.0,498900000.0,140700000.0,3.854,0.88,759800000.0,3100000.0,756700000.0,759800000.0,0.0,14200000.0,0.0,0.033,0.352,226100000.0,240300000.0,0.25,240300000.0,226100000.0,218600000.0,0.259,0.256,0.259,1873700000.0,,1873700000.0,10114719448.0,13.0,12.447,209200000.0,0.384,1.0,463500000.0,0.482,1335100000.0,7500000.0,2231400000.0,,677000000.0,0.0,0.0,0.0,1649200000.0,437600000.0,1211600000.0,9629819448.0,122900000.0,0.0,-14800000.0,116900000.0,-191600000.0,-87200000.0,-12500000.0,0.0,221700000.0,900000.0,140700000.0,140700000.0,140700000.0,0.0,0.0,0.146,240400000.0,223100000.0,371900000.0,1.359,5.139,20.121,20.221,450400000.0,0.0,17.693,2.878,2.878,530300000.0,2544600000.0,962400000.0,962400000.0,0.0,,,,,2100000.0,239100000.0,1.0,544262591.0,544262591.0,,1.768,2187800000.0,45100000.0,77900000.0,169400000.0,4.02,1249100000.0
43,BF.B,MRQ,2010-09-30,2010-10-31,2010-10-31,2021-09-07,-173700000.0,3440100000.0,,1603700000.0,1836400000.0,,3.604,-7800000.0,155700000.0,155700000.0,446900000.0,154000000.0,2.956,0.741,640600000.0,132100000.0,508500000.0,640600000.0,0.0,14200000.0,0.0,0.02,0.08,235600000.0,249800000.0,0.276,249800000.0,235600000.0,228900000.0,0.283,0.28,0.283,1975400000.0,,1975400000.0,9348612209.0,13.0,12.27,73400000.0,0.134,1.0,458800000.0,0.507,1338700000.0,6700000.0,2043800000.0,,698900000.0,0.0,0.0,0.0,1464700000.0,542500000.0,922200000.0,8888912209.0,-105100000.0,0.0,-60300000.0,-81000000.0,-43900000.0,-183800000.0,-7800000.0,0.0,81200000.0,5300000.0,154000000.0,154000000.0,154000000.0,0.0,0.0,0.17,227700000.0,231100000.0,381700000.0,0.283,4.5,19.939,19.995,449500000.0,0.0,16.216,2.739,2.739,544000000.0,2641900000.0,905700000.0,905700000.0,0.0,,,,,2200000.0,226400000.0,1.0,548156895.0,548156895.0,,1.652,2101400000.0,52400000.0,74900000.0,124800000.0,3.834,1061200000.0
44,BF.B,MRQ,2010-06-30,2010-07-31,2010-07-31,2021-09-07,-184900000.0,3381900000.0,,1544500000.0,1837400000.0,,3.387,3500000.0,260800000.0,260800000.0,366100000.0,111400000.0,2.542,0.812,720500000.0,211700000.0,508800000.0,720500000.0,0.0,14500000.0,0.0,0.019,0.08,173200000.0,187700000.0,0.252,187700000.0,173200000.0,166500000.0,0.203,0.203,0.203,1866900000.0,,1866900000.0,9758480879.0,14.0,12.972,100100000.0,0.182,1.0,378800000.0,0.509,1332700000.0,6700000.0,1901200000.0,,671900000.0,0.0,0.0,0.0,1515000000.0,607700000.0,907300000.0,9291480879.0,29200000.0,0.0,-49600000.0,21300000.0,-44000000.0,-67400000.0,3500000.0,0.0,96600000.0,-3500000.0,111400000.0,111400000.0,111400000.0,0.0,0.0,0.15,209500000.0,169300000.0,313800000.0,0.394,4.977,21.16,21.283,451800000.0,0.0,16.856,2.874,2.874,411600000.0,2487900000.0,744900000.0,744900000.0,0.0,,,,,1700000.0,208200000.0,1.0,551226915.0,551226915.0,,1.351,2049200000.0,47400000.0,55100000.0,119300000.0,3.718,936800000.0
45,BF.B,MRQ,2010-03-31,2010-04-30,2010-04-30,2021-09-07,-176000000.0,3383000000.0,,1527000000.0,1856000000.0,,3.44,-15600000.0,232000000.0,232000000.0,356500000.0,72500000.0,2.797,0.785,699000000.0,191000000.0,508000000.0,699000000.0,0.0,15200000.0,0.0,0.02,0.08,119600000.0,134800000.0,0.184,134800000.0,119600000.0,112200000.0,0.131,0.131,0.131,1895000000.0,,1895000000.0,9070773838.0,13.0,11.75,104900000.0,0.19,1.0,377000000.0,0.514,1335000000.0,7400000.0,1969000000.0,,651000000.0,0.0,0.0,0.0,1488000000.0,546000000.0,942000000.0,8545773838.0,-9600000.0,0.0,-2700000.0,-69000000.0,-44200000.0,-115900000.0,-15600000.0,0.0,120500000.0,1400000.0,72500000.0,72500000.0,72500000.0,0.0,0.0,0.099,256300000.0,120700000.0,342000000.0,0.611,4.51,19.033,19.201,468000000.0,0.0,15.515,2.649,2.649,418000000.0,2464000000.0,733500000.0,733500000.0,0.0,,,,,2200000.0,255100000.0,1.0,550819042.0,550819042.0,,1.332,2048000000.0,53000000.0,39700000.0,95000000.0,3.718,981000000.0
46,BF.B,MRQ,2009-12-31,2010-01-31,2010-01-31,2021-09-07,-117100000.0,3418300000.0,,1548400000.0,1869900000.0,,3.417,-5200000.0,241700000.0,241700000.0,450800000.0,107900000.0,2.264,0.817,766700000.0,258400000.0,508300000.0,766700000.0,0.0,15200000.0,0.0,0.023,0.08,174400000.0,189600000.0,0.22,189600000.0,174400000.0,166800000.0,0.195,0.195,0.195,1881800000.0,,1881800000.0,8211569956.0,11.0,10.598,213600000.0,0.388,1.0,410900000.0,0.477,1350500000.0,7600000.0,1908800000.0,,658300000.0,0.0,0.0,0.0,1536500000.0,684000000.0,852500000.0,7537669956.0,-47600000.0,0.0,-20900000.0,-196700000.0,-44000000.0,-260500000.0,-5200000.0,0.0,218800000.0,-700000.0,107900000.0,107900000.0,107900000.0,0.0,0.0,0.125,224800000.0,186100000.0,361400000.0,0.41,4.006,16.501,16.771,464200000.0,0.0,13.685,2.374,2.374,454000000.0,2391800000.0,861700000.0,861700000.0,0.0,,,,,1900000.0,223500000.0,1.0,550784535.0,550784535.0,,1.564,2067800000.0,114300000.0,58900000.0,129900000.0,3.754,864400000.0
47,BF.B,MRQ,2009-09-30,2009-10-31,2009-10-31,2021-09-07,-122800000.0,3585000000.0,,1684400000.0,1900600000.0,,3.366,-6200000.0,289300000.0,289300000.0,449900000.0,147300000.0,1.937,0.913,963200000.0,454700000.0,508500000.0,963200000.0,0.0,14200000.0,0.0,0.024,0.077,226000000.0,240200000.0,0.269,240200000.0,226000000.0,218200000.0,0.264,0.264,0.264,1874200000.0,,1874200000.0,7876469164.0,11.0,10.134,81700000.0,0.147,1.0,443000000.0,0.496,1371100000.0,7800000.0,2018000000.0,,690200000.0,0.0,0.0,0.0,1710800000.0,869800000.0,841000000.0,7247669164.0,2800000.0,0.0,-89100000.0,47800000.0,-42600000.0,-82900000.0,-6200000.0,0.0,87900000.0,4000000.0,147300000.0,147300000.0,147300000.0,0.0,0.0,0.165,217400000.0,225600000.0,392200000.0,0.292,3.867,15.345,15.495,473900000.0,0.0,13.016,2.339,2.339,519100000.0,2372000000.0,892900000.0,892900000.0,0.0,,,,,2000000.0,217200000.0,1.0,556827686.0,556827686.0,,1.604,2213900000.0,134500000.0,70900000.0,128100000.0,3.976,814600000.0
48,BF.B,MRQ,2009-06-30,2009-07-31,2009-07-31,2021-09-07,-132700000.0,3444200000.0,,1540000000.0,1904200000.0,,3.203,-8000000.0,286500000.0,286500000.0,357800000.0,121400000.0,1.899,0.91,915300000.0,406200000.0,509100000.0,915300000.0,0.0,14400000.0,0.0,0.026,0.077,193000000.0,207400000.0,0.281,207400000.0,193000000.0,184900000.0,0.216,0.216,0.216,1803000000.0,,1803000000.0,7257236398.0,10.0,9.38,109800000.0,0.195,1.0,380100000.0,0.515,1365500000.0,8100000.0,1896400000.0,,685400000.0,0.0,0.0,0.0,1641200000.0,811100000.0,830100000.0,6598236398.0,-53600000.0,0.0,-51300000.0,-84100000.0,-43200000.0,-177700000.0,-8000000.0,0.0,117800000.0,14300000.0,121400000.0,121400000.0,121400000.0,0.0,0.0,0.165,188100000.0,192000000.0,323000000.0,0.356,3.66,14.093,14.138,479700000.0,0.0,11.72,2.101,2.101,392600000.0,2224600000.0,737900000.0,737900000.0,0.0,,,,,1900000.0,193200000.0,1.0,562989454.0,562989454.0,,1.311,2078700000.0,137700000.0,63500000.0,134100000.0,3.692,728900000.0
49,BF.B,MRQ,2009-03-31,2009-04-30,2009-04-30,2021-09-07,-133000000.0,3475000000.0,,1574000000.0,1901000000.0,,3.224,-14400000.0,340000000.0,340000000.0,324200000.0,80200000.0,1.883,0.914,999000000.0,490000000.0,509000000.0,999000000.0,0.0,14900000.0,0.0,0.024,0.077,122700000.0,137600000.0,0.201,137600000.0,122700000.0,113900000.0,0.141,0.141,0.141,1816000000.0,,1816000000.0,7707726616.0,12.0,10.676,133700000.0,0.237,1.0,358900000.0,0.525,1361000000.0,8800000.0,1937000000.0,,652000000.0,0.0,0.0,0.0,1659000000.0,836000000.0,823000000.0,6984626616.0,5200000.0,200000.0,-16600000.0,-70800000.0,-43400000.0,-131000000.0,-14200000.0,0.0,148100000.0,2300000.0,80200000.0,80200000.0,80200000.0,0.0,0.0,0.117,240900000.0,118000000.0,326000000.0,0.546,3.846,16.057,16.146,483000000.0,0.0,12.4,2.188,2.188,367000000.0,2189000000.0,683100000.0,683100000.0,0.0,,,,,800000.0,239700000.0,1.0,563276340.0,563276340.0,,1.213,2114000000.0,11000000.0,33700000.0,100000000.0,3.753,738000000.0
50,BF.B,MRQ,2008-12-31,2009-01-31,2009-01-31,2021-09-07,-73000000.0,3499800000.0,,1594500000.0,1905300000.0,,3.209,-11400000.0,334700000.0,334700000.0,413500000.0,123400000.0,2.137,0.932,1057800000.0,397200000.0,660600000.0,1057800000.0,0.0,13500000.0,0.0,0.024,0.077,178500000.0,192000000.0,0.245,192000000.0,178500000.0,169100000.0,0.219,0.216,0.219,1811600000.0,,1811600000.0,7724339118.0,11.0,10.508,215300000.0,0.381,1.0,370600000.0,0.473,1359600000.0,9400000.0,2117300000.0,,643200000.0,0.0,0.0,0.0,1688200000.0,746000000.0,942200000.0,6851739118.0,7900000.0,16800000.0,-23900000.0,-153400000.0,-43400000.0,-219900000.0,5400000.0,0.0,226700000.0,-4300000.0,123400000.0,123400000.0,123400000.0,0.0,0.0,0.157,201400000.0,169200000.0,299500000.0,0.352,3.782,15.089,15.043,479500000.0,0.0,12.109,2.088,2.084,413500000.0,2109600000.0,784100000.0,784100000.0,0.0,,,,,1600000.0,200100000.0,1.0,565822984.0,564540000.0,568072500.0,1.389,2140200000.0,102300000.0,45700000.0,114400000.0,3.791,848500000.0
51,BF.B,MRQ,2008-09-30,2008-10-31,2008-10-31,2021-09-07,-57100000.0,3680600000.0,,1773000000.0,1907600000.0,,3.208,-14000000.0,326800000.0,326800000.0,468000000.0,143200000.0,1.52,1.031,1199400000.0,787100000.0,412300000.0,1199400000.0,0.0,13300000.0,0.0,0.024,0.073,223400000.0,236700000.0,0.253,236700000.0,223400000.0,213800000.0,0.253,0.251,0.253,1812200000.0,,1812200000.0,7686839137.0,11.0,10.396,-2500000.0,-0.004,1.0,466700000.0,0.499,1359300000.0,9600000.0,2027600000.0,,683000000.0,0.0,0.0,0.0,1868400000.0,1166300000.0,702100000.0,6849639137.0,166600000.0,0.0,-800000.0,228500000.0,-41100000.0,187300000.0,-14000000.0,0.0,11500000.0,-18200000.0,143200000.0,143200000.0,143200000.0,0.0,0.0,0.153,245000000.0,221700000.0,370900000.0,0.289,3.78,15.334,15.344,486100000.0,0.0,12.107,2.03,2.027,534400000.0,2072900000.0,934700000.0,934700000.0,0.0,,,,,2100000.0,249900000.0,1.0,565774158.0,564978750.0,569355000.0,1.654,2321300000.0,102300000.0,70600000.0,113900000.0,4.109,606700000.0
52,BF.B,MRQ,2008-06-30,2008-07-31,2008-07-31,2021-09-07,26800000.0,3448900000.0,,1494400000.0,1954500000.0,,3.1,-14200000.0,160200000.0,160200000.0,409200000.0,88200000.0,1.457,0.97,997400000.0,580700000.0,416700000.0,997400000.0,0.0,13300000.0,0.0,0.018,0.073,142300000.0,155600000.0,0.197,155600000.0,142300000.0,133100000.0,0.157,0.155,0.157,1751000000.0,,1751000000.0,9564920205.0,14.0,13.097,90500000.0,0.16,1.0,380800000.0,0.482,1385700000.0,9200000.0,1874600000.0,,709000000.0,0.0,0.0,0.0,1697900000.0,1025800000.0,672100000.0,8677920205.0,41300000.0,0.0,-3700000.0,-10300000.0,-41100000.0,-52400000.0,-14200000.0,0.0,104700000.0,3200000.0,88200000.0,88200000.0,88200000.0,0.0,0.0,0.112,240200000.0,140600000.0,343000000.0,0.465,4.956,20.046,20.199,505700000.0,0.0,15.351,2.604,2.601,428800000.0,1934300000.0,790000000.0,790000000.0,0.0,,,,,2500000.0,241300000.0,1.0,565282809.0,564764062.0,569760938.0,1.399,2063200000.0,102300000.0,44900000.0,143000000.0,3.653,468600000.0
53,BF.B,MRQ,2008-03-31,2008-04-30,2008-04-30,2021-09-07,5000000.0,3405000000.0,,1456000000.0,1949000000.0,,3.054,-10200000.0,119000000.0,119000000.0,370700000.0,99300000.0,1.48,0.974,1006000000.0,589000000.0,417000000.0,1006000000.0,0.0,13600000.0,0.0,0.019,0.073,137200000.0,150800000.0,0.195,150800000.0,137200000.0,126800000.0,0.176,0.176,0.176,1725000000.0,,1725000000.0,9073593796.0,13.0,12.179,126500000.0,0.224,1.0,401400000.0,0.52,1387000000.0,10400000.0,1921000000.0,,685000000.0,0.0,0.0,0.0,1680000000.0,984000000.0,696000000.0,8195893796.0,-17800000.0,-14600000.0,-102800000.0,-7600000.0,-41700000.0,-149000000.0,-10400000.0,400000.0,136700000.0,4900000.0,99300000.0,99300000.0,99300000.0,0.0,0.0,0.129,268100000.0,133300000.0,380000000.0,0.415,4.751,18.627,18.969,501000000.0,0.0,14.511,2.497,2.497,453000000.0,1931000000.0,772100000.0,772100000.0,0.0,,,,,2500000.0,259700000.0,1.0,564808177.0,564808177.0,,1.367,2018000000.0,102000000.0,27500000.0,89000000.0,3.573,472000000.0
54,BF.B,MRQ,2007-12-31,2008-01-31,2008-01-31,2021-09-07,-23800000.0,3391600000.0,,1443900000.0,1947700000.0,,2.943,-9600000.0,136600000.0,136600000.0,444800000.0,116000000.0,1.433,1.001,1014300000.0,597000000.0,417300000.0,1014300000.0,0.0,12700000.0,0.0,0.047,0.073,183600000.0,196300000.0,0.224,196300000.0,183600000.0,172600000.0,0.203,0.2,0.203,1694600000.0,,1694600000.0,8599321266.0,13.0,12.019,189700000.0,0.329,1.0,432600000.0,0.493,1382600000.0,11000000.0,1879100000.0,,682500000.0,0.0,0.0,0.0,1697000000.0,1007600000.0,689400000.0,7674721266.0,-56100000.0,0.0,-101400000.0,-103100000.0,-41900000.0,-245000000.0,-9600000.0,0.0,199300000.0,-800000.0,116000000.0,116000000.0,116000000.0,-100000.0,0.0,0.132,251000000.0,181600000.0,354100000.0,0.36,4.529,18.857,18.762,502100000.0,0.0,13.265,2.398,2.386,473100000.0,1832200000.0,877400000.0,877400000.0,0.0,,,,,2100000.0,250900000.0,1.0,578566355.0,575793750.0,581130000.0,1.524,2009000000.0,76100000.0,56600000.0,84700000.0,3.489,436300000.0
55,BF.B,MRQ,2007-09-30,2007-10-31,2007-10-31,2021-09-07,-33600000.0,3546300000.0,,1595200000.0,1951100000.0,,3.028,-12500000.0,192700000.0,192700000.0,423400000.0,129400000.0,1.42,1.026,1117300000.0,699100000.0,418200000.0,1117300000.0,0.0,12900000.0,0.0,0.039,0.065,214700000.0,227600000.0,0.255,227600000.0,214700000.0,200300000.0,0.224,0.221,0.224,1750000000.0,,1750000000.0,10077469068.0,16.0,14.421,57100000.0,0.099,1.0,470000000.0,0.526,1382700000.0,14400000.0,1965100000.0,,733600000.0,0.0,0.0,0.0,1796300000.0,1123100000.0,673200000.0,9139069068.0,12900000.0,100000.0,-12100000.0,-2400000.0,-37400000.0,-49700000.0,-12400000.0,0.0,69600000.0,5400000.0,129400000.0,129400000.0,129400000.0,100000.0,0.0,0.145,257400000.0,212600000.0,424000000.0,0.29,5.222,23.073,22.94,506200000.0,0.0,15.782,2.969,2.964,535100000.0,1799500000.0,893400000.0,893400000.0,0.0,,,,,3000000.0,259300000.0,1.0,579067130.0,578017500.0,583755000.0,1.546,2163600000.0,76100000.0,70900000.0,61700000.0,3.743,472100000.0
56,BF.B,MRQ,2007-06-30,2007-07-31,2007-07-31,2021-09-07,-54300000.0,3342200000.0,,1415400000.0,1926800000.0,,2.782,-14700000.0,179800000.0,179800000.0,348100000.0,95300000.0,1.316,1.08,1118200000.0,696800000.0,421400000.0,1118200000.0,0.0,12800000.0,0.0,0.043,0.065,157300000.0,170100000.0,0.23,170100000.0,157300000.0,144200000.0,0.164,0.164,0.164,1606900000.0,,1606900000.0,9083281651.0,15.0,13.62,113700000.0,0.197,1.0,391000000.0,0.529,1364800000.0,13100000.0,1840300000.0,,724800000.0,0.0,0.0,0.0,1735300000.0,1075500000.0,659800000.0,8189281651.0,-103000000.0,1500000.0,4300000.0,-58900000.0,-241000000.0,-292300000.0,60400000.0,85600000.0,128400000.0,500000.0,95300000.0,95300000.0,95300000.0,100000.0,0.0,0.129,235600000.0,155400000.0,334300000.0,0.396,5.096,20.971,20.875,504800000.0,0.0,14.174,2.813,2.812,393800000.0,1670200000.0,739100000.0,739100000.0,0.0,,,,,2400000.0,237100000.0,1.0,577773295.0,577579688.0,583284375.0,1.28,1977400000.0,76000000.0,48900000.0,60000000.0,3.424,339900000.0
57,BF.B,MRQ,2007-03-31,2007-04-30,2007-04-30,2021-09-07,-57000000.0,3551000000.0,,1635000000.0,1916000000.0,,2.725,-22100000.0,283000000.0,283000000.0,328500000.0,66300000.0,1.214,1.257,1177000000.0,755000000.0,422000000.0,1177000000.0,0.0,12200000.0,0.0,0.044,0.419,109300000.0,121500000.0,0.176,121500000.0,109300000.0,94900000.0,0.116,0.115,0.116,1573000000.0,,1573000000.0,8863126061.0,15.0,13.573,55300000.0,0.096,1.0,362100000.0,0.524,1354000000.0,14400000.0,1744000000.0,,694000000.0,86000000.0,86000000.0,0.0,1978000000.0,1347000000.0,631000000.0,7871926061.0,28900000.0,12500000.0,1400000.0,-71100000.0,-36900000.0,-104800000.0,53800000.0,63900000.0,77400000.0,2500000.0,66300000.0,66300000.0,66300000.0,2800000.0,0.0,0.096,253800000.0,108300000.0,361000000.0,3.612,5.004,20.236,20.145,506000000.0,0.0,13.638,2.805,2.805,404000000.0,1649000000.0,690600000.0,690600000.0,0.0,,,,,2100000.0,250700000.0,1.0,577188384.0,577188384.0,,1.196,2197000000.0,76000000.0,28600000.0,83000000.0,3.806,288000000.0
58,BF.B,MRQ,2006-12-31,2007-01-31,2007-01-31,2021-09-07,27000000.0,3730800000.0,,1714200000.0,2016600000.0,,3.104,-21100000.0,253900000.0,253900000.0,367500000.0,105100000.0,1.281,1.085,1245100000.0,875800000.0,369300000.0,1245100000.0,0.0,11700000.0,0.0,0.017,0.065,167900000.0,179600000.0,0.238,179600000.0,167900000.0,159800000.0,0.183,0.181,0.183,1789200000.0,,1789200000.0,8400957488.0,14.0,12.891,149700000.0,0.26,1.0,387300000.0,0.513,1349300000.0,8100000.0,2035000000.0,,700600000.0,149800000.0,149800000.0,0.0,1941600000.0,1337700000.0,603900000.0,8072657488.0,31300000.0,-794900000.0,1000000.0,696300000.0,-37300000.0,660500000.0,-801000000.0,40400000.0,170800000.0,1000000.0,105100000.0,105100000.0,105100000.0,6500000.0,0.0,0.139,218500000.0,168800000.0,363800000.0,0.355,4.512,20.156,20.075,496700000.0,0.0,13.993,2.99,2.987,485200000.0,1796200000.0,754800000.0,754800000.0,0.0,,,,,1600000.0,223400000.0,1.0,576926086.0,576393750.0,582328125.0,1.31,2381500000.0,79600000.0,54700000.0,181500000.0,4.132,376500000.0
59,BF.B,MRQ,2006-09-30,2006-10-31,2006-10-31,2021-09-07,21100000.0,2925200000.0,,1556000000.0,1369200000.0,,3.038,1600000.0,222600000.0,222600000.0,344500000.0,123800000.0,2.636,0.672,550900000.0,197200000.0,353700000.0,550900000.0,0.0,10100000.0,0.0,0.016,0.06,185600000.0,195700000.0,0.269,195700000.0,185600000.0,179900000.0,0.215,0.213,0.215,1749600000.0,,1749600000.0,9210578980.0,15.0,14.124,32200000.0,0.056,1.0,382600000.0,0.526,766400000.0,5700000.0,1896800000.0,,593700000.0,190200000.0,190200000.0,0.0,1175600000.0,590300000.0,585300000.0,8878778980.0,2700000.0,-500000.0,7700000.0,-900000.0,-34400000.0,-25200000.0,-2800000.0,-3900000.0,30600000.0,100000.0,123800000.0,123800000.0,123800000.0,900000.0,0.0,0.17,199900000.0,182700000.0,341900000.0,0.279,5.075,21.348,21.271,427500000.0,0.0,15.401,3.451,3.447,441700000.0,1765500000.0,727100000.0,727100000.0,0.0,,,,,1800000.0,213100000.0,1.0,576524123.0,575967188.0,582614062.0,1.262,2158800000.0,81000000.0,56100000.0,179800000.0,3.748,965700000.0
60,BF.B,MRQ,2006-06-30,2006-07-31,2006-07-31,2021-09-07,21100000.0,2756600000.0,,1386500000.0,1370100000.0,,2.808,-11400000.0,219900000.0,219900000.0,284500000.0,93700000.0,2.464,0.708,551700000.0,198100000.0,353600000.0,551700000.0,0.0,10000000.0,0.0,0.015,0.06,146100000.0,156100000.0,0.246,156100000.0,146100000.0,140300000.0,0.162,0.162,0.162,1613800000.0,,1613800000.0,9113562673.0,16.0,14.519,64800000.0,0.113,1.0,348900000.0,0.551,766400000.0,5800000.0,1759300000.0,,546600000.0,186300000.0,186300000.0,0.0,1142800000.0,562700000.0,580100000.0,9012562673.0,-254900000.0,-250100000.0,16900000.0,-29300000.0,-34400000.0,-43500000.0,-288000000.0,-26400000.0,76200000.0,400000.0,93700000.0,93700000.0,93700000.0,900000.0,0.0,0.148,206600000.0,142300000.0,249100000.0,0.37,5.585,22.481,22.449,438500000.0,0.0,15.669,3.588,3.586,331200000.0,1639800000.0,633400000.0,633400000.0,0.0,,,,,2500000.0,208600000.0,1.0,575172056.0,574748438.0,581559375.0,1.102,1990200000.0,81000000.0,46600000.0,208200000.0,3.463,823800000.0
61,BF.B,MRQ,2006-03-31,2006-04-30,2006-04-30,2021-09-07,18000000.0,2728000000.0,,1609000000.0,1119000000.0,,2.727,-18000000.0,475000000.0,475000000.0,262300000.0,77900000.0,2.828,0.745,576000000.0,225000000.0,351000000.0,576000000.0,0.0,10600000.0,0.0,0.014,0.06,109700000.0,120300000.0,0.206,120300000.0,109700000.0,105100000.0,0.136,0.136,0.136,1563000000.0,,1563000000.0,9346136525.0,19.0,17.18,81600000.0,0.142,1.0,322600000.0,0.552,517000000.0,4600000.0,1743000000.0,,511000000.0,160000000.0,160000000.0,0.0,1165000000.0,569000000.0,596000000.0,9110936525.0,108700000.0,7500000.0,6500000.0,-25000000.0,-34000000.0,-49800000.0,58900000.0,69700000.0,99600000.0,0.0,77900000.0,77900000.0,77900000.0,-2800000.0,0.0,0.133,220000000.0,102600000.0,289000000.0,0.441,5.829,28.472,28.432,425000000.0,0.0,15.893,3.777,3.777,323000000.0,1607000000.0,584900000.0,584900000.0,0.0,,,,,2500000.0,220300000.0,1.0,573255234.0,573255234.0,,1.02,2211000000.0,80000000.0,27200000.0,182000000.0,3.857,1040000000.0
62,BF.B,MRQ,2005-12-31,2006-01-31,2006-01-31,2021-09-07,6000000.0,2654600000.0,,1529800000.0,1124800000.0,,2.553,-4800000.0,366200000.0,366200000.0,296800000.0,120500000.0,2.588,0.816,601400000.0,249500000.0,351900000.0,601400000.0,0.0,9700000.0,0.0,0.014,0.06,170300000.0,180000000.0,0.287,180000000.0,170300000.0,166000000.0,0.211,0.208,0.211,1461600000.0,,1461600000.0,8813523503.0,18.0,16.881,172700000.0,0.302,1.0,330800000.0,0.527,520300000.0,4300000.0,1778500000.0,,519800000.0,229700000.0,229700000.0,0.0,1193000000.0,591000000.0,602000000.0,8663923503.0,-85700000.0,0.0,4300000.0,0.0,-34200000.0,-27900000.0,-235300000.0,-229700000.0,177500000.0,0.0,120500000.0,120500000.0,120500000.0,-400000.0,0.0,0.192,165500000.0,165300000.0,261200000.0,0.284,5.928,28.641,28.6,418100000.0,0.0,15.13,3.734,3.732,312600000.0,1530400000.0,627600000.0,627600000.0,0.0,,,,,3200000.0,198000000.0,1.0,572647228.0,572418750.0,579178125.0,1.096,2134300000.0,69900000.0,45500000.0,188400000.0,3.729,938800000.0
63,BF.B,MRQ,2005-09-30,2005-10-31,2005-10-31,2021-09-07,4900000.0,2591800000.0,,1483700000.0,1108100000.0,,2.448,-13200000.0,451900000.0,451900000.0,308400000.0,108800000.0,2.513,0.851,601500000.0,249700000.0,351800000.0,601500000.0,0.0,10900000.0,0.0,0.015,0.052,160400000.0,171300000.0,0.257,171300000.0,160400000.0,155900000.0,0.19,0.188,0.19,1400000000.0,,1400000000.0,8064467083.0,17.0,15.797,19000000.0,0.033,1.0,357400000.0,0.537,519400000.0,4500000.0,1631500000.0,,522500000.0,0.0,0.0,0.0,1191800000.0,590500000.0,601300000.0,7728867083.0,186600000.0,196500000.0,600000.0,0.0,-29900000.0,-28100000.0,182500000.0,0.0,32200000.0,0.0,108800000.0,108800000.0,108800000.0,3000000.0,0.0,0.163,197600000.0,159800000.0,299700000.0,0.274,5.521,27.902,27.861,417300000.0,0.0,13.513,3.361,3.361,405000000.0,1478300000.0,665800000.0,665800000.0,0.0,,,,,1500000.0,197600000.0,1.0,571977652.0,571950000.0,577696875.0,1.164,2072400000.0,69900000.0,47100000.0,183600000.0,3.623,893200000.0
64,BF.B,MRQ,2005-06-30,2005-07-31,2005-07-31,2021-09-07,-20700000.0,2596700000.0,,1340300000.0,1256400000.0,,2.208,-8000000.0,265300000.0,265300000.0,244500000.0,12800000.0,2.077,1.057,600900000.0,249300000.0,351600000.0,600900000.0,0.0,10800000.0,0.0,0.016,0.052,61300000.0,72100000.0,0.132,72100000.0,61300000.0,56800000.0,0.021,0.021,0.021,1262200000.0,,1262200000.0,7465551383.0,16.0,14.745,25700000.0,0.045,1.0,303000000.0,0.553,520000000.0,4500000.0,1767100000.0,,488000000.0,0.0,0.0,0.0,1334500000.0,645200000.0,689300000.0,7129551383.0,-29600000.0,0.0,4600000.0,-30000000.0,-29900000.0,-54200000.0,-9100000.0,0.0,33700000.0,0.0,12800000.0,12800000.0,12800000.0,74700000.0,0.0,0.023,182600000.0,120400000.0,227100000.0,2.476,5.649,26.445,26.418,414200000.0,0.0,12.469,3.153,3.152,321000000.0,1369100000.0,547500000.0,547500000.0,0.0,,,,,1800000.0,182600000.0,1.0,571766845.0,571617188.0,577317188.0,0.958,2076700000.0,69900000.0,44000000.0,230300000.0,3.633,695100000.0
65,BF.B,MRQ,2005-03-31,2005-04-30,2005-04-30,2021-09-07,-11000000.0,2649000000.0,,1315000000.0,1334000000.0,,2.294,-15300000.0,295000000.0,295000000.0,212300000.0,60400000.0,2.061,1.022,630000000.0,279000000.0,351000000.0,630000000.0,0.0,10200000.0,0.0,0.016,0.052,88500000.0,98700000.0,0.206,98700000.0,88500000.0,83900000.0,0.107,0.106,0.107,1310000000.0,,1310000000.0,7103932323.0,14.0,13.254,38700000.0,0.068,1.0,267100000.0,0.557,527000000.0,4600000.0,1819000000.0,,470000000.0,0.0,0.0,0.0,1339000000.0,638000000.0,701000000.0,6760132323.0,5200000.0,300000.0,2300000.0,-3000000.0,-29400000.0,-29300000.0,-19500000.0,-400000.0,54000000.0,0.0,60400000.0,60400000.0,60400000.0,1000000.0,0.0,0.126,179900000.0,87200000.0,264000000.0,0.486,5.16,21.948,21.926,418000000.0,0.0,11.84,3.08,3.08,296000000.0,1415000000.0,479400000.0,479400000.0,0.0,,,,,2100000.0,181900000.0,1.0,570957122.0,570957122.0,,0.84,2122000000.0,70000000.0,23500000.0,200000000.0,3.717,677000000.0
66,BF.B,MRQ,2004-12-31,2005-01-31,2005-01-31,2021-09-07,-3400000.0,2622200000.0,,1310900000.0,1311300000.0,,2.175,-8800000.0,289500000.0,289500000.0,302100000.0,95000000.0,2.68,1.113,633300000.0,32500000.0,600800000.0,633300000.0,0.0,3900000.0,0.0,0.018,0.052,164500000.0,168400000.0,0.277,168400000.0,164500000.0,159500000.0,0.166,0.166,0.166,1241200000.0,,1241200000.0,6445832028.0,13.0,12.555,221800000.0,0.389,1.0,305000000.0,0.502,617200000.0,5000000.0,1859600000.0,,573700000.0,18200000.0,0.0,18200000.0,1381000000.0,489200000.0,891800000.0,5873732028.0,203700000.0,92700000.0,900000.0,-24800000.0,-29900000.0,-53600000.0,26700000.0,-63600000.0,230600000.0,0.0,95000000.0,95000000.0,95000000.0,29400000.0,0.0,0.156,186100000.0,118900000.0,314300000.0,0.313,4.732,19.469,19.524,500500000.0,0.0,10.289,3.293,3.292,357100000.0,1376100000.0,607100000.0,607100000.0,0.0,,,,,1600000.0,186100000.0,1.0,570871219.0,570726562.0,574134375.0,1.064,2005000000.0,66900000.0,64500000.0,225800000.0,3.513,821700000.0
67,BF.B,MRQ,2004-09-30,2004-10-31,2004-10-31,2021-09-07,-4700000.0,2563700000.0,,1276000000.0,1287700000.0,,2.108,-13200000.0,85800000.0,85800000.0,296700000.0,101400000.0,2.638,1.131,657900000.0,56800000.0,601100000.0,657900000.0,0.0,14800000.0,0.0,0.019,0.045,152300000.0,167100000.0,0.266,167100000.0,152300000.0,147200000.0,0.177,0.177,0.177,1202800000.0,,1202800000.0,6031355082.0,14.0,12.395,19000000.0,0.033,1.0,330500000.0,0.527,567500000.0,5100000.0,2084600000.0,,601700000.0,46500000.0,0.0,46500000.0,1360900000.0,483700000.0,877200000.0,5468655082.0,1800000.0,0.0,-2000000.0,10800000.0,-25800000.0,-16900000.0,-13500000.0,0.0,32200000.0,0.0,101400000.0,101400000.0,101400000.0,-8000000.0,0.0,0.162,187000000.0,143500000.0,344900000.0,0.254,4.547,19.041,19.081,507600000.0,0.0,9.579,2.921,2.919,488700000.0,1340200000.0,627200000.0,627200000.0,0.0,,,,,3300000.0,187000000.0,1.0,570920283.0,570642188.0,573829688.0,1.099,1996200000.0,66900000.0,45800000.0,182500000.0,3.498,792300000.0
68,BF.B,MRQ,2004-06-30,2004-07-31,2004-07-31,2021-09-07,-12400000.0,2372700000.0,,1086000000.0,1286700000.0,,1.917,-9700000.0,84000000.0,84000000.0,227900000.0,51200000.0,2.949,1.17,646700000.0,16500000.0,630200000.0,646700000.0,0.0,14100000.0,0.0,0.018,0.045,87600000.0,101700000.0,0.211,101700000.0,87600000.0,82400000.0,0.09,0.09,0.09,1093300000.0,,1093300000.0,6275429866.0,15.0,13.264,69500000.0,0.122,1.0,253400000.0,0.526,562300000.0,5200000.0,2004900000.0,,578300000.0,45300000.0,0.0,45300000.0,1279400000.0,368200000.0,911200000.0,5663429866.0,16300000.0,0.0,4800000.0,-33000000.0,-25900000.0,-53200000.0,-9700000.0,0.0,79200000.0,0.0,51200000.0,51200000.0,51200000.0,8600000.0,0.0,0.106,157900000.0,95500000.0,257700000.0,0.5,5.18,20.669,20.671,511200000.0,0.0,9.922,2.875,2.874,324300000.0,1236400000.0,481300000.0,481300000.0,0.0,,,,,0.0,157900000.0,1.0,570787519.0,570435938.0,573815625.0,0.844,1810400000.0,66900000.0,31200000.0,178300000.0,3.174,717800000.0
69,BF.B,MRQ,2004-03-31,2004-04-30,2004-04-30,2021-09-07,-14000000.0,2376000000.0,,1083000000.0,1293000000.0,,1.923,4600000.0,68000000.0,68000000.0,12300000.0,54100000.0,2.935,1.17,680000000.0,50000000.0,630000000.0,680000000.0,0.0,300000.0,0.0,0.017,0.045,75900000.0,76200000.0,1.117,76200000.0,75900000.0,70200000.0,0.094,0.094,0.094,1095000000.0,,1095000000.0,6323367571.0,16.0,14.47,60400000.0,0.106,1.0,55900000.0,0.82,562000000.0,5700000.0,2057000000.0,,557000000.0,45000000.0,0.0,45000000.0,1281000000.0,369000000.0,912000000.0,5691267571.0,-42100000.0,0.0,4100000.0,-55000000.0,-25700000.0,-81600000.0,-16300000.0,0.0,55800000.0,0.0,54100000.0,54100000.0,54100000.0,-12000000.0,0.0,0.793,-2500000.0,58400000.0,271000000.0,0.479,5.198,22.407,22.414,515000000.0,0.0,9.997,2.817,2.817,348000000.0,1218000000.0,68200000.0,68200000.0,0.0,,,,,6000000.0,-2500000.0,1.0,569308936.0,569308936.0,,0.12,1814000000.0,67000000.0,16100000.0,160000000.0,3.186,714000000.0
70,BF.B,MRQ,2003-12-31,2004-01-31,2004-01-31,2021-09-07,-62200000.0,2331900000.0,,1107900000.0,1224000000.0,,1.711,-14400000.0,110100000.0,110100000.0,352100000.0,80500000.0,2.282,1.395,742200000.0,112400000.0,629800000.0,742200000.0,0.0,14300000.0,0.0,0.017,0.045,127300000.0,141600000.0,0.204,141600000.0,127300000.0,122000000.0,0.141,0.141,0.141,973600000.0,,973600000.0,6452806209.0,16.0,14.022,178400000.0,0.314,1.0,343600000.0,0.494,562800000.0,5300000.0,1915600000.0,,590300000.0,47100000.0,0.0,47100000.0,1358300000.0,485600000.0,872700000.0,5668606209.0,35600000.0,0.0,2300000.0,-119300000.0,-25800000.0,-142800000.0,-14400000.0,0.0,192800000.0,0.0,80500000.0,80500000.0,80500000.0,0.0,0.0,0.116,219200000.0,124400000.0,284900000.0,0.319,5.822,22.256,22.545,512800000.0,0.0,9.965,2.248,2.249,313500000.0,1178200000.0,695700000.0,695700000.0,0.0,,,,,0.0,219200000.0,1.0,568863019.0,568992188.0,572409375.0,1.223,1769100000.0,56000000.0,41500000.0,133300000.0,3.109,622300000.0
71,BF.B,MRQ,2003-09-30,2003-10-31,2003-10-31,2021-09-07,-75400000.0,2429700000.0,,1217000000.0,1212700000.0,,1.633,-15700000.0,74500000.0,74500000.0,360400000.0,88200000.0,1.958,1.616,858700000.0,229500000.0,629200000.0,858700000.0,0.0,14300000.0,0.0,0.018,0.04,139300000.0,153600000.0,0.212,153600000.0,139300000.0,133700000.0,0.156,0.154,0.156,928900000.0,,928900000.0,5879415490.0,15.0,13.371,1100000.0,0.002,1.0,364100000.0,0.503,553400000.0,5600000.0,2038800000.0,,625800000.0,43200000.0,0.0,43200000.0,1500800000.0,621700000.0,879100000.0,5117115490.0,2600000.0,0.0,2000000.0,23200000.0,-22800000.0,2400000.0,-16600000.0,0.0,16800000.0,0.0,88200000.0,88200000.0,88200000.0,0.0,0.0,0.122,226700000.0,137400000.0,334000000.0,0.256,5.509,20.955,21.953,511100000.0,0.0,9.001,2.079,2.08,431200000.0,1579300000.0,724500000.0,724500000.0,0.0,,,,,0.0,226700000.0,1.0,568534697.0,568664062.0,571129688.0,1.274,1876300000.0,56000000.0,45500000.0,131900000.0,3.299,595300000.0
72,BF.B,MRQ,2003-06-30,2003-07-31,2003-07-31,2021-09-07,-79500000.0,2280600000.0,,1077000000.0,1203600000.0,,1.468,-15500000.0,71900000.0,71900000.0,260300000.0,31100000.0,1.875,1.734,834200000.0,205200000.0,629000000.0,834200000.0,0.0,13100000.0,0.0,0.019,0.04,52500000.0,65600000.0,0.123,65600000.0,52500000.0,47100000.0,0.055,0.055,0.055,834200000.0,,834200000.0,5487705809.0,15.0,12.909,23100000.0,0.041,1.0,271400000.0,0.51,550100000.0,5400000.0,1918300000.0,,613300000.0,40800000.0,0.0,40800000.0,1446400000.0,574500000.0,871900000.0,4723705809.0,-100000.0,0.0,3600000.0,-3900000.0,-22700000.0,-23000000.0,-15700000.0,0.0,38600000.0,0.0,31100000.0,31100000.0,31100000.0,0.0,0.0,0.058,205000000.0,66400000.0,297700000.0,0.727,5.663,19.923,21.867,509500000.0,0.0,8.309,1.945,1.944,304600000.0,1491100000.0,531700000.0,531700000.0,0.0,,,,,0.0,205000000.0,1.0,568481925.0,568218750.0,570515625.0,0.936,1730500000.0,56000000.0,16000000.0,120700000.0,3.045,502500000.0
73,BF.B,MRQ,2003-03-31,2003-04-30,2003-04-30,2021-09-07,-83000000.0,2264000000.0,,1068000000.0,1196000000.0,,1.309,-65500000.0,72000000.0,72000000.0,284000000.0,54900000.0,1.949,1.695,836000000.0,207000000.0,629000000.0,836000000.0,0.0,13500000.0,0.0,0.019,0.04,85900000.0,99400000.0,0.175,99400000.0,85900000.0,82200000.0,0.09,0.092,0.09,840000000.0,,840000000.0,5355206552.0,14.0,12.454,-500000.0,-0.001,1.0,285300000.0,0.501,546000000.0,3700000.0,1934000000.0,,585000000.0,41000000.0,0.0,41000000.0,1424000000.0,548000000.0,876000000.0,5239006552.0,-8000000.0,-27200000.0,-558000000.0,603800000.0,-25500000.0,20300000.0,-93300000.0,0.0,65000000.0,0.0,54900000.0,54900000.0,54900000.0,0.0,0.0,0.096,201800000.0,83500000.0,297000000.0,0.444,6.237,21.649,21.372,506000000.0,0.0,8.164,2.205,2.205,325000000.0,1506000000.0,569300000.0,569300000.0,0.0,,,,,6000000.0,201800000.0,1.0,641699588.0,641699588.0,,0.887,1718000000.0,56000000.0,27300000.0,122000000.0,2.677,520000000.0
74,BF.B,MRQ,2002-12-31,2003-01-31,2003-01-31,2021-09-07,-14000000.0,2141200000.0,,1040200000.0,1101000000.0,,2.196,-22400000.0,79600000.0,79600000.0,327100000.0,70000000.0,1.948,0.52,195800000.0,155600000.0,40200000.0,195800000.0,0.0,13800000.0,0.0,0.023,0.04,107300000.0,121100000.0,0.191,121100000.0,107300000.0,106000000.0,0.109,0.109,0.109,1408800000.0,,1408800000.0,4414618676.0,12.0,10.39,144100000.0,0.225,1.0,308500000.0,0.485,422800000.0,1300000.0,1300700000.0,,594600000.0,51300000.0,0.0,51300000.0,732400000.0,533900000.0,198500000.0,4251618676.0,-56800000.0,-71800000.0,200000.0,-103600000.0,-25600000.0,-129000000.0,-94300000.0,0.0,166500000.0,0.0,70000000.0,70000000.0,70000000.0,0.0,0.0,0.11,207900000.0,100600000.0,291800000.0,0.367,3.018,17.819,17.914,454000000.0,0.0,6.628,1.822,1.822,308100000.0,1448100000.0,635600000.0,635600000.0,0.0,,,,,0.0,207900000.0,1.0,641437481.0,641437500.0,642829688.0,0.991,1718400000.0,0.0,36000000.0,98900000.0,2.679,506300000.0
75,BF.B,MRQ,2002-09-30,2002-10-31,2002-10-31,2021-09-07,-15800000.0,2214700000.0,,1210800000.0,1003900000.0,,2.164,-22200000.0,136400000.0,136400000.0,352800000.0,81100000.0,1.912,0.595,299400000.0,259200000.0,40200000.0,299400000.0,0.0,13900000.0,0.0,0.019,0.037,125100000.0,139000000.0,0.201,139000000.0,125100000.0,123800000.0,0.126,0.126,0.126,1388100000.0,,1388100000.0,5035635182.0,14.0,12.385,-49600000.0,-0.077,1.0,338800000.0,0.49,246500000.0,1300000.0,1497800000.0,,619900000.0,133600000.0,0.0,133600000.0,826600000.0,633400000.0,193200000.0,4944735182.0,12600000.0,0.0,1600000.0,84700000.0,-24000000.0,62300000.0,-22300000.0,0.0,-27400000.0,0.0,81100000.0,81100000.0,81100000.0,0.0,0.0,0.117,209800000.0,129000000.0,325000000.0,0.294,3.562,21.889,21.968,446300000.0,0.0,7.711,2.176,2.176,404300000.0,1429500000.0,691600000.0,691600000.0,0.0,,,,,0.0,209800000.0,1.0,641262862.0,641306250.0,643050000.0,1.078,1968200000.0,0.0,42700000.0,85200000.0,3.069,577400000.0
76,BF.B,MRQ,2002-06-30,2002-07-31,2002-07-31,2021-09-07,-18400000.0,2026600000.0,,1034500000.0,992100000.0,,2.032,-15900000.0,123800000.0,123800000.0,232200000.0,36100000.0,1.937,0.556,214700000.0,174500000.0,40200000.0,214700000.0,0.0,13800000.0,0.0,0.02,0.037,56700000.0,70500000.0,0.147,70500000.0,56700000.0,55100000.0,0.057,0.057,0.057,1302500000.0,,1302500000.0,4726455832.0,13.0,11.647,23000000.0,0.036,1.0,247400000.0,0.516,246500000.0,1600000.0,1336800000.0,,601900000.0,131800000.0,0.0,131800000.0,724100000.0,534200000.0,189900000.0,4635455832.0,8200000.0,0.0,2200000.0,7100000.0,-23900000.0,-14600000.0,-16100000.0,0.0,38900000.0,0.0,36100000.0,36100000.0,36100000.0,0.0,0.0,0.075,192500000.0,54900000.0,270900000.0,0.649,3.559,20.611,20.657,438900000.0,0.0,7.23,2.08,2.079,257200000.0,1348100000.0,479600000.0,479600000.0,0.0,,,,,0.0,192500000.0,1.0,641153709.0,641025000.0,643059375.0,0.748,1780100000.0,0.0,19000000.0,100900000.0,2.777,500300000.0
77,BF.B,MRQ,2002-03-31,2002-04-30,2002-04-30,2021-09-07,-19000000.0,2016000000.0,,1032000000.0,984000000.0,,2.051,-22800000.0,116000000.0,116000000.0,253900000.0,51400000.0,2.085,0.538,207000000.0,167000000.0,40000000.0,207000000.0,0.0,14600000.0,0.0,0.017,0.037,79700000.0,94300000.0,0.179,94300000.0,79700000.0,78400000.0,0.079,0.079,0.079,1311000000.0,,1311000000.0,5448105714.0,15.0,13.256,6000000.0,0.009,1.0,272600000.0,0.518,254000000.0,1300000.0,1358000000.0,,581000000.0,127000000.0,0.0,127000000.0,705000000.0,495000000.0,210000000.0,5370705714.0,-8700000.0,0.0,3700000.0,5400000.0,-25000000.0,-15900000.0,-21600000.0,0.0,28800000.0,0.0,51400000.0,51400000.0,51400000.0,0.0,0.0,0.098,189300000.0,83300000.0,296000000.0,0.468,4.097,23.556,23.69,434000000.0,0.0,8.386,2.416,2.416,280000000.0,1360000000.0,526500000.0,526500000.0,0.0,,,,,0.0,189300000.0,1.0,640426941.0,639157375.0,643061375.0,0.824,1762000000.0,31000000.0,27000000.0,90000000.0,2.757,537000000.0
78,BF.B,MRQ,2001-12-31,2002-01-31,2002-01-31,2021-09-07,-17400000.0,1940000000.0,,966200000.0,973800000.0,,1.967,-16500000.0,124800000.0,124800000.0,293000000.0,57300000.0,1.956,0.54,202200000.0,162000000.0,40200000.0,202200000.0,0.0,13800000.0,0.0,0.02,0.037,89000000.0,102800000.0,0.179,102800000.0,89000000.0,87500000.0,0.09,0.09,0.09,1259500000.0,,1259500000.0,4687967406.0,13.0,11.186,162100000.0,0.253,1.0,282100000.0,0.491,247400000.0,1500000.0,1276000000.0,,592300000.0,0.0,0.0,0.0,680500000.0,494000000.0,186500000.0,4472867406.0,30700000.0,0.0,0.0,-107000000.0,-23900000.0,-130900000.0,-17000000.0,0.0,178600000.0,0.0,57300000.0,57300000.0,57300000.0,0.0,0.0,0.1,195500000.0,86600000.0,266200000.0,0.411,3.551,19.388,19.461,429600000.0,0.0,6.987,2.015,2.015,225500000.0,1309000000.0,575100000.0,575100000.0,0.0,,,,,0.0,195500000.0,1.0,640200488.0,640246875.0,641278125.0,0.898,1692600000.0,0.0,30200000.0,74800000.0,2.644,472200000.0
79,BF.B,MRQ,2001-09-30,2001-10-31,2001-10-31,2021-09-07,-15100000.0,2092700000.0,,1129000000.0,963700000.0,,1.954,-19000000.0,94100000.0,94100000.0,318600000.0,80100000.0,1.751,0.673,309200000.0,269000000.0,40200000.0,309200000.0,0.0,13300000.0,0.0,0.022,0.035,124900000.0,138200000.0,0.213,138200000.0,124900000.0,122200000.0,0.125,0.125,0.125,1251200000.0,,1251200000.0,4229871744.0,11.0,9.927,-20600000.0,-0.032,1.0,329200000.0,0.508,247400000.0,2700000.0,1415600000.0,,640500000.0,0.0,0.0,0.0,841500000.0,644800000.0,196700000.0,4058371744.0,7700000.0,0.0,0.0,51300000.0,-22500000.0,28800000.0,-19500000.0,0.0,-1600000.0,0.0,80100000.0,80100000.0,80100000.0,0.0,0.0,0.124,201500000.0,127700000.0,310300000.0,0.28,3.244,17.668,17.76,431200000.0,0.0,6.34,1.841,1.842,376400000.0,1299700000.0,647800000.0,647800000.0,0.0,,,,,0.0,201500000.0,1.0,640094803.0,640171875.0,641409375.0,1.012,1845300000.0,0.0,42100000.0,109600000.0,2.883,484200000.0
80,BF.B,MRQ,2001-06-30,2001-07-31,2001-07-31,2021-09-07,-14700000.0,1935900000.0,,985800000.0,950100000.0,,1.826,-20700000.0,86400000.0,86400000.0,225500000.0,39200000.0,1.792,0.653,257900000.0,217700000.0,40200000.0,257900000.0,0.0,13300000.0,0.0,0.019,0.035,62400000.0,75700000.0,0.16,75700000.0,62400000.0,59800000.0,0.061,0.061,0.061,1170900000.0,,1170900000.0,4836203884.0,13.0,11.12,22500000.0,0.035,1.0,248400000.0,0.524,250900000.0,2600000.0,1306400000.0,,603000000.0,0.0,0.0,0.0,765000000.0,550100000.0,214900000.0,4678203884.0,300000.0,0.0,-12700000.0,13300000.0,-22600000.0,-22000000.0,-20900000.0,0.0,43200000.0,0.0,39200000.0,39200000.0,39200000.0,0.0,0.0,0.083,187100000.0,61300000.0,245000000.0,0.574,3.995,20.367,20.416,424100000.0,0.0,7.289,2.124,2.122,275500000.0,1219700000.0,473900000.0,473900000.0,0.0,,,,,0.0,187100000.0,1.0,641858062.0,641400000.0,642721875.0,0.739,1685000000.0,0.0,20600000.0,119000000.0,2.627,435700000.0
81,BF.B,MRQ,2001-03-31,2001-04-30,2001-04-30,2021-09-07,-17000000.0,1939000000.0,,1000000000.0,939000000.0,,1.847,-24900000.0,86000000.0,86000000.0,255100000.0,54100000.0,1.859,0.634,244000000.0,204000000.0,40000000.0,244000000.0,0.0,14600000.0,0.0,0.021,0.035,87800000.0,102400000.0,0.196,102400000.0,87800000.0,84700000.0,0.084,0.084,0.084,1187000000.0,,1187000000.0,4279445306.0,11.0,9.595,-19100000.0,-0.03,1.0,267700000.0,0.512,246000000.0,3100000.0,1313000000.0,,583000000.0,125000000.0,0.0,125000000.0,752000000.0,538000000.0,214000000.0,4162245306.0,7700000.0,-900000.0,1100000.0,47900000.0,-22000000.0,27000000.0,-25100000.0,0.0,5800000.0,0.0,54100000.0,54100000.0,54100000.0,0.0,0.0,0.103,184100000.0,83600000.0,281000000.0,0.417,3.507,17.864,17.866,418000000.0,0.0,6.485,1.896,1.897,303000000.0,1226000000.0,522800000.0,522800000.0,0.0,,,,,0.0,184100000.0,1.0,641793581.0,642695750.0,644165625.0,0.813,1693000000.0,0.0,30600000.0,115000000.0,2.634,462000000.0
82,BF.B,MRQ,2000-12-31,2001-01-31,2001-01-31,2021-09-07,-14300000.0,1855400000.0,,920800000.0,934600000.0,,1.77,-24000000.0,78500000.0,78500000.0,269100000.0,56300000.0,1.755,0.634,195700000.0,155500000.0,40200000.0,195700000.0,0.0,17000000.0,0.0,0.024,0.035,92800000.0,109800000.0,0.196,109800000.0,92800000.0,88500000.0,0.087,0.087,0.087,1135700000.0,,1135700000.0,4748131648.0,13.0,10.651,134200000.0,0.209,1.0,290300000.0,0.519,264900000.0,4300000.0,1182900000.0,,580600000.0,0.0,0.0,0.0,719700000.0,524800000.0,194900000.0,4531931648.0,-20000000.0,-11100000.0,0.0,-119000000.0,-22500000.0,-141500000.0,-36700000.0,0.0,158200000.0,0.0,56300000.0,56300000.0,56300000.0,0.0,0.0,0.101,199500000.0,90800000.0,290900000.0,0.402,3.99,19.627,19.669,413100000.0,0.0,7.061,2.088,2.088,243700000.0,1171500000.0,559400000.0,559400000.0,0.0,,,,,0.0,199500000.0,1.0,641795456.0,641812500.0,643115625.0,0.872,1590500000.0,0.0,32200000.0,116100000.0,2.478,396000000.0
83,BF.B,MRQ,2000-09-30,2000-10-31,2000-10-31,2021-09-07,-17500000.0,1995600000.0,,1086600000.0,909000000.0,,1.747,-29100000.0,98500000.0,98500000.0,306800000.0,80100000.0,1.616,0.78,314700000.0,274600000.0,40100000.0,314700000.0,0.0,16500000.0,0.0,0.025,0.033,130500000.0,147000000.0,0.227,147000000.0,130500000.0,125900000.0,0.125,0.125,0.125,1121200000.0,,1121200000.0,4237231626.0,11.0,9.626,-42400000.0,-0.066,1.0,340000000.0,0.526,267200000.0,4600000.0,1272300000.0,,583500000.0,0.0,0.0,0.0,874400000.0,672300000.0,202100000.0,4170731626.0,-89500000.0,-87200000.0,-3100000.0,60200000.0,-21200000.0,35900000.0,-112100000.0,0.0,-13300000.0,0.0,80100000.0,80100000.0,80100000.0,0.0,0.0,0.124,211200000.0,128800000.0,339500000.0,0.264,3.72,18.181,18.187,400800000.0,0.0,6.493,1.924,1.922,386400000.0,1160500000.0,646800000.0,646800000.0,0.0,,,,,0.0,211200000.0,1.0,642362559.0,641934375.0,642515625.0,1.008,1728400000.0,0.0,45800000.0,124000000.0,2.692,414300000.0
84,BF.B,MRQ,2000-06-30,2000-07-31,2000-07-31,2021-09-07,-13000000.0,1806800000.0,,998000000.0,808800000.0,,1.633,-21000000.0,188000000.0,188000000.0,211000000.0,42600000.0,1.852,0.723,254500000.0,214300000.0,40200000.0,254500000.0,0.0,15900000.0,0.0,0.031,0.033,71000000.0,86900000.0,0.186,86900000.0,71000000.0,67000000.0,0.066,0.066,0.066,1048700000.0,,1048700000.0,3512933650.0,10.0,8.225,60300000.0,0.094,1.0,255000000.0,0.547,268700000.0,4000000.0,1065800000.0,,534200000.0,0.0,0.0,0.0,758100000.0,538800000.0,219300000.0,3425933650.0,7800000.0,-14800000.0,0.0,-12100000.0,-21300000.0,-33400000.0,-40100000.0,0.0,81300000.0,0.0,42600000.0,42600000.0,42600000.0,0.0,0.0,0.091,187100000.0,67900000.0,251000000.0,0.5,3.267,15.418,15.414,385200000.0,0.0,5.333,1.584,1.583,249900000.0,1080400000.0,466000000.0,466000000.0,0.0,,,,,0.0,187100000.0,1.0,642362559.0,642346875.0,642731250.0,0.725,1538100000.0,0.0,24400000.0,134300000.0,2.395,459200000.0
85,BF.B,MRQ,2000-03-31,2000-04-30,2000-04-30,2021-09-07,-12000000.0,1802000000.0,,1020000000.0,782000000.0,,1.633,-29100000.0,180000000.0,180000000.0,231700000.0,51900000.0,1.988,0.719,267000000.0,226000000.0,41000000.0,267000000.0,0.0,17200000.0,0.0,0.028,0.066,84900000.0,102100000.0,0.205,102100000.0,84900000.0,81400000.0,0.081,0.081,0.081,1048000000.0,,1048000000.0,3824741610.0,11.0,9.107,-12500000.0,-0.019,1.0,266400000.0,0.535,253000000.0,3500000.0,1123000000.0,,514000000.0,17000000.0,0.0,17000000.0,754000000.0,513000000.0,241000000.0,3737941610.0,58900000.0,-21000000.0,0.0,60200000.0,-21300000.0,38900000.0,3400000.0,62500000.0,16600000.0,0.0,51900000.0,51900000.0,51900000.0,0.0,0.0,0.104,184200000.0,82200000.0,271000000.0,0.815,3.567,17.147,17.167,376000000.0,0.0,5.82,1.752,1.751,294000000.0,1080000000.0,498100000.0,498100000.0,0.0,,,,,0.0,184200000.0,1.0,642287438.0,641936375.0,643546875.0,0.776,1549000000.0,0.0,29500000.0,111000000.0,2.413,507000000.0
86,BF.B,MRQ,1999-12-31,2000-01-31,2000-01-31,2021-09-07,-9000000.0,1747600000.0,,991500000.0,756100000.0,,1.557,-18500000.0,121300000.0,121300000.0,273500000.0,54800000.0,2.026,0.747,208100000.0,160800000.0,47300000.0,208100000.0,0.0,14500000.0,0.0,0.021,0.033,89700000.0,104200000.0,0.187,104200000.0,89700000.0,86300000.0,0.085,0.085,0.085,1000300000.0,,1000300000.0,4055059022.0,12.0,9.902,150100000.0,0.234,1.0,283800000.0,0.509,260400000.0,3400000.0,1084500000.0,,521600000.0,62500000.0,62500000.0,0.0,747300000.0,489500000.0,257800000.0,3832459022.0,6500000.0,-6000000.0,0.0,-130300000.0,-21300000.0,-151600000.0,-10500000.0,9900000.0,168600000.0,0.0,54800000.0,54800000.0,54800000.0,0.0,0.0,0.098,196700000.0,87100000.0,277100000.0,0.388,3.831,17.842,17.919,363800000.0,0.0,5.967,1.813,1.813,252500000.0,1028500000.0,557300000.0,557300000.0,0.0,,,,,0.0,196700000.0,1.0,642282862.0,642281250.0,642871875.0,0.868,1487200000.0,0.0,31500000.0,127000000.0,2.315,502000000.0
87,BF.B,MRQ,1999-09-30,1999-10-31,1999-10-31,2021-09-07,-7900000.0,1926100000.0,,1174700000.0,751400000.0,,1.54,-18600000.0,114800000.0,114800000.0,320600000.0,72900000.0,1.758,0.948,337400000.0,290800000.0,46600000.0,337400000.0,0.0,14900000.0,0.0,0.018,0.031,119000000.0,133900000.0,0.209,133900000.0,119000000.0,114800000.0,0.113,0.113,0.113,989000000.0,,989000000.0,4719036610.0,14.0,11.839,-32700000.0,-0.051,1.0,321500000.0,0.501,262500000.0,4200000.0,1217900000.0,,550000000.0,72400000.0,72400000.0,0.0,937100000.0,668300000.0,268800000.0,4624436610.0,-66000000.0,0.0,0.0,62000000.0,-20200000.0,41800000.0,-93700000.0,-72400000.0,-14100000.0,0.0,72900000.0,72900000.0,72900000.0,0.0,0.0,0.114,205000000.0,116500000.0,342100000.0,0.274,4.676,22.095,22.222,357500000.0,0.0,7.2,2.23,2.23,405600000.0,1016200000.0,642100000.0,642100000.0,0.0,,,,,0.0,205000000.0,1.0,642282862.0,642281250.0,642965625.0,1.0,1663600000.0,0.0,41900000.0,145600000.0,2.59,506400000.0
88,BF.B,MRQ,1999-06-30,1999-07-31,1999-07-31,2021-09-07,-8500000.0,1748500000.0,,1009100000.0,739400000.0,,1.425,-11800000.0,180800000.0,180800000.0,205300000.0,38400000.0,1.832,0.91,275400000.0,219900000.0,55500000.0,275400000.0,0.0,15400000.0,0.0,0.019,0.031,64400000.0,79800000.0,0.183,79800000.0,64400000.0,60500000.0,0.06,0.06,0.06,915500000.0,,915500000.0,4373386756.0,13.0,11.277,58100000.0,0.09,1.0,231300000.0,0.53,264500000.0,3900000.0,1027800000.0,,538000000.0,0.0,0.0,0.0,833000000.0,550800000.0,282200000.0,4247386756.0,9600000.0,0.0,0.0,-21900000.0,-20200000.0,-42100000.0,-18200000.0,0.0,69900000.0,0.0,38400000.0,38400000.0,38400000.0,0.0,0.0,0.088,169100000.0,62200000.0,254900000.0,0.517,4.639,20.892,20.995,350200000.0,0.0,6.613,2.119,2.12,255800000.0,943300000.0,436600000.0,436600000.0,0.0,,,,,0.0,169100000.0,1.0,642245981.0,642262500.0,643125000.0,0.68,1484000000.0,0.0,22100000.0,172100000.0,2.311,458300000.0
89,BF.B,MRQ,1999-03-31,1999-04-30,1999-04-30,2021-09-07,-8000000.0,1735000000.0,,999000000.0,736000000.0,,1.428,-15200000.0,171000000.0,171000000.0,236500000.0,48200000.0,1.959,0.892,297000000.0,244000000.0,53000000.0,297000000.0,0.0,14000000.0,0.0,0.016,0.031,77600000.0,91600000.0,0.192,91600000.0,77600000.0,75800000.0,0.075,0.075,0.075,917000000.0,,917000000.0,5093324678.0,16.0,13.298,31100000.0,0.048,1.0,241700000.0,0.505,264000000.0,1800000.0,1087000000.0,,525000000.0,0.0,0.0,0.0,818000000.0,510000000.0,308000000.0,5048224678.0,46900000.0,-54000000.0,-700000.0,95900000.0,-20100000.0,75200000.0,-74600000.0,0.0,46300000.0,0.0,48200000.0,48700000.0,48700000.0,0.0,0.0,0.102,165900000.0,75800000.0,235000000.0,0.413,5.505,24.991,25.113,348000000.0,-500000.0,7.86,2.513,2.516,274000000.0,945000000.0,478200000.0,478200000.0,0.0,,,,,0.0,165900000.0,1.0,642245981.0,642225000.0,643610500.0,0.745,1471000000.0,0.0,27600000.0,168000000.0,2.29,489000000.0
90,BF.B,MRQ,1998-12-31,1999-01-31,1999-01-31,2021-09-07,-4500000.0,1534700000.0,,902800000.0,631900000.0,,1.359,-8600000.0,124400000.0,124400000.0,255500000.0,49300000.0,2.253,0.758,169500000.0,127900000.0,41600000.0,169500000.0,0.0,13100000.0,0.0,0.016,0.031,80200000.0,93300000.0,0.181,93300000.0,80200000.0,77700000.0,0.077,0.077,0.077,873200000.0,,873200000.0,5090045648.0,16.0,13.552,119100000.0,0.185,1.0,261200000.0,0.506,244300000.0,2500000.0,934800000.0,,524200000.0,0.0,0.0,0.0,661500000.0,400700000.0,260800000.0,4959745648.0,1700000.0,0.0,-9300000.0,-83500000.0,-20200000.0,-113000000.0,-13000000.0,0.0,127700000.0,0.0,49300000.0,49300000.0,49300000.0,0.0,0.0,0.095,182700000.0,78500000.0,218700000.0,0.403,5.68,25.075,25.289,280000000.0,0.0,7.713,2.513,2.512,231200000.0,897200000.0,516700000.0,516700000.0,0.0,,,,,0.0,182700000.0,1.0,643031606.0,642750000.0,643846875.0,0.804,1290400000.0,0.0,28400000.0,157600000.0,2.008,502100000.0
91,BF.B,MRQ,1998-09-30,1998-10-31,1998-10-31,2021-09-07,-3800000.0,1670900000.0,,1036300000.0,634600000.0,,1.358,-12600000.0,122700000.0,122700000.0,284300000.0,67300000.0,1.955,0.911,253000000.0,211400000.0,41600000.0,253000000.0,0.0,14000000.0,0.0,0.016,0.03,109100000.0,123100000.0,0.215,123100000.0,109100000.0,105900000.0,0.103,0.103,0.103,874200000.0,,874200000.0,4727743010.0,15.0,12.726,-31700000.0,-0.049,1.0,288200000.0,0.503,246100000.0,3200000.0,1024900000.0,,537600000.0,0.0,0.0,0.0,796700000.0,530200000.0,266500000.0,4666543010.0,29500000.0,0.0,-3000000.0,98600000.0,-19300000.0,64200000.0,-15600000.0,0.0,-19100000.0,0.0,67300000.0,66900000.0,66900000.0,0.0,0.0,0.117,180600000.0,107600000.0,282700000.0,0.291,5.338,24.054,24.237,281500000.0,400000.0,7.247,2.408,2.407,350900000.0,888200000.0,572500000.0,572500000.0,0.0,,,,,0.0,180600000.0,1.0,643933481.0,643725000.0,644390625.0,0.889,1424800000.0,0.0,38600000.0,170300000.0,2.213,506100000.0
92,BF.B,MRQ,1998-06-30,1998-07-31,1998-07-31,2021-09-07,-5600000.0,1497600000.0,,866100000.0,631500000.0,,1.255,-9600000.0,93200000.0,93200000.0,213600000.0,37200000.0,2.204,0.838,154400000.0,104600000.0,49800000.0,154400000.0,0.0,13900000.0,0.0,0.018,0.03,61100000.0,75000000.0,0.17,75000000.0,61100000.0,58600000.0,0.058,0.058,0.058,808300000.0,,808300000.0,4250446610.0,14.0,11.677,48500000.0,0.075,1.0,228000000.0,0.516,247900000.0,2500000.0,918000000.0,,514100000.0,0.0,0.0,0.0,677500000.0,392900000.0,284600000.0,4164446610.0,14900000.0,0.0,0.0,-10000000.0,-19400000.0,-29400000.0,-13800000.0,0.0,58100000.0,0.0,37200000.0,37100000.0,37100000.0,0.0,0.0,0.084,167900000.0,60100000.0,215700000.0,0.517,5.152,22.163,22.378,280100000.0,100000.0,6.467,2.17,2.17,236800000.0,820800000.0,441600000.0,441600000.0,0.0,,,,,0.0,167900000.0,1.0,643933481.0,643931250.0,644531250.0,0.686,1249700000.0,0.0,21400000.0,198000000.0,1.941,473200000.0
93,BF.B,MRQ,1998-03-31,1998-04-30,1998-04-30,2021-09-07,-9000000.0,1494000000.0,,869000000.0,625000000.0,,1.251,-10000000.0,78000000.0,78000000.0,233800000.0,44100000.0,2.275,0.841,164000000.0,114000000.0,50000000.0,164000000.0,0.0,12700000.0,0.0,0.019,0.03,71500000.0,84200000.0,0.19,84200000.0,71500000.0,68700000.0,0.067,0.067,0.067,805000000.0,,805000000.0,3986415081.0,13.0,11.043,39900000.0,0.062,1.0,209100000.0,0.472,250000000.0,2800000.0,948000000.0,,502000000.0,0.0,0.0,0.0,677000000.0,382000000.0,295000000.0,3898315081.0,12100000.0,0.0,-11000000.0,9900000.0,-19000000.0,-20100000.0,-17700000.0,0.0,49900000.0,0.0,44100000.0,44500000.0,44500000.0,0.0,0.0,0.1,138300000.0,70800000.0,233000000.0,0.448,4.843,21.072,21.195,281000000.0,-400000.0,6.041,2.045,2.047,265000000.0,821000000.0,442900000.0,442900000.0,0.0,,,,,0.0,138300000.0,1.0,645359419.0,643548875.0,646059375.0,0.688,1244000000.0,0.0,24600000.0,185000000.0,1.933,487000000.0
94,BF.B,MRQ,1997-12-31,1998-01-31,1998-01-31,2021-09-07,0.0,1433600000.0,,816800000.0,616800000.0,,1.201,-10100000.0,66100000.0,66100000.0,229500000.0,45600000.0,2.291,0.832,154200000.0,104400000.0,49800000.0,154200000.0,0.0,12400000.0,0.0,0.021,0.03,76800000.0,89200000.0,0.186,89200000.0,76800000.0,73500000.0,0.07,0.07,0.07,776300000.0,,776300000.0,3732755316.0,12.0,10.427,99800000.0,0.154,1.0,251300000.0,0.523,248100000.0,3300000.0,917100000.0,,500800000.0,0.0,0.0,0.0,645500000.0,356500000.0,289000000.0,3570555316.0,15900000.0,0.0,-6000000.0,-58200000.0,-19500000.0,-83700000.0,-10300000.0,0.0,109900000.0,0.0,45600000.0,45500000.0,45500000.0,0.0,0.0,0.095,175500000.0,75800000.0,201800000.0,0.429,4.599,19.76,19.785,281600000.0,100000.0,5.52,1.883,1.883,222600000.0,,480800000.0,480800000.0,0.0,,,,,0.0,175500000.0,1.0,646839731.0,646584375.0,647081250.0,0.744,1185500000.0,0.0,27900000.0,177100000.0,1.833,460300000.0
95,BF.B,MRQ,1997-09-30,1997-10-31,1997-10-31,2021-09-07,0.0,1537600000.0,,921400000.0,616200000.0,,1.2,-1700000.0,50200000.0,50200000.0,276100000.0,60900000.0,1.975,0.966,212400000.0,162600000.0,49800000.0,212400000.0,0.0,13300000.0,0.0,0.022,0.029,102300000.0,115600000.0,0.209,115600000.0,102300000.0,98300000.0,0.094,0.094,0.094,776100000.0,,776100000.0,3523324947.0,12.0,9.995,-7500000.0,-0.012,1.0,278100000.0,0.502,250000000.0,4000000.0,983200000.0,,506500000.0,0.0,0.0,0.0,749700000.0,466600000.0,283100000.0,3393924947.0,8100000.0,0.0,0.0,41000000.0,-18800000.0,22200000.0,-8300000.0,0.0,-5800000.0,0.0,60900000.0,60800000.0,60800000.0,0.0,0.0,0.11,176400000.0,101700000.0,269500000.0,0.309,4.373,19.207,19.22,281600000.0,100000.0,5.247,1.812,1.812,331800000.0,,554200000.0,554200000.0,0.0,,,,,0.0,176400000.0,1.0,646839731.0,646837500.0,647062500.0,0.857,1287600000.0,0.0,37400000.0,177400000.0,1.991,454800000.0
96,BF.B,MRQ,1997-06-30,1997-07-31,1997-07-31,2021-09-07,0.0,1388700000.0,,762600000.0,626100000.0,,1.106,-9200000.0,42100000.0,42100000.0,210600000.0,34400000.0,2.12,0.924,171500000.0,108000000.0,63500000.0,171500000.0,0.0,12600000.0,0.0,0.022,0.029,59400000.0,72000000.0,0.168,72000000.0,59400000.0,55500000.0,0.053,0.053,0.053,715700000.0,,715700000.0,3530566602.0,12.0,10.284,56800000.0,0.088,1.0,217500000.0,0.508,251900000.0,3900000.0,906400000.0,,460400000.0,0.0,0.0,0.0,661200000.0,359800000.0,301400000.0,3363566602.0,-16100000.0,0.0,0.0,-53700000.0,-18700000.0,-72400000.0,-9700000.0,0.0,66000000.0,0.0,34400000.0,34300000.0,34300000.0,0.0,0.0,0.08,158800000.0,58700000.0,195400000.0,0.547,4.7,19.647,19.623,290900000.0,100000.0,5.2,1.823,1.823,223100000.0,,428100000.0,428100000.0,0.0,,,,,0.0,158800000.0,1.0,646839731.0,646837500.0,647231250.0,0.662,1136800000.0,0.0,21100000.0,177600000.0,1.757,402800000.0
97,BF.B,MRQ,1997-03-31,1997-04-30,1997-04-30,2021-09-07,-4000000.0,1428000000.0,,802000000.0,626000000.0,,1.11,-13100000.0,58000000.0,58000000.0,215700000.0,39700000.0,2.01,0.972,225000000.0,162000000.0,63000000.0,225000000.0,0.0,12600000.0,0.0,0.021,0.029,68600000.0,81200000.0,0.188,81200000.0,68600000.0,64500000.0,0.062,0.062,0.062,718000000.0,,718000000.0,3637010019.0,13.0,10.697,3600000.0,0.006,1.0,217100000.0,0.502,254000000.0,4100000.0,942000000.0,,451000000.0,0.0,0.0,0.0,698000000.0,399000000.0,299000000.0,3484310019.0,-2300000.0,0.0,0.0,11600000.0,-18100000.0,-6500000.0,-12500000.0,0.0,16700000.0,0.0,39700000.0,40100000.0,40100000.0,0.0,0.0,0.093,149900000.0,67200000.0,209000000.0,0.468,4.853,20.617,20.639,292000000.0,-400000.0,5.387,1.893,1.893,263000000.0,712000000.0,432800000.0,432800000.0,0.0,,,,,0.0,149900000.0,1.0,646839731.0,646987500.0,646621875.0,0.669,1174000000.0,0.0,24800000.0,164000000.0,1.815,403000000.0
98,BF.B,MRQ,1996-12-31,1997-01-31,1997-01-31,2021-09-07,0.0,1366300000.0,,742100000.0,624200000.0,,1.052,-12500000.0,60200000.0,60200000.0,238900000.0,41600000.0,2.603,0.99,212900000.0,56700000.0,156200000.0,212900000.0,0.0,12600000.0,0.0,0.024,0.029,71100000.0,83700000.0,0.183,83700000.0,71100000.0,67100000.0,0.064,0.064,0.064,680500000.0,,680500000.0,,,,131400000.0,0.203,1.0,219300000.0,0.479,256600000.0,4000000.0,977300000.0,,443000000.0,0.0,0.0,0.0,674000000.0,285100000.0,388900000.0,3035834472.0,30000000.0,0.0,0.0,-82200000.0,-18800000.0,-101000000.0,-12900000.0,0.0,143900000.0,0.0,41600000.0,41500000.0,41500000.0,0.0,0.0,0.091,148600000.0,70700000.0,182200000.0,0.453,4.461,18.288,18.333,289700000.0,100000.0,4.693,1.654,1.654,212200000.0,,458200000.0,458200000.0,0.0,,,,,0.0,148600000.0,1.0,646839731.0,646837500.0,647090625.0,0.708,1109700000.0,0.0,25500000.0,158400000.0,1.716,457000000.0
99,BF.B,MRQ,1996-09-30,1996-10-31,1996-10-31,2021-09-07,,,,,,,,-13800000.0,,,270200000.0,55400000.0,,,,,,,,12400000.0,,0.024,0.028,94000000.0,106400000.0,0.202,106400000.0,94000000.0,89300000.0,0.085,0.085,0.085,,,,,,,-23400000.0,-0.036,1.0,255400000.0,0.486,,4700000.0,,,,,,,,,,,7200000.0,0.0,0.0,52300000.0,-18000000.0,34300000.0,-17500000.0,0.0,-9600000.0,0.0,55400000.0,55300000.0,55300000.0,0.0,0.0,0.105,162000000.0,93400000.0,,0.329,,,18.38,,100000.0,4.613,,1.632,,,525600000.0,525600000.0,0.0,,,,,0.0,162000000.0,1.0,,646875000.0,646875000.0,0.813,,,33900000.0,,,
100,BF.B,MRQ,1996-06-30,1996-07-31,1996-07-31,2021-09-07,,,,,,,,-12600000.0,,,212200000.0,32400000.0,,,,,,,,12400000.0,,0.028,0.028,56300000.0,68700000.0,0.162,68700000.0,56300000.0,52200000.0,0.05,0.05,0.05,,,,,,,12400000.0,0.019,1.0,212200000.0,0.5,,4100000.0,,,,,,,,,,,-30900000.0,0.0,0.0,-24700000.0,-18100000.0,-42800000.0,-13100000.0,0.0,25000000.0,0.0,32400000.0,32300000.0,32300000.0,0.0,0.0,0.076,156500000.0,55700000.0,,0.56,,,,,100000.0,3.92,,,,,424400000.0,424400000.0,0.0,,,,,0.0,156500000.0,1.0,,646875000.0,646875000.0,0.656,,,19800000.0,,,
101,BF.B,MRQ,1996-03-31,1996-04-30,1996-04-30,2021-09-07,-4000000.0,1381000000.0,,768000000.0,613000000.0,,,,54000000.0,54000000.0,215700000.0,36500000.0,2.535,1.201,267000000.0,56000000.0,211000000.0,267000000.0,0.0,,0.0,0.026,0.028,62300000.0,,,,62300000.0,58100000.0,0.057,,0.057,622000000.0,,622000000.0,,,,,,1.0,211500000.0,0.495,259000000.0,4200000.0,1032000000.0,,433000000.0,0.0,0.0,0.0,747000000.0,303000000.0,444000000.0,,,,,,,,,,,,36500000.0,36900000.0,36900000.0,0.0,0.0,0.086,150200000.0,61300000.0,223000000.0,0.491,,,17.127,281000000.0,-400000.0,4.213,,,257000000.0,616000000.0,427200000.0,427200000.0,0.0,,,,,,150200000.0,1.0,,,,,1122000000.0,0.0,21600000.0,151000000.0,,465000000.0
102,BF.B,MRQ,1995-12-31,1996-01-31,1996-01-31,2021-09-07,,,,,,,,,,,234600000.0,38100000.0,,,,,,,,,,0.027,0.028,66300000.0,,,,66300000.0,61200000.0,0.059,,0.059,,,,,,,,,1.0,216500000.0,0.48,,5100000.0,,,,,,,,,,,,,,,,,,,,,38100000.0,38000000.0,38000000.0,0.0,0.0,0.084,150900000.0,65600000.0,,0.475,,,,,100000.0,3.893,,,,,451100000.0,451100000.0,0.0,,,,,,150900000.0,1.0,,646875000.0,,0.697,,,23100000.0,,,
103,BF.B,MRQ,1995-03-31,1995-04-30,1995-04-30,2021-09-07,-3000000.0,1286000000.0,,698000000.0,588000000.0,,,,62000000.0,62000000.0,,,2.441,1.386,303000000.0,56000000.0,247000000.0,303000000.0,0.0,,0.0,0.029,0.026,,,,,,,,,,534000000.0,,534000000.0,,,,,,1.0,,,263000000.0,,978000000.0,,382000000.0,0.0,0.0,0.0,740000000.0,286000000.0,454000000.0,,,,,,,,,,,,,,,,,,,,221000000.0,,,,15.371,252000000.0,,3.52,,,234000000.0,527000000.0,,,,,,,,,,1.0,,,,,1023000000.0,0.0,,123000000.0,,412000000.0
0,BF.B,MRT,2021-06-30,2021-07-31,2021-07-31,2021-09-07,-414000000.0,6579000000.0,6486500000.0,3992000000.0,2587000000.0,0.557,5.604,-65000000.0,1172000000.0,1172000000.0,1432000000.0,771000000.0,4.233,1.452,2501000000.0,155000000.0,2346000000.0,2501000000.0,0.0,77000000.0,0.0,0.01,0.713,1066000000.0,1143000000.0,0.316,1143000000.0,1066000000.0,984000000.0,1.61,1.6,1.61,2683000000.0,2552500000.0,2683000000.0,35362523105.0,33.0,30.938,846000000.0,1.767,1.0,2182000000.0,0.604,1448000000.0,82000000.0,5517000000.0,5561750000.0,1771000000.0,0.0,0.0,0.0,3896000000.0,943000000.0,2953000000.0,33953523105.0,264000000.0,-14000000.0,0.0,-231000000.0,-341000000.0,-589000000.0,-79000000.0,0.0,911000000.0,21000000.0,771000000.0,771000000.0,771000000.0,0.0,0.0,0.213,1118000000.0,1064000000.0,631000000.0,0.443,12.655,44.038,44.05,816000000.0,0.0,70.92,9.395,9.395,803000000.0,3255000000.0,3614000000.0,3614000000.0,0.0,0.119,0.302,0.192,0.295,13000000.0,1118000000.0,1.0,478758081.0,478758081.0,,7.549,5131000000.0,70000000.0,213000000.0,262000000.0,10.717,3049000000.0
1,BF.B,MRT,2021-03-31,2021-04-30,2021-04-30,2021-09-07,-422000000.0,6522000000.0,6389500000.0,3917000000.0,2605000000.0,0.542,5.548,-65000000.0,1150000000.0,1150000000.0,1367000000.0,903000000.0,4.267,1.456,2559000000.0,205000000.0,2354000000.0,2559000000.0,0.0,77000000.0,0.0,0.009,0.708,1162000000.0,1239000000.0,0.358,1239000000.0,1162000000.0,1081000000.0,1.89,1.88,1.89,2656000000.0,2419250000.0,2656000000.0,38067885036.0,33.0,30.725,752000000.0,1.571,1.0,2094000000.0,0.605,1455000000.0,81000000.0,5558000000.0,5552500000.0,1751000000.0,0.0,0.0,0.0,3866000000.0,918000000.0,2948000000.0,36514885036.0,475000000.0,163000000.0,0.0,-126000000.0,-338000000.0,-485000000.0,98000000.0,0.0,817000000.0,45000000.0,903000000.0,903000000.0,903000000.0,0.0,0.0,0.261,1070000000.0,1024000000.0,679000000.0,0.375,13.748,40.437,40.36,832000000.0,0.0,76.28,10.55,10.55,753000000.0,3243000000.0,3461000000.0,3461000000.0,0.0,0.141,0.373,0.209,0.336,12000000.0,1070000000.0,1.0,478695399.0,478695399.0,,7.23,5067000000.0,70000000.0,178000000.0,203000000.0,10.585,2999000000.0
2,BF.B,MRT,2020-12-31,2021-01-31,2021-01-31,2021-09-07,-489000000.0,6495000000.0,6200500000.0,3914000000.0,2581000000.0,0.542,5.157,-73000000.0,1106000000.0,1106000000.0,1309000000.0,911000000.0,3.749,1.632,2659000000.0,312000000.0,2347000000.0,2659000000.0,0.0,77000000.0,0.0,0.01,0.702,1181000000.0,1258000000.0,0.375,1258000000.0,1181000000.0,1100000000.0,1.91,1.89,1.91,2468000000.0,2249000000.0,2468000000.0,36002851104.0,30.0,28.619,714000000.0,1.492,1.0,2049000000.0,0.61,1450000000.0,81000000.0,5554000000.0,5518500000.0,1723000000.0,0.0,0.0,0.0,4027000000.0,1044000000.0,2983000000.0,34299851104.0,830000000.0,163000000.0,0.0,305000000.0,-336000000.0,-59000000.0,90000000.0,0.0,787000000.0,12000000.0,911000000.0,911000000.0,911000000.0,0.0,0.0,0.271,980000000.0,1069000000.0,603000000.0,0.368,13.898,37.651,37.524,826000000.0,0.0,71.67,10.214,10.214,820000000.0,3125000000.0,3358000000.0,3358000000.0,0.0,0.147,0.405,0.214,0.352,12000000.0,980000000.0,1.0,478580314.0,478580314.0,,7.017,5045000000.0,68000000.0,189000000.0,189000000.0,10.542,2870000000.0
3,BF.B,MRT,2020-09-30,2020-10-31,2020-10-31,2021-09-07,-508000000.0,6350000000.0,5956250000.0,3815000000.0,2535000000.0,0.562,5.022,-96000000.0,964000000.0,964000000.0,1290000000.0,923000000.0,3.733,1.643,2667000000.0,358000000.0,2309000000.0,2667000000.0,0.0,77000000.0,0.0,0.01,0.697,1205000000.0,1282000000.0,0.383,1282000000.0,1205000000.0,1125000000.0,1.93,1.92,1.93,2403000000.0,2133250000.0,2403000000.0,35149849534.0,29.0,27.418,724000000.0,1.513,1.0,2056000000.0,0.614,1413000000.0,80000000.0,5618000000.0,5494000000.0,1715000000.0,0.0,0.0,0.0,3947000000.0,1022000000.0,2925000000.0,33352849534.0,729000000.0,177000000.0,0.0,202000000.0,-334000000.0,-163000000.0,81000000.0,0.0,820000000.0,-9000000.0,923000000.0,923000000.0,923000000.0,0.0,0.0,0.276,959000000.0,1097000000.0,601000000.0,0.361,13.88,36.135,36.119,828000000.0,0.0,69.71,9.968,9.968,879000000.0,3082000000.0,3346000000.0,3346000000.0,0.0,0.155,0.433,0.219,0.36,11000000.0,959000000.0,1.0,478451435.0,478451435.0,,6.993,4937000000.0,58000000.0,202000000.0,209000000.0,10.319,2793000000.0
4,BF.B,MRT,2020-06-30,2020-07-31,2020-07-31,2021-09-07,-523000000.0,6191000000.0,5757000000.0,3646000000.0,2545000000.0,0.582,4.496,-113000000.0,908000000.0,908000000.0,1256000000.0,965000000.0,3.342,1.88,2705000000.0,389000000.0,2316000000.0,2705000000.0,0.0,75000000.0,0.0,0.01,0.689,1228000000.0,1303000000.0,0.389,1303000000.0,1228000000.0,1147000000.0,2.02,2.01,2.02,2150000000.0,2018000000.0,2150000000.0,35087927369.0,29.0,26.929,630000000.0,1.317,1.0,2094000000.0,0.625,1417000000.0,81000000.0,5480000000.0,5483000000.0,1741000000.0,0.0,0.0,0.0,4041000000.0,1091000000.0,2950000000.0,33160927369.0,601000000.0,177000000.0,0.0,166000000.0,-329000000.0,-202000000.0,64000000.0,0.0,743000000.0,-4000000.0,965000000.0,965000000.0,965000000.0,0.0,0.0,0.288,979000000.0,1115000000.0,545000000.0,0.341,15.424,34.364,34.327,834000000.0,0.0,69.34,9.899,9.899,721000000.0,2849000000.0,3350000000.0,3350000000.0,0.0,0.168,0.478,0.224,0.367,11000000.0,979000000.0,1.0,478236622.0,478236622.0,,7.005,4774000000.0,58000000.0,182000000.0,229000000.0,9.983,2555000000.0
5,BF.B,MRT,2020-03-31,2020-04-30,2020-04-30,2021-09-07,-547000000.0,5766000000.0,5539750000.0,3265000000.0,2501000000.0,0.607,4.131,-119000000.0,675000000.0,675000000.0,1236000000.0,827000000.0,3.71,1.919,2602000000.0,333000000.0,2269000000.0,2602000000.0,0.0,74000000.0,0.0,0.011,0.681,1091000000.0,1165000000.0,0.346,1165000000.0,1091000000.0,1009000000.0,1.73,1.72,1.73,1975000000.0,1896250000.0,1975000000.0,31761319072.0,29.0,27.263,605000000.0,1.265,1.0,2127000000.0,0.632,1391000000.0,82000000.0,5422000000.0,5419750000.0,1685000000.0,0.0,0.0,0.0,3791000000.0,880000000.0,2911000000.0,29740319072.0,368000000.0,-22000000.0,-1000000.0,178000000.0,-325000000.0,-191000000.0,-141000000.0,0.0,724000000.0,-24000000.0,827000000.0,827000000.0,827000000.0,0.0,0.0,0.246,1025000000.0,1102000000.0,517000000.0,0.394,15.058,35.962,35.954,848000000.0,0.0,62.2,8.843,8.843,570000000.0,2708000000.0,3363000000.0,3363000000.0,0.0,0.149,0.436,0.201,0.324,11000000.0,1025000000.0,1.0,478140178.0,478140178.0,,7.034,4375000000.0,15000000.0,182000000.0,207000000.0,9.15,2385000000.0
6,BF.B,MRT,2019-12-31,2020-01-31,2020-01-31,2021-09-07,-392000000.0,5518000000.0,5383000000.0,2994000000.0,2524000000.0,0.631,4.196,-124000000.0,276000000.0,276000000.0,1242000000.0,858000000.0,4.509,1.752,2297000000.0,4000000.0,2293000000.0,2297000000.0,0.0,75000000.0,0.0,0.01,0.672,1132000000.0,1207000000.0,0.355,1207000000.0,1132000000.0,1049000000.0,1.79,1.79,1.79,2005000000.0,1814250000.0,2005000000.0,34530498773.0,31.0,28.609,608000000.0,1.272,1.0,2156000000.0,0.634,1419000000.0,83000000.0,5456000000.0,5357000000.0,1668000000.0,0.0,0.0,0.0,3513000000.0,664000000.0,2849000000.0,32321498773.0,16000000.0,-22000000.0,-2000000.0,-208000000.0,-321000000.0,-567000000.0,-144000000.0,0.0,732000000.0,-5000000.0,858000000.0,858000000.0,858000000.0,0.0,0.0,0.253,1039000000.0,1117000000.0,558000000.0,0.375,16.12,37.671,37.788,840000000.0,0.0,67.64,9.512,9.512,732000000.0,2588000000.0,3398000000.0,3398000000.0,0.0,0.159,0.473,0.211,0.333,10000000.0,1039000000.0,1.0,477845931.0,477845931.0,,7.111,4099000000.0,19000000.0,191000000.0,206000000.0,8.578,2330000000.0
7,BF.B,MRT,2019-09-30,2019-10-31,2019-10-31,2021-09-07,-400000000.0,5553000000.0,5294250000.0,3039000000.0,2514000000.0,0.643,4.067,-119000000.0,235000000.0,235000000.0,1233000000.0,854000000.0,3.942,1.859,2444000000.0,156000000.0,2288000000.0,2444000000.0,0.0,72000000.0,0.0,0.01,0.664,1135000000.0,1207000000.0,0.355,1207000000.0,1135000000.0,1049000000.0,1.78,1.78,1.78,1942000000.0,1686250000.0,1942000000.0,33468367205.0,29.0,27.729,596000000.0,1.248,1.0,2170000000.0,0.638,1417000000.0,86000000.0,5574000000.0,5270750000.0,1654000000.0,0.0,0.0,0.0,3611000000.0,771000000.0,2840000000.0,31288367205.0,42000000.0,-22000000.0,-80000000.0,-111000000.0,-316000000.0,-539000000.0,-137000000.0,0.0,715000000.0,3000000.0,854000000.0,854000000.0,854000000.0,0.0,0.0,0.251,1034000000.0,1136000000.0,592000000.0,0.373,16.111,36.637,36.809,828000000.0,0.0,65.52,9.194,9.194,823000000.0,2544000000.0,3403000000.0,3403000000.0,0.0,0.161,0.506,0.215,0.334,11000000.0,1034000000.0,1.0,477539182.0,477539182.0,,7.126,4136000000.0,16000000.0,195000000.0,185000000.0,8.661,2268000000.0
8,BF.B,MRT,2019-06-30,2019-07-31,2019-07-31,2021-09-07,-407000000.0,5322000000.0,5193250000.0,2837000000.0,2485000000.0,0.64,3.484,-119000000.0,307000000.0,307000000.0,1183000000.0,821000000.0,3.272,2.2,2487000000.0,220000000.0,2267000000.0,2487000000.0,0.0,72000000.0,0.0,0.012,0.656,1115000000.0,1187000000.0,0.357,1187000000.0,1115000000.0,1028000000.0,1.71,1.71,1.71,1663000000.0,1575000000.0,1663000000.0,28292434803.0,25.0,23.835,627000000.0,1.314,1.0,2141000000.0,0.644,1408000000.0,87000000.0,5227000000.0,5179500000.0,1609000000.0,0.0,0.0,0.0,3659000000.0,867000000.0,2792000000.0,26159434803.0,96000000.0,-22000000.0,-203000000.0,37000000.0,-313000000.0,-503000000.0,-137000000.0,0.0,746000000.0,-10000000.0,821000000.0,821000000.0,821000000.0,0.0,0.0,0.247,1027000000.0,1114000000.0,524000000.0,0.384,15.73,31.863,32.053,815000000.0,0.0,54.81,7.87,7.87,626000000.0,2282000000.0,3324000000.0,3324000000.0,0.0,0.158,0.521,0.215,0.335,12000000.0,1027000000.0,1.0,477274855.0,477274855.0,,6.965,3914000000.0,16000000.0,207000000.0,192000000.0,8.201,1970000000.0
9,BF.B,MRT,2019-03-31,2019-04-30,2019-04-30,2021-09-07,-363000000.0,5139000000.0,5119000000.0,2719000000.0,2420000000.0,0.649,3.452,-121000000.0,307000000.0,307000000.0,1158000000.0,835000000.0,3.868,2.12,2440000000.0,150000000.0,2290000000.0,2440000000.0,0.0,72000000.0,0.0,0.012,0.648,1130000000.0,1202000000.0,0.362,1202000000.0,1130000000.0,1042000000.0,1.74,1.73,1.74,1647000000.0,1501250000.0,1647000000.0,27669893196.0,24.0,23.02,679000000.0,1.423,1.0,2166000000.0,0.652,1398000000.0,88000000.0,5171000000.0,5127500000.0,1520000000.0,0.0,0.0,0.0,3492000000.0,703000000.0,2789000000.0,25421893196.0,68000000.0,0.0,-207000000.0,-71000000.0,-310000000.0,-599000000.0,-119000000.0,0.0,800000000.0,-14000000.0,835000000.0,835000000.0,835000000.0,0.0,0.0,0.251,1037000000.0,1129000000.0,544000000.0,0.372,15.435,30.445,30.626,816000000.0,0.0,53.29,7.648,7.648,609000000.0,2238000000.0,3324000000.0,3324000000.0,0.0,0.163,0.556,0.22,0.34,14000000.0,1037000000.0,1.0,477048099.0,477048099.0,,6.968,3741000000.0,16000000.0,207000000.0,154000000.0,7.842,2016000000.0
10,BF.B,MRT,2018-12-31,2019-01-31,2019-01-31,2021-09-07,-360000000.0,5163000000.0,5078250000.0,2755000000.0,2408000000.0,0.652,3.13,-113000000.0,260000000.0,260000000.0,1117000000.0,786000000.0,3.078,2.458,2508000000.0,207000000.0,2301000000.0,2508000000.0,0.0,68000000.0,0.0,0.035,1.64,1050000000.0,1118000000.0,0.337,1118000000.0,1050000000.0,964000000.0,1.64,1.63,1.64,1493000000.0,1418500000.0,1493000000.0,24889348849.0,24.0,22.262,535000000.0,1.122,1.0,2196000000.0,0.663,1405000000.0,86000000.0,5111000000.0,5094500000.0,1471000000.0,0.0,0.0,0.0,3670000000.0,895000000.0,2775000000.0,22536348849.0,-27000000.0,0.0,-182000000.0,462000000.0,-788000000.0,-544000000.0,-114000000.0,0.0,648000000.0,-17000000.0,786000000.0,786000000.0,786000000.0,0.0,0.0,0.237,1147000000.0,1049000000.0,587000000.0,1.0,15.095,28.672,28.811,801000000.0,0.0,47.25,6.802,6.802,737000000.0,2085000000.0,3313000000.0,3313000000.0,0.0,0.155,0.554,0.206,0.317,17000000.0,1147000000.0,1.0,476959764.0,476959764.0,,6.946,3758000000.0,20000000.0,178000000.0,141000000.0,7.879,1860000000.0
11,BF.B,MRT,2018-09-30,2018-10-31,2018-10-31,2021-09-07,-365000000.0,5149000000.0,5048000000.0,2743000000.0,2406000000.0,0.651,3.111,-118000000.0,193000000.0,193000000.0,1075000000.0,749000000.0,3.065,2.44,2546000000.0,258000000.0,2288000000.0,2546000000.0,0.0,69000000.0,0.0,0.035,1.632,1049000000.0,1118000000.0,0.34,1118000000.0,1049000000.0,969000000.0,1.56,1.55,1.56,1497000000.0,1345500000.0,1497000000.0,24571931740.0,23.0,21.978,589000000.0,1.224,1.0,2212000000.0,0.673,1398000000.0,80000000.0,5209000000.0,4796250000.0,1477000000.0,0.0,0.0,0.0,3652000000.0,895000000.0,2757000000.0,22296931740.0,-19000000.0,0.0,-121000000.0,357000000.0,-785000000.0,-582000000.0,-137000000.0,0.0,707000000.0,-7000000.0,749000000.0,749000000.0,749000000.0,0.0,0.0,0.228,1180000000.0,1032000000.0,620000000.0,1.046,14.894,29.769,29.705,785000000.0,0.0,46.34,6.783,6.783,768000000.0,2016000000.0,3287000000.0,3287000000.0,0.0,0.148,0.557,0.219,0.319,19000000.0,1180000000.0,1.0,481159511.0,481159511.0,,6.831,3751000000.0,16000000.0,220000000.0,130000000.0,7.796,1848000000.0
12,BF.B,MRT,2018-06-30,2018-07-31,2018-07-31,2021-09-07,-364000000.0,5025000000.0,5005250000.0,2623000000.0,2402000000.0,0.658,2.843,-123000000.0,211000000.0,211000000.0,1059000000.0,739000000.0,3.022,2.673,2486000000.0,176000000.0,2310000000.0,2486000000.0,0.0,67000000.0,0.0,0.03,1.62,1064000000.0,1131000000.0,0.344,1131000000.0,1064000000.0,990000000.0,1.54,1.52,1.54,1368000000.0,1383000000.0,1368000000.0,27921760523.0,26.0,24.688,551000000.0,1.145,1.0,2232000000.0,0.678,1413000000.0,74000000.0,5019000000.0,4619750000.0,1449000000.0,0.0,0.0,0.0,3657000000.0,868000000.0,2789000000.0,25604760523.0,-27000000.0,0.0,0.0,250000000.0,-779000000.0,-557000000.0,-143000000.0,0.0,674000000.0,-1000000.0,739000000.0,739000000.0,739000000.0,0.0,0.0,0.225,1188000000.0,1044000000.0,564000000.0,1.052,18.717,34.648,34.558,778000000.0,0.0,53.22,7.78,7.78,658000000.0,1767000000.0,3291000000.0,3291000000.0,0.0,0.148,0.534,0.23,0.323,20000000.0,1188000000.0,1.0,481111622.0,481111622.0,,6.84,3612000000.0,16000000.0,251000000.0,171000000.0,7.508,1755000000.0
13,BF.B,MRT,2018-03-31,2018-04-30,2018-04-30,2021-09-07,-378000000.0,4976000000.0,4949500000.0,2555000000.0,2421000000.0,0.656,2.737,-128000000.0,239000000.0,239000000.0,1046000000.0,717000000.0,3.112,2.781,2556000000.0,215000000.0,2341000000.0,2556000000.0,0.0,64000000.0,0.0,0.029,1.608,1045000000.0,1109000000.0,0.341,1109000000.0,1045000000.0,977000000.0,1.49,1.48,1.49,1316000000.0,1396000000.0,1316000000.0,28759033794.0,28.0,25.932,525000000.0,1.092,1.0,2202000000.0,0.678,1433000000.0,68000000.0,5039000000.0,4436750000.0,1379000000.0,0.0,0.0,0.0,3660000000.0,821000000.0,2839000000.0,26949033794.0,57000000.0,0.0,-1000000.0,336000000.0,-773000000.0,-466000000.0,-149000000.0,0.0,653000000.0,19000000.0,717000000.0,717000000.0,717000000.0,0.0,0.0,0.221,1170000000.0,1032000000.0,581000000.0,1.079,20.478,37.586,37.611,780000000.0,0.0,56.04,8.297,8.297,639000000.0,1730000000.0,3248000000.0,3248000000.0,0.0,0.145,0.514,0.236,0.322,19000000.0,1170000000.0,1.0,480889254.0,480889254.0,,6.754,3543000000.0,16000000.0,260000000.0,110000000.0,7.368,1734000000.0
14,BF.B,MRT,2017-12-31,2018-01-31,2018-01-31,2021-09-07,-382000000.0,5042000000.0,4861750000.0,2641000000.0,2401000000.0,0.66,2.5,-143000000.0,287000000.0,287000000.0,1040000000.0,752000000.0,1.777,3.198,2097000000.0,327000000.0,1770000000.0,2097000000.0,0.0,64000000.0,0.0,0.011,0.596,1110000000.0,1174000000.0,0.366,1174000000.0,1110000000.0,1046000000.0,1.56,1.55,1.56,1201000000.0,1409500000.0,1201000000.0,28626600600.0,26.0,24.384,650000000.0,1.353,1.0,2170000000.0,0.676,1448000000.0,64000000.0,3918000000.0,4234000000.0,1343000000.0,0.0,0.0,0.0,3841000000.0,1486000000.0,2355000000.0,26634600600.0,90000000.0,0.0,-30000000.0,-237000000.0,-287000000.0,-554000000.0,-180000000.0,0.0,793000000.0,31000000.0,752000000.0,752000000.0,752000000.0,0.0,0.0,0.234,1054000000.0,1116000000.0,584000000.0,0.382,22.177,35.418,35.538,766000000.0,0.0,55.44,8.297,8.297,725000000.0,1620000000.0,3210000000.0,3210000000.0,0.0,0.155,0.534,0.262,0.346,18000000.0,1054000000.0,1.0,480422089.0,480422089.0,,6.682,3594000000.0,17000000.0,294000000.0,79000000.0,7.481,1155000000.0
15,BF.B,MRT,2017-09-30,2017-10-31,2017-10-31,2021-09-07,-391000000.0,4978000000.0,4751250000.0,2661000000.0,2317000000.0,0.661,3.429,-143000000.0,212000000.0,212000000.0,1021000000.0,744000000.0,2.529,2.022,2204000000.0,485000000.0,1719000000.0,2204000000.0,0.0,61000000.0,0.0,0.013,0.584,1078000000.0,1139000000.0,0.363,1139000000.0,1078000000.0,1015000000.0,1.55,1.54,1.55,1647000000.0,1405250000.0,1647000000.0,23901133161.0,22.0,20.984,562000000.0,1.17,1.0,2119000000.0,0.675,1415000000.0,63000000.0,4503000000.0,4283750000.0,1359000000.0,0.0,0.0,0.0,3331000000.0,1052000000.0,2279000000.0,21911133161.0,1000000.0,0.0,-132000000.0,-107000000.0,-280000000.0,-549000000.0,-164000000.0,0.0,705000000.0,9000000.0,744000000.0,744000000.0,744000000.0,0.0,0.0,0.237,1033000000.0,1086000000.0,556000000.0,0.377,13.304,29.45,29.43,740000000.0,0.0,45.616,6.978,6.978,753000000.0,2063000000.0,3140000000.0,3140000000.0,0.0,0.157,0.529,0.252,0.343,16000000.0,1033000000.0,1.0,480338766.0,480338766.0,,6.537,3563000000.0,15000000.0,271000000.0,150000000.0,7.418,1609000000.0
16,BF.B,MRT,2017-06-30,2017-07-31,2017-07-31,2021-09-07,-376000000.0,4802000000.0,4686750000.0,2503000000.0,2299000000.0,0.652,2.957,-126000000.0,238000000.0,238000000.0,995000000.0,702000000.0,2.298,2.382,2228000000.0,508000000.0,1720000000.0,2228000000.0,0.0,58000000.0,0.0,0.015,0.574,1023000000.0,1081000000.0,0.354,1081000000.0,1023000000.0,960000000.0,1.458,1.45,1.458,1420000000.0,1314250000.0,1420000000.0,20946779512.0,20.0,19.377,507000000.0,1.056,1.0,2061000000.0,0.674,1416000000.0,63000000.0,4287000000.0,4277000000.0,1337000000.0,0.0,0.0,0.0,3382000000.0,1089000000.0,2293000000.0,18979779512.0,-221000000.0,0.0,-373000000.0,-34000000.0,-277000000.0,-714000000.0,-146000000.0,0.0,633000000.0,6000000.0,702000000.0,702000000.0,702000000.0,0.0,0.0,0.23,1032000000.0,1029000000.0,454000000.0,0.394,13.366,27.037,27.106,719000000.0,0.0,39.52,6.211,6.211,576000000.0,1824000000.0,3056000000.0,3056000000.0,0.0,0.15,0.534,0.239,0.335,14000000.0,1032000000.0,1.0,480257579.0,480257579.0,,6.363,3386000000.0,17000000.0,258000000.0,192000000.0,7.05,1414000000.0
17,BF.B,MRT,2017-03-31,2017-04-30,2017-04-30,2021-09-07,-390000000.0,4625000000.0,4675000000.0,2351000000.0,2274000000.0,0.64,2.855,-115000000.0,182000000.0,182000000.0,973000000.0,669000000.0,2.424,2.376,2149000000.0,460000000.0,1689000000.0,2149000000.0,0.0,58000000.0,0.0,0.015,0.564,992000000.0,1050000000.0,0.351,1050000000.0,992000000.0,933000000.0,1.38,1.37,1.38,1370000000.0,1291750000.0,1370000000.0,20195174783.0,20.0,19.233,541000000.0,1.127,1.0,2021000000.0,0.675,1394000000.0,59000000.0,4228000000.0,4269750000.0,1270000000.0,0.0,0.0,0.0,3255000000.0,970000000.0,2285000000.0,18166174783.0,-81000000.0,-307000000.0,-571000000.0,590000000.0,-274000000.0,-285000000.0,-439000000.0,0.0,656000000.0,-13000000.0,669000000.0,669000000.0,669000000.0,0.0,0.0,0.223,1029000000.0,992000000.0,501000000.0,0.409,13.26,27.154,27.432,713000000.0,0.0,37.856,6.068,6.068,557000000.0,4470000000.0,2994000000.0,2994000000.0,0.0,0.143,0.518,0.232,0.331,14000000.0,1029000000.0,1.0,479875708.0,479875708.0,,6.239,3231000000.0,16000000.0,264000000.0,161000000.0,6.733,1381000000.0
18,BF.B,MRT,2016-12-31,2017-01-31,2017-01-31,2021-09-07,-433000000.0,4600000000.0,4564500000.0,2377000000.0,2223000000.0,0.663,2.462,-93000000.0,197000000.0,197000000.0,974000000.0,1045000000.0,2.104,2.885,2226000000.0,557000000.0,1669000000.0,2226000000.0,0.0,58000000.0,0.0,0.015,0.554,1507000000.0,1565000000.0,0.517,1565000000.0,1507000000.0,1450000000.0,2.12,2.094,2.12,1184000000.0,1339750000.0,1184000000.0,19588592575.0,13.0,12.517,428000000.0,0.89,1.0,2054000000.0,0.678,1382000000.0,57000000.0,4117000000.0,4074000000.0,1238000000.0,0.0,0.0,0.0,3416000000.0,1130000000.0,2286000000.0,17545592575.0,-120000000.0,236000000.0,-920000000.0,449000000.0,-270000000.0,-771000000.0,143000000.0,0.0,521000000.0,-13000000.0,1045000000.0,1045000000.0,1045000000.0,0.0,0.0,0.345,1060000000.0,994000000.0,478000000.0,0.261,14.819,16.79,17.208,669000000.0,0.0,36.48,5.794,5.794,611000000.0,4326000000.0,3028000000.0,3028000000.0,0.0,0.229,0.78,0.37,0.498,13000000.0,1060000000.0,1.0,480964709.0,480964709.0,,6.296,3218000000.0,16000000.0,405000000.0,175000000.0,6.691,1247000000.0
19,BF.B,MRT,2016-09-30,2016-10-31,2016-10-31,2021-09-07,-407000000.0,4720000000.0,4497750000.0,2530000000.0,2190000000.0,0.673,2.622,-81000000.0,211000000.0,211000000.0,956000000.0,1053000000.0,2.799,2.679,2254000000.0,337000000.0,1917000000.0,2254000000.0,0.0,57000000.0,0.0,0.015,0.544,1511000000.0,1568000000.0,0.518,1568000000.0,1511000000.0,1458000000.0,2.116,2.09,2.116,1283000000.0,1398000000.0,1283000000.0,19858114119.0,13.0,12.665,451000000.0,0.922,1.0,2073000000.0,0.684,1383000000.0,53000000.0,4476000000.0,3915500000.0,1286000000.0,0.0,0.0,0.0,3437000000.0,904000000.0,2533000000.0,18076114119.0,16000000.0,236000000.0,-826000000.0,435000000.0,-270000000.0,-659000000.0,155000000.0,0.0,532000000.0,-12000000.0,1053000000.0,1053000000.0,1053000000.0,0.0,0.0,0.348,1070000000.0,1003000000.0,554000000.0,0.257,14.089,17.166,17.456,651000000.0,0.0,36.936,5.968,5.968,660000000.0,4283000000.0,3029000000.0,3029000000.0,0.0,0.234,0.753,0.386,0.499,14000000.0,1070000000.0,1.0,489390138.0,489390138.0,,6.189,3337000000.0,16000000.0,405000000.0,163000000.0,6.819,1626000000.0
20,BF.B,MRT,2016-06-30,2016-07-31,2016-07-31,2021-09-07,-402000000.0,4755000000.0,4397500000.0,2561000000.0,2194000000.0,0.694,2.701,-88000000.0,459000000.0,459000000.0,946000000.0,1056000000.0,2.93,2.575,2241000000.0,288000000.0,1953000000.0,2241000000.0,0.0,58000000.0,0.0,0.014,0.534,1521000000.0,1579000000.0,0.517,1579000000.0,1521000000.0,1472000000.0,2.1,2.082,2.1,1330000000.0,1427500000.0,1330000000.0,20574354723.0,14.0,13.03,417000000.0,0.847,1.0,2107000000.0,0.69,1405000000.0,49000000.0,4258000000.0,3687000000.0,1262000000.0,0.0,0.0,0.0,3425000000.0,874000000.0,2551000000.0,19336354723.0,-35000000.0,236000000.0,-1093000000.0,675000000.0,-268000000.0,-683000000.0,148000000.0,0.0,505000000.0,-5000000.0,1056000000.0,1056000000.0,1056000000.0,0.0,0.0,0.346,1086000000.0,1021000000.0,463000000.0,0.254,14.539,18.311,18.703,645000000.0,0.0,39.276,6.334,6.334,501000000.0,4085000000.0,3053000000.0,3053000000.0,0.0,0.24,0.74,0.413,0.498,16000000.0,1086000000.0,1.0,492319858.0,492319858.0,,6.201,3350000000.0,16000000.0,416000000.0,178000000.0,6.805,1687000000.0
21,BF.B,MRT,2016-03-31,2016-04-30,2016-04-30,2021-09-07,-350000000.0,4183000000.0,4292250000.0,2233000000.0,1950000000.0,0.72,3.123,-110000000.0,263000000.0,263000000.0,945000000.0,1067000000.0,2.823,1.678,1501000000.0,271000000.0,1230000000.0,1501000000.0,0.0,56000000.0,0.0,0.014,0.524,1535000000.0,1591000000.0,0.515,1591000000.0,1535000000.0,1489000000.0,2.1,2.09,2.1,1562000000.0,1521750000.0,1562000000.0,20689687702.0,13.0,13.004,414000000.0,0.828,1.0,2144000000.0,0.694,1185000000.0,46000000.0,3445000000.0,3444750000.0,1054000000.0,0.0,0.0,0.0,2621000000.0,791000000.0,1830000000.0,19268687702.0,-107000000.0,543000000.0,-1124000000.0,315000000.0,-266000000.0,-1060000000.0,433000000.0,0.0,524000000.0,-4000000.0,1067000000.0,1067000000.0,1067000000.0,0.0,0.0,0.345,1105000000.0,1039000000.0,501000000.0,0.25,12.336,18.059,18.347,629000000.0,0.0,38.528,6.238,6.238,559000000.0,4065000000.0,3089000000.0,3089000000.0,0.0,0.249,0.701,0.446,0.497,15000000.0,1105000000.0,1.0,500121670.0,500121670.0,,6.176,2998000000.0,17000000.0,422000000.0,120000000.0,5.995,1442000000.0
22,BF.B,MRT,2015-12-31,2016-01-31,2016-01-31,2021-09-07,-323000000.0,4333000000.0,4293500000.0,2405000000.0,1928000000.0,0.547,2.815,-118000000.0,317000000.0,317000000.0,189000000.0,687000000.0,2.186,2.058,1738000000.0,509000000.0,1229000000.0,1738000000.0,0.0,53000000.0,0.0,0.013,0.514,1040000000.0,1093000000.0,0.466,1093000000.0,1040000000.0,1001000000.0,1.344,1.328,1.344,1417000000.0,1607500000.0,1417000000.0,21286822082.0,20.0,19.476,563000000.0,1.118,1.0,2158000000.0,0.919,1171000000.0,39000000.0,3483000000.0,3289750000.0,1031000000.0,0.0,0.0,0.0,2916000000.0,1100000000.0,1816000000.0,19699822082.0,67000000.0,-1000000.0,-968000000.0,736000000.0,-265000000.0,-482000000.0,-119000000.0,0.0,681000000.0,-13000000.0,687000000.0,687000000.0,687000000.0,0.0,0.0,0.293,1112000000.0,1046000000.0,498000000.0,0.382,13.902,28.675,29.119,621000000.0,0.0,39.136,8.394,8.394,630000000.0,3561000000.0,2347000000.0,2347000000.0,0.0,0.16,0.427,0.316,0.443,18000000.0,1112000000.0,1.0,503368308.0,503368308.0,,4.663,3162000000.0,25000000.0,314000000.0,163000000.0,6.282,1305000000.0
23,BF.B,MRT,2015-09-30,2015-10-31,2015-10-31,2021-09-07,-306000000.0,4319000000.0,4250500000.0,2348000000.0,1971000000.0,0.619,2.714,-127000000.0,195000000.0,195000000.0,475000000.0,683000000.0,2.078,2.083,1782000000.0,553000000.0,1229000000.0,1782000000.0,0.0,53000000.0,0.0,0.012,0.504,1034000000.0,1087000000.0,0.413,1087000000.0,1034000000.0,1001000000.0,1.32,1.3,1.32,1401000000.0,1763500000.0,1401000000.0,22923174775.0,22.0,21.088,572000000.0,1.108,1.0,2156000000.0,0.819,1214000000.0,33000000.0,3562000000.0,3126750000.0,1067000000.0,0.0,0.0,0.0,2918000000.0,1130000000.0,1788000000.0,21925174775.0,-40000000.0,-1000000.0,-1010000000.0,664000000.0,-262000000.0,-594000000.0,-128000000.0,0.0,699000000.0,-17000000.0,683000000.0,683000000.0,683000000.0,0.0,0.0,0.26,1113000000.0,1043000000.0,549000000.0,0.382,15.65,32.101,32.176,619000000.0,0.0,42.472,8.333,8.333,727000000.0,3508000000.0,2631000000.0,2631000000.0,0.0,0.161,0.387,0.331,0.393,17000000.0,1113000000.0,1.0,516226568.0,516226568.0,,5.097,3105000000.0,35000000.0,318000000.0,144000000.0,6.015,1218000000.0
24,BF.B,MRT,2015-06-30,2015-07-31,2015-07-31,2021-09-07,-304000000.0,4334000000.0,4231500000.0,2371000000.0,1963000000.0,0.688,3.298,-129000000.0,494000000.0,494000000.0,733000000.0,691000000.0,2.846,1.539,1492000000.0,263000000.0,1229000000.0,1492000000.0,0.0,51000000.0,0.0,0.011,0.494,1035000000.0,1086000000.0,0.373,1086000000.0,1035000000.0,1007000000.0,1.32,1.296,1.32,1707000000.0,1932000000.0,1707000000.0,23260130700.0,22.0,21.418,514000000.0,0.993,1.0,2179000000.0,0.748,1210000000.0,28000000.0,3289000000.0,3033000000.0,1035000000.0,0.0,0.0,0.0,2627000000.0,833000000.0,1794000000.0,22442130700.0,34000000.0,-4000000.0,-695000000.0,487000000.0,-259000000.0,-453000000.0,-133000000.0,0.0,643000000.0,-23000000.0,691000000.0,691000000.0,691000000.0,0.0,0.0,0.237,1128000000.0,1051000000.0,438000000.0,0.374,13.147,32.478,32.852,608000000.0,0.0,43.364,7.707,7.707,505000000.0,3309000000.0,2912000000.0,2912000000.0,0.0,0.163,0.358,0.341,0.355,15000000.0,1128000000.0,1.0,517529072.0,517529072.0,,5.627,3124000000.0,27000000.0,316000000.0,179000000.0,6.036,1538000000.0
25,BF.B,MRT,2015-03-31,2015-04-30,2015-04-30,2021-09-07,-300000000.0,4188000000.0,4195750000.0,2254000000.0,1934000000.0,0.747,3.619,-121000000.0,370000000.0,370000000.0,951000000.0,684000000.0,2.353,1.198,1183000000.0,440000000.0,743000000.0,1183000000.0,0.0,51000000.0,0.0,0.013,0.484,1029000000.0,1080000000.0,0.345,1080000000.0,1029000000.0,1002000000.0,1.296,1.28,1.296,1905000000.0,2018750000.0,1905000000.0,19756482716.0,19.0,18.293,487000000.0,0.925,1.0,2183000000.0,0.697,1218000000.0,27000000.0,2825000000.0,2916000000.0,953000000.0,0.0,0.0,0.0,2283000000.0,958000000.0,1325000000.0,19000482716.0,-67000000.0,-4000000.0,-476000000.0,183000000.0,-256000000.0,-531000000.0,-125000000.0,0.0,608000000.0,-19000000.0,684000000.0,684000000.0,684000000.0,0.0,0.0,0.218,1134000000.0,1049000000.0,497000000.0,0.373,9.974,27.778,27.849,586000000.0,0.0,36.092,6.063,6.063,583000000.0,3300000000.0,3134000000.0,3134000000.0,0.0,0.163,0.339,0.353,0.328,15000000.0,1134000000.0,1.0,526445825.0,526445825.0,,5.953,2970000000.0,34000000.0,318000000.0,128000000.0,5.642,1296000000.0
26,BF.B,MRT,2014-12-31,2015-01-31,2015-01-31,2021-09-07,-215000000.0,4161000000.0,4174500000.0,2209000000.0,1952000000.0,0.968,3.861,-130000000.0,250000000.0,250000000.0,1892000000.0,677000000.0,2.569,1.039,1006000000.0,258000000.0,748000000.0,1006000000.0,0.0,52000000.0,0.0,0.013,0.474,984000000.0,1036000000.0,0.256,1036000000.0,984000000.0,958000000.0,1.272,1.26,1.272,2041000000.0,2050500000.0,2041000000.0,19676388273.0,20.0,18.993,504000000.0,0.954,1.0,2150000000.0,0.532,1226000000.0,26000000.0,2831000000.0,2913000000.0,920000000.0,0.0,0.0,0.0,2120000000.0,860000000.0,1260000000.0,18789388273.0,-37000000.0,-4000000.0,-288000000.0,-2000000.0,-252000000.0,-523000000.0,-134000000.0,0.0,634000000.0,-14000000.0,677000000.0,677000000.0,677000000.0,0.0,0.0,0.167,1159000000.0,991000000.0,511000000.0,0.373,9.206,27.754,27.947,567000000.0,0.0,35.548,4.649,4.649,631000000.0,3166000000.0,4042000000.0,4042000000.0,0.0,0.162,0.33,0.338,0.243,13000000.0,1159000000.0,1.0,528563865.0,528563865.0,,7.647,2935000000.0,26000000.0,281000000.0,154000000.0,5.553,1349000000.0
27,BF.B,MRT,2014-09-30,2014-10-31,2014-10-31,2021-09-07,-191000000.0,4243000000.0,4132500000.0,2299000000.0,1944000000.0,0.974,3.888,-126000000.0,235000000.0,235000000.0,1898000000.0,668000000.0,3.391,1.045,1122000000.0,124000000.0,998000000.0,1122000000.0,0.0,51000000.0,0.0,0.013,0.464,967000000.0,1018000000.0,0.253,1018000000.0,967000000.0,941000000.0,1.252,1.24,1.252,2075000000.0,2012500000.0,2075000000.0,20335710461.0,21.0,19.976,392000000.0,0.734,1.0,2129000000.0,0.529,1265000000.0,26000000.0,3187000000.0,2910000000.0,971000000.0,0.0,0.0,0.0,2168000000.0,678000000.0,1490000000.0,19784710461.0,43000000.0,-4000000.0,-224000000.0,118000000.0,-248000000.0,-336000000.0,-130000000.0,0.0,518000000.0,-9000000.0,668000000.0,668000000.0,668000000.0,0.0,0.0,0.166,1161000000.0,968000000.0,535000000.0,0.371,9.535,29.618,29.607,556000000.0,0.0,37.068,4.913,4.913,761000000.0,3114000000.0,4027000000.0,4027000000.0,0.0,0.162,0.332,0.332,0.24,13000000.0,1161000000.0,1.0,533740975.0,533740975.0,,7.545,2978000000.0,42000000.0,273000000.0,132000000.0,5.579,1621000000.0
28,BF.B,MRT,2014-06-30,2014-07-31,2014-07-31,2021-09-07,-195000000.0,4191000000.0,4042250000.0,2259000000.0,1932000000.0,0.982,3.847,-132000000.0,460000000.0,460000000.0,1875000000.0,666000000.0,3.546,1.04,1011000000.0,13000000.0,998000000.0,1011000000.0,0.0,51000000.0,0.0,0.013,0.45,976000000.0,1027000000.0,0.259,1027000000.0,976000000.0,950000000.0,1.248,1.236,1.248,2054000000.0,1953250000.0,2054000000.0,19073346075.0,20.0,18.572,536000000.0,1.004,1.0,2096000000.0,0.528,1284000000.0,26000000.0,2821000000.0,2828500000.0,949000000.0,0.0,0.0,0.0,2137000000.0,637000000.0,1500000000.0,18505346075.0,243000000.0,-1000000.0,-80000000.0,7000000.0,-241000000.0,-294000000.0,-133000000.0,0.0,668000000.0,2000000.0,666000000.0,666000000.0,666000000.0,0.0,0.0,0.168,1133000000.0,963000000.0,427000000.0,0.361,9.009,27.786,27.772,538000000.0,0.0,34.66,4.66,4.66,547000000.0,2908000000.0,3971000000.0,3971000000.0,0.0,0.165,0.341,0.345,0.246,13000000.0,1133000000.0,1.0,533910735.0,533910735.0,,7.438,2907000000.0,41000000.0,284000000.0,242000000.0,5.445,1622000000.0
29,BF.B,MRT,2014-03-31,2014-04-30,2014-04-30,2021-09-07,-188000000.0,4103000000.0,3916000000.0,2177000000.0,1926000000.0,1.008,3.811,-126000000.0,437000000.0,437000000.0,1868000000.0,659000000.0,3.881,1.019,1005000000.0,8000000.0,997000000.0,1005000000.0,0.0,50000000.0,0.0,0.012,0.436,973000000.0,1023000000.0,0.259,1023000000.0,973000000.0,947000000.0,1.232,1.224,1.232,2032000000.0,1856250000.0,2032000000.0,19854976316.0,20.0,19.409,523000000.0,0.981,1.0,2078000000.0,0.527,1297000000.0,26000000.0,2813000000.0,2790750000.0,882000000.0,0.0,0.0,0.0,2071000000.0,561000000.0,1510000000.0,19135976316.0,233000000.0,-1000000.0,-68000000.0,3000000.0,-233000000.0,-288000000.0,-127000000.0,0.0,649000000.0,-1000000.0,659000000.0,659000000.0,659000000.0,0.0,0.0,0.167,1122000000.0,956000000.0,474000000.0,0.354,9.417,29.038,29.13,526000000.0,0.0,35.888,4.849,4.849,569000000.0,2894000000.0,3946000000.0,3946000000.0,0.0,0.168,0.355,0.349,0.247,13000000.0,1122000000.0,1.0,533213785.0,533213785.0,,7.4,2806000000.0,51000000.0,288000000.0,181000000.0,5.262,1616000000.0
30,BF.B,MRT,2013-12-31,2014-01-31,2014-01-31,2021-09-07,-203000000.0,3993000000.0,3796750000.0,2103000000.0,1890000000.0,1.032,3.544,-126000000.0,287000000.0,287000000.0,1873000000.0,639000000.0,3.482,1.114,1006000000.0,9000000.0,997000000.0,1006000000.0,0.0,51000000.0,0.0,0.014,0.422,963000000.0,1014000000.0,0.259,1014000000.0,963000000.0,926000000.0,1.2,1.188,1.2,1889000000.0,1755250000.0,1889000000.0,17228223901.0,18.0,16.99,434000000.0,0.814,1.0,2045000000.0,0.522,1289000000.0,37000000.0,2819000000.0,2754000000.0,873000000.0,0.0,0.0,0.0,2104000000.0,604000000.0,1500000000.0,16416223901.0,-100000000.0,-1000000.0,-59000000.0,-252000000.0,-226000000.0,-529000000.0,-127000000.0,0.0,560000000.0,-4000000.0,639000000.0,639000000.0,639000000.0,0.0,0.0,0.163,1088000000.0,957000000.0,452000000.0,0.352,8.69,25.69,25.667,497000000.0,0.0,30.8,4.19,4.19,679000000.0,2777000000.0,3918000000.0,3918000000.0,0.0,0.168,0.364,0.35,0.246,13000000.0,1088000000.0,1.0,532994282.0,532994282.0,,7.351,2704000000.0,72000000.0,287000000.0,178000000.0,5.073,1499000000.0
31,BF.B,MRT,2013-09-30,2013-10-31,2013-10-31,2021-09-07,-201000000.0,3882000000.0,3756575000.0,2033000000.0,1849000000.0,1.029,3.439,-117000000.0,192000000.0,192000000.0,1847000000.0,619000000.0,3.751,1.112,1004000000.0,7000000.0,997000000.0,1004000000.0,0.0,51000000.0,0.0,0.069,2.008,946000000.0,997000000.0,0.258,997000000.0,946000000.0,906000000.0,1.164,1.152,1.164,1838000000.0,1662700000.0,1838000000.0,16389412855.0,17.0,16.439,456000000.0,0.853,1.0,2020000000.0,0.522,1291000000.0,40000000.0,2861000000.0,2701825000.0,901000000.0,0.0,0.0,0.0,2044000000.0,542000000.0,1502000000.0,15603412855.0,-177000000.0,-1000000.0,-61000000.0,485000000.0,-1072000000.0,-635000000.0,-118000000.0,0.0,573000000.0,3000000.0,619000000.0,619000000.0,619000000.0,0.0,0.0,0.16,1084000000.0,936000000.0,513000000.0,1.725,8.489,25.207,25.079,483000000.0,0.0,29.192,4.035,4.035,729000000.0,2729000000.0,3867000000.0,3867000000.0,0.0,0.165,0.372,0.35,0.245,12000000.0,1084000000.0,1.0,534509895.0,534509895.0,,7.235,2591000000.0,57000000.0,287000000.0,221000000.0,4.847,1491000000.0
32,BF.B,MRT,2013-06-30,2013-07-31,2013-07-31,2021-09-07,-212000000.0,3686000000.0,3737050000.0,1861000000.0,1825000000.0,1.017,3.117,-104000000.0,217000000.0,217000000.0,1833000000.0,586000000.0,3.614,1.212,1003000000.0,6000000.0,997000000.0,1003000000.0,0.0,51000000.0,0.0,0.069,1.999,897000000.0,948000000.0,0.249,948000000.0,897000000.0,859000000.0,1.1,1.088,1.1,1666000000.0,1779400000.0,1666000000.0,16299939221.0,18.0,17.194,439000000.0,0.821,1.0,1969000000.0,0.518,1287000000.0,38000000.0,2670000000.0,2526100000.0,874000000.0,0.0,0.0,0.0,2020000000.0,515000000.0,1505000000.0,15501939221.0,-144000000.0,-1000000.0,-16000000.0,486000000.0,-1067000000.0,-582000000.0,-105000000.0,0.0,543000000.0,0.0,586000000.0,586000000.0,586000000.0,0.0,0.0,0.154,1077000000.0,892000000.0,393000000.0,1.817,9.305,26.454,26.367,459000000.0,0.0,29.004,4.077,4.077,542000000.0,2527000000.0,3802000000.0,3802000000.0,0.0,0.157,0.329,0.355,0.236,12000000.0,1077000000.0,1.0,534475908.0,534475908.0,,7.114,2399000000.0,30000000.0,273000000.0,246000000.0,4.489,1346000000.0
33,BF.B,MRT,2013-03-31,2013-04-30,2013-04-30,2021-09-07,-211000000.0,3626000000.0,3711300000.0,1821000000.0,1805000000.0,1.02,3.048,-96000000.0,204000000.0,204000000.0,1829000000.0,591000000.0,3.85,1.227,1002000000.0,5000000.0,997000000.0,1002000000.0,0.0,51000000.0,0.0,0.071,1.991,901000000.0,952000000.0,0.252,952000000.0,901000000.0,865000000.0,1.108,1.1,1.108,1628000000.0,1893400000.0,1628000000.0,15934013124.0,18.0,16.737,441000000.0,0.826,1.0,1955000000.0,0.517,1285000000.0,36000000.0,2666000000.0,2353500000.0,827000000.0,0.0,0.0,0.0,1998000000.0,473000000.0,1525000000.0,15059913124.0,-134000000.0,-1000000.0,-16000000.0,486000000.0,-1063000000.0,-576000000.0,-97000000.0,0.0,537000000.0,2000000.0,591000000.0,591000000.0,591000000.0,0.0,0.0,0.156,1058000000.0,897000000.0,451000000.0,1.797,9.251,25.482,25.451,450000000.0,0.0,28.2,3.98,3.98,548000000.0,2500000000.0,3784000000.0,3784000000.0,0.0,0.159,0.312,0.383,0.238,11000000.0,1058000000.0,1.0,534039472.0,534039472.0,,7.086,2341000000.0,43000000.0,274000000.0,197000000.0,4.384,1348000000.0
34,BF.B,MRT,2012-12-31,2013-01-31,2013-01-31,2021-09-07,-206400000.0,3832300000.0,3674050000.0,2046400000.0,1785900000.0,1.012,2.846,-86300000.0,386800000.0,386800000.0,1802100000.0,581300000.0,2.535,1.523,1260900000.0,264300000.0,996600000.0,1260900000.0,0.0,47300000.0,0.0,0.077,1.982,873600000.0,920900000.0,0.248,920900000.0,873600000.0,847200000.0,1.092,1.08,1.092,1518800000.0,2003650000.0,1518800000.0,13954952388.0,16.0,15.154,455000000.0,0.853,1.0,1917800000.0,0.516,1288800000.0,26400000.0,2610300000.0,2177000000.0,801900000.0,0.0,0.0,0.0,2313500000.0,807300000.0,1506200000.0,13811452388.0,-107800000.0,200000.0,-18800000.0,493100000.0,-1058000000.0,-565600000.0,-86100000.0,0.0,541300000.0,2600000.0,581300000.0,581300000.0,581300000.0,0.0,0.0,0.156,1053400000.0,864400000.0,466400000.0,1.815,9.094,23.76,23.7,426600000.0,0.0,25.88,3.713,3.713,633800000.0,2391900000.0,3719900000.0,3719900000.0,0.0,0.158,0.29,0.401,0.235,9500000.0,1053800000.0,1.0,533672812.0,533672812.0,,6.97,2543500000.0,47500000.0,265900000.0,215300000.0,4.766,1239100000.0
35,BF.B,MRT,2012-09-30,2012-10-31,2012-10-31,2021-09-07,-223000000.0,3803900000.0,3635075000.0,2055000000.0,1748900000.0,1.005,4.322,-80500000.0,368500000.0,368500000.0,1790200000.0,557400000.0,4.062,0.65,512000000.0,10600000.0,501400000.0,512000000.0,0.0,47200000.0,0.0,0.015,0.373,842400000.0,889600000.0,0.244,889600000.0,842400000.0,817100000.0,1.048,1.036,1.048,2304800000.0,2132625000.0,2304800000.0,13813868018.0,16.0,15.528,445000000.0,0.835,1.0,1861700000.0,0.51,1283400000.0,25300000.0,2158100000.0,2007700000.0,797500000.0,0.0,0.0,0.0,1499100000.0,505900000.0,993200000.0,13664068018.0,-11000000.0,200000.0,-21900000.0,-246100000.0,-199600000.0,-451400000.0,-80300000.0,0.0,525500000.0,-4800000.0,557400000.0,557400000.0,557400000.0,0.0,0.0,0.153,1028000000.0,833700000.0,480700000.0,0.356,5.929,24.514,24.45,415900000.0,0.0,25.624,3.742,3.742,681500000.0,3207800000.0,3651900000.0,3651900000.0,0.0,0.153,0.261,0.42,0.231,9700000.0,1027600000.0,1.0,533252732.0,533252732.0,,6.848,2520500000.0,30100000.0,259700000.0,199800000.0,4.727,1549100000.0
36,BF.B,MRT,2012-06-30,2012-07-31,2012-07-31,2021-09-07,-231500000.0,3583000000.0,3602500000.0,1849500000.0,1733500000.0,1.014,3.981,-71300000.0,361500000.0,361500000.0,1813000000.0,542000000.0,3.883,0.689,511300000.0,9200000.0,502100000.0,511300000.0,0.0,48000000.0,0.0,0.015,0.365,826400000.0,874400000.0,0.239,874400000.0,826400000.0,798300000.0,1.016,1.008,1.016,2122000000.0,2057975000.0,2122000000.0,13472316514.0,16.0,15.407,467700000.0,0.877,1.0,1838600000.0,0.504,1276900000.0,28100000.0,1979600000.0,1969950000.0,764400000.0,0.0,0.0,0.0,1461000000.0,476300000.0,984700000.0,13300316514.0,-191400000.0,0.0,-213800000.0,-248100000.0,-195600000.0,-645900000.0,-71300000.0,0.0,539000000.0,-13200000.0,542000000.0,542000000.0,542000000.0,0.0,0.0,0.148,1016800000.0,821800000.0,375700000.0,0.359,6.268,24.539,24.556,404600000.0,0.0,24.949,3.642,3.642,524900000.0,3057000000.0,3651600000.0,3651600000.0,0.0,0.15,0.263,0.42,0.226,8800000.0,1015100000.0,1.0,533093062.0,533093062.0,,6.85,2306100000.0,31600000.0,256300000.0,214200000.0,4.326,1373200000.0
37,BF.B,MRT,2012-03-31,2012-04-30,2012-04-30,2021-09-07,-230000000.0,3477000000.0,3644050000.0,1749000000.0,1728000000.0,0.992,3.885,-61000000.0,338000000.0,338000000.0,1819000000.0,513000000.0,4.329,0.681,510000000.0,7000000.0,503000000.0,510000000.0,0.0,49000000.0,0.0,0.016,0.357,791000000.0,840000000.0,0.232,840000000.0,791000000.0,760000000.0,0.956,0.948,0.956,2069000000.0,2045025000.0,2069000000.0,12529398199.0,16.0,14.916,455000000.0,0.854,1.0,1795000000.0,0.497,1285000000.0,31000000.0,1960000000.0,1948425000.0,712000000.0,0.0,0.0,0.0,1408000000.0,404000000.0,1004000000.0,12262798199.0,-229000000.0,-7000000.0,-230000000.0,-248000000.0,-192000000.0,-662000000.0,-68000000.0,0.0,516000000.0,-15000000.0,513000000.0,513000000.0,513000000.0,0.0,0.0,0.142,1008000000.0,787000000.0,386000000.0,0.373,5.927,23.904,24.086,399000000.0,0.0,23.027,3.393,3.393,475000000.0,3031000000.0,3614000000.0,3614000000.0,0.0,0.141,0.251,0.406,0.219,9000000.0,1005000000.0,1.0,532547692.0,532547692.0,,6.786,2192000000.0,42000000.0,247000000.0,169000000.0,4.116,1345000000.0
38,BF.B,MRT,2011-12-31,2012-01-31,2012-01-31,2021-09-07,-160900000.0,3676400000.0,3702800000.0,1953100000.0,1723300000.0,0.973,3.824,-46900000.0,494900000.0,494900000.0,1808000000.0,574700000.0,2.692,0.807,761500000.0,258000000.0,503500000.0,761500000.0,0.0,50800000.0,0.0,0.016,0.349,863700000.0,914500000.0,0.254,914500000.0,863700000.0,832000000.0,1.063,1.057,1.063,2034700000.0,2042775000.0,2034700000.0,11904328976.0,14.0,13.017,422300000.0,0.794,1.0,1796000000.0,0.498,1284300000.0,31700000.0,1933100000.0,1933925000.0,684200000.0,0.0,0.0,0.0,1641700000.0,725600000.0,916100000.0,11524228976.0,215800000.0,225800000.0,-244500000.0,700000.0,-188500000.0,-425000000.0,178900000.0,0.0,469200000.0,-7300000.0,574700000.0,574700000.0,574700000.0,0.0,0.0,0.159,1000800000.0,795200000.0,390800000.0,0.328,5.664,20.053,20.373,385300000.0,0.0,21.656,3.198,3.198,568700000.0,2927000000.0,3604000000.0,3604000000.0,0.0,0.155,0.281,0.447,0.24,9500000.0,996200000.0,1.0,532149472.0,532149472.0,,6.773,2392100000.0,34100000.0,257300000.0,200500000.0,4.495,1227500000.0
39,BF.B,MRT,2011-09-30,2011-10-31,2011-10-31,2021-09-07,-158400000.0,3673600000.0,3664425000.0,1945600000.0,1728000000.0,0.984,3.713,-45200000.0,380100000.0,380100000.0,1798800000.0,582300000.0,2.585,0.831,760200000.0,256000000.0,504200000.0,760200000.0,0.0,53100000.0,0.0,0.031,0.608,883000000.0,936100000.0,0.259,936100000.0,883000000.0,851700000.0,1.069,1.065,1.069,2006200000.0,2002525000.0,2006200000.0,10976819907.0,12.0,11.726,459500000.0,0.85,1.0,1808600000.0,0.501,1293900000.0,31300000.0,2007100000.0,2008500000.0,694500000.0,0.0,0.0,0.0,1667400000.0,752700000.0,914700000.0,10767919907.0,223900000.0,225800000.0,-251200000.0,115800000.0,-330500000.0,-459400000.0,180600000.0,0.0,504700000.0,-2000000.0,582300000.0,582300000.0,582300000.0,0.0,0.0,0.161,993600000.0,815000000.0,453300000.0,0.569,5.367,18.492,18.642,383000000.0,0.0,19.928,2.985,2.985,641900000.0,2893200000.0,3607400000.0,3607400000.0,0.0,0.159,0.291,0.44,0.245,9400000.0,988500000.0,1.0,540341224.0,540341224.0,,6.676,2379700000.0,52300000.0,269400000.0,205700000.0,4.404,1192900000.0
40,BF.B,MRT,2011-06-30,2011-07-31,2011-07-31,2021-09-07,-132000000.0,3749200000.0,3606050000.0,2011600000.0,1737600000.0,0.97,3.81,-40200000.0,552500000.0,552500000.0,1733900000.0,578700000.0,2.623,0.811,761400000.0,256300000.0,505100000.0,761400000.0,0.0,54500000.0,0.0,0.031,0.603,871600000.0,926100000.0,0.265,926100000.0,871600000.0,841400000.0,1.06,1.053,1.06,2070200000.0,1994825000.0,2070200000.0,10850615376.0,12.0,11.716,454200000.0,0.836,1.0,1765500000.0,0.505,1297700000.0,30200000.0,1893500000.0,2017675000.0,685500000.0,0.0,0.0,0.0,1679000000.0,766900000.0,912100000.0,10658615376.0,291200000.0,226000000.0,-113600000.0,34800000.0,-328400000.0,-399700000.0,185800000.0,0.0,494400000.0,10700000.0,578700000.0,578700000.0,578700000.0,0.0,0.0,0.165,966500000.0,799000000.0,404000000.0,0.569,5.149,18.418,18.506,388000000.0,0.0,19.616,3.046,3.046,523300000.0,2735400000.0,3499400000.0,3499400000.0,0.0,0.16,0.29,0.432,0.249,9500000.0,961400000.0,1.0,543363345.0,543363345.0,,6.44,2451500000.0,59800000.0,262700000.0,213900000.0,4.512,1244700000.0
41,BF.B,MRT,2011-03-31,2011-04-30,2011-04-30,2021-09-07,-131000000.0,3712000000.0,3514225000.0,1976000000.0,1736000000.0,0.969,3.784,-30000000.0,567000000.0,567000000.0,1680000000.0,572000000.0,2.795,0.802,759000000.0,255000000.0,504000000.0,759000000.0,0.0,56000000.0,0.0,0.031,0.597,858000000.0,914000000.0,0.269,914000000.0,858000000.0,829000000.0,1.044,1.04,1.044,2060000000.0,1944000000.0,2060000000.0,10914202579.0,13.0,11.941,497000000.0,0.913,1.0,1724000000.0,0.506,1295000000.0,29000000.0,1902000000.0,2019600000.0,647000000.0,0.0,0.0,0.0,1652000000.0,707000000.0,945000000.0,10433002579.0,335000000.0,233000000.0,-143000000.0,55000000.0,-326000000.0,-406000000.0,203000000.0,0.0,527000000.0,11000000.0,572000000.0,572000000.0,572000000.0,0.0,0.0,0.168,945000000.0,779000000.0,412000000.0,0.572,5.065,18.24,18.355,393000000.0,0.0,19.163,3.065,3.065,496000000.0,2710000000.0,3404000000.0,3404000000.0,0.0,0.163,0.294,0.425,0.252,9000000.0,940000000.0,1.0,544444192.0,544444192.0,,6.252,2417000000.0,60000000.0,257000000.0,190000000.0,4.439,1269000000.0
42,BF.B,MRT,2010-12-31,2011-01-31,2011-01-31,2021-09-07,-167600000.0,3522900000.0,3431975000.0,1686700000.0,1836200000.0,0.975,3.443,-32400000.0,278600000.0,278600000.0,1668400000.0,478600000.0,3.854,0.88,759800000.0,3100000.0,756700000.0,759800000.0,0.0,58100000.0,0.0,0.033,0.592,754500000.0,812600000.0,0.243,812600000.0,754500000.0,726200000.0,0.875,0.869,0.875,1873700000.0,1902750000.0,1873700000.0,10114719448.0,13.0,12.447,487600000.0,0.896,1.0,1678100000.0,0.501,1335100000.0,28300000.0,2231400000.0,2036350000.0,677000000.0,0.0,0.0,0.0,1649200000.0,437600000.0,1211600000.0,9629819448.0,37400000.0,0.0,-127400000.0,-11800000.0,-323700000.0,-454300000.0,-32400000.0,0.0,520000000.0,4100000.0,478600000.0,478600000.0,478600000.0,0.0,0.0,0.143,933900000.0,744200000.0,371900000.0,0.677,5.139,20.121,20.221,450400000.0,0.0,17.693,2.878,2.878,530300000.0,2544600000.0,3346500000.0,3346500000.0,0.0,0.139,0.252,0.371,0.225,8200000.0,928800000.0,1.0,544262591.0,544262591.0,,6.149,2187800000.0,45100000.0,247600000.0,169400000.0,4.02,1249100000.0
43,BF.B,MRT,2010-09-30,2010-10-31,2010-10-31,2021-09-07,-173700000.0,3440100000.0,3405825000.0,1603700000.0,1836400000.0,0.953,3.604,-25100000.0,155700000.0,155700000.0,1620300000.0,445800000.0,2.956,0.741,640600000.0,132100000.0,508500000.0,640600000.0,0.0,59100000.0,0.0,0.02,0.32,702800000.0,761900000.0,0.235,761900000.0,702800000.0,674400000.0,0.811,0.808,0.811,1975400000.0,1904775000.0,1975400000.0,9348612209.0,13.0,12.27,492000000.0,0.898,1.0,1625500000.0,0.501,1338700000.0,28400000.0,2043800000.0,1955700000.0,698900000.0,0.0,0.0,0.0,1464700000.0,542500000.0,922200000.0,8888912209.0,-133100000.0,0.0,-133500000.0,-325400000.0,-176100000.0,-627600000.0,-25100000.0,0.0,517100000.0,2500000.0,445800000.0,445800000.0,445800000.0,0.0,0.0,0.137,918300000.0,707200000.0,381700000.0,0.395,4.5,19.939,19.995,449500000.0,0.0,16.216,2.739,2.739,544000000.0,2641900000.0,3245800000.0,3245800000.0,0.0,0.131,0.234,0.359,0.217,8000000.0,913200000.0,1.0,548156895.0,548156895.0,,5.921,2101400000.0,52400000.0,228600000.0,124800000.0,3.834,1061200000.0
44,BF.B,MRT,2010-06-30,2010-07-31,2010-07-31,2021-09-07,-184900000.0,3381900000.0,3442050000.0,1544500000.0,1837400000.0,0.939,3.387,-23500000.0,260800000.0,260800000.0,1623300000.0,439100000.0,2.542,0.812,720500000.0,211700000.0,508800000.0,720500000.0,0.0,59100000.0,0.0,0.019,0.317,693200000.0,752300000.0,0.233,752300000.0,693200000.0,663700000.0,0.792,0.792,0.792,1866900000.0,1879475000.0,1866900000.0,9758480879.0,14.0,12.972,500300000.0,0.908,1.0,1609700000.0,0.498,1332700000.0,29500000.0,1901200000.0,1949250000.0,671900000.0,0.0,0.0,0.0,1515000000.0,607700000.0,907300000.0,9291480879.0,-25200000.0,0.0,-162300000.0,-196600000.0,-174800000.0,-526700000.0,-23500000.0,0.0,523800000.0,1200000.0,439100000.0,439100000.0,439100000.0,0.0,0.0,0.136,908000000.0,701700000.0,313800000.0,0.4,4.977,21.16,21.283,451800000.0,0.0,16.856,2.874,2.874,411600000.0,2487900000.0,3233000000.0,3233000000.0,0.0,0.128,0.234,0.356,0.214,7800000.0,904000000.0,1.0,551226915.0,551226915.0,,5.865,2049200000.0,47400000.0,224600000.0,119300000.0,3.718,936800000.0
45,BF.B,MRT,2010-03-31,2010-04-30,2010-04-30,2021-09-07,-176000000.0,3383000000.0,3457625000.0,1527000000.0,1856000000.0,0.933,3.44,-35000000.0,232000000.0,232000000.0,1615000000.0,449000000.0,2.797,0.785,699000000.0,191000000.0,508000000.0,699000000.0,0.0,59000000.0,0.0,0.02,0.313,713000000.0,772000000.0,0.239,772000000.0,713000000.0,682000000.0,0.808,0.805,0.808,1895000000.0,1863500000.0,1895000000.0,9070773838.0,13.0,11.75,510000000.0,0.926,1.0,1611000000.0,0.499,1335000000.0,31000000.0,1969000000.0,1948050000.0,651000000.0,0.0,0.0,0.0,1488000000.0,546000000.0,942000000.0,8545773838.0,-108000000.0,0.0,-164000000.0,-302000000.0,-174000000.0,-637000000.0,-35000000.0,0.0,545000000.0,19000000.0,449000000.0,449000000.0,449000000.0,0.0,0.0,0.139,894000000.0,717000000.0,342000000.0,0.387,4.51,19.033,19.201,468000000.0,0.0,15.515,2.649,2.649,418000000.0,2464000000.0,3226000000.0,3226000000.0,0.0,0.13,0.241,0.366,0.221,8000000.0,889000000.0,1.0,550819042.0,550819042.0,,5.857,2048000000.0,53000000.0,233000000.0,95000000.0,3.718,981000000.0
46,BF.B,MRT,2009-12-31,2010-01-31,2010-01-31,2021-09-07,-117100000.0,3418300000.0,3480625000.0,1548400000.0,1869900000.0,0.912,3.417,-33800000.0,241700000.0,241700000.0,1582700000.0,456800000.0,2.264,0.817,766700000.0,258400000.0,508300000.0,766700000.0,0.0,58700000.0,0.0,0.023,0.31,716100000.0,774800000.0,0.244,774800000.0,716100000.0,683800000.0,0.816,0.816,0.816,1881800000.0,1843750000.0,1881800000.0,8211569956.0,11.0,10.598,538800000.0,0.978,1.0,1592900000.0,0.502,1350500000.0,32300000.0,1908800000.0,1940050000.0,658300000.0,0.0,0.0,0.0,1536500000.0,684000000.0,852500000.0,7537669956.0,-93200000.0,200000.0,-177900000.0,-303800000.0,-173200000.0,-652100000.0,-33600000.0,0.0,572600000.0,19900000.0,456800000.0,456800000.0,456800000.0,0.0,0.0,0.144,871200000.0,721700000.0,361400000.0,0.38,4.006,16.501,16.771,464200000.0,0.0,13.685,2.374,2.374,454000000.0,2391800000.0,3175600000.0,3175600000.0,0.0,0.131,0.248,0.369,0.226,6600000.0,873600000.0,1.0,550784535.0,550784535.0,,5.766,2067800000.0,114300000.0,227000000.0,129900000.0,3.754,864400000.0
47,BF.B,MRT,2009-09-30,2009-10-31,2009-10-31,2021-09-07,-122800000.0,3585000000.0,3501000000.0,1684400000.0,1900600000.0,0.885,3.366,-40000000.0,289300000.0,289300000.0,1545400000.0,472300000.0,1.937,0.913,963200000.0,454700000.0,508500000.0,963200000.0,0.0,57000000.0,0.0,0.024,0.307,720200000.0,777200000.0,0.251,777200000.0,720200000.0,686100000.0,0.84,0.837,0.84,1874200000.0,1826200000.0,1874200000.0,7876469164.0,11.0,10.134,540500000.0,0.971,1.0,1552600000.0,0.501,1371100000.0,34100000.0,2018000000.0,1992175000.0,690200000.0,0.0,0.0,0.0,1710800000.0,869800000.0,841000000.0,7247669164.0,-37700000.0,17000000.0,-180900000.0,-260500000.0,-172600000.0,-611500000.0,-23000000.0,0.0,580500000.0,16300000.0,472300000.0,472300000.0,472300000.0,0.0,0.0,0.152,847800000.0,704800000.0,392200000.0,0.365,3.867,15.345,15.495,473900000.0,0.0,13.016,2.339,2.339,519100000.0,2372000000.0,3098000000.0,3098000000.0,0.0,0.135,0.259,0.362,0.232,6300000.0,850200000.0,1.0,556827686.0,556827686.0,,5.564,2213900000.0,134500000.0,213800000.0,128100000.0,3.976,814600000.0
48,BF.B,MRT,2009-06-30,2009-07-31,2009-07-31,2021-09-07,-132700000.0,3444200000.0,3524900000.0,1540000000.0,1904200000.0,0.891,3.203,-47800000.0,286500000.0,286500000.0,1563500000.0,468200000.0,1.899,0.91,915300000.0,406200000.0,509100000.0,915300000.0,0.0,56100000.0,0.0,0.026,0.303,717600000.0,773700000.0,0.246,773700000.0,717600000.0,681700000.0,0.829,0.824,0.829,1803000000.0,1810700000.0,1803000000.0,7257236398.0,10.0,9.38,456300000.0,0.81,1.0,1576300000.0,0.502,1365500000.0,35900000.0,1896400000.0,1994575000.0,685400000.0,0.0,0.0,0.0,1641200000.0,811100000.0,830100000.0,6598236398.0,126100000.0,17000000.0,-92600000.0,-79800000.0,-171100000.0,-341300000.0,-30800000.0,0.0,504100000.0,-5900000.0,468200000.0,468200000.0,468200000.0,0.0,0.0,0.149,875400000.0,700900000.0,323000000.0,0.366,3.66,14.093,14.138,479700000.0,0.0,11.72,2.101,2.101,392600000.0,2224600000.0,3139800000.0,3139800000.0,0.0,0.133,0.259,0.36,0.229,6400000.0,882900000.0,1.0,562989454.0,562989454.0,,5.577,2078700000.0,137700000.0,213500000.0,134100000.0,3.692,728900000.0
49,BF.B,MRT,2009-03-31,2009-04-30,2009-04-30,2021-09-07,-133000000.0,3475000000.0,3526075000.0,1574000000.0,1901000000.0,0.905,3.224,-54000000.0,340000000.0,340000000.0,1615000000.0,435000000.0,1.883,0.914,999000000.0,490000000.0,509000000.0,999000000.0,0.0,55000000.0,0.0,0.024,0.299,667000000.0,722000000.0,0.226,722000000.0,667000000.0,630000000.0,0.768,0.765,0.768,1816000000.0,1797700000.0,1816000000.0,7707726616.0,12.0,10.676,437000000.0,0.776,1.0,1577000000.0,0.494,1361000000.0,37000000.0,1937000000.0,1989125000.0,652000000.0,0.0,0.0,0.0,1659000000.0,836000000.0,823000000.0,6984626616.0,221000000.0,17000000.0,-45000000.0,-6000000.0,-169000000.0,-216000000.0,-37000000.0,0.0,491000000.0,-17000000.0,435000000.0,435000000.0,435000000.0,0.0,0.0,0.136,936000000.0,641000000.0,326000000.0,0.389,3.846,16.057,16.146,483000000.0,0.0,12.4,2.188,2.188,367000000.0,2189000000.0,3192000000.0,3192000000.0,0.0,0.123,0.242,0.335,0.209,7000000.0,931000000.0,1.0,563276340.0,563276340.0,,5.667,2114000000.0,11000000.0,195000000.0,100000000.0,3.753,738000000.0
50,BF.B,MRT,2008-12-31,2009-01-31,2009-01-31,2021-09-07,-73000000.0,3499800000.0,3508575000.0,1594500000.0,1905300000.0,0.935,3.209,-49800000.0,334700000.0,334700000.0,1661400000.0,454100000.0,2.137,0.932,1057800000.0,397200000.0,660600000.0,1057800000.0,0.0,53700000.0,0.0,0.024,0.294,681400000.0,735100000.0,0.224,735100000.0,681400000.0,642800000.0,0.805,0.797,0.805,1811600000.0,1774950000.0,1811600000.0,7724339118.0,11.0,10.508,429800000.0,0.761,1.0,1619500000.0,0.494,1359600000.0,38600000.0,2117300000.0,1985125000.0,643200000.0,0.0,0.0,0.0,1688200000.0,746000000.0,942200000.0,6851739118.0,198000000.0,2200000.0,-131200000.0,57200000.0,-167300000.0,-234000000.0,-33200000.0,400000.0,479600000.0,-14400000.0,454100000.0,454100000.0,454100000.0,0.0,0.0,0.138,954700000.0,664800000.0,299500000.0,0.365,3.782,15.089,15.043,479500000.0,0.0,12.109,2.088,2.084,413500000.0,2109600000.0,3280900000.0,3280900000.0,0.0,0.129,0.256,0.343,0.208,8700000.0,951000000.0,1.0,565822984.0,564540000.0,,5.812,2140200000.0,102300000.0,188700000.0,114400000.0,3.791,848500000.0
51,BF.B,MRT,2008-09-30,2008-10-31,2008-10-31,2021-09-07,-57100000.0,3680600000.0,3481525000.0,1773000000.0,1907600000.0,0.969,3.208,-48000000.0,326800000.0,326800000.0,1692700000.0,446700000.0,1.52,1.031,1199400000.0,787100000.0,412300000.0,1199400000.0,0.0,52900000.0,0.0,0.024,0.29,686500000.0,739400000.0,0.219,739400000.0,686500000.0,646300000.0,0.789,0.781,0.789,1812200000.0,1745700000.0,1812200000.0,7686839137.0,11.0,10.396,404200000.0,0.715,1.0,1681500000.0,0.498,1359300000.0,40200000.0,2027600000.0,1925575000.0,683000000.0,0.0,0.0,0.0,1868400000.0,1166300000.0,702100000.0,6849639137.0,134000000.0,-14600000.0,-208700000.0,107500000.0,-165800000.0,-259100000.0,-48200000.0,400000.0,452200000.0,-10900000.0,446700000.0,446700000.0,446700000.0,-100000.0,0.0,0.132,1004300000.0,677200000.0,370900000.0,0.368,3.78,15.334,15.344,486100000.0,0.0,12.107,2.03,2.027,534400000.0,2072900000.0,3374200000.0,3374200000.0,0.0,0.128,0.256,0.357,0.203,9200000.0,1001800000.0,1.0,565774158.0,564978750.0,,5.972,2321300000.0,102300000.0,199600000.0,113900000.0,4.109,606700000.0
52,BF.B,MRT,2008-06-30,2008-07-31,2008-07-31,2021-09-07,26800000.0,3448900000.0,3447950000.0,1494400000.0,1954500000.0,0.967,3.1,-46500000.0,160200000.0,160200000.0,1648100000.0,432900000.0,1.457,0.97,997400000.0,580700000.0,416700000.0,997400000.0,0.0,52500000.0,0.0,0.018,0.282,677800000.0,730300000.0,0.219,730300000.0,677800000.0,632800000.0,0.76,0.752,0.76,1751000000.0,1730150000.0,1751000000.0,9564920205.0,14.0,13.097,463800000.0,0.821,1.0,1684800000.0,0.506,1385700000.0,45000000.0,1874600000.0,1909950000.0,709000000.0,0.0,0.0,0.0,1697900000.0,1025800000.0,672100000.0,8677920205.0,-19700000.0,-14500000.0,-220000000.0,-123400000.0,-162100000.0,-496100000.0,-46600000.0,400000.0,510300000.0,12700000.0,432900000.0,432900000.0,432900000.0,0.0,0.0,0.13,1016700000.0,668100000.0,343000000.0,0.371,4.956,20.046,20.199,505700000.0,0.0,15.351,2.604,2.601,428800000.0,1934300000.0,3332900000.0,3332900000.0,0.0,0.126,0.25,0.355,0.203,10100000.0,1011200000.0,1.0,565282809.0,564764062.0,,5.901,2063200000.0,102300000.0,199900000.0,143000000.0,3.653,468600000.0
53,BF.B,MRT,2008-03-31,2008-04-30,2008-04-30,2021-09-07,5000000.0,3405000000.0,3421275000.0,1456000000.0,1949000000.0,0.959,3.054,-47000000.0,119000000.0,119000000.0,1587000000.0,440000000.0,1.48,0.974,1006000000.0,589000000.0,417000000.0,1006000000.0,0.0,52000000.0,0.0,0.019,0.274,693000000.0,745000000.0,0.227,745000000.0,693000000.0,644000000.0,0.765,0.76,0.765,1725000000.0,1694125000.0,1725000000.0,9073593796.0,13.0,12.179,487000000.0,0.862,1.0,1695000000.0,0.516,1387000000.0,49000000.0,1921000000.0,1901375000.0,685000000.0,0.0,0.0,0.0,1680000000.0,984000000.0,696000000.0,8195893796.0,-164000000.0,-13000000.0,-212000000.0,-172000000.0,-362000000.0,-736000000.0,28000000.0,86000000.0,534000000.0,10000000.0,440000000.0,440000000.0,440000000.0,0.0,0.0,0.134,1012000000.0,683000000.0,380000000.0,0.358,4.751,18.627,18.969,501000000.0,0.0,14.511,2.497,2.497,453000000.0,1931000000.0,3282000000.0,3282000000.0,0.0,0.129,0.26,0.364,0.211,10000000.0,1007000000.0,1.0,564808177.0,564808177.0,,5.811,2018000000.0,102000000.0,204000000.0,89000000.0,3.573,472000000.0
54,BF.B,MRT,2007-12-31,2008-01-31,2008-01-31,2021-09-07,-23800000.0,3391600000.0,3457775000.0,1443900000.0,1947700000.0,0.926,2.943,-58900000.0,136600000.0,136600000.0,1544800000.0,407000000.0,1.433,1.001,1014300000.0,597000000.0,417300000.0,1014300000.0,0.0,50600000.0,0.0,0.047,0.62,664900000.0,715500000.0,0.224,715500000.0,664900000.0,612000000.0,0.707,0.7,0.707,1694600000.0,1656125000.0,1694600000.0,8599321266.0,13.0,12.019,415800000.0,0.722,1.0,1655700000.0,0.517,1382600000.0,52900000.0,1879100000.0,1857125000.0,682500000.0,0.0,0.0,0.0,1697000000.0,1007600000.0,689400000.0,7674721266.0,-117300000.0,14100000.0,-107800000.0,-235500000.0,-357200000.0,-691800000.0,92200000.0,149500000.0,474700000.0,7600000.0,407000000.0,407000000.0,407000000.0,2900000.0,0.0,0.127,997800000.0,657900000.0,354100000.0,0.877,4.529,18.857,18.762,502100000.0,0.0,13.265,2.398,2.386,473100000.0,1832200000.0,3200500000.0,3200500000.0,0.0,0.118,0.246,0.358,0.208,9600000.0,998000000.0,1.0,578566355.0,575793750.0,,5.558,2009000000.0,76100000.0,205000000.0,84700000.0,3.489,436300000.0
55,BF.B,MRT,2007-09-30,2007-10-31,2007-10-31,2021-09-07,-33600000.0,3546300000.0,3542575000.0,1595200000.0,1951100000.0,0.869,3.028,-70400000.0,192700000.0,192700000.0,1467500000.0,396100000.0,1.42,1.026,1117300000.0,699100000.0,418200000.0,1117300000.0,0.0,49600000.0,0.0,0.039,0.612,649200000.0,698800000.0,0.227,698800000.0,649200000.0,599200000.0,0.688,0.682,0.688,1750000000.0,1679775000.0,1750000000.0,10077469068.0,16.0,14.421,375800000.0,0.65,1.0,1610400000.0,0.523,1382700000.0,50000000.0,1965100000.0,1896100000.0,733600000.0,0.0,0.0,0.0,1796300000.0,1123100000.0,673200000.0,9139069068.0,-29900000.0,-780800000.0,-5400000.0,563900000.0,-352600000.0,213700000.0,-699200000.0,189900000.0,446200000.0,9400000.0,396100000.0,396100000.0,396100000.0,9500000.0,0.0,0.129,965300000.0,645100000.0,424000000.0,0.89,5.222,23.073,22.94,506200000.0,0.0,15.782,2.969,2.964,535100000.0,1799500000.0,3077900000.0,3077900000.0,0.0,0.112,0.236,0.342,0.211,9100000.0,970500000.0,1.0,579067130.0,578017500.0,,5.325,2163600000.0,76100000.0,203100000.0,61700000.0,3.743,472100000.0
56,BF.B,MRT,2007-06-30,2007-07-31,2007-07-31,2021-09-07,-54300000.0,3342200000.0,3387300000.0,1415400000.0,1926800000.0,0.86,2.782,-56300000.0,179800000.0,179800000.0,1388600000.0,390500000.0,1.316,1.08,1118200000.0,696800000.0,421400000.0,1118200000.0,0.0,46800000.0,0.0,0.043,0.607,620100000.0,666900000.0,0.229,666900000.0,620100000.0,578800000.0,0.679,0.674,0.679,1606900000.0,1679675000.0,1606900000.0,9083281651.0,15.0,13.62,350900000.0,0.608,1.0,1523000000.0,0.523,1364800000.0,41300000.0,1840300000.0,1879025000.0,724800000.0,0.0,0.0,0.0,1735300000.0,1075500000.0,659800000.0,8189281651.0,-40100000.0,-781400000.0,14400000.0,565400000.0,-349600000.0,238200000.0,-689600000.0,186000000.0,407200000.0,4100000.0,390500000.0,390500000.0,390500000.0,10300000.0,0.0,0.134,907800000.0,615200000.0,334300000.0,0.894,5.096,20.971,20.875,504800000.0,0.0,14.174,2.813,2.812,393800000.0,1670200000.0,2911600000.0,2911600000.0,0.0,0.115,0.232,0.33,0.213,7900000.0,924300000.0,1.0,577773295.0,577579688.0,,5.041,1977400000.0,76000000.0,188300000.0,60000000.0,3.424,339900000.0
57,BF.B,MRT,2007-03-31,2007-04-30,2007-04-30,2021-09-07,-57000000.0,3551000000.0,3240900000.0,1635000000.0,1916000000.0,0.866,2.725,-53000000.0,283000000.0,283000000.0,1325000000.0,389000000.0,1.214,1.257,1177000000.0,755000000.0,422000000.0,1177000000.0,0.0,44000000.0,0.0,0.044,0.603,609000000.0,653000000.0,0.233,653000000.0,609000000.0,575000000.0,0.677,0.669,0.677,1573000000.0,1681400000.0,1573000000.0,8863126061.0,15.0,13.573,302000000.0,0.523,1.0,1481000000.0,0.528,1354000000.0,34000000.0,1744000000.0,1858775000.0,694000000.0,86000000.0,86000000.0,0.0,1978000000.0,1347000000.0,631000000.0,7871926061.0,-192000000.0,-1033000000.0,27000000.0,595000000.0,-143000000.0,487000000.0,-1038000000.0,74000000.0,355000000.0,4000000.0,389000000.0,389000000.0,389000000.0,11000000.0,0.0,0.139,879000000.0,602000000.0,361000000.0,0.891,5.004,20.236,20.145,506000000.0,0.0,13.638,2.805,2.805,404000000.0,1649000000.0,2806000000.0,2806000000.0,0.0,0.12,0.231,0.328,0.217,8000000.0,896000000.0,1.0,577188384.0,577188384.0,,4.861,2197000000.0,76000000.0,186000000.0,83000000.0,3.806,288000000.0
58,BF.B,MRT,2006-12-31,2007-01-31,2007-01-31,2021-09-07,27000000.0,3730800000.0,3035150000.0,1714200000.0,2016600000.0,0.89,3.104,-48900000.0,253900000.0,253900000.0,1258800000.0,400500000.0,1.281,1.085,1245100000.0,875800000.0,369300000.0,1245100000.0,0.0,42400000.0,0.0,0.017,0.244,609300000.0,651700000.0,0.241,651700000.0,609300000.0,585100000.0,0.697,0.693,0.697,1789200000.0,1678900000.0,1789200000.0,8400957488.0,14.0,12.891,328300000.0,0.57,1.0,1441400000.0,0.534,1349300000.0,24200000.0,2035000000.0,1858525000.0,700600000.0,149800000.0,149800000.0,0.0,1941600000.0,1337700000.0,603900000.0,8072657488.0,-112200000.0,-1038000000.0,32100000.0,641100000.0,-140100000.0,542000000.0,-1032900000.0,79800000.0,377200000.0,1500000.0,400500000.0,400500000.0,400500000.0,5500000.0,0.0,0.148,845000000.0,596400000.0,363800000.0,0.35,4.512,20.156,20.075,496700000.0,0.0,13.993,2.99,2.987,485200000.0,1796200000.0,2700200000.0,2700200000.0,0.0,0.132,0.239,0.328,0.226,8400000.0,865400000.0,1.0,576926086.0,576393750.0,,4.685,2381500000.0,79600000.0,184600000.0,181500000.0,4.132,376500000.0
59,BF.B,MRT,2006-09-30,2006-10-31,2006-10-31,2021-09-07,21100000.0,2925200000.0,2766100000.0,1556000000.0,1369200000.0,0.93,3.038,-32600000.0,222600000.0,222600000.0,1188100000.0,415900000.0,2.636,0.672,550900000.0,197200000.0,353700000.0,550900000.0,0.0,40400000.0,0.0,0.016,0.239,611700000.0,652100000.0,0.253,652100000.0,611700000.0,591300000.0,0.724,0.719,0.724,1749600000.0,1597000000.0,1749600000.0,9210578980.0,15.0,14.124,351300000.0,0.61,1.0,1384900000.0,0.538,766400000.0,20400000.0,1896800000.0,1794400000.0,593700000.0,190200000.0,190200000.0,0.0,1175600000.0,590300000.0,585300000.0,8878778980.0,-229200000.0,-243100000.0,35400000.0,-55200000.0,-137000000.0,-146400000.0,-467200000.0,-190300000.0,383900000.0,500000.0,415900000.0,415900000.0,415900000.0,-1400000.0,0.0,0.162,792000000.0,592900000.0,341900000.0,0.33,5.075,21.348,21.271,427500000.0,0.0,15.401,3.451,3.447,441700000.0,1765500000.0,2573000000.0,2573000000.0,0.0,0.15,0.26,0.341,0.238,10000000.0,840000000.0,1.0,576524123.0,575967188.0,,4.467,2158800000.0,81000000.0,175400000.0,179800000.0,3.748,965700000.0
60,BF.B,MRT,2006-06-30,2006-07-31,2006-07-31,2021-09-07,21100000.0,2756600000.0,2682750000.0,1386500000.0,1370100000.0,0.936,2.808,-47400000.0,219900000.0,219900000.0,1152000000.0,400900000.0,2.464,0.708,551700000.0,198100000.0,353600000.0,551700000.0,0.0,41200000.0,0.0,0.015,0.231,586500000.0,627700000.0,0.25,627700000.0,586500000.0,567300000.0,0.698,0.694,0.698,1613800000.0,1509600000.0,1613800000.0,9113562673.0,16.0,14.519,338100000.0,0.588,1.0,1359700000.0,0.541,766400000.0,19200000.0,1759300000.0,1728075000.0,546600000.0,186300000.0,186300000.0,0.0,1142800000.0,562700000.0,580100000.0,9012562673.0,-45300000.0,-46100000.0,28300000.0,-54300000.0,-132500000.0,-149300000.0,-281900000.0,-186400000.0,385500000.0,400000.0,400900000.0,400900000.0,400900000.0,700000.0,0.0,0.16,789700000.0,570000000.0,249100000.0,0.331,5.585,22.481,22.449,438500000.0,0.0,15.669,3.588,3.586,331200000.0,1639800000.0,2511700000.0,2511700000.0,0.0,0.149,0.266,0.339,0.234,9700000.0,824500000.0,1.0,575172056.0,574748438.0,,4.37,1990200000.0,81000000.0,166400000.0,208200000.0,3.463,823800000.0
61,BF.B,MRT,2006-03-31,2006-04-30,2006-04-30,2021-09-07,18000000.0,2728000000.0,2642775000.0,1609000000.0,1119000000.0,0.913,2.727,-44000000.0,475000000.0,475000000.0,1104000000.0,320000000.0,2.828,0.745,576000000.0,225000000.0,351000000.0,576000000.0,0.0,42000000.0,0.0,0.014,0.224,502000000.0,544000000.0,0.226,544000000.0,502000000.0,484000000.0,0.559,0.555,0.559,1563000000.0,1421700000.0,1563000000.0,9346136525.0,19.0,17.18,299000000.0,0.522,1.0,1308000000.0,0.542,517000000.0,18000000.0,1743000000.0,1730025000.0,511000000.0,160000000.0,160000000.0,0.0,1165000000.0,569000000.0,596000000.0,9110936525.0,180000000.0,204000000.0,16000000.0,-55000000.0,-128000000.0,-160000000.0,-3000000.0,-160000000.0,343000000.0,0.0,320000000.0,320000000.0,320000000.0,75000000.0,0.0,0.133,745000000.0,563000000.0,289000000.0,0.401,5.829,28.472,28.432,425000000.0,0.0,15.893,3.777,3.777,323000000.0,1607000000.0,2412000000.0,2412000000.0,0.0,0.121,0.225,0.29,0.208,9000000.0,792000000.0,1.0,573255234.0,573255234.0,,4.208,2211000000.0,80000000.0,164000000.0,182000000.0,3.857,1040000000.0
62,BF.B,MRT,2005-12-31,2006-01-31,2006-01-31,2021-09-07,6000000.0,2654600000.0,2623025000.0,1529800000.0,1124800000.0,0.885,2.553,-41300000.0,366200000.0,366200000.0,1062000000.0,302500000.0,2.588,0.816,601400000.0,249500000.0,351900000.0,601400000.0,0.0,41600000.0,0.0,0.014,0.217,480500000.0,522100000.0,0.225,522100000.0,480500000.0,462600000.0,0.529,0.523,0.529,1461600000.0,1358450000.0,1461600000.0,8813523503.0,18.0,16.881,256100000.0,0.447,1.0,1258300000.0,0.542,520300000.0,17900000.0,1778500000.0,1749025000.0,519800000.0,229700000.0,229700000.0,0.0,1193000000.0,591000000.0,602000000.0,8663923503.0,76500000.0,196800000.0,11800000.0,-33000000.0,-123400000.0,-139500000.0,-81400000.0,-230100000.0,297400000.0,0.0,302500000.0,302500000.0,302500000.0,78300000.0,0.0,0.13,725600000.0,532700000.0,261200000.0,0.41,5.928,28.641,28.6,418100000.0,0.0,15.13,3.734,3.732,312600000.0,1530400000.0,2320300000.0,2320300000.0,0.0,0.115,0.223,0.275,0.207,8600000.0,760100000.0,1.0,572647228.0,572418750.0,,4.054,2134300000.0,69900000.0,160100000.0,188400000.0,3.729,938800000.0
63,BF.B,MRT,2005-09-30,2005-10-31,2005-10-31,2021-09-07,4900000.0,2591800000.0,2614925000.0,1483700000.0,1108100000.0,0.879,2.448,-45300000.0,451900000.0,451900000.0,1067300000.0,277000000.0,2.513,0.851,601500000.0,249700000.0,351800000.0,601500000.0,0.0,35800000.0,0.0,0.015,0.209,474700000.0,510500000.0,0.222,510500000.0,474700000.0,456100000.0,0.485,0.481,0.485,1400000000.0,1303350000.0,1400000000.0,8064467083.0,17.0,15.797,305200000.0,0.534,1.0,1232500000.0,0.536,519400000.0,18600000.0,1631500000.0,1769300000.0,522500000.0,0.0,0.0,0.0,1191800000.0,590500000.0,601300000.0,7728867083.0,365900000.0,289500000.0,8400000.0,-57800000.0,-119100000.0,-165200000.0,180600000.0,-64000000.0,350500000.0,0.0,277000000.0,277000000.0,277000000.0,108100000.0,0.0,0.12,746200000.0,486300000.0,299700000.0,0.431,5.521,27.902,27.861,417300000.0,0.0,13.513,3.361,3.361,405000000.0,1478300000.0,2299800000.0,2299800000.0,0.0,0.106,0.213,0.268,0.206,7000000.0,748200000.0,1.0,571977652.0,571950000.0,,4.021,2072400000.0,69900000.0,179100000.0,183600000.0,3.623,893200000.0
64,BF.B,MRT,2005-06-30,2005-07-31,2005-07-31,2021-09-07,-20700000.0,2596700000.0,2607900000.0,1340300000.0,1256400000.0,0.867,2.208,-45300000.0,265300000.0,265300000.0,1055600000.0,269600000.0,2.077,1.057,600900000.0,249300000.0,351600000.0,600900000.0,0.0,39700000.0,0.0,0.016,0.202,466600000.0,506300000.0,0.224,506300000.0,466600000.0,447400000.0,0.472,0.471,0.472,1262200000.0,1254050000.0,1262200000.0,7465551383.0,16.0,14.745,305200000.0,0.534,1.0,1205600000.0,0.533,520000000.0,19200000.0,1767100000.0,1882575000.0,488000000.0,0.0,0.0,0.0,1334500000.0,645200000.0,689300000.0,7129551383.0,181100000.0,93000000.0,5800000.0,-47000000.0,-115000000.0,-154000000.0,-15400000.0,-64000000.0,350500000.0,0.0,269600000.0,269600000.0,269600000.0,97100000.0,0.0,0.119,735600000.0,470000000.0,227100000.0,0.428,5.649,26.445,26.418,414200000.0,0.0,12.469,3.153,3.152,321000000.0,1369100000.0,2261200000.0,2261200000.0,0.0,0.103,0.215,0.248,0.206,8800000.0,737600000.0,1.0,571766845.0,571617188.0,,3.956,2076700000.0,69900000.0,177800000.0,230300000.0,3.633,695100000.0
65,BF.B,MRT,2005-03-31,2005-04-30,2005-04-30,2021-09-07,-11000000.0,2649000000.0,2551900000.0,1315000000.0,1334000000.0,0.86,2.294,-47000000.0,295000000.0,295000000.0,1039000000.0,308000000.0,2.061,1.022,630000000.0,279000000.0,351000000.0,630000000.0,0.0,43000000.0,0.0,0.016,0.195,493000000.0,536000000.0,0.244,536000000.0,493000000.0,473000000.0,0.54,0.537,0.54,1310000000.0,1211825000.0,1310000000.0,7103932323.0,14.0,13.254,349000000.0,0.611,1.0,1156000000.0,0.527,527000000.0,20000000.0,1819000000.0,1942025000.0,470000000.0,0.0,0.0,0.0,1339000000.0,638000000.0,701000000.0,6760132323.0,227000000.0,93000000.0,6000000.0,-50000000.0,-111000000.0,-153000000.0,-16000000.0,-64000000.0,396000000.0,0.0,308000000.0,308000000.0,308000000.0,31000000.0,0.0,0.14,711000000.0,445000000.0,264000000.0,0.361,5.16,21.948,21.926,418000000.0,0.0,11.84,3.08,3.08,296000000.0,1415000000.0,2195000000.0,2195000000.0,0.0,0.121,0.254,0.254,0.225,7000000.0,713000000.0,1.0,570957122.0,570957122.0,,3.844,2122000000.0,70000000.0,165000000.0,200000000.0,3.717,677000000.0
66,BF.B,MRT,2004-12-31,2005-01-31,2005-01-31,2021-09-07,-3400000.0,2622200000.0,2483650000.0,1310900000.0,1311300000.0,0.718,2.175,-27100000.0,289500000.0,289500000.0,839000000.0,301700000.0,2.68,1.113,633300000.0,32500000.0,600800000.0,633300000.0,0.0,33100000.0,0.0,0.018,0.188,480300000.0,513400000.0,0.288,513400000.0,480300000.0,459300000.0,0.527,0.527,0.527,1241200000.0,1158075000.0,1241200000.0,6445832028.0,13.0,12.555,370700000.0,0.65,1.0,944800000.0,0.53,617200000.0,21000000.0,1859600000.0,2001525000.0,573700000.0,18200000.0,0.0,18200000.0,1381000000.0,489200000.0,891800000.0,5873732028.0,179700000.0,92700000.0,7800000.0,-102000000.0,-107300000.0,-205300000.0,-12800000.0,-63600000.0,397800000.0,0.0,301700000.0,301700000.0,301700000.0,18000000.0,0.0,0.169,528500000.0,416300000.0,314300000.0,0.357,4.732,19.469,19.524,500500000.0,0.0,10.289,3.293,3.292,357100000.0,1376100000.0,1783800000.0,1783800000.0,0.0,0.121,0.261,0.24,0.269,10900000.0,528500000.0,1.0,570871219.0,570726562.0,,3.125,2005000000.0,66900000.0,157600000.0,225800000.0,3.513,821700000.0
67,BF.B,MRT,2004-09-30,2004-10-31,2004-10-31,2021-09-07,-4700000.0,2563700000.0,2411075000.0,1276000000.0,1287700000.0,0.777,2.108,-32700000.0,85800000.0,85800000.0,889000000.0,287200000.0,2.638,1.131,657900000.0,56800000.0,601100000.0,657900000.0,0.0,43500000.0,0.0,0.019,0.181,443100000.0,486600000.0,0.26,486600000.0,443100000.0,421800000.0,0.502,0.502,0.502,1202800000.0,1091175000.0,1202800000.0,6031355082.0,14.0,12.395,327300000.0,0.574,1.0,983400000.0,0.525,567500000.0,21300000.0,2084600000.0,2015525000.0,601700000.0,46500000.0,0.0,46500000.0,1360900000.0,483700000.0,877200000.0,5468655082.0,11600000.0,0.0,9200000.0,-196500000.0,-103200000.0,-294500000.0,-53900000.0,0.0,360000000.0,0.0,287200000.0,287200000.0,287200000.0,-11400000.0,0.0,0.153,561600000.0,421800000.0,344900000.0,0.361,4.547,19.041,19.081,507600000.0,0.0,9.579,2.921,2.919,488700000.0,1340200000.0,1872400000.0,1872400000.0,0.0,0.119,0.263,0.22,0.237,9300000.0,561600000.0,1.0,570920283.0,570642188.0,,3.281,1996200000.0,66900000.0,134600000.0,182500000.0,3.498,792300000.0
68,BF.B,MRT,2004-06-30,2004-07-31,2004-07-31,2021-09-07,-12400000.0,2372700000.0,2377575000.0,1086000000.0,1286700000.0,0.828,1.917,-35200000.0,84000000.0,84000000.0,952700000.0,274000000.0,2.949,1.17,646700000.0,16500000.0,630200000.0,646700000.0,0.0,43000000.0,0.0,0.018,0.176,430100000.0,473100000.0,0.24,473100000.0,430100000.0,408300000.0,0.48,0.478,0.48,1093300000.0,1022700000.0,1093300000.0,6275429866.0,15.0,13.264,309400000.0,0.542,1.0,1017000000.0,0.516,562300000.0,21800000.0,2004900000.0,2004075000.0,578300000.0,45300000.0,0.0,45300000.0,1279400000.0,368200000.0,911200000.0,5663429866.0,12400000.0,0.0,13200000.0,-184100000.0,-100200000.0,-275200000.0,-57000000.0,0.0,344600000.0,0.0,274000000.0,274000000.0,274000000.0,-3400000.0,0.0,0.139,601300000.0,415700000.0,257700000.0,0.367,5.18,20.669,20.671,511200000.0,0.0,9.922,2.875,2.874,324300000.0,1236400000.0,1969700000.0,1969700000.0,0.0,0.115,0.268,0.215,0.218,6000000.0,601300000.0,1.0,570787519.0,570435938.0,,3.453,1810400000.0,66900000.0,134300000.0,178300000.0,3.174,717800000.0
69,BF.B,MRT,2004-03-31,2004-04-30,2004-04-30,2021-09-07,-14000000.0,2376000000.0,2354550000.0,1083000000.0,1293000000.0,0.858,1.923,-41000000.0,68000000.0,68000000.0,985000000.0,254000000.0,2.935,1.17,680000000.0,50000000.0,630000000.0,680000000.0,0.0,42000000.0,0.0,0.017,0.171,395000000.0,437000000.0,0.216,437000000.0,395000000.0,373000000.0,0.446,0.444,0.446,1095000000.0,957925000.0,1095000000.0,6323367571.0,16.0,14.47,263000000.0,0.462,1.0,1035000000.0,0.512,562000000.0,22000000.0,2057000000.0,1982425000.0,557000000.0,45000000.0,0.0,45000000.0,1281000000.0,369000000.0,912000000.0,5691267571.0,-4000000.0,0.0,12000000.0,-155000000.0,-97000000.0,-245000000.0,-63000000.0,0.0,304000000.0,0.0,254000000.0,254000000.0,254000000.0,-12000000.0,0.0,0.126,650000000.0,385000000.0,271000000.0,0.383,5.198,22.407,22.414,515000000.0,0.0,9.997,2.817,2.817,348000000.0,1218000000.0,2020000000.0,2020000000.0,0.0,0.108,0.265,0.199,0.196,6000000.0,650000000.0,1.0,569308936.0,569308936.0,,3.548,1814000000.0,67000000.0,119000000.0,160000000.0,3.186,714000000.0
70,BF.B,MRT,2003-12-31,2004-01-31,2004-01-31,2021-09-07,-62200000.0,2331900000.0,2326550000.0,1107900000.0,1224000000.0,1.084,1.711,-111100000.0,110100000.0,110100000.0,1256800000.0,254700000.0,2.282,1.395,742200000.0,112400000.0,629800000.0,742200000.0,0.0,55200000.0,0.0,0.017,0.165,405000000.0,460200000.0,0.183,460200000.0,405000000.0,385000000.0,0.442,0.442,0.442,973600000.0,894175000.0,973600000.0,6452806209.0,16.0,14.022,202100000.0,0.355,1.0,1264400000.0,0.502,562800000.0,20000000.0,1915600000.0,1951675000.0,590300000.0,47100000.0,0.0,47100000.0,1358300000.0,485600000.0,872700000.0,5668606209.0,30100000.0,-27200000.0,-550100000.0,503800000.0,-96800000.0,-143100000.0,-140000000.0,0.0,313200000.0,0.0,254700000.0,254700000.0,254700000.0,0.0,0.0,0.101,852700000.0,411700000.0,284900000.0,0.373,5.822,22.256,22.545,512800000.0,0.0,9.965,2.248,2.249,313500000.0,1178200000.0,2521200000.0,2521200000.0,0.0,0.109,0.285,0.208,0.161,6000000.0,852700000.0,1.0,568863019.0,568992188.0,,4.431,1769100000.0,56000000.0,130300000.0,133300000.0,3.109,622300000.0
71,BF.B,MRT,2003-09-30,2003-10-31,2003-10-31,2021-09-07,-75400000.0,2429700000.0,2278875000.0,1217000000.0,1212700000.0,1.08,1.633,-119100000.0,74500000.0,74500000.0,1231800000.0,244200000.0,1.958,1.616,858700000.0,229500000.0,629200000.0,858700000.0,0.0,54700000.0,0.0,0.018,0.16,385000000.0,439700000.0,0.179,439700000.0,385000000.0,369000000.0,0.41,0.41,0.41,928900000.0,1002975000.0,928900000.0,5879415490.0,15.0,13.371,167800000.0,0.295,1.0,1229300000.0,0.499,553400000.0,16000000.0,2038800000.0,1797950000.0,625800000.0,43200000.0,0.0,43200000.0,1500800000.0,621700000.0,879100000.0,5117115490.0,-62300000.0,-99000000.0,-552200000.0,519500000.0,-96600000.0,-129300000.0,-219900000.0,0.0,286900000.0,0.0,244200000.0,244200000.0,244200000.0,0.0,0.0,0.099,841400000.0,387900000.0,334000000.0,0.39,5.509,20.955,21.953,511100000.0,0.0,9.001,2.079,2.08,431200000.0,1579300000.0,2461100000.0,2461100000.0,0.0,0.107,0.243,0.214,0.156,6000000.0,841400000.0,1.0,568534697.0,568664062.0,,4.328,1876300000.0,56000000.0,124800000.0,131900000.0,3.299,595300000.0
72,BF.B,MRT,2003-06-30,2003-07-31,2003-07-31,2021-09-07,-79500000.0,2280600000.0,2225125000.0,1077000000.0,1203600000.0,1.091,1.468,-125600000.0,71900000.0,71900000.0,1224200000.0,237100000.0,1.875,1.734,834200000.0,205200000.0,629000000.0,834200000.0,0.0,54300000.0,0.0,0.019,0.157,370800000.0,425100000.0,0.175,425100000.0,370800000.0,359100000.0,0.38,0.382,0.38,834200000.0,1117775000.0,834200000.0,5487705809.0,15.0,12.909,117100000.0,0.206,1.0,1204000000.0,0.496,550100000.0,11700000.0,1918300000.0,1662700000.0,613300000.0,40800000.0,0.0,40800000.0,1446400000.0,574500000.0,871900000.0,4723705809.0,-52300000.0,-99000000.0,-552600000.0,581000000.0,-97800000.0,-69400000.0,-225600000.0,0.0,242700000.0,0.0,237100000.0,237100000.0,237100000.0,0.0,0.0,0.098,824500000.0,379500000.0,297700000.0,0.413,5.663,19.923,21.867,509500000.0,0.0,8.309,1.945,1.944,304600000.0,1491100000.0,2428200000.0,2428200000.0,0.0,0.107,0.212,0.223,0.153,6000000.0,824500000.0,1.0,568481925.0,568218750.0,,4.273,1730500000.0,56000000.0,122000000.0,120700000.0,3.045,502500000.0
73,BF.B,MRT,2003-03-31,2003-04-30,2003-04-30,2021-09-07,-83000000.0,2264000000.0,2161625000.0,1068000000.0,1196000000.0,1.099,1.309,-126000000.0,72000000.0,72000000.0,1196000000.0,242000000.0,1.949,1.695,836000000.0,207000000.0,629000000.0,836000000.0,0.0,55000000.0,0.0,0.019,0.155,375000000.0,430000000.0,0.181,430000000.0,375000000.0,367000000.0,0.382,0.382,0.382,840000000.0,1234850000.0,840000000.0,5355206552.0,14.0,12.454,117000000.0,0.182,1.0,1180000000.0,0.497,546000000.0,8000000.0,1934000000.0,1517325000.0,585000000.0,41000000.0,0.0,41000000.0,1424000000.0,548000000.0,876000000.0,5239006552.0,-44000000.0,-99000000.0,-554000000.0,592000000.0,-99000000.0,-61000000.0,-226000000.0,0.0,243000000.0,0.0,242000000.0,242000000.0,242000000.0,0.0,0.0,0.102,812000000.0,368000000.0,297000000.0,0.406,6.237,21.649,21.372,506000000.0,0.0,8.164,2.205,2.205,325000000.0,1506000000.0,2376000000.0,2376000000.0,0.0,0.112,0.196,0.247,0.158,6000000.0,812000000.0,1.0,641699588.0,641699588.0,,3.703,1718000000.0,56000000.0,125000000.0,122000000.0,2.677,520000000.0
74,BF.B,MRT,2002-12-31,2003-01-31,2003-01-31,2021-09-07,-14000000.0,2141200000.0,2099625000.0,1040200000.0,1101000000.0,1.111,2.196,-83300000.0,79600000.0,79600000.0,1166000000.0,238600000.0,1.948,0.52,195800000.0,155600000.0,40200000.0,195800000.0,0.0,56100000.0,0.0,0.023,0.152,368800000.0,424900000.0,0.182,424900000.0,368800000.0,363300000.0,0.37,0.37,0.37,1408800000.0,1352600000.0,1408800000.0,4414618676.0,12.0,10.39,123500000.0,0.193,1.0,1167300000.0,0.5,422800000.0,5500000.0,1300700000.0,1373325000.0,594600000.0,51300000.0,0.0,51300000.0,732400000.0,533900000.0,198500000.0,4251618676.0,-44700000.0,-71800000.0,7700000.0,-6400000.0,-98500000.0,-97200000.0,-154300000.0,0.0,206800000.0,0.0,238600000.0,238600000.0,238600000.0,0.0,0.0,0.102,799500000.0,367800000.0,291800000.0,0.411,3.018,17.819,17.914,454000000.0,0.0,6.628,1.822,1.822,308100000.0,1448100000.0,2333300000.0,2333300000.0,0.0,0.114,0.176,0.269,0.158,0.0,799500000.0,1.0,641437481.0,641437500.0,642829688.0,3.638,1718400000.0,0.0,124700000.0,98900000.0,2.679,506300000.0
75,BF.B,MRT,2002-09-30,2002-10-31,2002-10-31,2021-09-07,-15800000.0,2214700000.0,2049325000.0,1210800000.0,1003900000.0,1.109,2.164,-77400000.0,136400000.0,136400000.0,1131900000.0,225900000.0,1.912,0.595,299400000.0,259200000.0,40200000.0,299400000.0,0.0,56100000.0,0.0,0.019,0.149,350500000.0,406600000.0,0.179,406600000.0,350500000.0,344800000.0,0.351,0.351,0.351,1388100000.0,1315275000.0,1388100000.0,5035635182.0,14.0,12.385,141500000.0,0.221,1.0,1140900000.0,0.502,246500000.0,5700000.0,1497800000.0,1367150000.0,619900000.0,133600000.0,0.0,133600000.0,826600000.0,633400000.0,193200000.0,4944735182.0,42800000.0,0.0,7500000.0,-9800000.0,-96800000.0,-99100000.0,-77000000.0,0.0,218900000.0,0.0,225900000.0,225900000.0,225900000.0,0.0,0.0,0.099,787100000.0,353800000.0,325000000.0,0.425,3.562,21.889,21.968,446300000.0,0.0,7.711,2.176,2.176,404300000.0,1429500000.0,2272800000.0,2272800000.0,0.0,0.11,0.172,0.256,0.154,0.0,787100000.0,1.0,641262862.0,641306250.0,643050000.0,3.544,1968200000.0,0.0,118900000.0,85200000.0,3.069,577400000.0
76,BF.B,MRT,2002-06-30,2002-07-31,2002-07-31,2021-09-07,-18400000.0,2026600000.0,2018825000.0,1034500000.0,992100000.0,1.104,2.032,-74200000.0,123800000.0,123800000.0,1097700000.0,224900000.0,1.937,0.556,214700000.0,174500000.0,40200000.0,214700000.0,0.0,55500000.0,0.0,0.02,0.147,350300000.0,405800000.0,0.182,405800000.0,350300000.0,343200000.0,0.35,0.35,0.35,1302500000.0,1281050000.0,1302500000.0,4726455832.0,13.0,11.647,170500000.0,0.266,1.0,1131300000.0,0.508,246500000.0,7100000.0,1336800000.0,1346600000.0,601900000.0,131800000.0,0.0,131800000.0,724100000.0,534200000.0,189900000.0,4635455832.0,37900000.0,0.0,5900000.0,-43200000.0,-95300000.0,-132600000.0,-74200000.0,0.0,244700000.0,0.0,224900000.0,224900000.0,224900000.0,0.0,0.0,0.101,778800000.0,352500000.0,270900000.0,0.42,3.559,20.611,20.657,438900000.0,0.0,7.23,2.08,2.079,257200000.0,1348100000.0,2229000000.0,2229000000.0,0.0,0.111,0.176,0.26,0.157,0.0,778800000.0,1.0,641153709.0,641025000.0,643059375.0,3.477,1780100000.0,0.0,118300000.0,100900000.0,2.777,500300000.0
77,BF.B,MRT,2002-03-31,2002-04-30,2002-04-30,2021-09-07,-19000000.0,2016000000.0,1996150000.0,1032000000.0,984000000.0,1.114,2.047,-79000000.0,116000000.0,116000000.0,1091000000.0,228000000.0,2.085,0.538,207000000.0,167000000.0,40000000.0,207000000.0,0.0,55000000.0,0.0,0.017,0.145,356000000.0,411000000.0,0.185,411000000.0,356000000.0,348000000.0,0.354,0.354,0.354,1311000000.0,1248150000.0,1311000000.0,5448105714.0,15.0,13.256,170000000.0,0.265,1.0,1132000000.0,0.509,254000000.0,8000000.0,1358000000.0,1339000000.0,581000000.0,127000000.0,0.0,127000000.0,705000000.0,495000000.0,210000000.0,5370705714.0,30000000.0,0.0,-9000000.0,-37000000.0,-94000000.0,-140000000.0,-79000000.0,0.0,249000000.0,0.0,228000000.0,228000000.0,228000000.0,0.0,0.0,0.103,772000000.0,360000000.0,296000000.0,0.41,4.097,23.556,23.69,434000000.0,0.0,8.386,2.416,2.416,280000000.0,1360000000.0,2223000000.0,2223000000.0,0.0,0.114,0.183,0.266,0.16,0.0,772000000.0,1.0,640426941.0,640312000.0,642188000.0,3.472,1762000000.0,31000000.0,120000000.0,90000000.0,2.752,537000000.0
78,BF.B,MRT,2001-12-31,2002-01-31,2002-01-31,2021-09-07,-17400000.0,1940000000.0,1976900000.0,966200000.0,973800000.0,1.123,1.967,-81100000.0,124800000.0,124800000.0,1092200000.0,230700000.0,1.956,0.54,202200000.0,162000000.0,40200000.0,202200000.0,0.0,55000000.0,0.0,0.02,0.143,364100000.0,419100000.0,0.189,419100000.0,364100000.0,354200000.0,0.359,0.359,0.359,1259500000.0,1217150000.0,1259500000.0,4687967406.0,13.0,11.186,144900000.0,0.226,1.0,1127400000.0,0.508,247400000.0,9900000.0,1276000000.0,1327750000.0,592300000.0,0.0,0.0,0.0,680500000.0,494000000.0,186500000.0,4472867406.0,46400000.0,-900000.0,-11600000.0,5500000.0,-91000000.0,-97100000.0,-82500000.0,0.0,226000000.0,0.0,230700000.0,230700000.0,230700000.0,0.0,0.0,0.104,768200000.0,359200000.0,266200000.0,0.398,3.551,19.388,19.461,429600000.0,0.0,6.987,2.015,2.015,225500000.0,1309000000.0,2219600000.0,2219600000.0,0.0,0.117,0.19,0.274,0.164,0.0,768200000.0,1.0,640200488.0,640246875.0,641278125.0,3.467,1692600000.0,0.0,123500000.0,74800000.0,2.644,472200000.0
79,BF.B,MRT,2001-09-30,2001-10-31,2001-10-31,2021-09-07,-15100000.0,2092700000.0,1955750000.0,1129000000.0,963700000.0,1.127,1.954,-88600000.0,94100000.0,94100000.0,1068300000.0,229700000.0,1.751,0.673,309200000.0,269000000.0,40200000.0,309200000.0,0.0,58200000.0,0.0,0.022,0.141,367900000.0,426100000.0,0.193,426100000.0,367900000.0,355200000.0,0.357,0.357,0.357,1251200000.0,1186200000.0,1251200000.0,4229871744.0,11.0,9.927,117000000.0,0.183,1.0,1135600000.0,0.515,247400000.0,12700000.0,1415600000.0,1304475000.0,640500000.0,0.0,0.0,0.0,841500000.0,644800000.0,196700000.0,4058371744.0,-4300000.0,-12000000.0,-11600000.0,-6500000.0,-89600000.0,-107700000.0,-102200000.0,0.0,205600000.0,0.0,229700000.0,229700000.0,229700000.0,0.0,0.0,0.104,772200000.0,363400000.0,310300000.0,0.395,3.244,17.668,17.76,431200000.0,0.0,6.34,1.841,1.842,376400000.0,1299700000.0,2203900000.0,2203900000.0,0.0,0.117,0.194,0.282,0.167,0.0,772200000.0,1.0,640094803.0,640171875.0,641409375.0,3.443,1845300000.0,0.0,125500000.0,109600000.0,2.883,484200000.0
80,BF.B,MRT,2001-06-30,2001-07-31,2001-07-31,2021-09-07,-14700000.0,1935900000.0,1931475000.0,985800000.0,950100000.0,1.141,1.826,-98700000.0,86400000.0,86400000.0,1056500000.0,229700000.0,1.792,0.653,257900000.0,217700000.0,40200000.0,257900000.0,0.0,61400000.0,0.0,0.019,0.139,373500000.0,434900000.0,0.197,434900000.0,373500000.0,358900000.0,0.357,0.357,0.357,1170900000.0,1153700000.0,1170900000.0,4836203884.0,13.0,11.12,95200000.0,0.148,1.0,1146400000.0,0.52,250900000.0,14600000.0,1306400000.0,1268650000.0,603000000.0,0.0,0.0,0.0,765000000.0,550100000.0,214900000.0,4678203884.0,-101500000.0,-99200000.0,-14700000.0,2400000.0,-88300000.0,-100600000.0,-194800000.0,0.0,193900000.0,0.0,229700000.0,229700000.0,229700000.0,0.0,0.0,0.104,781900000.0,364500000.0,245000000.0,0.389,3.995,20.367,20.416,424100000.0,0.0,7.289,2.124,2.122,275500000.0,1219700000.0,2202900000.0,2202900000.0,0.0,0.119,0.199,0.294,0.17,0.0,781900000.0,1.0,641858062.0,641400000.0,642721875.0,3.435,1685000000.0,0.0,129200000.0,119000000.0,2.627,435700000.0
81,BF.B,MRT,2001-03-31,2001-04-30,2001-04-30,2021-09-07,-17000000.0,1939000000.0,1899200000.0,1000000000.0,939000000.0,1.156,1.848,-99000000.0,86000000.0,86000000.0,1042000000.0,233000000.0,1.859,0.634,244000000.0,204000000.0,40000000.0,244000000.0,0.0,64000000.0,0.0,0.021,0.137,382000000.0,446000000.0,0.203,446000000.0,382000000.0,366000000.0,0.363,0.363,0.363,1187000000.0,1123150000.0,1187000000.0,4279445306.0,11.0,9.595,133000000.0,0.207,1.0,1153000000.0,0.525,246000000.0,16000000.0,1313000000.0,1208500000.0,583000000.0,125000000.0,0.0,125000000.0,752000000.0,538000000.0,214000000.0,4162245306.0,-94000000.0,-114000000.0,-2000000.0,-23000000.0,-87000000.0,-112000000.0,-214000000.0,0.0,232000000.0,0.0,233000000.0,233000000.0,233000000.0,0.0,0.0,0.106,782000000.0,371000000.0,281000000.0,0.377,3.507,17.864,17.866,418000000.0,0.0,6.485,1.896,1.897,303000000.0,1226000000.0,2195000000.0,2195000000.0,0.0,0.123,0.207,0.316,0.174,0.0,782000000.0,1.0,641793581.0,642188000.0,643125000.0,3.418,1693000000.0,0.0,133000000.0,115000000.0,2.636,462000000.0
82,BF.B,MRT,2000-12-31,2001-01-31,2001-01-31,2021-09-07,-14300000.0,1855400000.0,1864950000.0,920800000.0,934600000.0,1.164,1.77,-103200000.0,78500000.0,78500000.0,1018600000.0,230900000.0,1.755,0.634,195700000.0,155500000.0,40200000.0,195700000.0,0.0,66600000.0,0.0,0.024,0.167,379200000.0,445800000.0,0.205,445800000.0,379200000.0,362800000.0,0.359,0.359,0.359,1135700000.0,1088400000.0,1135700000.0,4748131648.0,13.0,10.651,139600000.0,0.218,1.0,1151700000.0,0.531,264900000.0,16400000.0,1182900000.0,1161000000.0,580600000.0,0.0,0.0,0.0,719700000.0,524800000.0,194900000.0,4531931648.0,-42800000.0,-134100000.0,-3100000.0,-10700000.0,-86300000.0,-100100000.0,-185500000.0,62500000.0,242800000.0,0.0,230900000.0,230900000.0,230900000.0,0.0,0.0,0.106,782000000.0,369700000.0,290900000.0,0.465,3.99,19.627,19.669,413100000.0,0.0,7.061,2.088,2.088,243700000.0,1171500000.0,2170300000.0,2170300000.0,0.0,0.124,0.212,0.327,0.175,0.0,782000000.0,1.0,641795456.0,641812500.0,643115625.0,3.382,1590500000.0,0.0,131900000.0,116100000.0,2.478,396000000.0
83,BF.B,MRT,2000-09-30,2000-10-31,2000-10-31,2021-09-07,-17500000.0,1995600000.0,1838000000.0,1086600000.0,909000000.0,1.18,1.747,-97700000.0,98500000.0,98500000.0,1023000000.0,229400000.0,1.616,0.78,314700000.0,274600000.0,40100000.0,314700000.0,0.0,64100000.0,0.0,0.025,0.165,376100000.0,440200000.0,0.203,440200000.0,376100000.0,360600000.0,0.357,0.357,0.357,1121200000.0,1054550000.0,1121200000.0,4237231626.0,11.0,9.626,155500000.0,0.242,1.0,1145200000.0,0.528,267200000.0,15500000.0,1272300000.0,1136400000.0,583500000.0,0.0,0.0,0.0,874400000.0,672300000.0,202100000.0,4170731626.0,-16300000.0,-129000000.0,-3100000.0,-22000000.0,-85100000.0,-110200000.0,-159300000.0,72400000.0,253200000.0,0.0,229400000.0,229400000.0,229400000.0,0.0,0.0,0.106,779200000.0,366000000.0,339500000.0,0.462,3.72,18.181,18.187,400800000.0,0.0,6.493,1.924,1.922,386400000.0,1160500000.0,2168200000.0,2168200000.0,0.0,0.125,0.218,0.331,0.173,0.0,779200000.0,1.0,642362559.0,641934375.0,642515625.0,3.378,1728400000.0,0.0,131200000.0,124000000.0,2.692,414300000.0
84,BF.B,MRT,2000-06-30,2000-07-31,2000-07-31,2021-09-07,-13000000.0,1806800000.0,1820625000.0,998000000.0,808800000.0,1.188,1.633,-87200000.0,188000000.0,188000000.0,1036800000.0,222200000.0,1.852,0.723,254500000.0,214300000.0,40200000.0,254500000.0,0.0,62500000.0,0.0,0.031,0.164,364600000.0,427100000.0,0.197,427100000.0,364600000.0,349500000.0,0.346,0.346,0.346,1048700000.0,1021500000.0,1048700000.0,3512933650.0,10.0,8.225,165200000.0,0.257,1.0,1126700000.0,0.521,268700000.0,15100000.0,1065800000.0,1122800000.0,534200000.0,0.0,0.0,0.0,758100000.0,538800000.0,219300000.0,3425933650.0,7200000.0,-41800000.0,0.0,-20200000.0,-84100000.0,-104300000.0,-140900000.0,0.0,252400000.0,0.0,222200000.0,222200000.0,222200000.0,0.0,0.0,0.103,773000000.0,353700000.0,251000000.0,0.474,3.267,15.418,15.414,385200000.0,0.0,5.333,1.584,1.583,249900000.0,1080400000.0,2163500000.0,2163500000.0,0.0,0.122,0.218,0.325,0.169,0.0,773000000.0,1.0,642362559.0,642346875.0,642731250.0,3.368,1538100000.0,0.0,127300000.0,134300000.0,2.395,459200000.0
85,BF.B,MRT,2000-03-31,2000-04-30,2000-04-30,2021-09-07,-12000000.0,1802000000.0,1806050000.0,1020000000.0,782000000.0,1.182,1.632,-78000000.0,180000000.0,180000000.0,1031000000.0,218000000.0,1.988,0.719,267000000.0,226000000.0,41000000.0,267000000.0,0.0,62000000.0,0.0,0.028,0.162,358000000.0,420000000.0,0.197,420000000.0,358000000.0,343000000.0,0.339,0.339,0.339,1048000000.0,988200000.0,1048000000.0,3824741610.0,11.0,9.107,163000000.0,0.254,1.0,1103000000.0,0.517,253000000.0,15000000.0,1123000000.0,1113300000.0,514000000.0,17000000.0,0.0,17000000.0,754000000.0,513000000.0,241000000.0,3737941610.0,9000000.0,-27000000.0,0.0,-30000000.0,-83000000.0,-113000000.0,-119000000.0,0.0,241000000.0,0.0,218000000.0,218000000.0,218000000.0,0.0,0.0,0.102,755000000.0,348000000.0,271000000.0,0.478,3.567,17.147,17.167,376000000.0,0.0,5.82,1.752,1.751,294000000.0,1080000000.0,2134000000.0,2134000000.0,0.0,0.121,0.221,0.322,0.168,0.0,755000000.0,1.0,642287438.0,642188000.0,643125000.0,3.323,1549000000.0,0.0,125000000.0,111000000.0,2.412,507000000.0
86,BF.B,MRT,1999-12-31,2000-01-31,2000-01-31,2021-09-07,-9000000.0,1747600000.0,1789300000.0,991500000.0,756100000.0,1.182,1.557,-64100000.0,121300000.0,121300000.0,1035900000.0,214300000.0,2.026,0.747,208100000.0,160800000.0,47300000.0,208100000.0,0.0,58800000.0,0.0,0.021,0.127,350700000.0,409500000.0,0.194,409500000.0,350700000.0,337400000.0,0.333,0.333,0.333,1000300000.0,955450000.0,1000300000.0,4055059022.0,12.0,9.902,206600000.0,0.322,1.0,1078300000.0,0.51,260400000.0,13300000.0,1084500000.0,1104300000.0,521600000.0,62500000.0,62500000.0,0.0,747300000.0,489500000.0,257800000.0,3832459022.0,-3000000.0,-60000000.0,-700000.0,5700000.0,-81800000.0,-76700000.0,-197000000.0,-62500000.0,270700000.0,0.0,214300000.0,214800000.0,214800000.0,0.0,0.0,0.102,736700000.0,341600000.0,277100000.0,0.381,3.831,17.842,17.919,363800000.0,-500000.0,5.967,1.813,1.813,252500000.0,1028500000.0,2114200000.0,2114200000.0,0.0,0.12,0.225,0.318,0.166,0.0,736700000.0,1.0,642282862.0,642281250.0,642871875.0,3.292,1487200000.0,0.0,123100000.0,127000000.0,2.315,502000000.0
87,BF.B,MRT,1999-09-30,1999-10-31,1999-10-31,2021-09-07,-7900000.0,1926100000.0,1736075000.0,1174700000.0,751400000.0,1.194,1.54,-54200000.0,114800000.0,114800000.0,1017900000.0,208800000.0,1.758,0.948,337400000.0,290800000.0,46600000.0,337400000.0,0.0,57400000.0,0.0,0.018,0.126,341200000.0,398600000.0,0.192,398600000.0,341200000.0,328800000.0,0.324,0.324,0.324,989000000.0,923675000.0,989000000.0,4719036610.0,14.0,11.839,175600000.0,0.273,1.0,1055700000.0,0.509,262500000.0,12400000.0,1217900000.0,1066875000.0,550000000.0,72400000.0,72400000.0,0.0,937100000.0,668300000.0,268800000.0,4624436610.0,-7800000.0,-54000000.0,-10000000.0,52500000.0,-80700000.0,-38100000.0,-199500000.0,-72400000.0,229800000.0,0.0,208800000.0,209300000.0,209300000.0,0.0,0.0,0.101,722700000.0,333000000.0,342100000.0,0.389,4.676,22.095,22.222,357500000.0,-500000.0,7.2,2.23,2.23,405600000.0,1016200000.0,2073600000.0,2073600000.0,0.0,0.121,0.227,0.32,0.165,0.0,722700000.0,1.0,642282862.0,642281250.0,642965625.0,3.228,1663600000.0,0.0,120000000.0,145600000.0,2.59,506400000.0
88,BF.B,MRT,1999-06-30,1999-07-31,1999-07-31,2021-09-07,-8500000.0,1748500000.0,1672275000.0,1009100000.0,739400000.0,1.198,1.425,-48200000.0,180800000.0,180800000.0,981600000.0,203200000.0,1.832,0.91,275400000.0,219900000.0,55500000.0,275400000.0,0.0,56500000.0,0.0,0.019,0.124,331300000.0,387800000.0,0.194,387800000.0,331300000.0,319900000.0,0.315,0.315,0.315,915500000.0,894975000.0,915500000.0,4373386756.0,13.0,11.277,176600000.0,0.275,1.0,1022400000.0,0.51,264500000.0,11400000.0,1027800000.0,1018625000.0,538000000.0,0.0,0.0,0.0,833000000.0,550800000.0,282200000.0,4247386756.0,87700000.0,-54000000.0,-13000000.0,89100000.0,-79800000.0,-15700000.0,-121400000.0,0.0,224800000.0,0.0,203200000.0,203300000.0,203300000.0,0.0,0.0,0.101,698300000.0,324100000.0,254900000.0,0.394,4.639,20.892,20.995,350200000.0,-100000.0,6.613,2.119,2.12,255800000.0,943300000.0,2004000000.0,2004000000.0,0.0,0.122,0.227,0.325,0.165,0.0,698300000.0,1.0,642245981.0,642262500.0,643125000.0,3.12,1484000000.0,0.0,116700000.0,172100000.0,2.311,458300000.0
89,BF.B,MRT,1999-03-31,1999-04-30,1999-04-30,2021-09-07,-8000000.0,1735000000.0,1609550000.0,999000000.0,736000000.0,1.248,1.426,-46000000.0,171000000.0,171000000.0,990000000.0,202000000.0,1.959,0.892,297000000.0,244000000.0,53000000.0,297000000.0,0.0,55000000.0,0.0,0.016,0.123,328000000.0,383000000.0,0.191,383000000.0,328000000.0,318000000.0,0.313,0.313,0.313,917000000.0,868175000.0,917000000.0,5093324678.0,16.0,13.298,167000000.0,0.26,1.0,1019000000.0,0.507,264000000.0,10000000.0,1087000000.0,991175000.0,525000000.0,0.0,0.0,0.0,818000000.0,510000000.0,308000000.0,5048224678.0,93000000.0,-54000000.0,-13000000.0,101000000.0,-79000000.0,-3000000.0,-117000000.0,0.0,213000000.0,0.0,202000000.0,202000000.0,202000000.0,0.0,0.0,0.101,697000000.0,322000000.0,235000000.0,0.393,5.505,24.991,25.113,348000000.0,0.0,7.86,2.513,2.516,274000000.0,945000000.0,2009000000.0,2009000000.0,0.0,0.126,0.233,0.331,0.163,0.0,697000000.0,1.0,642245981.0,643125000.0,644062000.0,3.124,1471000000.0,0.0,116000000.0,168000000.0,2.287,489000000.0
90,BF.B,MRT,1998-12-31,1999-01-31,1999-01-31,2021-09-07,-4500000.0,1534700000.0,1549300000.0,902800000.0,631900000.0,1.274,1.359,-40800000.0,124400000.0,124400000.0,987200000.0,197900000.0,2.253,0.758,169500000.0,127900000.0,41600000.0,169500000.0,0.0,53700000.0,0.0,0.016,0.121,321900000.0,375600000.0,0.19,375600000.0,321900000.0,310900000.0,0.305,0.305,0.305,873200000.0,840175000.0,873200000.0,5090045648.0,16.0,13.552,175800000.0,0.274,1.0,986500000.0,0.5,244300000.0,11000000.0,934800000.0,956425000.0,524200000.0,0.0,0.0,0.0,661500000.0,400700000.0,260800000.0,4959745648.0,58200000.0,0.0,-23300000.0,15000000.0,-77900000.0,-98300000.0,-60100000.0,0.0,216600000.0,0.0,197900000.0,197800000.0,197800000.0,0.0,0.0,0.1,669500000.0,317000000.0,218700000.0,0.397,5.68,25.075,25.289,280000000.0,100000.0,7.713,2.513,2.512,231200000.0,897200000.0,1973700000.0,1973700000.0,0.0,0.128,0.235,0.337,0.163,0.0,669500000.0,1.0,643031606.0,642750000.0,643846875.0,3.071,1290400000.0,0.0,113000000.0,157600000.0,2.008,502100000.0
91,BF.B,MRT,1998-09-30,1998-10-31,1998-10-31,2021-09-07,-3800000.0,1670900000.0,1524025000.0,1036300000.0,634600000.0,1.272,1.358,-42300000.0,122700000.0,122700000.0,961200000.0,194200000.0,1.955,0.911,253000000.0,211400000.0,41600000.0,253000000.0,0.0,53000000.0,0.0,0.016,0.119,318500000.0,371500000.0,0.192,371500000.0,318500000.0,306700000.0,0.299,0.299,0.299,874200000.0,815950000.0,874200000.0,4727743010.0,15.0,12.726,156500000.0,0.243,1.0,976600000.0,0.504,246100000.0,11800000.0,1024900000.0,952000000.0,537600000.0,0.0,0.0,0.0,796700000.0,530200000.0,266500000.0,4666543010.0,72400000.0,0.0,-20000000.0,40300000.0,-77200000.0,-69000000.0,-57400000.0,0.0,198800000.0,0.0,194200000.0,194000000.0,194000000.0,0.0,0.0,0.1,662300000.0,314300000.0,282700000.0,0.398,5.338,24.054,24.237,281500000.0,200000.0,7.247,2.408,2.407,350900000.0,888200000.0,1937800000.0,1937800000.0,0.0,0.127,0.238,0.335,0.164,0.0,662300000.0,1.0,643933481.0,643725000.0,644390625.0,3.01,1424800000.0,0.0,112500000.0,170300000.0,2.213,506100000.0
92,BF.B,MRT,1998-06-30,1998-07-31,1998-07-31,2021-09-07,-5600000.0,1497600000.0,1490700000.0,866100000.0,631500000.0,1.288,1.255,-31400000.0,93200000.0,93200000.0,953000000.0,187800000.0,2.204,0.838,154400000.0,104600000.0,49800000.0,154400000.0,0.0,52300000.0,0.0,0.018,0.118,311700000.0,364000000.0,0.19,364000000.0,311700000.0,299100000.0,0.289,0.289,0.289,808300000.0,791425000.0,808300000.0,4250446610.0,14.0,11.677,180700000.0,0.281,1.0,966500000.0,0.504,247900000.0,12600000.0,918000000.0,941575000.0,514100000.0,0.0,0.0,0.0,677500000.0,392900000.0,284600000.0,4164446610.0,51000000.0,0.0,-17000000.0,-17300000.0,-76700000.0,-111000000.0,-50100000.0,0.0,212100000.0,0.0,187800000.0,187900000.0,187900000.0,0.0,0.0,0.098,658100000.0,308400000.0,215700000.0,0.408,5.152,22.163,22.378,280100000.0,-100000.0,6.467,2.17,2.17,236800000.0,820800000.0,1919500000.0,1919500000.0,0.0,0.126,0.237,0.331,0.162,0.0,658100000.0,1.0,643933481.0,643931250.0,644531250.0,2.981,1249700000.0,0.0,111300000.0,198000000.0,1.941,473200000.0
93,BF.B,MRT,1998-03-31,1998-04-30,1998-04-30,2021-09-07,-9000000.0,1494000000.0,1463475000.0,869000000.0,625000000.0,1.302,1.246,-31000000.0,78000000.0,78000000.0,950000000.0,185000000.0,2.275,0.841,164000000.0,114000000.0,50000000.0,164000000.0,0.0,51000000.0,0.0,0.019,0.117,310000000.0,361000000.0,0.189,361000000.0,310000000.0,296000000.0,0.285,0.285,0.285,805000000.0,768275000.0,805000000.0,3986415081.0,13.0,11.043,189000000.0,0.293,1.0,956000000.0,0.502,250000000.0,14000000.0,948000000.0,938675000.0,502000000.0,0.0,0.0,0.0,677000000.0,382000000.0,295000000.0,3898315081.0,20000000.0,0.0,-17000000.0,-61000000.0,-76000000.0,-154000000.0,-46000000.0,0.0,220000000.0,0.0,185000000.0,185000000.0,185000000.0,0.0,0.0,0.097,649000000.0,307000000.0,233000000.0,0.411,4.843,21.072,21.195,281000000.0,0.0,6.041,2.045,2.047,265000000.0,821000000.0,1906000000.0,1906000000.0,0.0,0.126,0.241,0.33,0.163,0.0,649000000.0,1.0,645359419.0,645938000.0,646875000.0,2.951,1244000000.0,0.0,111000000.0,185000000.0,1.926,487000000.0
94,BF.B,MRT,1997-12-31,1998-01-31,1998-01-31,2021-09-07,0.0,1433600000.0,1446975000.0,816800000.0,616800000.0,1.31,1.201,-34100000.0,66100000.0,66100000.0,931900000.0,180600000.0,2.291,0.832,154200000.0,104400000.0,49800000.0,154200000.0,0.0,50900000.0,0.0,0.021,0.116,307100000.0,358000000.0,0.189,358000000.0,307100000.0,291800000.0,0.279,0.279,0.279,776300000.0,746525000.0,776300000.0,3732755316.0,12.0,10.427,152700000.0,0.236,1.0,964000000.0,0.508,248100000.0,15300000.0,917100000.0,937175000.0,500800000.0,0.0,0.0,0.0,645500000.0,356500000.0,289000000.0,3570555316.0,5600000.0,0.0,-6000000.0,-59300000.0,-75100000.0,-140400000.0,-40800000.0,0.0,186800000.0,0.0,180600000.0,180700000.0,180700000.0,0.0,0.0,0.095,660600000.0,303400000.0,201800000.0,0.416,4.599,19.76,19.785,281600000.0,-100000.0,5.52,1.883,1.883,222600000.0,,1895900000.0,1895900000.0,0.0,0.125,0.242,0.328,0.162,0.0,660600000.0,1.0,646839731.0,646584375.0,647081250.0,2.932,1185500000.0,0.0,111200000.0,177100000.0,1.833,460300000.0
95,BF.B,MRT,1997-09-30,1997-10-31,1997-10-31,2021-09-07,0.0,1537600000.0,1430150000.0,921400000.0,616200000.0,1.31,1.2,-36500000.0,50200000.0,50200000.0,941300000.0,176600000.0,1.975,0.966,212400000.0,162600000.0,49800000.0,212400000.0,0.0,51100000.0,0.0,0.022,0.115,301400000.0,352500000.0,0.188,352500000.0,301400000.0,285400000.0,0.273,0.273,0.273,776100000.0,722575000.0,776100000.0,3523324947.0,12.0,9.995,184300000.0,0.285,1.0,932000000.0,0.498,250000000.0,16000000.0,983200000.0,952225000.0,506500000.0,0.0,0.0,0.0,749700000.0,466600000.0,283100000.0,3393924947.0,19700000.0,0.0,0.0,-83300000.0,-74400000.0,-157700000.0,-43400000.0,0.0,220800000.0,0.0,176600000.0,176700000.0,176700000.0,0.0,0.0,0.094,633700000.0,298300000.0,269500000.0,0.421,4.373,19.207,19.22,281600000.0,-100000.0,5.247,1.812,1.812,331800000.0,,1873300000.0,1873300000.0,0.0,0.124,0.245,0.317,0.161,0.0,633700000.0,1.0,646839731.0,646837500.0,647062500.0,2.896,1287600000.0,0.0,108800000.0,177400000.0,1.991,454800000.0
96,BF.B,MRT,1997-06-30,1997-07-31,1997-07-31,2021-09-07,0.0,1388700000.0,,762600000.0,626100000.0,,1.106,-48600000.0,42100000.0,42100000.0,935400000.0,171100000.0,2.12,0.924,171500000.0,108000000.0,63500000.0,171500000.0,0.0,50200000.0,0.0,0.022,0.114,293100000.0,343300000.0,0.186,343300000.0,293100000.0,276400000.0,0.265,0.265,0.265,715700000.0,,715700000.0,3530566602.0,12.0,10.284,168400000.0,0.26,1.0,909300000.0,0.493,251900000.0,16700000.0,906400000.0,,460400000.0,0.0,0.0,0.0,661200000.0,359800000.0,301400000.0,3363566602.0,18800000.0,0.0,0.0,-72000000.0,-73600000.0,-145600000.0,-52600000.0,0.0,217000000.0,0.0,171100000.0,171200000.0,171200000.0,0.0,0.0,0.093,619300000.0,290000000.0,195400000.0,0.43,4.7,19.647,19.623,290900000.0,-100000.0,5.2,1.823,1.823,223100000.0,,1844700000.0,1844700000.0,0.0,,,,0.159,0.0,619300000.0,1.0,646839731.0,646837500.0,647231250.0,2.852,1136800000.0,0.0,105300000.0,177600000.0,1.757,402800000.0
97,BF.B,MRT,1997-03-31,1997-04-30,1997-04-30,2021-09-07,-4000000.0,1428000000.0,1404500000.0,802000000.0,626000000.0,1.311,1.11,-52000000.0,58000000.0,58000000.0,937000000.0,169000000.0,2.01,0.972,225000000.0,162000000.0,63000000.0,225000000.0,0.0,50000000.0,0.0,0.021,0.113,290000000.0,340000000.0,0.185,340000000.0,290000000.0,273000000.0,0.261,0.261,0.261,718000000.0,670000000.0,718000000.0,3637010019.0,13.0,10.697,124000000.0,0.192,1.0,904000000.0,0.491,254000000.0,17000000.0,942000000.0,987000000.0,451000000.0,0.0,0.0,0.0,698000000.0,399000000.0,299000000.0,3484310019.0,4000000.0,0.0,0.0,-43000000.0,-73000000.0,-116000000.0,-56000000.0,0.0,176000000.0,0.0,169000000.0,169000000.0,169000000.0,0.0,0.0,0.092,617000000.0,287000000.0,209000000.0,0.433,4.853,20.617,20.639,292000000.0,0.0,5.387,1.893,1.893,263000000.0,712000000.0,1841000000.0,1841000000.0,0.0,0.12,0.252,0.294,0.158,0.0,617000000.0,1.0,646839731.0,646875000.0,646875000.0,2.846,1174000000.0,0.0,104000000.0,164000000.0,1.815,403000000.0
98,BF.B,MRT,1996-12-31,1997-01-31,1997-01-31,2021-09-07,0.0,1366300000.0,,742100000.0,624200000.0,,1.052,,60200000.0,60200000.0,937000000.0,165900000.0,2.603,0.99,212900000.0,56700000.0,156200000.0,212900000.0,0.0,,0.0,0.024,0.112,283700000.0,,,,283700000.0,266700000.0,0.256,,0.256,680500000.0,,680500000.0,,,,,,1.0,898400000.0,0.489,256600000.0,17000000.0,977300000.0,,443000000.0,0.0,0.0,0.0,674000000.0,285100000.0,388900000.0,3035834472.0,,,,,,,,,,,165900000.0,166000000.0,166000000.0,0.0,0.0,0.09,617300000.0,281100000.0,182200000.0,0.438,4.461,18.288,18.333,289700000.0,-100000.0,4.693,1.654,1.654,212200000.0,,1835400000.0,1835400000.0,0.0,,,,0.155,,617300000.0,1.0,646839731.0,646837500.0,,2.837,1109700000.0,0.0,100800000.0,158400000.0,1.716,457000000.0
99,BF.B,MRT,1996-09-30,1996-10-31,1996-10-31,2021-09-07,,,,,,,,,,,932700000.0,162400000.0,,,,,,,,,,0.024,0.111,278900000.0,,,,278900000.0,260800000.0,0.251,,0.251,,,,,,,,,1.0,895600000.0,0.49,,18100000.0,,,,,,,,,,,,,,,,,,,,,162400000.0,162500000.0,162500000.0,0.0,0.0,0.089,619600000.0,276000000.0,,0.442,,,18.38,,-100000.0,4.613,,1.632,,,1828300000.0,1828300000.0,0.0,,,,0.153,,619600000.0,1.0,,646875000.0,,2.826,,,98400000.0,,,
100,BF.B,MRT,1996-06-30,1996-07-31,1996-07-31,2021-09-07,,,,,,,,,,,,,,,,,,,,,,0.028,0.11,,,,,,,,,,,,,,,,,,1.0,,,,,,,,,,,,,,,,,,,,,,,,,,,,,,,,,,,,,,,,3.92,,,,,,,,,,,,,,1.0,,646875000.0,,,,,,,,
101,BF.B,MRT,1996-03-31,1996-04-30,1996-04-30,2021-09-07,-4000000.0,1381000000.0,1333500000.0,768000000.0,613000000.0,1.355,,-56000000.0,54000000.0,54000000.0,927000000.0,160000000.0,2.535,1.201,267000000.0,56000000.0,211000000.0,267000000.0,0.0,46000000.0,0.0,0.026,0.108,277000000.0,323000000.0,0.179,323000000.0,277000000.0,257000000.0,0.246,0.246,0.246,622000000.0,578000000.0,622000000.0,,,,111000000.0,,1.0,880000000.0,0.487,259000000.0,20000000.0,1032000000.0,1005000000.0,433000000.0,0.0,0.0,0.0,747000000.0,303000000.0,444000000.0,,-8000000.0,-8000000.0,0.0,-37000000.0,-71000000.0,-108000000.0,-67000000.0,0.0,167000000.0,0.0,160000000.0,160000000.0,160000000.0,0.0,0.0,0.089,606000000.0,274000000.0,223000000.0,0.439,,,17.127,281000000.0,0.0,4.213,,,257000000.0,616000000.0,1807000000.0,1807000000.0,0.0,0.12,0.277,0.276,0.153,0.0,606000000.0,1.0,,,,,1122000000.0,0.0,97000000.0,151000000.0,,465000000.0
102,BF.B,MRT,1995-12-31,1996-01-31,1996-01-31,2021-09-07,,,,,,,,,,,,,,,,,,,,,,0.027,0.107,,,,,,,,,,,,,,,,,,1.0,,,,,,,,,,,,,,,,,,,,,,,,,,,,,,,,,,,,,,,,3.893,,,,,,,,,,,,,,1.0,,646875000.0,,,,,,,,
103,BF.B,MRT,1995-03-31,1995-04-30,1995-04-30,2021-09-07,-3000000.0,1286000000.0,,698000000.0,588000000.0,,,-41000000.0,62000000.0,62000000.0,856000000.0,149000000.0,2.441,1.386,303000000.0,56000000.0,247000000.0,303000000.0,0.0,44000000.0,0.0,0.029,0.103,270000000.0,314000000.0,0.187,314000000.0,270000000.0,247000000.0,0.229,,0.229,534000000.0,,534000000.0,,,,156000000.0,,1.0,824000000.0,0.49,263000000.0,23000000.0,978000000.0,,382000000.0,0.0,0.0,0.0,740000000.0,286000000.0,454000000.0,,31000000.0,0.0,0.0,-56000000.0,-67000000.0,-123000000.0,-43000000.0,0.0,197000000.0,0.0,149000000.0,149000000.0,149000000.0,0.0,0.0,0.089,556000000.0,268000000.0,221000000.0,0.45,,,15.371,252000000.0,0.0,3.52,,,234000000.0,527000000.0,1680000000.0,1680000000.0,0.0,,,,0.161,0.0,556000000.0,1.0,,,,,1023000000.0,0.0,98000000.0,123000000.0,,412000000.0
