None,ticker,dimension,calendardate,datekey,reportperiod,lastupdated,accoci,assets,assetsavg,assetsc,assetsnc,assetturnover,bvps,capex,cashneq,cashnequsd,cor,consolinc,currentratio,de,debt,debtc,debtnc,debtusd,deferredrev,depamor,deposits,divyield,dps,ebit,ebitda,ebitdamargin,ebitdausd,ebitusd,ebt,eps,epsdil,epsusd,equity,equityavg,equityusd,ev,evebit,evebitda,fcf,fcfps,fxusd,gp,grossmargin,intangibles,intexp,invcap,invcapavg,inventory,investments,investmentsc,investmentsnc,liabilities,liabilitiesc,liabilitiesnc,marketcap,ncf,ncfbus,ncfcommon,ncfdebt,ncfdiv,ncff,ncfi,ncfinv,ncfo,ncfx,netinc,netinccmn,netinccmnusd,netincdis,netincnci,netmargin,opex,opinc,payables,payoutratio,pb,pe,pe1,ppnenet,prefdivis,price,ps,ps1,receivables,retearn,revenue,revenueusd,rnd,roa,roe,roic,ros,sbcomp,sgna,sharefactor,sharesbas,shareswa,shareswadil,sps,tangibles,taxassets,taxexp,taxliabilities,tbvps,workingcapital
0,BIO,MRY,2020-12-31,2020-12-31,2020-12-31,2021-09-07,282456000.0,12972618000.0,10943803750.0,2139835000.0,10832783000.0,0.233,331.898,-98850000.0,662205000.0,662205000.0,1107804000.0,3806267000.0,3.388,0.313,225691000.0,38305000.0,187386000.0,225691000.0,0.0,0.0,0.0,0.0,0.0,4929499000.0,4929499000.0,1.936,4929499000.0,4929499000.0,4907638000.0,127.86,126.2,127.86,9879940000.0,8087891500.0,9879940000.0,17194477002.0,3.0,3.488,476478000.0,16.006,1.0,1437822000.0,0.565,491413000.0,21861000.0,11413155000.0,9479634500.0,622253000.0,9895613000.0,334473000.0,9561140000.0,3092678000.0,631536000.0,2461142000.0,17389394002.0,4464000.0,-84415000.0,-79806000.0,-426938000.0,0.0,-523041000.0,-60250000.0,119601000.0,575328000.0,12427000.0,3806267000.0,3806267000.0,3806267000.0,0.0,0.0,1.495,1026865000.0,410957000.0,139451000.0,0.0,1.76,4.569,4.559,693507000.0,0.0,582.94,6.831,6.817,419424000.0,9268012000.0,2545626000.0,2545626000.0,226598000.0,0.348,0.471,0.52,1.936,0.0,800267000.0,1.0,29830504.0,29768000,30160000.0,85.516,12481205000.0,0.0,1101371000.0,2134120000.0,419.283,1508299000.0
1,BIO,MRY,2019-12-31,2019-12-31,2019-12-31,2021-09-07,-87348000.0,8008859000.0,7423958500.0,2180155000.0,5828704000.0,0.311,192.844,-98403000.0,660672000.0,660672000.0,1054663000.0,1758675000.0,2.408,0.392,651134000.0,461537000.0,189597000.0,651134000.0,33735000.0,0.0,0.0,0.0,0.0,2284497000.0,2284497000.0,0.988,2284497000.0,2284497000.0,2261081000.0,58.93,58.27,58.93,5755057000.0,5309228500.0,5755057000.0,11181589585.0,5.0,4.895,359494000.0,12.046,1.0,1256996000.0,0.544,409656000.0,23416000.0,6684170000.0,6574651000.0,554007000.0,5097738000.0,459533000.0,4638205000.0,2253802000.0,905495000.0,1348307000.0,11076789585.0,228487000.0,-79386000.0,-11056000.0,-1129000.0,0.0,-22758000.0,-208889000.0,-39918000.0,457897000.0,2237000.0,1758675000.0,1758675000.0,1758675000.0,0.0,0.0,0.761,1027335000.0,229661000.0,107014000.0,0.0,1.925,6.298,6.279,701207000.0,0.0,370.03,4.792,4.777,392672000.0,5470779000.0,2311659000.0,2311659000.0,202710000.0,0.237,0.331,0.347,0.988,0.0,824625000.0,1.0,29934842.0,29843000,30184000.0,77.461,7599203000.0,0.0,502406000.0,1034072000.0,254.639,1274660000.0
2,BIO,MRY,2018-12-31,2018-12-31,2018-12-31,2021-09-07,-46958000.0,5611068000.0,6232716250.0,2023478000.0,3587590000.0,0.367,134.748,-125510000.0,431526000.0,431526000.0,1066264000.0,365614000.0,4.489,0.396,439430000.0,493000.0,438937000.0,439430000.0,26936000.0,0.0,0.0,0.0,0.0,536621000.0,536621000.0,0.234,536621000.0,536621000.0,512659000.0,12.25,12.1,12.25,4020331000.0,4511962250.0,4020331000.0,6963881013.0,13.0,12.977,159984000.0,5.362,1.0,1223151000.0,0.534,352893000.0,23962000.0,4815284000.0,5216358500.0,583815000.0,3074539000.0,418830000.0,2655709000.0,1590737000.0,450795000.0,1139942000.0,6957823013.0,49181000.0,7230000.0,-34779000.0,-2961000.0,0.0,-48680000.0,-186978000.0,-68695000.0,285494000.0,-655000.0,365614000.0,365614000.0,365614000.0,0.0,0.0,0.16,1326492000.0,-103341000.0,122450000.0,0.0,1.731,19.031,18.957,508690000.0,0.0,232.22,3.039,3.026,392443000.0,3722073000.0,2289415000.0,2289415000.0,199196000.0,0.059,0.081,0.103,0.234,0.0,834783000.0,1.0,29962204.0,29836000,30228000.0,76.733,5258175000.0,0.0,147045000.0,609427000.0,176.236,1572683000.0
3,BIO,MRY,2017-12-31,2017-12-31,2017-12-31,2021-09-07,738794000.0,4273012000.0,4138742000.0,1976649000.0,2296363000.0,0.522,98.811,-111246000.0,383824000.0,383824000.0,972450000.0,122249000.0,3.932,0.458,435001000.0,420000.0,434581000.0,435001000.0,28233000.0,0.0,0.0,0.0,0.0,120819000.0,120819000.0,0.056,120819000.0,120819000.0,97805000.0,4.12,4.07,4.12,2930250000.0,2824290000.0,2930250000.0,7209774660.0,60.0,59.674,-7109000.0,-0.24,1.0,1187703000.0,0.55,680182000.0,23014000.0,3141311000.0,3083219750.0,594804000.0,1404450000.0,376714000.0,1027736000.0,1342762000.0,502696000.0,840066000.0,7103741660.0,-72188000.0,-76645000.0,11684000.0,-352000.0,0.0,341000.0,-175572000.0,16114000.0,104137000.0,-1094000.0,122249000.0,122249000.0,122249000.0,0.0,0.0,0.057,1068453000.0,119250000.0,135182000.0,0.0,2.424,58.109,57.93,493496000.0,0.0,238.67,3.289,3.277,464847000.0,1830439000.0,2160153000.0,2160153000.0,250157000.0,0.03,0.043,0.039,0.056,0.0,806790000.0,1.0,29763865.0,29655000,30034000.0,72.843,3592830000.0,0.0,-24444000.0,262150000.0,121.154,1473953000.0
4,BIO,MRY,2016-12-31,2016-12-31,2016-12-31,2021-09-07,417766000.0,3850504000.0,3874569500.0,1844524000.0,2005980000.0,0.534,87.607,-141038000.0,456264000.0,456264000.0,929744000.0,26000000.0,3.914,0.493,434520000.0,334000.0,434186000.0,434520000.0,31003000.0,0.0,0.0,0.0,0.0,64940000.0,64940000.0,0.031,64940000.0,64940000.0,41560000.0,0.88,0.88,0.88,2579160000.0,2610215250.0,2579160000.0,5401272227.0,83.0,83.173,75028000.0,2.549,1.0,1138428000.0,0.55,638724000.0,23380000.0,2718714000.0,2739997500.0,524961000.0,1218526000.0,387736000.0,830790000.0,1271344000.0,471322000.0,800022000.0,5384777227.0,-1652000.0,0.0,11280000.0,-266000.0,0.0,9020000.0,-213880000.0,-72707000.0,216066000.0,-12858000.0,26000000.0,26000000.0,26000000.0,0.0,0.0,0.013,1082710000.0,55718000.0,133109000.0,0.0,2.088,207.107,207.136,488614000.0,0.0,182.28,2.604,2.595,372348000.0,1828581000.0,2068172000.0,2068172000.0,205708000.0,0.007,0.01,0.024,0.031,-1506000.0,814697000.0,1.0,29541240.0,29440000,29646000.0,70.25,3211780000.0,0.0,15560000.0,253423000.0,109.096,1373202000.0
5,BIO,MRY,2015-12-31,2015-12-31,2015-12-31,2021-09-07,382138000.0,3709718000.0,3556913250.0,1777596000.0,1932122000.0,0.568,85.332,-111921000.0,457549000.0,457549000.0,897771000.0,109239000.0,4.028,0.49,434181000.0,298000.0,433883000.0,434181000.0,29683000.0,0.0,0.0,0.0,0.0,167539000.0,167539000.0,0.083,167539000.0,167539000.0,145847000.0,3.74,3.71,3.74,2490503000.0,2369410500.0,2490503000.0,3992271004.0,24.0,23.829,74289000.0,2.545,1.0,1121670000.0,0.555,709974000.0,21692000.0,2535025000.0,2373733750.0,490224000.0,1052768000.0,332928000.0,719840000.0,1219215000.0,441351000.0,777864000.0,4063493004.0,44298000.0,0.0,8236000.0,-282000.0,0.0,8581000.0,-166869000.0,-53576000.0,186210000.0,16376000.0,109239000.0,109239000.0,109239000.0,0.0,0.0,0.054,954962000.0,166708000.0,122391000.0,0.0,1.632,37.198,37.075,437690000.0,0.0,138.66,2.012,2.004,391485000.0,1808055000.0,2019441000.0,2019441000.0,192972000.0,0.031,0.046,0.071,0.083,-3610000.0,761990000.0,1.0,29305445.0,29186000,29409000.0,69.192,2999744000.0,0.0,36608000.0,262814000.0,102.78,1336245000.0
6,BIO,MRY,2014-12-31,2014-12-31,2014-12-31,2021-09-07,218945000.0,3341278000.0,3409107750.0,1716367000.0,1624911000.0,0.638,75.674,-120774000.0,413251000.0,413251000.0,996527000.0,88845000.0,3.842,0.529,435975000.0,265000.0,435710000.0,435975000.0,26716000.0,0.0,0.0,0.0,0.0,153688000.0,153688000.0,0.071,153688000.0,153688000.0,131557000.0,3.08,3.05,3.08,2185155000.0,2211108000.0,2185155000.0,3504025920.0,23.0,22.8,152538000.0,5.283,1.0,1178517000.0,0.542,754669000.0,22131000.0,2162572000.0,2184709500.0,470997000.0,673693000.0,284384000.0,389309000.0,1156123000.0,446761000.0,709362000.0,3491408920.0,81700000.0,0.0,15051000.0,-1813000.0,0.0,11689000.0,-190511000.0,-54258000.0,273312000.0,-12790000.0,88845000.0,88845000.0,88845000.0,0.0,0.0,0.041,1028533000.0,149984000.0,128608000.0,0.0,1.598,39.298,39.143,428836000.0,0.0,120.56,1.605,1.601,377640000.0,1694962000.0,2175044000.0,2175044000.0,220333000.0,0.026,0.04,0.07,0.071,-1349000.0,808200000.0,1.0,28959928.0,28876000,29133000.0,75.324,2586609000.0,0.0,42712000.0,190082000.0,89.576,1269606000.0
7,BIO,MRY,2013-12-31,2013-12-31,2013-12-31,2021-09-07,340717000.0,3388790000.0,3402205500.0,1757479000.0,1631311000.0,0.627,76.496,-105444000.0,331551000.0,331551000.0,954216000.0,77811000.0,3.605,0.55,437401000.0,1786000.0,435615000.0,437401000.0,26390000.0,0.0,0.0,0.0,0.0,173635000.0,173635000.0,0.081,173635000.0,173635000.0,112364000.0,2.72,2.69,2.72,2186722000.0,2103280250.0,2186722000.0,3692425510.0,21.0,21.265,63692000.0,2.228,1.0,1178478000.0,0.553,783958000.0,61271000.0,2223210000.0,2405887000.0,516245000.0,655239000.0,277369000.0,377870000.0,1202068000.0,487472000.0,714596000.0,3546972510.0,-131837000.0,-72054000.0,11237000.0,-300180000.0,0.0,-311697000.0,919000.0,179117000.0,169136000.0,9805000.0,77790000.0,77790000.0,77790000.0,0.0,21000.0,0.036,1009022000.0,169456000.0,148510000.0,0.0,1.622,45.597,45.445,414401000.0,0.0,123.61,1.663,1.657,422660000.0,1606117000.0,2132694000.0,2132694000.0,210952000.0,0.023,0.037,0.072,0.081,-2720000.0,798070000.0,1.0,28694867.0,28586000,28906000.0,74.606,2604832000.0,0.0,34574000.0,195665000.0,91.123,1270007000.0
8,BIO,MRY,2012-12-31,2012-12-31,2012-12-31,2021-09-07,274532000.0,3443503000.0,3275822000.0,1936682000.0,1506821000.0,0.632,71.227,-136544000.0,463388000.0,463388000.0,914077000.0,165546000.0,4.1,0.709,734164000.0,1750000.0,732414000.0,734164000.0,26288000.0,0.0,0.0,0.0,0.0,280950000.0,280950000.0,0.136,280950000.0,280950000.0,229838000.0,5.85,5.78,5.85,2015005000.0,1910356000.0,2015005000.0,3285945217.0,12.0,11.696,129936000.0,4.593,1.0,1155158000.0,0.558,756357000.0,51112000.0,2485522000.0,2356903500.0,455120000.0,751298000.0,457685000.0,293613000.0,1427963000.0,472400000.0,955563000.0,2979863217.0,-110843000.0,-39443000.0,10510000.0,-811000.0,0.0,12588000.0,-400386000.0,-222619000.0,266480000.0,10475000.0,165477000.0,165477000.0,165477000.0,0.0,69000.0,0.08,890982000.0,264176000.0,130867000.0,0.0,1.479,18.008,17.957,416938000.0,0.0,105.05,1.44,1.436,398739000.0,1528327000.0,2069235000.0,2069235000.0,209204000.0,0.051,0.087,0.119,0.136,-2889000.0,681778000.0,1.0,28366142.0,28290000,28642000.0,73.144,2687146000.0,0.0,64361000.0,149833000.0,94.986,1464282000.0
9,BIO,MRY,2011-12-31,2011-12-31,2011-12-31,2021-09-07,198690000.0,3096803000.0,3004904000.0,1798155000.0,1298648000.0,0.69,62.215,-102654000.0,574231000.0,574231000.0,894700000.0,178813000.0,3.917,0.775,732512000.0,814000.0,731698000.0,732512000.0,24322000.0,0.0,0.0,0.0,0.0,299182000.0,299182000.0,0.144,299182000.0,299182000.0,246047000.0,6.39,6.29,6.39,1743937000.0,1693803000.0,1743937000.0,2762158962.0,9.0,9.232,160081000.0,5.711,1.0,1178829000.0,0.569,728430000.0,53135000.0,2067539000.0,2055407750.0,433510000.0,238884000.0,238884000.0,0.0,1352421000.0,459115000.0,893306000.0,2700783962.0,-332320000.0,-158538000.0,14249000.0,-230735000.0,0.0,-213560000.0,-386332000.0,-124704000.0,262735000.0,4837000.0,179013000.0,179013000.0,179013000.0,0.0,-200000.0,0.086,873588000.0,305241000.0,129124000.0,0.0,1.549,15.087,15.03,349501000.0,0.0,96.04,1.303,1.298,398674000.0,1359910000.0,2073529000.0,2073529000.0,177604000.0,0.06,0.106,0.146,0.144,-3168000.0,695984000.0,1.0,28121449.0,28031000,28468000.0,73.973,2368373000.0,64966000.0,67034000.0,137807000.0,84.491,1339040000.0
10,BIO,MRY,2010-12-31,2010-12-31,2010-12-31,2021-09-07,198020000.0,3062764000.0,2704741000.0,1975346000.0,1087418000.0,0.712,55.547,-87263000.0,912973000.0,912973000.0,835630000.0,186935000.0,2.963,0.991,964281000.0,233181000.0,731100000.0,964281000.0,20642000.0,0.0,0.0,0.0,0.0,282555000.0,282555000.0,0.147,282555000.0,282555000.0,218838000.0,6.7,6.59,6.7,1536696000.0,1381961500.0,1536696000.0,2999006507.0,11.0,10.614,138646000.0,5.012,1.0,1091488000.0,0.566,567862000.0,63717000.0,1879583000.0,1797201500.0,398100000.0,118636000.0,118636000.0,0.0,1522245000.0,666627000.0,855618000.0,2886911507.0,256613000.0,-89307000.0,12730000.0,217097000.0,0.0,228745000.0,-216512000.0,-29439000.0,225909000.0,18471000.0,185490000.0,185490000.0,185490000.0,0.0,1445000.0,0.096,807479000.0,284009000.0,113440000.0,0.0,1.879,15.564,15.5,333617000.0,0.0,103.85,1.498,1.491,387996000.0,1181687000.0,1927118000.0,1927118000.0,172266000.0,0.069,0.134,0.157,0.147,-2928000.0,635213000.0,1.0,27798859.0,27665000,28151000.0,69.659,2494902000.0,60997000.0,33348000.0,110673000.0,90.183,1308719000.0
11,BIO,MRY,2009-12-31,2009-12-31,2009-12-31,2021-09-07,133082000.0,2535853000.0,2328456000.0,1562674000.0,973179000.0,0.766,45.969,-66795000.0,649938000.0,649938000.0,784401000.0,149165000.0,3.721,0.998,743051000.0,5132000.0,737919000.0,743051000.0,0.0,0.0,0.0,0.0,0.0,228311000.0,228311000.0,0.128,228311000.0,228311000.0,181287000.0,5.28,5.2,5.28,1259726000.0,1151295000.0,1259726000.0,2840878938.0,12.0,12.443,258279000.0,9.425,1.0,999843000.0,0.56,532405000.0,47024000.0,1676589000.0,1590530000.0,351206000.0,94876000.0,94876000.0,0.0,1256640000.0,419972000.0,836668000.0,2651024938.0,445414000.0,-35990000.0,10286000.0,285624000.0,0.0,293933000.0,-175952000.0,-63601000.0,325074000.0,2359000.0,144620000.0,144620000.0,144620000.0,0.0,4545000.0,0.081,768855000.0,230988000.0,92988000.0,0.0,2.104,18.331,18.269,302417000.0,0.0,96.46,1.486,1.482,345734000.0,996197000.0,1784244000.0,1784244000.0,163585000.0,0.062,0.126,0.144,0.128,-664000.0,601468000.0,1.0,27483153.0,27404000,27828000.0,65.109,2003448000.0,56374000.0,36667000.0,85216000.0,73.108,1142702000.0
12,BIO,MRY,2008-12-31,2008-12-31,2008-12-31,2021-09-07,65158000.0,2037264000.0,2051104250.0,1093941000.0,943323000.0,0.86,38.401,-84809000.0,204524000.0,204524000.0,801843000.0,98264000.0,2.617,0.928,455557000.0,9578000.0,445979000.0,455557000.0,0.0,0.0,0.0,0.0,0.0,166202000.0,166202000.0,0.094,166202000.0,166202000.0,134089000.0,3.3,3.24,3.3,1041139000.0,1072049750.0,1041139000.0,2320046923.0,14.0,13.959,106562000.0,3.93,1.0,962522000.0,0.546,550410000.0,32113000.0,1319853000.0,1372712000.0,375616000.0,38950000.0,38950000.0,0.0,966624000.0,418034000.0,548590000.0,2055409923.0,42760000.0,-53014000.0,12912000.0,-11631000.0,0.0,6331000.0,-146107000.0,-4284000.0,191371000.0,-8835000.0,89510000.0,89510000.0,89510000.0,0.0,8754000.0,0.051,779579000.0,182943000.0,117982000.0,0.0,1.974,22.963,22.821,300732000.0,0.0,75.31,1.165,1.157,339653000.0,851577000.0,1764365000.0,1764365000.0,159518000.0,0.044,0.083,0.121,0.094,-5050000.0,591304000.0,1.0,27292656.0,27112000,27638000.0,65.077,1486854000.0,53769000.0,44579000.0,84460000.0,54.841,675907000.0
13,BIO,MRY,2007-12-31,2007-12-31,2007-12-31,2021-09-07,110991000.0,1971594000.0,1736466000.0,1028974000.0,942620000.0,0.841,36.371,-60595000.0,161764000.0,161764000.0,669690000.0,94295000.0,2.484,0.994,457432000.0,15627000.0,441805000.0,457432000.0,0.0,0.0,0.0,0.0,0.0,151148000.0,151148000.0,0.103,151148000.0,151148000.0,119542000.0,3.48,3.41,3.48,971690000.0,918873250.0,971690000.0,2739942879.0,18.0,18.128,130985000.0,4.903,1.0,791362000.0,0.542,538743000.0,31606000.0,1314351000.0,1327784500.0,321015000.0,61977000.0,61977000.0,0.0,965470000.0,414168000.0,551302000.0,2781686879.0,-61843000.0,-387673000.0,11580000.0,-22022000.0,0.0,-7450000.0,-254429000.0,200026000.0,191580000.0,8456000.0,92994000.0,92994000.0,92994000.0,0.0,1301000.0,0.064,656169000.0,135193000.0,96470000.0,0.0,2.863,29.913,29.776,271561000.0,0.0,103.62,1.904,1.895,358076000.0,762067000.0,1461052000.0,1461052000.0,148191000.0,0.054,0.101,0.114,0.103,-2992000.0,507978000.0,1.0,26845077.0,26716000,27292000.0,54.688,1432851000.0,56879000.0,26548000.0,81254000.0,53.633,614806000.0
14,BIO,MRY,2006-12-31,2006-12-31,2006-12-31,2021-09-07,67235000.0,1596168000.0,1507156000.0,1129777000.0,466391000.0,0.845,31.071,-52987000.0,223607000.0,223607000.0,561394000.0,103263000.0,3.536,0.948,428667000.0,3042000.0,425625000.0,428667000.0,0.0,0.0,0.0,0.0,0.0,174049000.0,174049000.0,0.137,174049000.0,174049000.0,142027000.0,3.92,3.83,3.92,819538000.0,765761750.0,819538000.0,2376047561.0,14.0,13.652,65242000.0,2.474,1.0,712536000.0,0.559,164097000.0,32022000.0,1317598000.0,1262575500.0,253045000.0,264473000.0,264473000.0,0.0,776630000.0,319533000.0,457097000.0,2184947561.0,-73109000.0,-33299000.0,9923000.0,-1146000.0,0.0,10162000.0,-207748000.0,-155404000.0,118229000.0,6248000.0,103263000.0,103263000.0,103263000.0,0.0,0.0,0.081,566425000.0,146111000.0,83411000.0,0.0,2.666,21.159,21.051,189627000.0,0.0,82.52,1.715,1.709,292970000.0,674070000.0,1273930000.0,1273930000.0,127476000.0,0.069,0.135,0.138,0.137,-1385000.0,438949000.0,1.0,26477794.0,26376000,26949000.0,48.299,1432071000.0,44962000.0,38764000.0,29906000.0,54.294,810244000.0
15,BIO,MRY,2005-12-31,2005-12-31,2005-12-31,2021-09-07,27052000.0,1426582000.0,1411015500.0,1008211000.0,418371000.0,0.837,25.246,-36055000.0,332854000.0,332854000.0,534499000.0,81553000.0,3.158,1.168,429028000.0,3341000.0,425687000.0,429028000.0,0.0,0.0,0.0,0.0,0.0,129988000.0,129988000.0,0.11,129988000.0,129988000.0,97345000.0,3.13,3.06,3.13,657974000.0,639965250.0,657974000.0,1867358527.0,14.0,14.366,72229000.0,2.771,1.0,646486000.0,0.547,141725000.0,32643000.0,1061788000.0,1078154250.0,212342000.0,116343000.0,116343000.0,0.0,768608000.0,319243000.0,449365000.0,1712369527.0,100982000.0,-4344000.0,8915000.0,-7294000.0,0.0,1290000.0,-6172000.0,68968000.0,108284000.0,-2420000.0,81553000.0,81553000.0,81553000.0,-7948000.0,0.0,0.069,550958000.0,95528000.0,72950000.0,0.0,2.602,20.997,20.907,180258000.0,0.0,65.44,1.45,1.444,247192000.0,570807000.0,1180985000.0,1180985000.0,115104000.0,0.058,0.127,0.121,0.11,0.0,416084000.0,1.0,26167016.0,26063000,26662000.0,45.313,1284857000.0,44987000.0,15792000.0,18248000.0,49.298,688968000.0
16,BIO,MRY,2004-12-31,2004-12-31,2004-12-31,2021-09-07,58003000.0,1371618000.0,1121077750.0,908460000.0,463158000.0,0.972,23.204,-60493000.0,195734000.0,195734000.0,479939000.0,68242000.0,2.881,1.298,435436000.0,9457000.0,425979000.0,435436000.0,0.0,0.0,0.0,0.0,0.0,119496000.0,119496000.0,0.11,119496000.0,119496000.0,99277000.0,2.65,2.58,2.65,596888000.0,553392250.0,596888000.0,1590218382.0,13.0,13.308,62600000.0,2.434,1.0,610073000.0,0.56,171914000.0,20219000.0,1124031000.0,865718000.0,205512000.0,165899000.0,165899000.0,0.0,774730000.0,315375000.0,459355000.0,1480906382.0,130339000.0,-39208000.0,7464000.0,188639000.0,0.0,193227000.0,-186318000.0,-83156000.0,123093000.0,337000.0,68242000.0,68242000.0,68242000.0,-1950000.0,0.0,0.063,501228000.0,108845000.0,71194000.0,0.0,2.481,21.701,21.649,202324000.0,0.0,57.37,1.359,1.354,261243000.0,489254000.0,1090012000.0,1090012000.0,122964000.0,0.061,0.123,0.138,0.11,0.0,378264000.0,1.0,25813254.0,25724000,26489000.0,42.373,1199704000.0,31887000.0,31035000.0,20223000.0,46.638,593085000.0
17,BIO,MRY,2003-12-31,2003-12-31,2003-12-31,2021-09-07,32628000.0,992596000.0,858261500.0,655398000.0,337198000.0,1.141,19.508,-69003000.0,65395000.0,65395000.0,423401000.0,76171000.0,2.739,1.002,236258000.0,10423000.0,225835000.0,236258000.0,0.0,0.0,0.0,0.0,0.0,145232000.0,145232000.0,0.148,145232000.0,145232000.0,114226000.0,3.0,2.9,3.0,495807000.0,454436250.0,495807000.0,1566193843.0,11.0,10.784,58637000.0,2.307,1.0,556230000.0,0.568,81754000.0,31006000.0,842453000.0,667019000.0,190258000.0,83247000.0,83247000.0,0.0,496789000.0,239252000.0,257537000.0,1472133843.0,37662000.0,-16375000.0,5309000.0,117758000.0,0.0,108169000.0,-190241000.0,-89865000.0,127640000.0,-7906000.0,76171000.0,76171000.0,76171000.0,1133000.0,0.0,0.078,408797000.0,147433000.0,53995000.0,0.0,2.969,19.327,19.223,179123000.0,0.0,57.67,1.503,1.496,234085000.0,421012000.0,979631000.0,979631000.0,91273000.0,0.089,0.168,0.218,0.148,0.0,317524000.0,1.0,25526857.0,25416000,26310000.0,38.544,910842000.0,52274000.0,38055000.0,35636000.0,35.837,416146000.0
18,BIO,MRY,2002-12-31,2002-12-31,2002-12-31,2021-09-07,2102000.0,720703000.0,707651750.0,466614000.0,254089000.0,1.222,15.26,-42224000.0,27733000.0,27733000.0,365451000.0,67863000.0,2.233,0.881,113254000.0,7486000.0,105768000.0,113254000.0,0.0,0.0,0.0,0.0,0.0,132762000.0,132762000.0,0.153,132762000.0,132762000.0,104555000.0,2.7,2.61,2.7,383087000.0,346365250.0,383087000.0,1086037278.0,8.0,8.18,63534000.0,2.531,1.0,499555000.0,0.578,69519000.0,28207000.0,527775000.0,546574750.0,166372000.0,0.0,0.0,0.0,337616000.0,208930000.0,128686000.0,975778278.0,-19396000.0,-8568000.0,5334000.0,-84461000.0,0.0,-79127000.0,-54456000.0,-1394000.0,105758000.0,8429000.0,67863000.0,67863000.0,67863000.0,663000.0,0.0,0.078,361367000.0,138188000.0,50233000.0,0.0,2.547,14.379,14.333,142235000.0,0.0,38.7,1.128,1.123,209282000.0,344841000.0,865006000.0,865006000.0,79788000.0,0.096,0.196,0.243,0.153,0.0,281579000.0,1.0,25213909.0,25104000,26021000.0,34.457,651184000.0,37052000.0,36692000.0,26858000.0,25.939,257684000.0
19,BIO,MRY,2001-12-31,2001-12-31,2001-12-31,2021-09-07,-22987000.0,684028000.0,670015000.0,430828000.0,253200000.0,1.22,11.517,-43228000.0,47129000.0,47129000.0,362140000.0,44179000.0,2.164,1.41,198354000.0,9931000.0,188423000.0,198354000.0,0.0,0.0,0.0,0.0,0.0,89057000.0,89057000.0,0.109,89057000.0,89057000.0,64969000.0,1.79,1.74,1.79,283877000.0,264949250.0,283877000.0,969790462.0,11.0,10.89,56310000.0,2.285,1.0,455369000.0,0.557,77703000.0,24088000.0,558444000.0,566409750.0,139179000.0,0.0,0.0,0.0,400151000.0,199106000.0,201045000.0,790841462.0,33175000.0,-4650000.0,4638000.0,-24843000.0,0.0,-20205000.0,-47538000.0,-70000.0,99538000.0,1380000.0,44179000.0,44179000.0,44179000.0,0.0,0.0,0.054,349034000.0,106335000.0,64903000.0,0.0,2.786,17.901,17.682,132974000.0,0.0,31.65,0.967,0.954,194400000.0,276554000.0,817509000.0,817509000.0,76543000.0,0.066,0.167,0.157,0.109,0.0,264745000.0,1.0,24987092.0,24648000,25442000.0,33.167,606325000.0,27537000.0,20790000.0,31255000.0,24.599,231722000.0
20,BIO,MRY,2000-12-31,2000-12-31,2000-12-31,2021-09-07,-13386000.0,646278000.0,654211250.0,369668000.0,276610000.0,1.11,10.016,-31406000.0,13954000.0,13954000.0,348450000.0,31100000.0,1.953,1.642,221506000.0,18146000.0,203360000.0,221506000.0,0.0,0.0,0.0,0.0,0.0,75345000.0,75345000.0,0.104,75345000.0,75345000.0,44733000.0,1.27,1.27,1.27,244618000.0,228665500.0,244618000.0,613634470.0,8.0,8.144,-7159000.0,-0.293,1.0,377434000.0,0.52,90970000.0,30612000.0,573552000.0,676477750.0,132519000.0,0.0,0.0,0.0,401660000.0,189308000.0,212352000.0,396804470.0,-3133000.0,34118000.0,2010000.0,-43616000.0,0.0,-41606000.0,9296000.0,469000.0,24247000.0,4930000.0,31100000.0,31100000.0,31100000.0,0.0,0.0,0.043,322115000.0,55319000.0,62965000.0,0.0,1.622,12.759,12.52,119032000.0,0.0,15.9,0.547,0.535,182242000.0,231821000.0,725884000.0,725884000.0,68140000.0,0.048,0.136,0.111,0.104,0.0,245866000.0,1.0,24956256.0,24422000,24568000.0,29.723,555308000.0,20770000.0,13633000.0,17405000.0,22.738,180360000.0
21,BIO,MRY,1999-12-31,1999-12-31,1999-12-31,2021-09-07,-4780000.0,668862000.0,446482500.0,378717000.0,290145000.0,1.244,9.088,-27275000.0,17087000.0,17087000.0,255223000.0,11721000.0,1.87,2.039,261171000.0,21960000.0,239211000.0,261171000.0,0.0,0.0,0.0,0.0,0.0,29157000.0,29157000.0,0.052,29157000.0,29157000.0,16416000.0,0.48,0.48,0.48,220114000.0,225989500.0,220114000.0,324663074.0,11.0,11.135,17706000.0,0.731,1.0,300176000.0,0.54,105350000.0,12741000.0,605075000.0,392246250.0,126277000.0,0.0,0.0,0.0,448748000.0,202521000.0,246227000.0,291375074.0,7006000.0,-202828000.0,-568000.0,182819000.0,0.0,182251000.0,-223318000.0,4384000.0,44981000.0,3092000.0,11721000.0,11721000.0,11721000.0,0.0,0.0,0.021,267077000.0,33099000.0,64737000.0,0.0,1.324,24.859,24.354,125942000.0,0.0,11.69,0.525,0.51,193898000.0,200993000.0,555399000.0,555399000.0,66710000.0,0.026,0.052,0.074,0.052,0.0,200367000.0,1.0,24925156.0,24220000,24330000.0,22.931,563512000.0,20584000.0,4695000.0,21102000.0,23.266,176196000.0
22,BIO,MRY,1998-12-31,1998-12-31,1998-12-31,2021-09-07,593000.0,367299000.0,367202750.0,235389000.0,131910000.0,1.22,8.738,-21176000.0,10081000.0,10081000.0,202438000.0,24302000.0,2.421,0.714,51732000.0,9393000.0,42339000.0,51732000.0,0.0,0.0,0.0,0.0,0.0,37959000.0,37959000.0,0.085,37959000.0,37959000.0,34228000.0,0.99,0.985,0.99,214334000.0,210986000.0,214334000.0,301355138.0,8.0,7.939,6159000.0,0.251,1.0,245425000.0,0.548,18616000.0,3731000.0,293090000.0,308954750.0,92411000.0,6174000.0,0.0,6174000.0,152965000.0,97244000.0,55721000.0,260958138.0,-762000.0,0.0,-2584000.0,1679000.0,0.0,-905000.0,-25255000.0,-2719000.0,27335000.0,-1937000.0,24302000.0,24302000.0,24302000.0,0.0,0.0,0.054,214280000.0,31145000.0,26706000.0,0.0,1.218,10.738,10.606,82130000.0,0.0,10.5,0.583,0.575,106010000.0,189838000.0,447863000.0,447863000.0,41381000.0,0.066,0.115,0.123,0.085,0.0,172899000.0,1.0,24853156.0,24528000,24716000.0,18.259,348683000.0,18340000.0,9926000.0,19778000.0,14.216,138145000.0
23,BIO,MRY,1997-12-31,1997-12-31,1997-12-31,2021-09-07,4654000.0,351876000.0,308921250.0,227418000.0,124458000.0,1.382,8.021,-23571000.0,10843000.0,10843000.0,189331000.0,16364000.0,2.257,0.789,49754000.0,10802000.0,38952000.0,49754000.0,0.0,0.0,0.0,0.0,0.0,23944000.0,23944000.0,0.056,23944000.0,23944000.0,22728000.0,0.665,0.66,0.665,196677000.0,193399000.0,196677000.0,328934944.0,14.0,13.738,-2462000.0,-0.1,1.0,237583000.0,0.557,20959000.0,1216000.0,269046000.0,229713500.0,91428000.0,18092000.0,0.0,18092000.0,155199000.0,100782000.0,54417000.0,324372944.0,1453000.0,-31238000.0,-3093000.0,36611000.0,0.0,33518000.0,-55925000.0,-4933000.0,21109000.0,2751000.0,16364000.0,16364000.0,16364000.0,0.0,0.0,0.038,210930000.0,26653000.0,32385000.0,0.0,1.649,19.822,19.639,78678000.0,0.0,13.06,0.76,0.75,96965000.0,167182000.0,426914000.0,426914000.0,46138000.0,0.053,0.085,0.104,0.056,0.0,164792000.0,1.0,24837132.0,24520000,24788000.0,17.411,330917000.0,15524000.0,6364000.0,20520000.0,13.496,126636000.0
24,BIO,MRY,1996-12-31,1996-12-31,1996-12-31,2021-09-07,4756000.0,284925000.0,285011500.0,198535000.0,86390000.0,1.469,7.476,-15235000.0,9390000.0,9390000.0,182046000.0,26179000.0,2.509,0.553,12263000.0,5542000.0,6721000.0,12263000.0,0.0,0.0,0.0,0.0,0.0,38324000.0,38324000.0,0.092,38324000.0,38324000.0,35297000.0,1.065,1.05,1.065,183508000.0,170283500.0,183508000.0,,,,17918000.0,0.73,1.0,236743000.0,0.565,7096000.0,3027000.0,201563000.0,208630500.0,69738000.0,7432000.0,0.0,7432000.0,101417000.0,79139000.0,22278000.0,372060960.0,-5384000.0,-1290000.0,-410000.0,-24757000.0,0.0,-25167000.0,-14844000.0,258000.0,33153000.0,1474000.0,26179000.0,26179000.0,26179000.0,0.0,0.0,0.063,197796000.0,38947000.0,21262000.0,0.0,2.027,14.212,14.085,71862000.0,0.0,15.0,0.888,0.879,97795000.0,151003000.0,418789000.0,418789000.0,39580000.0,0.092,0.154,0.184,0.092,0.0,155516000.0,1.0,24804064.0,24546000,24944000.0,17.061,277829000.0,14947000.0,9118000.0,19545000.0,11.319,119396000.0
25,BIO,MRY,1995-12-31,1995-12-31,1995-12-31,2021-09-07,4076000.0,285098000.0,,201592000.0,83506000.0,,6.434,-12307000.0,14774000.0,14774000.0,171942000.0,25156000.0,2.244,0.815,35191000.0,14269000.0,20922000.0,35191000.0,0.0,0.0,0.0,0.0,0.0,38007000.0,38007000.0,0.096,38007000.0,38007000.0,33542000.0,1.03,1.01,1.03,157059000.0,,157059000.0,,,,25925000.0,1.062,1.0,224676000.0,0.566,0.0,4465000.0,215698000.0,,75357000.0,5902000.0,0.0,5902000.0,128039000.0,89817000.0,38222000.0,,11023000.0,-829000.0,1093000.0,-14198000.0,0.0,-13105000.0,-13913000.0,-139000.0,38232000.0,-191000.0,25156000.0,25156000.0,25156000.0,0.0,0.0,0.063,186486000.0,38190000.0,19946000.0,0.0,,,13.754,72966000.0,0.0,14.167,,0.872,92061000.0,124857000.0,396618000.0,396618000.0,34714000.0,,,,0.096,0.0,150272000.0,1.0,,24412000,24860000.0,16.247,285098000.0,12274000.0,8386000.0,24382000.0,11.679,111775000.0
26,BIO,MRY,1994-12-31,1994-12-31,1994-12-31,2021-09-07,,,,,,,,-9798000.0,,,155805000.0,15598000.0,,,,,,,,0.0,,0.0,0.0,30135000.0,30135000.0,0.085,30135000.0,30135000.0,23997000.0,0.645,,0.645,,,,,,,38476000.0,1.588,1.0,199494000.0,0.561,,6138000.0,,,,,,,,,,,639000.0,0.0,823000.0,-33720000.0,0.0,-32897000.0,-13056000.0,-156000.0,48274000.0,-1682000.0,15598000.0,15598000.0,15598000.0,0.0,0.0,0.044,162763000.0,36731000.0,,0.0,,,14.341,,0.0,9.25,,0.631,,,355299000.0,355299000.0,30172000.0,,,,0.085,0.0,132591000.0,1.0,,24226000,,14.666,,,8399000.0,,,
0,BIO,MRQ,2021-06-30,2021-06-30,2021-06-30,2021-09-07,125166000.0,15117556000.0,,2289093000.0,12828463000.0,,389.561,-23387000.0,732836000.0,732836000.0,314333000.0,914114000.0,3.899,0.304,212037000.0,37344000.0,174693000.0,212037000.0,0.0,0.0,0.0,0.0,0.0,1157138000.0,1157138000.0,1.616,1157138000.0,1157138000.0,1156775000.0,30.71,30.32,30.71,11594880000.0,,11594880000.0,18723128864.0,4.0,3.581,131237000.0,4.409,1.0,401598000.0,0.561,476768000.0,363000.0,13532937000.0,,598989000.0,12014512000.0,434122000.0,11580390000.0,3522676000.0,587052000.0,2935624000.0,19176398864.0,59457000.0,0.0,4055000.0,-122000.0,0.0,2865000.0,-100277000.0,-76890000.0,154624000.0,2245000.0,914114000.0,914114000.0,914114000.0,0.0,0.0,1.277,276816000.0,124782000.0,133457000.0,0.0,1.654,4.74,4.743,672234000.0,0.0,644.29,6.659,6.659,399307000.0,11159475000.0,715931000.0,715931000.0,63391000.0,,,,,0.0,213425000.0,1.0,29763614.0,29764000,30148000.0,24.054,14640788000.0,0.0,242661000.0,2594610000.0,491.896,1702041000.0
1,BIO,MRQ,2021-03-31,2021-03-31,2021-03-31,2021-09-07,68434000.0,13933160000.0,,2175317000.0,11757843000.0,,355.734,-19535000.0,673470000.0,673470000.0,326169000.0,977414000.0,3.567,0.313,220200000.0,40973000.0,179227000.0,220200000.0,0.0,0.0,0.0,0.0,0.0,1297601000.0,1297601000.0,1.785,1297601000.0,1297601000.0,1297203000.0,32.77,32.38,32.77,10609059000.0,,10609059000.0,16609515466.0,3.0,3.12,94075000.0,3.154,1.0,400627000.0,0.551,483680000.0,398000.0,12386318000.0,,605156000.0,10854996000.0,351958000.0,10503038000.0,3324101000.0,609892000.0,2714209000.0,17046029466.0,10589000.0,0.0,-45946000.0,-1401000.0,0.0,-47347000.0,-48327000.0,-28792000.0,113610000.0,-7347000.0,977414000.0,977414000.0,977414000.0,0.0,0.0,1.345,299765000.0,100862000.0,138494000.0,0.0,1.607,4.16,4.148,678936000.0,0.0,571.17,6.312,6.307,408137000.0,10245426000.0,726796000.0,726796000.0,73912000.0,,,,,0.0,225853000.0,1.0,29844056.0,29823000,30186000.0,24.37,13449480000.0,0.0,319789000.0,2395186000.0,450.977,1565425000.0
2,BIO,MRQ,2020-12-31,2020-12-31,2020-12-31,2021-09-07,282456000.0,12972618000.0,,2139835000.0,10832783000.0,,331.164,-39216000.0,662205000.0,662205000.0,329684000.0,839102000.0,3.388,0.313,225691000.0,38305000.0,187386000.0,225691000.0,0.0,0.0,0.0,0.0,0.0,1083236000.0,1083236000.0,1.371,1083236000.0,1083236000.0,1078533000.0,28.11,27.74,28.11,9879940000.0,,9879940000.0,17194477002.0,3.0,3.488,245518000.0,8.229,1.0,460155000.0,0.583,491413000.0,4703000.0,11413155000.0,,622253000.0,9895613000.0,334473000.0,9561140000.0,3092678000.0,631536000.0,2461142000.0,17389394002.0,-177986000.0,0.0,5017000.0,-425158000.0,0.0,-421884000.0,-50109000.0,-14407000.0,284734000.0,9273000.0,839102000.0,839102000.0,839102000.0,0.0,0.0,1.062,284913000.0,175242000.0,139451000.0,0.0,1.76,4.569,4.559,693507000.0,0.0,582.94,6.831,6.817,419424000.0,9268012000.0,789839000.0,789839000.0,65765000.0,,,,,0.0,219148000.0,1.0,29830504.0,29834000,30229000.0,26.474,12481205000.0,0.0,239431000.0,2134120000.0,418.355,1508299000.0
3,BIO,MRQ,2020-09-30,2020-09-30,2020-09-30,2021-09-07,83971000.0,12020931000.0,,2323861000.0,9697070000.0,,296.933,-19960000.0,840325000.0,840325000.0,279952000.0,1314824000.0,2.355,0.362,645408000.0,461023000.0,184385000.0,645408000.0,0.0,0.0,0.0,0.0,0.0,1690189000.0,1690189000.0,2.611,1690189000.0,1690189000.0,1684461000.0,44.24,43.64,44.24,8825145000.0,,8825145000.0,15336210693.0,3.0,3.369,115704000.0,3.893,1.0,367311000.0,0.567,497221000.0,5728000.0,10342136000.0,,640228000.0,8759559000.0,319662000.0,8439897000.0,3195786000.0,986657000.0,2209129000.0,15298015693.0,232969000.0,234000.0,6980000.0,-183000.0,0.0,439000.0,90854000.0,110580000.0,135664000.0,6012000.0,1314824000.0,1314824000.0,1314824000.0,0.0,0.0,2.031,257711000.0,109600000.0,132994000.0,0.0,1.733,4.345,4.357,677601000.0,0.0,515.46,6.427,6.436,402241000.0,8428925000.0,647263000.0,647263000.0,59546000.0,,,,,0.0,198165000.0,1.0,29678376.0,29721000,30128000.0,21.778,11523710000.0,0.0,369637000.0,1884305000.0,387.73,1337204000.0
4,BIO,MRQ,2020-06-30,2020-06-30,2020-06-30,2021-09-07,-61142000.0,10097307000.0,,2132584000.0,7964723000.0,,247.99,-18121000.0,607584000.0,607584000.0,243892000.0,966429000.0,2.301,0.373,645779000.0,460443000.0,185336000.0,645779000.0,0.0,0.0,0.0,0.0,0.0,1251685000.0,1251685000.0,2.331,1251685000.0,1251685000.0,1245945000.0,32.59,32.15,32.59,7353402000.0,,7353402000.0,13430701307.0,5.0,5.305,74001000.0,2.496,1.0,292988000.0,0.546,502871000.0,5740000.0,8705736000.0,,628401000.0,7132825000.0,429786000.0,6703039000.0,2743905000.0,926895000.0,1817010000.0,13385847307.0,3689000.0,-84649000.0,4134000.0,-182000.0,0.0,-2979000.0,-88573000.0,14197000.0,92122000.0,3119000.0,966429000.0,966429000.0,966429000.0,0.0,0.0,1.8,241246000.0,51742000.0,130905000.0,0.0,1.82,6.875,6.905,679018000.0,0.0,451.49,5.836,5.837,369767000.0,7123093000.0,536880000.0,536880000.0,51984000.0,,,,,0.0,189262000.0,1.0,29648159.0,29652000,30058000.0,18.106,9594436000.0,0.0,279516000.0,1488672000.0,323.568,1205689000.0
5,BIO,MRQ,2020-03-31,2020-03-31,2020-03-31,2021-09-07,-148955000.0,8684359000.0,,2082587000.0,6601772000.0,,210.718,-21553000.0,603551000.0,603551000.0,254276000.0,685912000.0,2.396,0.38,648405000.0,460748000.0,187657000.0,648405000.0,0.0,0.0,0.0,0.0,0.0,904389000.0,904389000.0,1.582,904389000.0,904389000.0,898699000.0,22.97,22.72,22.97,6293079000.0,,6293079000.0,10481087788.0,5.0,5.099,41255000.0,1.381,1.0,317368000.0,0.555,402448000.0,5690000.0,7457511000.0,,557029000.0,5873470000.0,438710000.0,5434760000.0,2391280000.0,869254000.0,1522026000.0,10490625788.0,-54208000.0,0.0,-95937000.0,-1415000.0,0.0,-98617000.0,-12422000.0,9231000.0,62808000.0,-5977000.0,685912000.0,685912000.0,685912000.0,0.0,0.0,1.2,242995000.0,74373000.0,118221000.0,0.0,1.667,6.642,6.629,686661000.0,0.0,350.56,4.504,4.495,380476000.0,6156691000.0,571644000.0,571644000.0,49303000.0,,,,,0.0,193692000.0,1.0,29925336.0,29865000,30196000.0,19.141,8281911000.0,0.0,212787000.0,1193410000.0,277.312,1213333000.0
6,BIO,MRQ,2019-12-31,2019-12-31,2019-12-31,2021-09-07,-87348000.0,8008859000.0,,2180155000.0,5828704000.0,,192.303,-21554000.0,660672000.0,660672000.0,293989000.0,553486000.0,2.408,0.392,651134000.0,461537000.0,189597000.0,651134000.0,33735000.0,0.0,0.0,0.0,0.0,705494000.0,705494000.0,1.13,705494000.0,705494000.0,699430000.0,18.51,18.3,18.51,5755057000.0,,5755057000.0,11181589585.0,5.0,4.895,138248000.0,4.62,1.0,330439000.0,0.529,409656000.0,6064000.0,6684170000.0,,554007000.0,5097738000.0,459533000.0,4638205000.0,2253802000.0,905495000.0,1348307000.0,11076789585.0,99299000.0,-3575000.0,-4627000.0,-156000.0,0.0,-4783000.0,-61196000.0,-37502000.0,159802000.0,5476000.0,553486000.0,553486000.0,553486000.0,0.0,0.0,0.886,271234000.0,59205000.0,107014000.0,0.0,1.925,6.298,6.279,701207000.0,0.0,370.03,4.792,4.777,392672000.0,5470779000.0,624428000.0,624428000.0,57069000.0,,,,,0.0,214165000.0,1.0,29934842.0,29927000,30289000.0,20.865,7599203000.0,0.0,145944000.0,1034072000.0,253.925,1274660000.0
7,BIO,MRQ,2019-09-30,2019-09-30,2019-09-30,2021-09-07,-152113000.0,7177116000.0,,2047632000.0,5129484000.0,,172.009,-31092000.0,561071000.0,561071000.0,253607000.0,-258816000.0,4.718,0.399,665871000.0,35463000.0,630408000.0,665871000.0,0.0,0.0,0.0,0.0,0.0,-329691000.0,-329691000.0,-0.588,-329691000.0,-329691000.0,-335216000.0,-8.68,-8.68,-8.68,5131192000.0,,5131192000.0,9996863862.0,18.0,18.38,68658000.0,2.302,1.0,307026000.0,0.548,411049000.0,5525000.0,6436827000.0,,587987000.0,4355452000.0,423737000.0,3931715000.0,2045924000.0,434040000.0,1611884000.0,9916476862.0,-20016000.0,-59728000.0,829000.0,-156000.0,0.0,-4491000.0,-109909000.0,-19089000.0,99750000.0,-5366000.0,-258816000.0,-258816000.0,-258816000.0,0.0,0.0,-0.462,249566000.0,57460000.0,249835000.0,0.0,1.933,26.327,26.324,713392000.0,0.0,332.74,4.304,4.308,356025000.0,4917313000.0,560633000.0,560633000.0,47944000.0,,,,,0.0,201622000.0,1.0,29802479.0,29831000,29831000.0,18.794,6766067000.0,0.0,-76400000.0,873253000.0,226.813,1613592000.0
8,BIO,MRQ,2019-06-30,2019-06-30,2019-06-30,2021-09-07,-49573000.0,7646945000.0,,2087940000.0,5559005000.0,,184.035,-22202000.0,580684000.0,580684000.0,264850000.0,598810000.0,4.682,0.394,661071000.0,35700000.0,625371000.0,661071000.0,0.0,0.0,0.0,0.0,0.0,775442000.0,775442000.0,1.354,775442000.0,775442000.0,769601000.0,20.08,19.86,20.08,5486810000.0,,5486810000.0,9531901869.0,8.0,7.751,133200000.0,4.468,1.0,307769000.0,0.537,362877000.0,5841000.0,6918478000.0,,589897000.0,4823972000.0,406732000.0,4417240000.0,2160135000.0,445977000.0,1714158000.0,9321457869.0,124831000.0,0.0,-11089000.0,-580000.0,0.0,-15645000.0,-15071000.0,7151000.0,155402000.0,145000.0,598810000.0,598810000.0,598810000.0,0.0,0.0,1.046,251379000.0,56390000.0,246809000.0,0.0,1.699,10.302,10.303,714687000.0,0.0,312.59,4.073,4.072,377904000.0,5184511000.0,572619000.0,572619000.0,50122000.0,,,,,0.0,201257000.0,1.0,29820077.0,29814000,30154000.0,19.206,7284068000.0,0.0,170791000.0,980956000.0,244.317,1641963000.0
9,BIO,MRQ,2019-03-31,2019-03-31,2019-03-31,2021-09-07,-80965000.0,6862914000.0,,2031643000.0,4831271000.0,,163.211,-23555000.0,455890000.0,455890000.0,242217000.0,865195000.0,4.573,0.411,666334000.0,36170000.0,630164000.0,666334000.0,0.0,0.0,0.0,0.0,0.0,1133252000.0,1133252000.0,2.046,1133252000.0,1133252000.0,1127266000.0,29.03,28.74,29.03,4863855000.0,,4863855000.0,9164904519.0,11.0,11.45,19388000.0,0.651,1.0,311762000.0,0.563,369923000.0,5986000.0,6259129000.0,,590438000.0,4080571000.0,408659000.0,3671912000.0,1999059000.0,444306000.0,1554753000.0,9158846519.0,24373000.0,-16083000.0,3831000.0,-237000.0,0.0,2161000.0,-22713000.0,9522000.0,42943000.0,1982000.0,865195000.0,865195000.0,865195000.0,0.0,0.0,1.562,255156000.0,56606000.0,239018000.0,0.0,1.883,15.955,15.879,724549000.0,0.0,305.68,3.996,3.975,391699000.0,4585701000.0,553979000.0,553979000.0,47575000.0,,,,,0.0,207581000.0,1.0,29962204.0,29801000,30104000.0,18.589,6492991000.0,0.0,262071000.0,822872000.0,217.878,1587337000.0
10,BIO,MRQ,2018-12-31,2018-12-31,2018-12-31,2021-09-07,-46958000.0,5611068000.0,,2023478000.0,3587590000.0,,134.558,-53832000.0,431526000.0,431526000.0,284282000.0,-828529000.0,4.489,0.396,439430000.0,493000.0,438937000.0,439430000.0,26936000.0,0.0,0.0,0.0,0.0,-1035108000.0,-1035108000.0,-1.678,-1035108000.0,-1035108000.0,-1041247000.0,-27.79,-27.4,-27.79,4020331000.0,,4020331000.0,6963881013.0,13.0,12.977,51177000.0,1.713,1.0,332565000.0,0.539,352893000.0,6139000.0,4815284000.0,,583815000.0,3074539000.0,418830000.0,2655709000.0,1590737000.0,450795000.0,1139942000.0,6957823013.0,-1425000.0,0.0,-45637000.0,-1366000.0,0.0,-47003000.0,-54811000.0,-979000.0,105009000.0,-4620000.0,-828529000.0,-828529000.0,-828529000.0,0.0,0.0,-1.343,559619000.0,-227054000.0,122450000.0,0.0,1.731,19.031,18.957,508690000.0,0.0,232.22,3.039,3.026,392443000.0,3722073000.0,616847000.0,616847000.0,53074000.0,,,,,0.0,214032000.0,1.0,29962204.0,29878000,30210000.0,20.646,5258175000.0,0.0,-212718000.0,609427000.0,175.988,1572683000.0
11,BIO,MRQ,2018-09-30,2018-09-30,2018-09-30,2021-09-07,-32299000.0,6718662000.0,,2034197000.0,4684465000.0,,164.099,-21881000.0,434517000.0,434517000.0,258422000.0,269326000.0,4.489,0.371,440575000.0,1772000.0,438803000.0,440575000.0,0.0,0.0,0.0,0.0,0.0,356195000.0,356195000.0,0.653,356195000.0,356195000.0,350131000.0,9.02,8.89,9.02,4900481000.0,,4900481000.0,9375563300.0,6.0,5.775,40396000.0,1.353,1.0,286716000.0,0.526,652565000.0,6064000.0,5618996000.0,,601053000.0,3905934000.0,431613000.0,3474321000.0,1818181000.0,453159000.0,1365022000.0,9338072300.0,31504000.0,45000.0,3746000.0,-90000.0,0.0,-2176000.0,-29509000.0,-7673000.0,62277000.0,912000.0,269326000.0,269326000.0,269326000.0,0.0,0.0,0.494,250441000.0,36275000.0,257028000.0,0.0,1.906,7.313,7.304,484323000.0,0.0,312.99,4.071,4.075,381526000.0,4550601000.0,545138000.0,545138000.0,49245000.0,,,,,0.0,201196000.0,1.0,29835050.0,29863000,30292000.0,18.255,6066097000.0,0.0,80805000.0,798731000.0,203.131,1581038000.0
12,BIO,MRQ,2018-06-30,2018-06-30,2018-06-30,2021-09-07,-18710000.0,6386223000.0,,1992334000.0,4393889000.0,,155.596,-22631000.0,403006000.0,403006000.0,274244000.0,268043000.0,4.503,0.377,440497000.0,1721000.0,438776000.0,440497000.0,0.0,0.0,0.0,0.0,0.0,346063000.0,346063000.0,0.601,346063000.0,346063000.0,340086000.0,8.99,8.87,8.99,4638946000.0,,4638946000.0,8627620253.0,7.0,6.618,55231000.0,1.853,1.0,301667000.0,0.524,658057000.0,5977000.0,5323236000.0,,591433000.0,3591621000.0,420801000.0,3170820000.0,1747277000.0,442421000.0,1304856000.0,8599845253.0,-3560000.0,266000.0,3240000.0,-1418000.0,0.0,-2016000.0,-83842000.0,-61477000.0,77862000.0,4436000.0,268043000.0,268043000.0,268043000.0,0.0,0.0,0.465,257875000.0,43792000.0,261721000.0,0.0,1.854,8.352,8.347,490249000.0,0.0,288.54,3.767,3.768,404091000.0,4281275000.0,575911000.0,575911000.0,47450000.0,,,,,0.0,210425000.0,1.0,29804690.0,29814000,30219000.0,19.317,5728166000.0,0.0,72043000.0,716491000.0,192.13,1549913000.0
13,BIO,MRQ,2018-03-31,2018-03-31,2018-03-31,2021-09-07,104085000.0,6214912000.0,,1977116000.0,4237796000.0,,150.673,-27166000.0,407272000.0,407272000.0,249316000.0,656774000.0,4.334,0.385,435047000.0,369000.0,434678000.0,435047000.0,0.0,0.0,0.0,0.0,0.0,869471000.0,869471000.0,1.577,869471000.0,869471000.0,863689000.0,22.05,21.77,22.05,4488091000.0,,4488091000.0,7549380359.0,8.0,7.825,13180000.0,0.442,1.0,302203000.0,0.548,678571000.0,5782000.0,5107918000.0,,612217000.0,3342989000.0,361221000.0,2981768000.0,1726821000.0,456198000.0,1270623000.0,7443347359.0,22662000.0,6919000.0,3872000.0,-87000.0,0.0,2515000.0,-18816000.0,1434000.0,40346000.0,-1383000.0,656774000.0,656774000.0,656774000.0,0.0,0.0,1.191,258557000.0,43646000.0,259365000.0,0.0,1.658,9.709,9.712,499708000.0,0.0,250.08,3.366,3.368,430361000.0,4013232000.0,551519000.0,551519000.0,49427000.0,,,,,0.0,209130000.0,1.0,29763865.0,29787000,30171000.0,18.515,5536341000.0,0.0,206915000.0,687334000.0,185.864,1520918000.0
14,BIO,MRQ,2017-12-31,2017-12-31,2017-12-31,2021-09-07,738794000.0,4273012000.0,,1976649000.0,2296363000.0,,98.443,-26044000.0,383824000.0,383824000.0,276038000.0,82734000.0,3.932,0.458,435001000.0,420000.0,434581000.0,435001000.0,28233000.0,0.0,0.0,0.0,0.0,51731000.0,51731000.0,0.083,51731000.0,51731000.0,45950000.0,2.79,2.75,2.79,2930250000.0,,2930250000.0,7209774660.0,60.0,59.674,43321000.0,1.455,1.0,345257000.0,0.556,680182000.0,5781000.0,3141311000.0,,594804000.0,1404450000.0,376714000.0,1027736000.0,1342762000.0,502696000.0,840066000.0,7103741660.0,54941000.0,-76645000.0,10982000.0,-96000.0,0.0,3576000.0,-13083000.0,89611000.0,69365000.0,-4917000.0,82734000.0,82734000.0,82734000.0,0.0,0.0,0.133,289277000.0,55980000.0,135182000.0,0.0,2.424,58.109,57.93,493496000.0,0.0,238.67,3.289,3.277,464847000.0,1830439000.0,621295000.0,621295000.0,76041000.0,,,,,0.0,201730000.0,1.0,29763865.0,29766000,30154000.0,20.873,3592830000.0,0.0,-36784000.0,262150000.0,120.702,1473953000.0
15,BIO,MRQ,2017-09-30,2017-09-30,2017-09-30,2021-09-07,617162000.0,4185728000.0,,1892451000.0,2293277000.0,,96.037,-20272000.0,328894000.0,328894000.0,235133000.0,22067000.0,4.057,0.469,434927000.0,452000.0,434475000.0,434927000.0,0.0,0.0,0.0,0.0,0.0,36460000.0,36460000.0,0.068,36460000.0,36460000.0,30588000.0,0.74,0.73,0.74,2848447000.0,,2848447000.0,6699457804.0,141.0,141.234,8203000.0,0.277,1.0,299008000.0,0.56,701839000.0,5872000.0,3123466000.0,,601571000.0,1424924000.0,392123000.0,1032801000.0,1337281000.0,466456000.0,870825000.0,6586150804.0,7454000.0,0.0,-2193000.0,-71000.0,0.0,-2840000.0,-14814000.0,5328000.0,28475000.0,-3367000.0,22067000.0,22067000.0,22067000.0,0.0,0.0,0.041,260246000.0,38762000.0,273958000.0,0.0,2.312,391.567,404.036,500687000.0,0.0,222.22,3.121,3.123,419708000.0,1880765000.0,534141000.0,534141000.0,62077000.0,,,,,0.0,198169000.0,1.0,29637975.0,29660000,30052000.0,18.009,3483889000.0,0.0,8521000.0,319554000.0,117.461,1425995000.0
16,BIO,MRQ,2017-06-30,2017-06-30,2017-06-30,2021-09-07,610948000.0,4143459000.0,,1826528000.0,2316931000.0,,94.924,-25613000.0,321584000.0,321584000.0,231291000.0,5035000.0,4.013,0.474,434891000.0,505000.0,434386000.0,434891000.0,0.0,0.0,0.0,0.0,0.0,7165000.0,7165000.0,0.014,7165000.0,7165000.0,1120000.0,0.17,0.17,0.17,2810997000.0,,2810997000.0,6843159099.0,174.0,174.139,36887000.0,1.246,1.0,273375000.0,0.542,715106000.0,6045000.0,3086550000.0,,580581000.0,1436787000.0,395828000.0,1040959000.0,1332462000.0,455110000.0,877352000.0,6700067099.0,30001000.0,73541000.0,-995000.0,-73000.0,0.0,-1068000.0,-37283000.0,-81291000.0,62500000.0,5852000.0,5035000.0,5035000.0,5035000.0,0.0,0.0,0.01,275076000.0,-1701000.0,277566000.0,0.0,2.384,509.201,514.341,503329000.0,0.0,226.31,3.214,3.214,392842000.0,1853372000.0,504666000.0,504666000.0,62587000.0,,,,,0.0,212489000.0,1.0,29605705.0,29613000,30006000.0,17.042,3428353000.0,0.0,-3915000.0,328151000.0,115.772,1371418000.0
17,BIO,MRQ,2017-03-31,2017-03-31,2017-03-31,2021-09-07,516643000.0,3952769000.0,,1732571000.0,2220198000.0,,91.53,-39317000.0,291663000.0,291663000.0,229988000.0,12413000.0,4.252,0.46,434755000.0,466000.0,434289000.0,434755000.0,0.0,0.0,0.0,0.0,0.0,25463000.0,25463000.0,0.051,25463000.0,25463000.0,20147000.0,0.42,0.41,0.42,2707466000.0,,2707466000.0,5874113651.0,91.0,90.891,-95520000.0,-3.229,1.0,270063000.0,0.54,706805000.0,5316000.0,2981552000.0,,559819000.0,1342592000.0,386972000.0,955620000.0,1245303000.0,407504000.0,837799000.0,5895857651.0,-164584000.0,-73541000.0,3890000.0,-112000.0,0.0,673000.0,-110392000.0,2466000.0,-56203000.0,1338000.0,12413000.0,12413000.0,12413000.0,0.0,0.0,0.025,243854000.0,26209000.0,231485000.0,0.0,2.178,225.575,226.523,505104000.0,0.0,199.34,2.812,2.812,373443000.0,1848337000.0,500051000.0,500051000.0,49452000.0,,,,,0.0,194402000.0,1.0,29576892.0,29580000,29911000.0,16.905,3245964000.0,0.0,7734000.0,33042000.0,109.735,1325067000.0
18,BIO,MRQ,2016-12-31,2016-12-31,2016-12-31,2021-09-07,417766000.0,3850504000.0,,1844524000.0,2005980000.0,,87.269,-45093000.0,456264000.0,456264000.0,256755000.0,-22695000.0,3.914,0.493,434520000.0,334000.0,434186000.0,434520000.0,31003000.0,0.0,0.0,0.0,0.0,-21653000.0,-21653000.0,-0.038,-21653000.0,-21653000.0,-28187000.0,-0.78,-0.77,-0.78,2579160000.0,,2579160000.0,5401272227.0,83.0,83.173,49659000.0,1.68,1.0,314698000.0,0.551,638724000.0,6534000.0,2718714000.0,,524961000.0,1218526000.0,387736000.0,830790000.0,1271344000.0,471322000.0,800022000.0,5384777227.0,37958000.0,11785000.0,2452000.0,-35000.0,0.0,2829000.0,-50123000.0,-16686000.0,94752000.0,-9500000.0,-22695000.0,-22695000.0,-22695000.0,0.0,0.0,-0.04,335325000.0,-20627000.0,133109000.0,0.0,2.088,207.107,207.136,488614000.0,0.0,182.28,2.604,2.595,372348000.0,1828581000.0,571453000.0,571453000.0,57387000.0,,,,,-13636000.0,217993000.0,1.0,29541240.0,29554000,29808000.0,19.336,3211780000.0,0.0,-5492000.0,253423000.0,108.675,1373202000.0
19,BIO,MRQ,2016-09-30,2016-09-30,2016-09-30,2021-09-07,521403000.0,4019726000.0,,1850103000.0,2169623000.0,,91.791,-39101000.0,417939000.0,417939000.0,229276000.0,18405000.0,4.179,0.487,434434000.0,297000.0,434137000.0,434434000.0,4400000.0,0.0,0.0,0.0,0.0,28322000.0,28322000.0,0.056,28322000.0,28322000.0,22688000.0,0.63,0.62,0.63,2702691000.0,,2702691000.0,4835542731.0,33.0,32.934,12506000.0,0.425,1.0,279469000.0,0.549,727477000.0,5634000.0,2866026000.0,,556358000.0,1296045000.0,392387000.0,903658000.0,1317035000.0,442718000.0,874317000.0,4819842731.0,-712000.0,-308000.0,1953000.0,-75000.0,0.0,2897000.0,-53429000.0,-14020000.0,51607000.0,-1787000.0,18405000.0,18405000.0,18405000.0,0.0,0.0,0.036,251376000.0,28093000.0,280453000.0,0.0,1.783,51.099,50.873,474667000.0,0.0,163.81,2.331,2.333,367662000.0,1856750000.0,508745000.0,508745000.0,49924000.0,,,,,2873000.0,201452000.0,1.0,29423373.0,29444000,29671000.0,17.278,3292249000.0,0.0,4283000.0,317519000.0,111.814,1407385000.0
20,BIO,MRQ,2016-06-30,2016-06-30,2016-06-30,2021-09-07,459560000.0,3874635000.0,,1805688000.0,2068947000.0,,88.937,-31549000.0,418651000.0,418651000.0,236545000.0,18014000.0,4.4,0.482,434351000.0,294000.0,434057000.0,434351000.0,0.0,0.0,0.0,0.0,0.0,32496000.0,32496000.0,0.063,32496000.0,32496000.0,26864000.0,0.61,0.61,0.61,2614561000.0,,2614561000.0,4235071284.0,28.0,28.283,45606000.0,1.551,1.0,280232000.0,0.542,736020000.0,5632000.0,2743910000.0,,541514000.0,1187617000.0,377154000.0,810463000.0,1260074000.0,410405000.0,849669000.0,4204410284.0,15036000.0,-1843000.0,3107000.0,-79000.0,0.0,3036000.0,-59470000.0,-26072000.0,77155000.0,-5685000.0,18014000.0,18014000.0,18014000.0,0.0,0.0,0.035,257707000.0,22525000.0,256112000.0,0.0,1.608,45.069,44.975,457685000.0,0.0,143.02,2.073,2.073,366281000.0,1838345000.0,516777000.0,516777000.0,49811000.0,,,,,4746000.0,205536000.0,1.0,29397359.0,29398000,29589000.0,17.579,3138615000.0,0.0,8850000.0,21856000.0,106.763,1395283000.0
21,BIO,MRQ,2016-03-31,2016-03-31,2016-03-31,2021-09-07,415340000.0,3753413000.0,,1775264000.0,1978149000.0,,86.652,-25295000.0,403615000.0,403615000.0,207168000.0,12276000.0,4.428,0.475,434276000.0,296000.0,433980000.0,434276000.0,0.0,0.0,0.0,0.0,0.0,25775000.0,25775000.0,0.055,25775000.0,25775000.0,20195000.0,0.42,0.42,0.42,2544449000.0,,2544449000.0,3992845320.0,25.0,24.705,-32743000.0,-1.115,1.0,264029000.0,0.56,751846000.0,5580000.0,2631340000.0,,533312000.0,1060692000.0,349255000.0,711437000.0,1208964000.0,400888000.0,808076000.0,4014389320.0,-53934000.0,-9634000.0,3768000.0,-77000.0,0.0,258000.0,-50858000.0,-15929000.0,-7448000.0,4114000.0,12276000.0,12276000.0,12276000.0,0.0,0.0,0.026,238302000.0,25727000.0,241249000.0,0.0,1.578,38.713,38.513,449226000.0,0.0,136.72,1.989,1.99,381100000.0,1820331000.0,471197000.0,471197000.0,48586000.0,,,,,4511000.0,189716000.0,1.0,29362122.0,29364000,29506000.0,16.047,3001567000.0,0.0,7919000.0,27725000.0,102.219,1374376000.0
22,BIO,MRQ,2015-12-31,2015-12-31,2015-12-31,2021-09-07,382138000.0,3709718000.0,,1777596000.0,1932122000.0,,84.939,-27949000.0,457549000.0,457549000.0,262042000.0,45628000.0,4.028,0.49,434181000.0,298000.0,433883000.0,434181000.0,29683000.0,0.0,0.0,0.0,0.0,60232000.0,60232000.0,0.106,60232000.0,60232000.0,54198000.0,1.56,1.54,1.56,2490503000.0,,2490503000.0,3992271004.0,24.0,23.829,8003000.0,0.273,1.0,308515000.0,0.541,709974000.0,6034000.0,2535025000.0,,490224000.0,1052768000.0,332928000.0,719840000.0,1219215000.0,441351000.0,777864000.0,4063493004.0,-49780000.0,0.0,3510000.0,-150000.0,0.0,3728000.0,-83778000.0,-55832000.0,35952000.0,-5682000.0,45628000.0,45628000.0,45628000.0,0.0,0.0,0.08,249032000.0,59483000.0,122391000.0,0.0,1.632,37.198,37.075,437690000.0,0.0,138.66,2.012,2.004,391485000.0,1808055000.0,570557000.0,570557000.0,55887000.0,,,,,-9435000.0,193145000.0,1.0,29305445.0,29321000,29520000.0,19.459,2999744000.0,0.0,8570000.0,262814000.0,102.307,1336245000.0
23,BIO,MRQ,2015-09-30,2015-09-30,2015-09-30,2021-09-07,379380000.0,3666396000.0,,1794416000.0,1871980000.0,,83.224,-24732000.0,507329000.0,507329000.0,206509000.0,17370000.0,4.123,0.509,436107000.0,379000.0,435728000.0,436107000.0,0.0,0.0,0.0,0.0,0.0,31237000.0,31237000.0,0.066,31237000.0,31237000.0,25415000.0,0.59,0.59,0.59,2429729000.0,,2429729000.0,3902506285.0,25.0,24.691,57547000.0,1.971,1.0,263452000.0,0.561,728608000.0,5822000.0,2431331000.0,,512736000.0,942282000.0,278749000.0,663533000.0,1236667000.0,435235000.0,801432000.0,3916711285.0,57196000.0,0.0,140000.0,-1000.0,0.0,2123000.0,-27235000.0,-2449000.0,82279000.0,29000.0,17370000.0,17370000.0,17370000.0,0.0,0.0,0.037,230781000.0,32671000.0,268228000.0,0.0,1.612,38.157,38.048,433822000.0,0.0,134.31,1.913,1.915,341548000.0,1758573000.0,469961000.0,469961000.0,43336000.0,,,,,36000.0,187445000.0,1.0,29161725.0,29195000,29439000.0,16.097,2937788000.0,0.0,8045000.0,277265000.0,100.626,1359181000.0
24,BIO,MRQ,2015-06-30,2015-06-30,2015-06-30,2021-09-07,332047000.0,3525343000.0,,1741928000.0,1783415000.0,,80.962,-32164000.0,450133000.0,450133000.0,226505000.0,28423000.0,4.313,0.494,435928000.0,268000.0,435660000.0,435928000.0,0.0,0.0,0.0,0.0,0.0,44374000.0,44374000.0,0.088,44374000.0,44374000.0,39540000.0,0.98,0.97,0.98,2358897000.0,,2358897000.0,4398102928.0,28.0,28.013,6369000.0,0.219,1.0,279597000.0,0.552,751784000.0,4834000.0,2355460000.0,,500975000.0,819245000.0,277513000.0,541732000.0,1166446000.0,403894000.0,762552000.0,4387905928.0,24405000.0,0.0,3080000.0,-65000.0,0.0,3061000.0,-27865000.0,4313000.0,38533000.0,10676000.0,28423000.0,28423000.0,28423000.0,0.0,0.0,0.056,239392000.0,40205000.0,239847000.0,0.0,1.86,45.336,45.093,439644000.0,0.0,150.61,2.082,2.082,354161000.0,1741203000.0,506102000.0,506102000.0,46547000.0,,,,,4142000.0,192845000.0,1.0,29134227.0,29136000,29381000.0,17.37,2773559000.0,0.0,11117000.0,237197000.0,95.194,1338034000.0
25,BIO,MRQ,2015-03-31,2015-03-31,2015-03-31,2021-09-07,207446000.0,3326196000.0,,1701844000.0,1624352000.0,,75.571,-27076000.0,425728000.0,425728000.0,202715000.0,17818000.0,4.082,0.513,435925000.0,264000.0,435661000.0,435925000.0,0.0,0.0,0.0,0.0,0.0,31696000.0,31696000.0,0.067,31696000.0,31696000.0,26694000.0,0.61,0.61,0.61,2198513000.0,,2198513000.0,3956682884.0,24.0,23.694,2370000.0,0.081,1.0,270106000.0,0.571,746392000.0,5002000.0,2173119000.0,,478375000.0,685220000.0,284958000.0,400262000.0,1127683000.0,416882000.0,710801000.0,3933958884.0,12477000.0,0.0,1506000.0,-66000.0,0.0,-331000.0,-27991000.0,392000.0,29446000.0,11353000.0,17818000.0,17818000.0,17818000.0,0.0,0.0,0.038,235757000.0,34349000.0,250813000.0,0.0,1.789,39.342,39.069,428300000.0,0.0,135.18,1.84,1.839,342223000.0,1712780000.0,472821000.0,472821000.0,47202000.0,,,,,1647000.0,188555000.0,1.0,29101634.0,29092000,29289000.0,16.253,2579804000.0,0.0,8876000.0,31926000.0,88.677,1284962000.0
26,BIO,MRQ,2014-12-31,2014-12-31,2014-12-31,2021-09-07,218945000.0,3341278000.0,,1716367000.0,1624911000.0,,75.345,-40290000.0,413251000.0,413251000.0,280814000.0,39037000.0,3.842,0.529,435975000.0,265000.0,435710000.0,435975000.0,26716000.0,0.0,0.0,0.0,0.0,50746000.0,50746000.0,0.085,50746000.0,50746000.0,45746000.0,1.35,1.34,1.35,2185155000.0,,2185155000.0,3504025920.0,23.0,22.8,-74000.0,-0.003,1.0,317410000.0,0.531,754669000.0,5000000.0,2162572000.0,,470997000.0,673693000.0,284384000.0,389309000.0,1156123000.0,446761000.0,709362000.0,3491408920.0,-11342000.0,43645000.0,6686000.0,-1270000.0,0.0,3625000.0,-49444000.0,-52808000.0,40216000.0,-5739000.0,39037000.0,39037000.0,39037000.0,0.0,0.0,0.065,266824000.0,50586000.0,128608000.0,0.0,1.598,39.298,39.143,428836000.0,0.0,120.56,1.605,1.601,377640000.0,1694962000.0,598224000.0,598224000.0,59287000.0,,,,,-10531000.0,207537000.0,1.0,28959928.0,29002000,29241000.0,20.627,2586609000.0,0.0,6709000.0,190082000.0,89.187,1269606000.0
27,BIO,MRQ,2014-09-30,2014-09-30,2014-09-30,2021-09-07,261038000.0,3386024000.0,,1764445000.0,1621579000.0,,75.361,-27312000.0,424593000.0,424593000.0,242068000.0,11509000.0,3.502,0.556,437210000.0,1471000.0,435739000.0,437210000.0,0.0,0.0,0.0,0.0,0.0,30186000.0,30186000.0,0.057,30186000.0,30186000.0,22476000.0,0.4,0.39,0.4,2176730000.0,,2176730000.0,3326439940.0,22.0,21.534,63342000.0,2.193,1.0,288576000.0,0.544,786981000.0,7710000.0,2107877000.0,,516047000.0,642114000.0,277985000.0,364129000.0,1209294000.0,503783000.0,705511000.0,3273777940.0,39923000.0,-1635000.0,1892000.0,-363000.0,0.0,1766000.0,-46511000.0,-17458000.0,90654000.0,-5986000.0,11509000.0,11509000.0,11509000.0,0.0,0.0,0.022,255336000.0,33240000.0,126640000.0,0.0,1.504,40.951,40.791,420897000.0,0.0,113.4,1.502,1.503,354401000.0,1655925000.0,530644000.0,530644000.0,52786000.0,,,,,2736000.0,202550000.0,1.0,28869294.0,28884000,29141000.0,18.372,2599043000.0,0.0,10967000.0,24399000.0,89.982,1260662000.0
28,BIO,MRQ,2014-06-30,2014-06-30,2014-06-30,2021-09-07,351285000.0,3467751000.0,,1767494000.0,1700257000.0,,78.053,-30705000.0,384670000.0,384670000.0,239590000.0,31631000.0,3.68,0.541,437332000.0,1725000.0,435607000.0,437332000.0,0.0,0.0,0.0,0.0,0.0,54361000.0,54361000.0,0.101,54361000.0,54361000.0,48797000.0,1.1,1.09,1.1,2249944000.0,,2249944000.0,3522796558.0,23.0,23.379,46167000.0,1.602,1.0,297242000.0,0.554,827770000.0,5564000.0,2212395000.0,,520642000.0,645821000.0,262908000.0,382913000.0,1217807000.0,480248000.0,737559000.0,3449960558.0,20163000.0,-42010000.0,3049000.0,-64000.0,0.0,2808000.0,-58986000.0,16753000.0,76872000.0,-531000.0,31631000.0,31631000.0,31631000.0,0.0,0.0,0.059,251555000.0,45687000.0,125461000.0,0.0,1.533,56.247,56.202,440326000.0,0.0,119.71,1.602,1.602,378891000.0,1644416000.0,536832000.0,536832000.0,55717000.0,,,,,3109000.0,195838000.0,1.0,28819318.0,28826000,29092000.0,18.623,2639981000.0,0.0,17166000.0,28264000.0,91.583,1287246000.0
29,BIO,MRQ,2014-03-31,2014-03-31,2014-03-31,2021-09-07,372598000.0,3441378000.0,,1766810000.0,1674568000.0,,77.545,-22467000.0,364507000.0,364507000.0,234055000.0,6668000.0,3.671,0.541,437343000.0,1732000.0,435611000.0,437343000.0,0.0,0.0,0.0,0.0,0.0,18395000.0,18395000.0,0.036,18395000.0,18395000.0,14538000.0,0.23,0.23,0.23,2232603000.0,,2232603000.0,3794988528.0,24.0,24.168,43103000.0,1.497,1.0,275289000.0,0.54,776969000.0,3857000.0,2255994000.0,,513852000.0,697067000.0,276826000.0,420241000.0,1208775000.0,481251000.0,727524000.0,3689138528.0,32956000.0,0.0,3424000.0,-116000.0,0.0,3490000.0,-35570000.0,-745000.0,65570000.0,-534000.0,6668000.0,6668000.0,6668000.0,0.0,0.0,0.013,254818000.0,20471000.0,130864000.0,0.0,1.652,57.368,57.196,430876000.0,0.0,128.12,1.722,1.722,383928000.0,1612785000.0,509344000.0,509344000.0,52543000.0,,,,,3337000.0,202275000.0,1.0,28794400.0,28791000,29059000.0,17.691,2664409000.0,0.0,7870000.0,32596000.0,92.543,1285559000.0
30,BIO,MRQ,2013-12-31,2013-12-31,2013-12-31,2021-09-07,340717000.0,3388790000.0,,1757479000.0,1631311000.0,,76.169,-27758000.0,331551000.0,331551000.0,279886000.0,30136000.0,3.605,0.55,437401000.0,1786000.0,435615000.0,437401000.0,26390000.0,0.0,0.0,0.0,0.0,51529000.0,51529000.0,0.086,51529000.0,51529000.0,44510000.0,1.05,1.04,1.05,2186722000.0,,2186722000.0,3692425510.0,21.0,21.265,42792000.0,1.491,1.0,322749000.0,0.536,783958000.0,7019000.0,2223210000.0,,516245000.0,655239000.0,277369000.0,377870000.0,1202068000.0,487472000.0,714596000.0,3546972510.0,39758000.0,-3544000.0,1840000.0,16000.0,0.0,3768000.0,-39445000.0,-7943000.0,70550000.0,4885000.0,30136000.0,30136000.0,30136000.0,0.0,0.0,0.05,270432000.0,52317000.0,148510000.0,0.0,1.622,45.597,45.445,414401000.0,0.0,123.61,1.663,1.657,422660000.0,1606117000.0,602635000.0,602635000.0,55848000.0,,,,,-10998000.0,214584000.0,1.0,28694867.0,28709000,29014000.0,20.991,2604832000.0,0.0,14374000.0,195665000.0,90.732,1270007000.0
31,BIO,MRQ,2013-09-30,2013-09-30,2013-09-30,2021-09-07,316326000.0,3280408000.0,,1674543000.0,1605865000.0,,74.266,-20176000.0,291793000.0,291793000.0,220850000.0,-7099000.0,3.618,0.544,437246000.0,1705000.0,435541000.0,437246000.0,0.0,0.0,0.0,0.0,0.0,26395000.0,26395000.0,0.052,26395000.0,26395000.0,-5216000.0,-0.25,-0.25,-0.25,2124240000.0,,2124240000.0,3728615987.0,19.0,19.125,34656000.0,1.212,1.0,284216000.0,0.563,789759000.0,31611000.0,2173217000.0,,523503000.0,624760000.0,270027000.0,354733000.0,1156168000.0,462885000.0,693283000.0,3361121987.0,-75206000.0,-2627000.0,2817000.0,-300055000.0,0.0,-309329000.0,174930000.0,197733000.0,54832000.0,4361000.0,-7099000.0,-7099000.0,-7099000.0,0.0,0.0,-0.014,255158000.0,29058000.0,131899000.0,0.0,1.582,36.974,36.853,425076000.0,0.0,117.56,1.598,1.598,383471000.0,1575981000.0,505066000.0,505066000.0,52920000.0,,,,,2495000.0,202238000.0,1.0,28590694.0,28603000,28603000.0,17.658,2490649000.0,0.0,1883000.0,32424000.0,87.076,1211658000.0
32,BIO,MRQ,2013-06-30,2013-06-30,2013-06-30,2021-09-07,267394000.0,3482821000.0,,1903036000.0,1579785000.0,,72.568,-23433000.0,366999000.0,366999000.0,225220000.0,34602000.0,4.413,0.682,734493000.0,1693000.0,732800000.0,734493000.0,0.0,0.0,0.0,0.0,0.0,60708000.0,60708000.0,0.116,60708000.0,60708000.0,49044000.0,1.21,1.2,1.21,2070942000.0,,2070942000.0,3566489868.0,15.0,15.146,-3696000.0,-0.13,1.0,300101000.0,0.571,778801000.0,11664000.0,2640270000.0,,484667000.0,467433000.0,467433000.0,0.0,1411879000.0,431244000.0,980635000.0,3200834868.0,-1630000.0,-1827000.0,3445000.0,-48000.0,0.0,1290000.0,-26284000.0,-987000.0,19737000.0,3627000.0,34602000.0,34602000.0,34602000.0,0.0,0.0,0.066,247172000.0,52929000.0,129119000.0,0.0,1.546,22.759,22.667,418530000.0,0.0,112.2,1.526,1.527,395974000.0,1577861000.0,525321000.0,525321000.0,51841000.0,,,,,2513000.0,195331000.0,1.0,28527940.0,28538000,28868000.0,18.408,2704020000.0,0.0,14442000.0,25898000.0,94.752,1471792000.0
33,BIO,MRQ,2013-03-31,2013-03-31,2013-03-31,2021-09-07,269436000.0,3456803000.0,,1865180000.0,1591623000.0,,71.286,-34077000.0,368629000.0,368629000.0,228260000.0,20172000.0,4.175,0.702,734284000.0,1698000.0,732586000.0,734284000.0,0.0,0.0,0.0,0.0,0.0,35003000.0,35003000.0,0.07,35003000.0,35003000.0,24026000.0,0.71,0.7,0.71,2031217000.0,,2031217000.0,3861658442.0,15.0,15.265,-10060000.0,-0.353,1.0,271412000.0,0.543,788867000.0,10977000.0,2586851000.0,,467321000.0,468203000.0,468203000.0,0.0,1425586000.0,446740000.0,978846000.0,3590882442.0,-94759000.0,-64056000.0,3135000.0,-93000.0,0.0,-7426000.0,-108282000.0,-9686000.0,24017000.0,-3068000.0,20151000.0,20151000.0,20151000.0,0.0,21000.0,0.04,236260000.0,35152000.0,119340000.0,0.0,1.768,23.26,23.119,422699000.0,0.0,126.0,1.724,1.724,377548000.0,1543187000.0,499672000.0,499672000.0,50343000.0,,,,,3270000.0,185917000.0,1.0,28499067.0,28494000,28817000.0,17.536,2667936000.0,0.0,3875000.0,32956000.0,93.632,1418440000.0
34,BIO,MRQ,2012-12-31,2012-12-31,2012-12-31,2021-09-07,274532000.0,3443503000.0,,1936682000.0,1506821000.0,,70.963,-24409000.0,463388000.0,463388000.0,259293000.0,43173000.0,4.1,0.709,734164000.0,1750000.0,732414000.0,734164000.0,26288000.0,0.0,0.0,0.0,0.0,72852000.0,72852000.0,0.127,72852000.0,72852000.0,59238000.0,1.52,1.51,1.52,2015005000.0,,2015005000.0,3285945217.0,12.0,11.696,61827000.0,2.177,1.0,314546000.0,0.548,756357000.0,13614000.0,2485522000.0,,455120000.0,751298000.0,457685000.0,293613000.0,1427963000.0,472400000.0,955563000.0,2979863217.0,36931000.0,-964000.0,1653000.0,-102000.0,0.0,3515000.0,-59622000.0,-34193000.0,86236000.0,6802000.0,43252000.0,43252000.0,43252000.0,0.0,-79000.0,0.075,247432000.0,67114000.0,130867000.0,0.0,1.479,18.008,17.957,416938000.0,0.0,105.05,1.44,1.436,398739000.0,1528327000.0,573839000.0,573839000.0,58567000.0,,,,,-10287000.0,188865000.0,1.0,28366142.0,28395000,28741000.0,20.209,2687146000.0,0.0,15986000.0,149833000.0,94.634,1464282000.0
35,BIO,MRQ,2012-09-30,2012-09-30,2012-09-30,2021-09-07,248783000.0,3303016000.0,,1845441000.0,1457575000.0,,68.341,-36552000.0,426457000.0,426457000.0,224927000.0,42620000.0,4.255,0.707,732539000.0,306000.0,732233000.0,732539000.0,0.0,0.0,0.0,0.0,0.0,66917000.0,66917000.0,0.134,66917000.0,66917000.0,55016000.0,1.51,1.49,1.51,1934882000.0,,1934882000.0,3296424723.0,11.0,10.967,34790000.0,1.229,1.0,273770000.0,0.549,758221000.0,11901000.0,2417211000.0,,458428000.0,427164000.0,427164000.0,0.0,1367534000.0,433666000.0,933868000.0,3020074723.0,-30030000.0,-19890000.0,2746000.0,-568000.0,0.0,2554000.0,-103926000.0,-46993000.0,71342000.0,0.0,42633000.0,42633000.0,42633000.0,0.0,-13000.0,0.085,207929000.0,65841000.0,113282000.0,0.0,1.561,16.593,16.52,397949000.0,0.0,106.72,1.476,1.477,375800000.0,1481642000.0,498697000.0,498697000.0,47795000.0,,,,,2170000.0,160134000.0,1.0,28299051.0,28312000,28645000.0,17.614,2544795000.0,0.0,12383000.0,30396000.0,89.884,1411775000.0
36,BIO,MRQ,2012-06-30,2012-06-30,2012-06-30,2021-09-07,214236000.0,3168895000.0,,1811072000.0,1357823000.0,,65.554,-40929000.0,456487000.0,456487000.0,222522000.0,48565000.0,4.341,0.711,732837000.0,783000.0,732054000.0,732837000.0,0.0,0.0,0.0,0.0,0.0,78198000.0,78198000.0,0.153,78198000.0,78198000.0,65797000.0,1.71,1.69,1.71,1851888000.0,,1851888000.0,3023586041.0,10.0,10.018,32713000.0,1.158,1.0,287900000.0,0.564,707498000.0,12401000.0,2320563000.0,,449457000.0,378770000.0,378770000.0,0.0,1316403000.0,417184000.0,899219000.0,2824690041.0,-77325000.0,-3260000.0,2647000.0,-55000.0,0.0,2800000.0,-150553000.0,-105376000.0,73642000.0,-3214000.0,48343000.0,48343000.0,48343000.0,0.0,222000.0,0.095,214592000.0,73308000.0,119448000.0,0.0,1.525,15.246,15.199,380656000.0,0.0,100.01,1.369,1.369,373817000.0,1439258000.0,510422000.0,510422000.0,52336000.0,,,,,2774000.0,162256000.0,1.0,28244076.0,28250000,28610000.0,18.068,2461397000.0,0.0,17454000.0,32609000.0,87.129,1393888000.0
37,BIO,MRQ,2012-03-31,2012-03-31,2012-03-31,2021-09-07,256390000.0,3187874000.0,,1817448000.0,1370426000.0,,65.233,-34654000.0,533812000.0,533812000.0,207695000.0,30944000.0,4.093,0.733,732708000.0,809000.0,731899000.0,732708000.0,0.0,0.0,0.0,0.0,0.0,59436000.0,59436000.0,0.122,59436000.0,59436000.0,46240000.0,1.1,1.09,1.1,1839649000.0,,1839649000.0,3082330601.0,11.0,10.502,606000.0,0.021,1.0,278582000.0,0.573,738372000.0,13196000.0,2204318000.0,,463369000.0,273238000.0,273238000.0,0.0,1347828000.0,444080000.0,903748000.0,2924049601.0,-40419000.0,-15329000.0,3464000.0,-86000.0,0.0,3719000.0,-86285000.0,-36057000.0,35260000.0,6887000.0,31005000.0,31005000.0,31005000.0,0.0,-61000.0,0.064,224216000.0,54366000.0,109571000.0,0.0,1.589,16.522,16.459,369199000.0,0.0,103.69,1.409,1.409,387619000.0,1390915000.0,486277000.0,486277000.0,52923000.0,,,,,2454000.0,171293000.0,1.0,28199919.0,28201000,28553000.0,17.243,2449502000.0,0.0,15235000.0,50032000.0,86.859,1373368000.0
38,BIO,MRQ,2011-12-31,2011-12-31,2011-12-31,2021-09-07,198690000.0,3096803000.0,,1798155000.0,1298648000.0,,61.989,-35598000.0,574231000.0,574231000.0,238332000.0,59991000.0,3.917,0.775,732512000.0,814000.0,731698000.0,732512000.0,24322000.0,0.0,0.0,0.0,0.0,96019000.0,96019000.0,0.175,96019000.0,96019000.0,84032000.0,2.14,2.11,2.14,1743937000.0,,1743937000.0,2762158962.0,9.0,9.232,45898000.0,1.631,1.0,311906000.0,0.567,728430000.0,11987000.0,2067539000.0,,433510000.0,238884000.0,238884000.0,0.0,1352421000.0,459115000.0,893306000.0,2700783962.0,-96797000.0,-149840000.0,1218000.0,-4089000.0,0.0,-1733000.0,-172443000.0,12992000.0,81496000.0,-4117000.0,60029000.0,60029000.0,60029000.0,0.0,-38000.0,0.109,215891000.0,96015000.0,129124000.0,0.0,1.549,15.087,15.03,349501000.0,0.0,96.04,1.303,1.298,398674000.0,1359910000.0,550238000.0,550238000.0,41277000.0,,,,,-6924000.0,174614000.0,1.0,28121449.0,28133000,28510000.0,19.558,2368373000.0,64966000.0,24003000.0,137807000.0,84.185,1339040000.0
39,BIO,MRQ,2011-09-30,2011-09-30,2011-09-30,2021-09-07,212635000.0,2969795000.0,,1877703000.0,1092092000.0,,60.315,-24613000.0,671028000.0,671028000.0,220338000.0,45862000.0,4.521,0.754,732403000.0,806000.0,731597000.0,732403000.0,0.0,0.0,0.0,0.0,0.0,68149000.0,68149000.0,0.132,68149000.0,68149000.0,55808000.0,1.63,1.61,1.63,1693149000.0,,1693149000.0,2609644733.0,9.0,9.291,26545000.0,0.946,1.0,296176000.0,0.573,551455000.0,12341000.0,2064389000.0,,445581000.0,239174000.0,239174000.0,0.0,1276149000.0,415326000.0,860823000.0,2547251733.0,727000.0,-3470000.0,2573000.0,-776000.0,0.0,2056000.0,-55813000.0,-27434000.0,51158000.0,3326000.0,45897000.0,45897000.0,45897000.0,0.0,-35000.0,0.089,222254000.0,73922000.0,113476000.0,0.0,1.504,13.63,13.588,338942000.0,0.0,90.77,1.238,1.239,375031000.0,1300671000.0,516514000.0,516514000.0,45387000.0,,,,,1994000.0,176867000.0,1.0,28062705.0,28072000,28456000.0,18.4,2418340000.0,0.0,9911000.0,46368000.0,86.148,1462377000.0
40,BIO,MRQ,2011-06-30,2011-06-30,2011-06-30,2021-09-07,296565000.0,3044245000.0,,1889656000.0,1154589000.0,,61.606,-24657000.0,670301000.0,670301000.0,228520000.0,40022000.0,4.267,0.764,732694000.0,1363000.0,731331000.0,732694000.0,0.0,0.0,0.0,0.0,0.0,69886000.0,69886000.0,0.134,69886000.0,69886000.0,57845000.0,1.43,1.41,1.43,1725834000.0,,1725834000.0,3449335535.0,12.0,12.115,85642000.0,3.057,1.0,293136000.0,0.562,594550000.0,12041000.0,2069244000.0,,449337000.0,215947000.0,215947000.0,0.0,1318330000.0,442844000.0,875486000.0,3342293535.0,42393000.0,-1657000.0,2820000.0,-2492000.0,0.0,860000.0,-80783000.0,-54429000.0,110299000.0,12017000.0,40048000.0,40048000.0,40048000.0,0.0,-26000.0,0.077,224950000.0,68186000.0,120514000.0,0.0,1.937,17.993,17.895,348439000.0,0.0,119.36,1.661,1.662,394913000.0,1254774000.0,521656000.0,521656000.0,48210000.0,,,,,1457000.0,176740000.0,1.0,28001789.0,28014000,28495000.0,18.621,2449695000.0,0.0,17797000.0,49373000.0,87.445,1446812000.0
41,BIO,MRQ,2011-03-31,2011-03-31,2011-03-31,2021-09-07,229660000.0,2908773000.0,,1797310000.0,1111463000.0,,57.78,-17786000.0,634441000.0,634441000.0,207510000.0,32938000.0,4.203,0.803,741483000.0,10269000.0,731214000.0,741483000.0,0.0,0.0,0.0,0.0,0.0,65128000.0,65128000.0,0.134,65128000.0,65128000.0,48362000.0,1.18,1.16,1.18,1612292000.0,,1612292000.0,3400828380.0,12.0,11.977,1996000.0,0.072,1.0,277611000.0,0.572,567765000.0,16766000.0,2020459000.0,,429975000.0,163528000.0,163528000.0,0.0,1295285000.0,427591000.0,867694000.0,3349520380.0,-278643000.0,-3571000.0,7638000.0,-223378000.0,0.0,-214743000.0,-77293000.0,-55833000.0,19782000.0,-6389000.0,33039000.0,33039000.0,33039000.0,0.0,-101000.0,0.068,210493000.0,67118000.0,111373000.0,0.0,2.077,18.237,18.175,337625000.0,0.0,120.14,1.711,1.712,388554000.0,1214726000.0,485121000.0,485121000.0,42730000.0,,,,,305000.0,167763000.0,1.0,27880143.0,27904000,28389000.0,17.385,2341008000.0,0.0,15323000.0,59658000.0,83.895,1369719000.0
42,BIO,MRQ,2010-12-31,2010-12-31,2010-12-31,2021-09-07,198020000.0,3062764000.0,,1975346000.0,1087418000.0,,55.253,-31506000.0,912973000.0,912973000.0,233997000.0,67937000.0,2.963,0.991,964281000.0,233181000.0,731100000.0,964281000.0,20642000.0,0.0,0.0,0.0,0.0,77720000.0,77720000.0,0.146,77720000.0,77720000.0,57172000.0,2.44,2.41,2.44,1536696000.0,,1536696000.0,2999006507.0,11.0,10.614,68882000.0,2.477,1.0,299723000.0,0.562,567862000.0,20548000.0,1879583000.0,,398100000.0,118636000.0,118636000.0,0.0,1522245000.0,666627000.0,855618000.0,2886911507.0,275911000.0,-613000.0,3713000.0,221000000.0,0.0,221522000.0,-52102000.0,-12195000.0,100388000.0,6103000.0,67908000.0,67908000.0,67908000.0,0.0,29000.0,0.127,221939000.0,77784000.0,113440000.0,0.0,1.879,15.564,15.5,333617000.0,0.0,103.85,1.498,1.491,387996000.0,1181687000.0,533720000.0,533720000.0,45267000.0,,,,,-4917000.0,176672000.0,1.0,27798859.0,27812000,28274000.0,19.19,2494902000.0,60997000.0,-10736000.0,110673000.0,89.706,1308719000.0
43,BIO,MRQ,2010-09-30,2010-09-30,2010-09-30,2021-09-07,159914000.0,2682204000.0,,1651709000.0,1030495000.0,,51.407,-20202000.0,630640000.0,630640000.0,205172000.0,45085000.0,4.022,0.881,742735000.0,9161000.0,733574000.0,742735000.0,0.0,0.0,0.0,0.0,0.0,71988000.0,71988000.0,0.153,71988000.0,71988000.0,57588000.0,1.62,1.59,1.62,1423832000.0,,1423832000.0,2634099486.0,10.0,10.107,46664000.0,1.685,1.0,266330000.0,0.565,558476000.0,14400000.0,1825129000.0,,402883000.0,107360000.0,107360000.0,0.0,1254072000.0,410694000.0,843378000.0,2504233486.0,16417000.0,-21349000.0,3394000.0,-2514000.0,0.0,3032000.0,-61261000.0,-19026000.0,66866000.0,7780000.0,44764000.0,44764000.0,44764000.0,0.0,321000.0,0.095,191528000.0,74802000.0,99120000.0,0.0,1.759,16.11,16.048,321507000.0,0.0,90.51,1.326,1.327,368603000.0,1113779000.0,471502000.0,471502000.0,42874000.0,,,,,-1771000.0,148654000.0,1.0,27668031.0,27697000,28103000.0,17.024,2123728000.0,0.0,12824000.0,52176000.0,76.677,1241015000.0
44,BIO,MRQ,2010-06-30,2010-06-30,2010-06-30,2021-09-07,75380000.0,2527124000.0,,1555827000.0,971297000.0,,46.553,-19430000.0,614223000.0,614223000.0,199354000.0,38521000.0,3.994,0.953,744089000.0,9750000.0,734339000.0,744089000.0,0.0,0.0,0.0,0.0,0.0,69115000.0,69115000.0,0.148,69115000.0,69115000.0,54790000.0,1.37,1.35,1.37,1285131000.0,,1285131000.0,2532309020.0,10.0,9.986,16956000.0,0.614,1.0,268308000.0,0.574,529308000.0,14325000.0,1738187000.0,,370272000.0,103486000.0,103486000.0,0.0,1224392000.0,389495000.0,834897000.0,2386677020.0,16089000.0,-849000.0,2927000.0,497000.0,0.0,3158000.0,-26135000.0,-5506000.0,36386000.0,2680000.0,37957000.0,37957000.0,37957000.0,0.0,564000.0,0.081,200132000.0,68176000.0,95161000.0,0.0,1.857,15.996,15.958,305936000.0,0.0,86.49,1.271,1.271,335354000.0,1069015000.0,467662000.0,467662000.0,43862000.0,,,,,1920000.0,156270000.0,1.0,27594832.0,27606000,28125000.0,16.941,1997816000.0,0.0,16833000.0,44003000.0,72.369,1166332000.0
45,BIO,MRQ,2010-03-31,2010-03-31,2010-03-31,2021-09-07,116190000.0,2546872000.0,,1543287000.0,1003585000.0,,46.549,-16125000.0,598134000.0,598134000.0,197107000.0,35392000.0,3.876,0.972,743766000.0,5104000.0,738662000.0,743766000.0,0.0,0.0,0.0,0.0,0.0,63732000.0,63732000.0,0.14,63732000.0,63732000.0,49288000.0,1.27,1.24,1.27,1282187000.0,,1282187000.0,2944825231.0,12.0,12.13,6144000.0,0.223,1.0,257127000.0,0.566,548427000.0,14444000.0,1745907000.0,,380707000.0,93648000.0,93648000.0,0.0,1245949000.0,398170000.0,847779000.0,2851712231.0,-51804000.0,-66496000.0,2696000.0,-1886000.0,0.0,1033000.0,-77014000.0,7288000.0,22269000.0,1908000.0,34861000.0,34861000.0,34861000.0,0.0,531000.0,0.077,193880000.0,63247000.0,99160000.0,0.0,2.224,19.111,19.029,313549000.0,0.0,103.52,1.552,1.552,344989000.0,1031058000.0,454234000.0,454234000.0,40263000.0,,,,,1840000.0,153617000.0,1.0,27547452.0,27545000,28072000.0,16.491,1998445000.0,0.0,14427000.0,41881000.0,72.552,1145117000.0
46,BIO,MRQ,2009-12-31,2009-12-31,2009-12-31,2021-09-07,133082000.0,2535853000.0,,1562674000.0,973179000.0,,45.823,-17864000.0,649938000.0,649938000.0,226604000.0,38522000.0,3.721,0.998,743051000.0,5132000.0,737919000.0,743051000.0,0.0,0.0,0.0,0.0,0.0,55796000.0,55796000.0,0.113,55796000.0,55796000.0,41433000.0,1.38,1.35,1.38,1259726000.0,,1259726000.0,2840878938.0,12.0,12.443,97858000.0,3.56,1.0,268469000.0,0.542,532405000.0,14363000.0,1676589000.0,,351206000.0,94876000.0,94876000.0,0.0,1256640000.0,419972000.0,836668000.0,2651024938.0,95759000.0,-53000.0,2618000.0,-1232000.0,0.0,1670000.0,-22591000.0,-2538000.0,115722000.0,958000.0,37862000.0,37862000.0,37862000.0,0.0,660000.0,0.076,212174000.0,56295000.0,92988000.0,0.0,2.104,18.331,18.269,302417000.0,0.0,96.46,1.486,1.482,345734000.0,996197000.0,495073000.0,495073000.0,44510000.0,,,,,-6574000.0,163862000.0,1.0,27483153.0,27491000,28065000.0,18.009,2003448000.0,56374000.0,3571000.0,85216000.0,72.877,1142702000.0
47,BIO,MRQ,2009-09-30,2009-09-30,2009-09-30,2021-09-07,125240000.0,2478206000.0,,1503401000.0,974805000.0,,44.062,-15536000.0,554179000.0,554179000.0,200545000.0,39300000.0,3.617,1.035,744033000.0,5346000.0,738687000.0,744033000.0,0.0,0.0,0.0,0.0,0.0,64931000.0,64931000.0,0.141,64931000.0,64931000.0,50444000.0,1.4,1.38,1.4,1208661000.0,,1208661000.0,2729815866.0,15.0,14.929,81953000.0,2.988,1.0,260510000.0,0.565,544199000.0,14487000.0,1708166000.0,,383896000.0,87930000.0,87930000.0,0.0,1250535000.0,415695000.0,834840000.0,2518961866.0,20705000.0,-2132000.0,3272000.0,-2081000.0,0.0,1158000.0,-82591000.0,-62853000.0,97489000.0,4649000.0,38524000.0,38524000.0,38524000.0,0.0,776000.0,0.084,193139000.0,67371000.0,92381000.0,0.0,2.084,25.562,25.593,305921000.0,0.0,91.88,1.45,1.451,350762000.0,958335000.0,461055000.0,461055000.0,39516000.0,,,,,1969000.0,153623000.0,1.0,27415780.0,27431000,27875000.0,16.808,1934007000.0,0.0,11920000.0,95028000.0,70.504,1087706000.0
48,BIO,MRQ,2009-06-30,2009-06-30,2009-06-30,2021-09-07,71448000.0,2344457000.0,,1397835000.0,946622000.0,,40.562,-14728000.0,533474000.0,533474000.0,185221000.0,39300000.0,3.644,1.096,744328000.0,5874000.0,738454000.0,744328000.0,0.0,0.0,0.0,0.0,0.0,58310000.0,58310000.0,0.136,58310000.0,58310000.0,47943000.0,1.39,1.37,1.39,1110181000.0,,1110181000.0,2323187643.0,14.0,13.954,90764000.0,3.316,1.0,241962000.0,0.566,532197000.0,10367000.0,1639505000.0,,377594000.0,29885000.0,29885000.0,0.0,1216816000.0,383609000.0,833207000.0,2065595643.0,340604000.0,-33364000.0,2500000.0,292903000.0,0.0,293148000.0,-58054000.0,959000.0,105492000.0,18000.0,37969000.0,37969000.0,37969000.0,0.0,1331000.0,0.089,186077000.0,55885000.0,90850000.0,0.0,1.861,23.512,23.514,302836000.0,0.0,75.48,1.202,1.203,335828000.0,919810000.0,427183000.0,427183000.0,42407000.0,,,,,1948000.0,143670000.0,1.0,27366132.0,27370000,27742000.0,15.608,1812260000.0,0.0,9974000.0,88904000.0,66.213,1014226000.0
49,BIO,MRQ,2009-03-31,2009-03-31,2009-03-31,2021-09-07,16391000.0,1955308000.0,,1049922000.0,905386000.0,,37.576,-18667000.0,192870000.0,192870000.0,172031000.0,32043000.0,2.95,0.874,450462000.0,6253000.0,444209000.0,450462000.0,0.0,0.0,0.0,0.0,0.0,49274000.0,49274000.0,0.123,49274000.0,49274000.0,41467000.0,1.11,1.1,1.11,1026612000.0,,1026612000.0,2051442549.0,12.0,12.053,-12296000.0,-0.45,1.0,228902000.0,0.571,519161000.0,7807000.0,1337860000.0,,369041000.0,29960000.0,29960000.0,0.0,897009000.0,355879000.0,541130000.0,1800409549.0,-11654000.0,-441000.0,1896000.0,-3966000.0,0.0,-2043000.0,-12716000.0,831000.0,6371000.0,-3266000.0,30265000.0,30265000.0,30265000.0,0.0,1778000.0,0.075,177465000.0,51437000.0,95952000.0,0.0,1.754,19.301,19.213,294611000.0,0.0,65.9,1.033,1.033,326307000.0,881841000.0,400933000.0,400933000.0,37152000.0,,,,,1993000.0,140313000.0,1.0,27320327.0,27321000,27618000.0,14.675,1436147000.0,0.0,11202000.0,76704000.0,52.566,694043000.0
50,BIO,MRQ,2008-12-31,2008-12-31,2008-12-31,2021-09-07,65158000.0,2037264000.0,,1093941000.0,943323000.0,,38.161,-22080000.0,204524000.0,204524000.0,201289000.0,-6508000.0,2.617,0.928,455557000.0,9578000.0,445979000.0,455557000.0,0.0,0.0,0.0,0.0,0.0,10336000.0,10336000.0,0.023,10336000.0,10336000.0,2351000.0,-0.31,-0.3,-0.31,1041139000.0,,1041139000.0,2320046923.0,14.0,13.959,56261000.0,2.062,1.0,246676000.0,0.551,550410000.0,7985000.0,1319853000.0,,375616000.0,38950000.0,38950000.0,0.0,966624000.0,418034000.0,548590000.0,2055409923.0,10897000.0,-34945000.0,2441000.0,-2110000.0,0.0,1922000.0,-64239000.0,-7164000.0,78341000.0,-5127000.0,-8216000.0,-8216000.0,-8216000.0,0.0,1708000.0,-0.018,224374000.0,22302000.0,117982000.0,0.0,1.974,22.963,22.821,300732000.0,0.0,75.31,1.165,1.157,339653000.0,851577000.0,447965000.0,447965000.0,41120000.0,,,,,-3408000.0,154497000.0,1.0,27292656.0,27283000,27695000.0,16.419,1486854000.0,53769000.0,10567000.0,84460000.0,54.497,675907000.0
51,BIO,MRQ,2008-09-30,2008-09-30,2008-09-30,2021-09-07,71853000.0,2014945000.0,,1083446000.0,931499000.0,,38.653,-23145000.0,193627000.0,193627000.0,201300000.0,30889000.0,2.808,0.885,458264000.0,11886000.0,446378000.0,458264000.0,0.0,0.0,0.0,0.0,0.0,48570000.0,48570000.0,0.11,48570000.0,48570000.0,40390000.0,1.02,1.0,1.02,1050235000.0,,1050235000.0,2961952806.0,17.0,16.909,22974000.0,0.846,1.0,240542000.0,0.544,525410000.0,8180000.0,1368358000.0,,383266000.0,40685000.0,40685000.0,0.0,929126000.0,385814000.0,543312000.0,2690228806.0,9984000.0,-959000.0,4100000.0,-4334000.0,0.0,733000.0,-29715000.0,-7593000.0,46119000.0,-7153000.0,27833000.0,27833000.0,27833000.0,0.0,3056000.0,0.063,189348000.0,51194000.0,100626000.0,0.0,2.562,24.439,24.414,293128000.0,0.0,99.12,1.515,1.516,348253000.0,859793000.0,441842000.0,441842000.0,38830000.0,,,,,223000.0,150518000.0,1.0,27141130.0,27171000,27747000.0,16.262,1489535000.0,0.0,12557000.0,69513000.0,54.821,697632000.0
52,BIO,MRQ,2008-06-30,2008-06-30,2008-06-30,2021-09-07,171799000.0,2098920000.0,,1119782000.0,979138000.0,,41.222,-20539000.0,183643000.0,183643000.0,203940000.0,45324000.0,2.744,0.854,455367000.0,14680000.0,440687000.0,455367000.0,0.0,0.0,0.0,0.0,0.0,62021000.0,62021000.0,0.137,62021000.0,62021000.0,54030000.0,1.61,1.57,1.61,1114558000.0,,1114558000.0,2513455934.0,15.0,14.824,48549000.0,1.796,1.0,248421000.0,0.549,569120000.0,7991000.0,1393437000.0,,382684000.0,43512000.0,43512000.0,0.0,952187000.0,408087000.0,544100000.0,2184812934.0,54163000.0,-4000.0,2683000.0,-2329000.0,0.0,887000.0,-17189000.0,2566000.0,69088000.0,1377000.0,43398000.0,43398000.0,43398000.0,0.0,1926000.0,0.096,188713000.0,59708000.0,102320000.0,0.0,1.96,19.822,19.778,290737000.0,0.0,80.89,1.305,1.307,376985000.0,831960000.0,452361000.0,452361000.0,42079000.0,,,,,467000.0,146634000.0,1.0,27009679.0,27038000,27569000.0,16.731,1529800000.0,0.0,10632000.0,83245000.0,56.58,711695000.0
53,BIO,MRQ,2008-03-31,2008-03-31,2008-03-31,2021-09-07,187706000.0,2053288000.0,,1049031000.0,1004257000.0,,40.151,-19045000.0,129480000.0,129480000.0,195314000.0,28559000.0,2.708,0.869,458123000.0,15677000.0,442446000.0,458123000.0,0.0,0.0,0.0,0.0,0.0,45275000.0,45275000.0,0.107,45275000.0,45275000.0,37318000.0,0.98,0.96,0.98,1082267000.0,,1082267000.0,2694466174.0,18.0,17.831,-21222000.0,-0.787,1.0,226883000.0,0.537,585285000.0,7957000.0,1409200000.0,,365059000.0,47643000.0,47643000.0,0.0,940772000.0,387446000.0,553326000.0,2398798174.0,-32284000.0,-17106000.0,3688000.0,-2858000.0,0.0,2789000.0,-34964000.0,7907000.0,-2177000.0,2068000.0,26495000.0,26495000.0,26495000.0,0.0,2064000.0,0.063,177144000.0,49739000.0,98929000.0,0.0,2.216,25.935,25.858,287573000.0,0.0,88.95,1.537,1.536,366509000.0,788562000.0,422197000.0,422197000.0,37489000.0,,,,,-2332000.0,139655000.0,1.0,26967939.0,26955000,27538000.0,15.663,1468003000.0,0.0,10823000.0,85605000.0,54.461,661585000.0
54,BIO,MRQ,2007-12-31,2007-12-31,2007-12-31,2021-09-07,110991000.0,1971594000.0,,1028974000.0,942620000.0,,36.108,-14657000.0,161764000.0,161764000.0,226055000.0,13656000.0,2.484,0.994,457432000.0,15627000.0,441805000.0,457432000.0,0.0,0.0,0.0,0.0,0.0,19306000.0,19306000.0,0.042,19306000.0,19306000.0,11283000.0,0.45,0.45,0.45,971690000.0,,971690000.0,2739942879.0,18.0,18.128,88494000.0,3.288,1.0,233633000.0,0.508,538743000.0,8023000.0,1314351000.0,,321015000.0,61977000.0,61977000.0,0.0,965470000.0,414168000.0,551302000.0,2781686879.0,-311028000.0,-385177000.0,2471000.0,-22884000.0,0.0,-20040000.0,-394487000.0,7332000.0,103151000.0,348000.0,12355000.0,12355000.0,12355000.0,0.0,1301000.0,0.027,210501000.0,23132000.0,96470000.0,0.0,2.863,29.913,29.776,271561000.0,0.0,103.62,1.904,1.895,358076000.0,762067000.0,459688000.0,459688000.0,47511000.0,,,,,-1631000.0,162990000.0,1.0,26845077.0,26911000,27577000.0,17.082,1432851000.0,56879000.0,-1072000.0,81254000.0,53.244,614806000.0
55,BIO,MRQ,2007-09-30,2007-09-30,2007-09-30,2021-09-07,102537000.0,1712484000.0,,1219562000.0,492922000.0,,35.424,-18668000.0,472792000.0,472792000.0,151385000.0,27971000.0,4.257,0.81,431048000.0,4907000.0,426141000.0,431048000.0,0.0,0.0,0.0,0.0,0.0,42955000.0,42955000.0,0.126,42955000.0,42955000.0,35108000.0,1.05,1.03,1.05,946340000.0,,946340000.0,2614804962.0,16.0,15.983,36330000.0,1.36,1.0,188357000.0,0.554,164027000.0,7847000.0,1220252000.0,,273575000.0,70613000.0,70613000.0,0.0,766144000.0,286461000.0,479683000.0,2416438962.0,240389000.0,0.0,2947000.0,-59000.0,0.0,3235000.0,176040000.0,198047000.0,54998000.0,6116000.0,27971000.0,27971000.0,27971000.0,0.0,0.0,0.082,150832000.0,37525000.0,68102000.0,0.0,2.553,24.838,24.727,201608000.0,0.0,90.5,1.797,1.798,303201000.0,749712000.0,339742000.0,339742000.0,33145000.0,,,,,811000.0,117687000.0,1.0,26700983.0,26715000,27270000.0,12.717,1548457000.0,0.0,7137000.0,26934000.0,57.962,933101000.0
56,BIO,MRQ,2007-06-30,2007-06-30,2007-06-30,2021-09-07,85765000.0,1654743000.0,,1167739000.0,487004000.0,,33.642,-16634000.0,232403000.0,232403000.0,149123000.0,25671000.0,4.143,0.845,430769000.0,4604000.0,426165000.0,430769000.0,0.0,0.0,0.0,0.0,0.0,43579000.0,43579000.0,0.129,43579000.0,43579000.0,35712000.0,0.96,0.95,0.96,896799000.0,,896799000.0,2213701413.0,14.0,13.724,29438000.0,1.104,1.0,189991000.0,0.56,165764000.0,7867000.0,1405496000.0,,265185000.0,270463000.0,270463000.0,0.0,757944000.0,281849000.0,476095000.0,2013902413.0,2089000.0,-1636000.0,2015000.0,-419000.0,0.0,2090000.0,-47840000.0,-29085000.0,46072000.0,1767000.0,25671000.0,25671000.0,25671000.0,0.0,0.0,0.076,154305000.0,35686000.0,67229000.0,0.0,2.246,21.78,21.653,191605000.0,0.0,75.57,1.538,1.538,303266000.0,721741000.0,339114000.0,339114000.0,34754000.0,,,,,118000.0,119551000.0,1.0,26649496.0,26657000,27164000.0,12.721,1488979000.0,0.0,10041000.0,28021000.0,55.857,885890000.0
57,BIO,MRQ,2007-03-31,2007-03-31,2007-03-31,2021-09-07,78964000.0,1607043000.0,,1129692000.0,477351000.0,,32.38,-10636000.0,230314000.0,230314000.0,143127000.0,26997000.0,4.152,0.867,430113000.0,4609000.0,425504000.0,430113000.0,0.0,0.0,0.0,0.0,0.0,45308000.0,45308000.0,0.14,45308000.0,45308000.0,37439000.0,1.02,0.99,1.02,860664000.0,,860664000.0,2063803550.0,12.0,12.324,-23277000.0,-0.876,1.0,179381000.0,0.556,163712000.0,7869000.0,1371039000.0,,259965000.0,241418000.0,241418000.0,0.0,746379000.0,272091000.0,474288000.0,1858743550.0,6707000.0,-860000.0,4147000.0,1340000.0,0.0,7265000.0,11858000.0,23732000.0,-12641000.0,225000.0,26997000.0,26997000.0,26997000.0,0.0,0.0,0.084,140531000.0,38850000.0,61946000.0,0.0,2.16,18.763,18.624,188763000.0,0.0,69.84,1.443,1.441,290116000.0,696070000.0,322508000.0,322508000.0,32781000.0,,,,,-2290000.0,107750000.0,1.0,26614312.0,26580000,27156000.0,12.133,1443331000.0,0.0,10442000.0,34447000.0,54.301,857601000.0
58,BIO,MRQ,2006-12-31,2006-12-31,2006-12-31,2021-09-07,67235000.0,1596168000.0,,1129777000.0,466391000.0,,30.952,-14908000.0,223607000.0,223607000.0,157524000.0,16649000.0,3.536,0.948,428667000.0,3042000.0,425625000.0,428667000.0,0.0,0.0,0.0,0.0,0.0,31756000.0,31756000.0,0.093,31756000.0,31756000.0,23845000.0,0.63,0.61,0.63,819538000.0,,819538000.0,2376047561.0,14.0,13.652,39955000.0,1.509,1.0,185557000.0,0.541,164097000.0,7911000.0,1317598000.0,,253045000.0,264473000.0,264473000.0,0.0,776630000.0,319533000.0,457097000.0,2184947561.0,-14811000.0,-34674000.0,1412000.0,-906000.0,0.0,600000.0,-73705000.0,-23604000.0,54863000.0,3431000.0,16649000.0,16649000.0,16649000.0,0.0,0.0,0.049,159889000.0,25668000.0,83411000.0,0.0,2.666,21.159,21.051,189627000.0,0.0,82.52,1.715,1.709,292970000.0,674070000.0,343081000.0,343081000.0,37426000.0,,,,,-2731000.0,122463000.0,1.0,26477794.0,26478000,27096000.0,12.957,1432071000.0,44962000.0,7196000.0,29906000.0,54.085,810244000.0
59,BIO,MRQ,2006-09-30,2006-09-30,2006-09-30,2021-09-07,52045000.0,1523635000.0,,1092713000.0,430922000.0,,29.717,-13228000.0,238418000.0,238418000.0,137975000.0,23150000.0,3.884,0.942,429518000.0,3768000.0,425750000.0,429518000.0,0.0,0.0,0.0,0.0,0.0,40658000.0,40658000.0,0.133,40658000.0,40658000.0,32446000.0,0.88,0.86,0.88,784740000.0,,784740000.0,2050408562.0,13.0,12.85,38646000.0,1.463,1.0,166789000.0,0.547,138202000.0,8212000.0,1295221000.0,,246207000.0,243155000.0,243155000.0,0.0,738895000.0,281312000.0,457583000.0,1865703562.0,-7228000.0,5964000.0,3044000.0,-808000.0,0.0,3027000.0,-62287000.0,-55860000.0,51874000.0,158000.0,23150000.0,23150000.0,23150000.0,0.0,0.0,0.076,136938000.0,29851000.0,64513000.0,0.0,2.377,18.645,18.613,182728000.0,0.0,70.73,1.507,1.509,273367000.0,657421000.0,304764000.0,304764000.0,30988000.0,,,,,-178000.0,105950000.0,1.0,26377825.0,26407000,26971000.0,11.541,1385433000.0,0.0,9296000.0,26652000.0,52.465,811401000.0
60,BIO,MRQ,2006-06-30,2006-06-30,2006-06-30,2021-09-07,53070000.0,1494036000.0,,1058173000.0,435863000.0,,28.705,-13533000.0,245646000.0,245646000.0,133085000.0,32266000.0,3.765,0.976,430351000.0,4478000.0,425873000.0,430351000.0,0.0,0.0,0.0,0.0,0.0,49737000.0,49737000.0,0.157,49737000.0,49737000.0,41857000.0,1.22,1.2,1.22,756114000.0,,756114000.0,1874425138.0,13.0,12.672,40030000.0,1.52,1.0,184662000.0,0.581,139514000.0,7880000.0,1258206000.0,,244339000.0,188319000.0,188319000.0,0.0,737922000.0,281021000.0,456901000.0,1710256138.0,-19941000.0,-4003000.0,3144000.0,523000.0,0.0,3839000.0,-79993000.0,-60308000.0,53563000.0,2650000.0,32266000.0,32266000.0,32266000.0,0.0,0.0,0.102,141437000.0,43225000.0,69302000.0,0.0,2.262,18.363,18.345,183783000.0,0.0,64.94,1.406,1.406,273014000.0,634271000.0,317747000.0,317747000.0,30971000.0,,,,,1037000.0,110466000.0,1.0,26335943.0,26341000,26900000.0,12.063,1354522000.0,0.0,9591000.0,26576000.0,51.423,777152000.0
61,BIO,MRQ,2006-03-31,2006-03-31,2006-03-31,2021-09-07,36647000.0,1414785000.0,,991649000.0,423136000.0,,26.74,-11318000.0,265587000.0,265587000.0,132810000.0,31198000.0,3.827,1.013,429756000.0,3785000.0,425971000.0,429756000.0,0.0,0.0,0.0,0.0,0.0,51898000.0,51898000.0,0.168,51898000.0,51898000.0,43879000.0,1.19,1.16,1.19,702655000.0,,702655000.0,1735098618.0,13.0,13.173,-53389000.0,-2.032,1.0,175528000.0,0.569,140545000.0,8019000.0,1179277000.0,,225844000.0,129176000.0,129176000.0,0.0,712130000.0,259132000.0,452998000.0,1638924618.0,-31129000.0,-586000.0,2323000.0,45000.0,0.0,2696000.0,8237000.0,-15632000.0,-42071000.0,9000.0,31198000.0,31198000.0,31198000.0,0.0,0.0,0.101,128161000.0,47367000.0,66643000.0,0.0,2.332,20.679,20.578,180774000.0,0.0,62.35,1.377,1.377,259231000.0,602005000.0,308338000.0,308338000.0,28091000.0,,,,,487000.0,100070000.0,1.0,26285880.0,26277000,26829000.0,11.734,1274240000.0,0.0,12681000.0,27101000.0,48.493,732517000.0
62,BIO,MRQ,2005-12-31,2005-12-31,2005-12-31,2021-09-07,27052000.0,1426582000.0,,1008211000.0,418371000.0,,25.107,-9758000.0,332854000.0,332854000.0,144662000.0,13452000.0,3.158,1.168,429028000.0,3341000.0,425687000.0,429028000.0,0.0,0.0,0.0,0.0,0.0,17277000.0,17277000.0,0.056,17277000.0,17277000.0,9005000.0,0.51,0.5,0.51,657974000.0,,657974000.0,1867358527.0,14.0,14.366,39635000.0,1.512,1.0,162625000.0,0.529,141725000.0,8272000.0,1061788000.0,,212342000.0,116343000.0,116343000.0,0.0,768608000.0,319243000.0,449365000.0,1712369527.0,52736000.0,-698000.0,1996000.0,-5209000.0,0.0,-3213000.0,8123000.0,17914000.0,49393000.0,-1567000.0,13452000.0,13452000.0,13452000.0,-3974000.0,0.0,0.044,160505000.0,2120000.0,72950000.0,0.0,2.602,20.997,20.907,180258000.0,0.0,65.44,1.45,1.444,247192000.0,570807000.0,307287000.0,307287000.0,31109000.0,,,,,0.0,109626000.0,1.0,26167016.0,26207000,26788000.0,11.725,1284857000.0,44987000.0,-4447000.0,18248000.0,49.027,688968000.0
63,BIO,MRQ,2005-09-30,2005-09-30,2005-09-30,2021-09-07,34006000.0,1425991000.0,,952643000.0,473348000.0,,24.85,-8706000.0,279808000.0,279808000.0,126413000.0,16219000.0,3.184,1.197,434797000.0,8985000.0,425812000.0,434797000.0,0.0,0.0,0.0,0.0,0.0,29004000.0,29004000.0,0.102,29004000.0,29004000.0,20794000.0,0.62,0.61,0.62,648957000.0,,648957000.0,1585393932.0,11.0,10.907,22367000.0,0.856,1.0,156812000.0,0.554,163985000.0,8210000.0,1117762000.0,,223146000.0,114522000.0,114522000.0,0.0,777034000.0,299233000.0,477801000.0,1435747932.0,-8152000.0,-972000.0,2403000.0,-2992000.0,0.0,-589000.0,-37289000.0,-23261000.0,31073000.0,-1347000.0,16219000.0,16219000.0,16219000.0,0.0,0.0,0.057,131411000.0,25401000.0,68076000.0,0.0,2.212,16.849,16.765,182045000.0,0.0,54.99,1.215,1.215,244466000.0,557355000.0,283225000.0,283225000.0,28673000.0,,,,,0.0,102738000.0,1.0,26109255.0,26115000,26695000.0,10.845,1262006000.0,0.0,4575000.0,44319000.0,48.325,653410000.0
64,BIO,MRQ,2005-06-30,2005-06-30,2005-06-30,2021-09-07,32702000.0,1392575000.0,,917358000.0,475217000.0,,24.16,-7817000.0,287697000.0,287697000.0,130659000.0,18388000.0,3.154,1.215,437343000.0,11479000.0,425864000.0,437343000.0,0.0,0.0,0.0,0.0,0.0,33533000.0,33533000.0,0.115,33533000.0,33533000.0,25489000.0,0.71,0.69,0.71,628644000.0,,628644000.0,1657783704.0,13.0,12.707,-4882000.0,-0.188,1.0,160643000.0,0.551,166536000.0,8044000.0,1084837000.0,,211526000.0,91252000.0,91252000.0,0.0,763931000.0,290848000.0,473083000.0,1540216704.0,-65766000.0,-2674000.0,1808000.0,820000.0,0.0,2297000.0,-70891000.0,-27669000.0,2935000.0,-107000.0,18388000.0,18388000.0,18388000.0,0.0,0.0,0.063,132721000.0,27922000.0,69254000.0,0.0,2.45,20.459,20.417,189802000.0,0.0,59.21,1.331,1.331,243387000.0,541136000.0,291302000.0,291302000.0,28499000.0,,,,,0.0,104222000.0,1.0,26012780.0,26020000,26610000.0,11.195,1226039000.0,0.0,7101000.0,38560000.0,47.119,626510000.0
65,BIO,MRQ,2005-03-31,2005-03-31,2005-03-31,2021-09-07,48854000.0,1398914000.0,,921055000.0,477859000.0,,24.095,-9774000.0,317898000.0,317898000.0,132765000.0,33494000.0,3.086,1.241,435465000.0,9658000.0,425807000.0,435465000.0,0.0,0.0,0.0,0.0,0.0,50174000.0,50174000.0,0.168,50174000.0,50174000.0,42057000.0,1.29,1.26,1.29,624286000.0,,624286000.0,1500875845.0,11.0,11.221,15109000.0,0.583,1.0,166406000.0,0.556,169771000.0,8117000.0,1048230000.0,,208920000.0,65907000.0,65907000.0,0.0,774628000.0,298480000.0,476148000.0,1261173845.0,122164000.0,0.0,2708000.0,87000.0,0.0,2795000.0,93885000.0,101984000.0,24883000.0,601000.0,33494000.0,33494000.0,33494000.0,-3974000.0,0.0,0.112,126321000.0,40085000.0,67145000.0,0.0,2.02,15.813,15.815,197303000.0,0.0,48.71,1.12,1.12,250968000.0,522748000.0,299171000.0,299171000.0,26823000.0,,,,,0.0,99498000.0,1.0,25891477.0,25909000,26555000.0,11.547,1229143000.0,0.0,8563000.0,41957000.0,47.441,622575000.0
66,BIO,MRQ,2004-12-31,2004-12-31,2004-12-31,2021-09-07,58003000.0,1371618000.0,,908460000.0,463158000.0,,23.117,-18866000.0,195734000.0,195734000.0,139533000.0,17111000.0,2.881,1.298,435436000.0,9457000.0,425979000.0,435436000.0,0.0,0.0,0.0,0.0,0.0,32640000.0,32640000.0,0.106,32640000.0,32640000.0,27385000.0,0.66,0.65,0.66,596888000.0,,596888000.0,1590218382.0,13.0,13.308,32164000.0,1.246,1.0,168335000.0,0.547,171914000.0,5255000.0,1124031000.0,,205512000.0,165899000.0,165899000.0,0.0,774730000.0,315375000.0,459355000.0,1480906382.0,129220000.0,-539000.0,2443000.0,200165000.0,0.0,199732000.0,-121096000.0,-107606000.0,51030000.0,-446000.0,17111000.0,17111000.0,17111000.0,0.0,0.0,0.056,142710000.0,25625000.0,71194000.0,0.0,2.481,21.701,21.649,202324000.0,0.0,57.37,1.359,1.354,261243000.0,489254000.0,307868000.0,307868000.0,31885000.0,,,,,0.0,110825000.0,1.0,25813254.0,25820000,26540000.0,11.924,1199704000.0,31887000.0,10274000.0,20223000.0,46.464,593085000.0
67,BIO,MRQ,2004-09-30,2004-09-30,2004-09-30,2021-09-07,34507000.0,1092370000.0,,658154000.0,434216000.0,,21.506,-12570000.0,125154000.0,125154000.0,116036000.0,6290000.0,2.416,0.972,234466000.0,8457000.0,226009000.0,234466000.0,0.0,0.0,0.0,0.0,0.0,14112000.0,14112000.0,0.055,14112000.0,14112000.0,9117000.0,0.24,0.24,0.24,553839000.0,,553839000.0,1396525148.0,12.0,11.639,11949000.0,0.464,1.0,142813000.0,0.552,173735000.0,4995000.0,755573000.0,,200183000.0,0.0,0.0,0.0,538531000.0,272374000.0,266157000.0,1315769148.0,33235000.0,-30904000.0,1508000.0,-11266000.0,0.0,-9758000.0,19016000.0,65064000.0,24519000.0,-542000.0,6290000.0,6290000.0,6290000.0,0.0,0.0,0.024,130484000.0,12329000.0,55524000.0,0.0,2.376,18.711,18.65,192147000.0,0.0,51.1,1.265,1.265,228186000.0,472143000.0,258849000.0,258849000.0,40301000.0,,,,,0.0,90183000.0,1.0,25748907.0,25753000,26471000.0,10.051,918635000.0,0.0,2827000.0,29166000.0,35.671,385780000.0
68,BIO,MRQ,2004-06-30,2004-06-30,2004-06-30,2021-09-07,32987000.0,1022760000.0,,660387000.0,362373000.0,,21.188,-15640000.0,155329000.0,155329000.0,110885000.0,22863000.0,3.128,0.878,236085000.0,9987000.0,226098000.0,236085000.0,0.0,0.0,0.0,0.0,0.0,36830000.0,36830000.0,0.141,36830000.0,36830000.0,31911000.0,0.89,0.86,0.89,544520000.0,,544520000.0,1605335560.0,12.0,11.611,4598000.0,0.179,1.0,149661000.0,0.574,105890000.0,4919000.0,786489000.0,,188564000.0,0.0,0.0,0.0,478240000.0,211137000.0,267103000.0,1512182560.0,-8869000.0,10231000.0,1365000.0,1912000.0,0.0,3277000.0,-33416000.0,-22035000.0,20238000.0,1032000.0,22863000.0,22863000.0,22863000.0,-2592000.0,0.0,0.088,115744000.0,33917000.0,67340000.0,0.0,2.777,20.52,20.438,186233000.0,0.0,58.86,1.478,1.478,234003000.0,465853000.0,260546000.0,260546000.0,25545000.0,,,,,0.0,90199000.0,1.0,25691175.0,25699000,26504000.0,10.138,916870000.0,0.0,9048000.0,28596000.0,35.677,449250000.0
69,BIO,MRQ,2004-03-31,2004-03-31,2004-03-31,2021-09-07,31017000.0,997563000.0,,662949000.0,334614000.0,,20.228,-13417000.0,141548000.0,141548000.0,113485000.0,21978000.0,2.997,0.925,234701000.0,8530000.0,226171000.0,234701000.0,0.0,0.0,0.0,0.0,0.0,35914000.0,35914000.0,0.137,35914000.0,35914000.0,30864000.0,0.86,0.83,0.86,518322000.0,,518322000.0,1533528597.0,11.0,11.201,13889000.0,0.542,1.0,149264000.0,0.568,72741000.0,5050000.0,796779000.0,,190034000.0,0.0,0.0,0.0,479241000.0,221196000.0,258045000.0,1445912597.0,-23247000.0,-17996000.0,2148000.0,-2172000.0,0.0,-24000.0,-50822000.0,-18579000.0,27306000.0,293000.0,21978000.0,21978000.0,21978000.0,642000.0,0.0,0.084,112290000.0,36974000.0,57033000.0,0.0,2.79,20.142,19.989,182964000.0,0.0,56.37,1.443,1.442,228925000.0,442990000.0,262749000.0,262749000.0,25233000.0,,,,,0.0,87057000.0,1.0,25650392.0,25624000,26444000.0,10.254,924822000.0,0.0,8886000.0,36333000.0,36.092,441753000.0
70,BIO,MRQ,2003-12-31,2003-12-31,2003-12-31,2021-09-07,32628000.0,992596000.0,,655398000.0,337198000.0,,19.425,-21332000.0,65395000.0,65395000.0,112598000.0,19191000.0,2.739,1.002,236258000.0,10423000.0,225835000.0,236258000.0,0.0,0.0,0.0,0.0,0.0,33127000.0,33127000.0,0.128,33127000.0,33127000.0,28355000.0,0.75,0.73,0.75,495807000.0,,495807000.0,1566193843.0,11.0,10.784,16744000.0,0.656,1.0,145500000.0,0.564,81754000.0,4772000.0,842453000.0,,190258000.0,83247000.0,83247000.0,0.0,496789000.0,239252000.0,257537000.0,1472133843.0,-75353000.0,-806000.0,1239000.0,-135000.0,0.0,1104000.0,-112231000.0,-84691000.0,38076000.0,-2302000.0,19191000.0,19191000.0,19191000.0,-553000.0,0.0,0.074,112685000.0,32815000.0,53995000.0,0.0,2.969,19.327,19.223,179123000.0,0.0,57.67,1.503,1.496,234085000.0,421012000.0,258098000.0,258098000.0,25648000.0,,,,,0.0,87037000.0,1.0,25526857.0,25524000,26364000.0,10.112,910842000.0,52274000.0,9164000.0,35636000.0,35.686,416146000.0
71,BIO,MRQ,2003-09-30,2003-09-30,2003-09-30,2021-09-07,17304000.0,925683000.0,,625740000.0,299943000.0,,18.036,-22303000.0,140748000.0,140748000.0,106818000.0,9660000.0,2.693,1.015,234808000.0,9612000.0,225196000.0,234808000.0,0.0,0.0,0.0,0.0,0.0,32388000.0,32388000.0,0.134,32388000.0,32388000.0,14501000.0,0.38,0.37,0.38,459339000.0,,459339000.0,1382403411.0,9.0,9.416,20669000.0,0.812,1.0,134992000.0,0.558,69519000.0,17887000.0,717898000.0,,189189000.0,0.0,0.0,0.0,466344000.0,232326000.0,234018000.0,1298886411.0,111920000.0,-9612000.0,992000.0,122243000.0,0.0,108337000.0,-37734000.0,-3006000.0,42972000.0,-1655000.0,9660000.0,9660000.0,9660000.0,374000.0,0.0,0.04,101242000.0,33750000.0,60516000.0,0.0,2.828,17.739,17.647,164443000.0,0.0,51.0,1.378,1.378,217674000.0,401821000.0,241810000.0,241810000.0,23024000.0,,,,,0.0,78218000.0,1.0,25468361.0,25468000,26429000.0,9.495,856164000.0,0.0,4841000.0,23136000.0,33.617,393414000.0
72,BIO,MRQ,2003-06-30,2003-06-30,2003-06-30,2021-09-07,17211000.0,775370000.0,,494386000.0,280984000.0,,17.671,-14387000.0,28828000.0,28828000.0,104265000.0,20956000.0,2.256,0.728,112345000.0,13405000.0,98940000.0,112345000.0,0.0,0.0,0.0,0.0,0.0,35486000.0,35486000.0,0.148,35486000.0,35486000.0,31790000.0,0.83,0.8,0.83,448594000.0,,448594000.0,1488353344.0,10.0,10.079,10485000.0,0.413,1.0,135060000.0,0.564,69519000.0,3696000.0,570253000.0,,186278000.0,0.0,0.0,0.0,326776000.0,219115000.0,107661000.0,1403568344.0,3605000.0,0.0,1836000.0,-696000.0,0.0,1140000.0,-19548000.0,-1119000.0,24872000.0,-2859000.0,20956000.0,20956000.0,20956000.0,963000.0,0.0,0.088,98937000.0,36123000.0,52891000.0,0.0,3.129,17.506,17.461,151916000.0,0.0,55.35,1.517,1.518,211922000.0,392161000.0,239325000.0,239325000.0,21990000.0,,,,,0.0,76947000.0,1.0,25358055.0,25386000,26341000.0,9.427,705851000.0,0.0,10834000.0,17525000.0,27.805,275271000.0
73,BIO,MRQ,2003-03-31,2003-03-31,2003-03-31,2021-09-07,5414000.0,739397000.0,,473805000.0,265592000.0,,16.374,-10981000.0,25223000.0,25223000.0,103256000.0,26364000.0,2.182,0.786,110008000.0,11146000.0,98862000.0,110008000.0,0.0,0.0,0.0,0.0,0.0,44001000.0,44001000.0,0.179,44001000.0,44001000.0,39350000.0,1.04,1.01,1.04,414005000.0,,414005000.0,989826402.0,7.0,6.893,10739000.0,0.425,1.0,142713000.0,0.58,69519000.0,4651000.0,537472000.0,,172917000.0,0.0,0.0,0.0,325392000.0,217191000.0,108201000.0,904305402.0,-2510000.0,-5957000.0,1242000.0,-3654000.0,0.0,-2412000.0,-20728000.0,-1049000.0,21720000.0,-1090000.0,26364000.0,26364000.0,26364000.0,0.0,0.0,0.107,98547000.0,44166000.0,79001000.0,0.0,2.184,11.985,11.957,144633000.0,0.0,35.75,1.004,1.003,213955000.0,371205000.0,245969000.0,245969000.0,21388000.0,,,,,0.0,77159000.0,1.0,25295256.0,25284000,26057000.0,9.728,669878000.0,0.0,12986000.0,28209000.0,26.494,256614000.0
74,BIO,MRQ,2002-12-31,2002-12-31,2002-12-31,2021-09-07,2102000.0,720703000.0,,466614000.0,254089000.0,,15.187,-10966000.0,27733000.0,27733000.0,88371000.0,16241000.0,2.233,0.881,113254000.0,7486000.0,105768000.0,113254000.0,0.0,0.0,0.0,0.0,0.0,34947000.0,34947000.0,0.162,34947000.0,34947000.0,25137000.0,0.64,0.62,0.64,383087000.0,,383087000.0,1086037278.0,8.0,8.18,24642000.0,0.977,1.0,126915000.0,0.59,69519000.0,9810000.0,527775000.0,,166372000.0,0.0,0.0,0.0,337616000.0,208930000.0,128686000.0,975778278.0,-11517000.0,-7607000.0,358000.0,-36905000.0,0.0,-36547000.0,-12683000.0,-408000.0,35608000.0,2105000.0,16241000.0,16241000.0,16241000.0,663000.0,0.0,0.075,92695000.0,34220000.0,50233000.0,0.0,2.547,14.379,14.333,142235000.0,0.0,38.7,1.128,1.123,209282000.0,344841000.0,215286000.0,215286000.0,19753000.0,,,,,0.0,72942000.0,1.0,25213909.0,25224000,26108000.0,8.535,651184000.0,37052000.0,8896000.0,26858000.0,25.816,257684000.0
75,BIO,MRQ,2002-09-30,2002-09-30,2002-09-30,2021-09-07,-6737000.0,719022000.0,,462539000.0,256483000.0,,14.17,-12284000.0,39250000.0,39250000.0,95852000.0,16617000.0,2.176,1.017,149509000.0,10385000.0,139124000.0,149509000.0,0.0,0.0,0.0,0.0,0.0,33241000.0,33241000.0,0.148,33241000.0,33241000.0,26380000.0,0.66,0.64,0.66,356525000.0,,356525000.0,1082302601.0,9.0,8.649,19896000.0,0.791,1.0,129026000.0,0.574,74566000.0,6861000.0,542133000.0,,160683000.0,0.0,0.0,0.0,362497000.0,212582000.0,149915000.0,947384601.0,13595000.0,7607000.0,1109000.0,-10193000.0,0.0,-9084000.0,-12975000.0,-872000.0,32180000.0,3474000.0,16617000.0,16617000.0,16617000.0,0.0,0.0,0.074,93403000.0,35623000.0,68496000.0,0.0,2.657,13.805,13.695,139718000.0,0.0,37.66,1.073,1.073,201261000.0,328600000.0,224878000.0,224878000.0,19988000.0,,,,,0.0,73415000.0,1.0,25156256.0,25160000,26071000.0,8.938,644456000.0,0.0,9763000.0,35648000.0,25.614,249957000.0
76,BIO,MRQ,2002-06-30,2002-06-30,2002-06-30,2021-09-07,-4822000.0,704124000.0,,441831000.0,262293000.0,,13.583,-10531000.0,25655000.0,25655000.0,92386000.0,16232000.0,2.18,1.065,160573000.0,11156000.0,149417000.0,160573000.0,0.0,0.0,0.0,0.0,0.0,31412000.0,31412000.0,0.146,31412000.0,31412000.0,25430000.0,0.65,0.62,0.65,340914000.0,,340914000.0,1281583927.0,12.0,11.741,9303000.0,0.371,1.0,122274000.0,0.57,75873000.0,5982000.0,560468000.0,,154779000.0,0.0,0.0,0.0,363210000.0,202701000.0,160509000.0,1142091927.0,-19291000.0,-8568000.0,1666000.0,-23160000.0,0.0,-21494000.0,-20214000.0,124000.0,19834000.0,2583000.0,16232000.0,16232000.0,16232000.0,0.0,0.0,0.076,89292000.0,32982000.0,69414000.0,0.0,3.35,19.34,19.122,137835000.0,0.0,45.51,1.353,1.353,199973000.0,311983000.0,214660000.0,214660000.0,19806000.0,,,,,0.0,69486000.0,1.0,25095406.0,25098000,26085000.0,8.553,628251000.0,0.0,9198000.0,29928000.0,25.032,239130000.0
77,BIO,MRQ,2002-03-31,2002-03-31,2002-03-31,2021-09-07,-22903000.0,686758000.0,,435881000.0,250877000.0,,12.232,-8443000.0,44946000.0,44946000.0,88842000.0,18773000.0,2.242,1.252,184438000.0,10095000.0,174343000.0,184438000.0,0.0,0.0,0.0,0.0,0.0,33162000.0,33162000.0,0.158,33162000.0,33162000.0,27608000.0,0.75,0.73,0.75,304935000.0,,304935000.0,1088990927.0,11.0,10.673,9693000.0,0.389,1.0,121340000.0,0.577,75873000.0,5554000.0,555923000.0,,141667000.0,0.0,0.0,0.0,381823000.0,194454000.0,187369000.0,937765927.0,-2183000.0,0.0,2201000.0,-14203000.0,0.0,-12002000.0,-8584000.0,-238000.0,18136000.0,267000.0,18773000.0,18773000.0,18773000.0,0.0,0.0,0.089,85977000.0,35363000.0,67848000.0,0.0,3.075,17.244,17.068,132779000.0,0.0,37.55,1.137,1.135,196004000.0,295535000.0,210182000.0,210182000.0,20241000.0,,,,,0.0,65736000.0,1.0,24973793.0,24930000,25789000.0,8.431,610885000.0,0.0,8835000.0,36973000.0,24.504,241427000.0
78,BIO,MRQ,2001-12-31,2001-12-31,2001-12-31,2021-09-07,-22987000.0,684028000.0,,430828000.0,253200000.0,,11.456,-11158000.0,47129000.0,47129000.0,100952000.0,17002000.0,2.164,1.41,198354000.0,9931000.0,188423000.0,198354000.0,0.0,0.0,0.0,0.0,0.0,27319000.0,27319000.0,0.117,27319000.0,27319000.0,21831000.0,0.69,0.67,0.69,283877000.0,,283877000.0,969790462.0,11.0,10.89,29297000.0,1.182,1.0,132431000.0,0.567,77703000.0,5488000.0,558444000.0,,139179000.0,0.0,0.0,0.0,400151000.0,199106000.0,201045000.0,790841462.0,14803000.0,0.0,1567000.0,-14521000.0,0.0,-12954000.0,-11220000.0,-189000.0,40455000.0,-1478000.0,17002000.0,17002000.0,17002000.0,0.0,0.0,0.073,94629000.0,37802000.0,64903000.0,0.0,2.786,17.901,17.682,132974000.0,0.0,31.65,0.967,0.954,194400000.0,276554000.0,233383000.0,233383000.0,21989000.0,,,,,0.0,76108000.0,1.0,24987092.0,24780000,25730000.0,9.418,606325000.0,27537000.0,4829000.0,31255000.0,24.468,231722000.0
79,BIO,MRQ,2001-09-30,2001-09-30,2001-09-30,2021-09-07,-15931000.0,684501000.0,,419974000.0,264527000.0,,11.024,-12419000.0,32326000.0,32326000.0,81357000.0,7047000.0,1.956,1.514,211275000.0,19993000.0,191282000.0,211275000.0,0.0,0.0,0.0,0.0,0.0,17257000.0,17257000.0,0.093,17257000.0,17257000.0,11186000.0,0.29,0.28,0.29,272321000.0,,272321000.0,773179662.0,10.0,9.675,9665000.0,0.391,1.0,104747000.0,0.563,84715000.0,6071000.0,564042000.0,,158946000.0,0.0,0.0,0.0,412180000.0,214693000.0,197487000.0,587196662.0,6260000.0,-4650000.0,692000.0,-1145000.0,0.0,-453000.0,-17942000.0,27000.0,22084000.0,2571000.0,7047000.0,7047000.0,7047000.0,0.0,0.0,0.038,83278000.0,21469000.0,67835000.0,0.0,2.156,16.163,15.878,131300000.0,0.0,23.5,0.771,0.762,186394000.0,259350000.0,186104000.0,186104000.0,18425000.0,,,,,0.0,62831000.0,1.0,24987092.0,24702000,25526000.0,7.534,599786000.0,0.0,4139000.0,28285000.0,24.281,205281000.0
80,BIO,MRQ,2001-06-30,2001-06-30,2001-06-30,2021-09-07,-24179000.0,660652000.0,,395466000.0,265186000.0,,10.421,-10373000.0,26066000.0,26066000.0,87111000.0,11561000.0,1.965,1.577,212049000.0,17334000.0,194715000.0,212049000.0,0.0,0.0,0.0,0.0,0.0,24290000.0,24290000.0,0.124,24290000.0,24290000.0,18350000.0,0.47,0.46,0.47,256334000.0,,256334000.0,832309774.0,9.0,9.101,24411000.0,0.992,1.0,108243000.0,0.554,84625000.0,5940000.0,560796000.0,,142285000.0,0.0,0.0,0.0,404318000.0,201214000.0,203104000.0,621410774.0,16072000.0,0.0,1526000.0,-8739000.0,0.0,-7213000.0,-10216000.0,30000.0,34784000.0,-1283000.0,11561000.0,11561000.0,11561000.0,0.0,0.0,0.059,83631000.0,24612000.0,60615000.0,0.0,2.424,14.384,14.148,128982000.0,0.0,24.9,0.827,0.815,186708000.0,252134000.0,195354000.0,195354000.0,17701000.0,,,,,0.0,63909000.0,1.0,24956256.0,24598000,25362000.0,7.942,576027000.0,0.0,6789000.0,26201000.0,23.418,194252000.0
81,BIO,MRQ,2001-03-31,2001-03-31,2001-03-31,2021-09-07,-20161000.0,650879000.0,,380543000.0,270336000.0,,10.089,-9278000.0,9994000.0,9994000.0,92720000.0,8569000.0,1.987,1.632,220893000.0,17992000.0,202901000.0,220893000.0,0.0,0.0,0.0,0.0,0.0,20191000.0,20191000.0,0.1,20191000.0,20191000.0,13602000.0,0.35,0.34,0.35,247265000.0,,247265000.0,656764608.0,8.0,7.968,-7063000.0,-0.288,1.0,109948000.0,0.543,87881000.0,6589000.0,582357000.0,,136713000.0,0.0,0.0,0.0,403614000.0,191540000.0,212074000.0,449212608.0,-3960000.0,0.0,853000.0,-438000.0,0.0,415000.0,-8160000.0,62000.0,2215000.0,1570000.0,8569000.0,8569000.0,8569000.0,0.0,0.0,0.042,79625000.0,30323000.0,62046000.0,0.0,1.817,12.235,12.0,118787000.0,0.0,18.0,0.605,0.594,191792000.0,240402000.0,202668000.0,202668000.0,18428000.0,,,,,0.0,61197000.0,1.0,24956256.0,24508000,25094000.0,8.269,562998000.0,0.0,5033000.0,23485000.0,22.972,189003000.0
82,BIO,MRQ,2000-12-31,2000-12-31,2000-12-31,2021-09-07,-13386000.0,646278000.0,,369668000.0,276610000.0,,9.999,-7465000.0,13954000.0,13954000.0,90447000.0,9152000.0,1.953,1.642,221506000.0,18146000.0,203360000.0,221506000.0,0.0,0.0,0.0,0.0,0.0,18178000.0,18178000.0,0.102,18178000.0,18178000.0,11479000.0,0.37,0.375,0.37,244618000.0,,244618000.0,613634470.0,8.0,8.144,-1583000.0,-0.065,1.0,87387000.0,0.491,90970000.0,6699000.0,573552000.0,,132519000.0,0.0,0.0,0.0,401660000.0,189308000.0,212352000.0,396804470.0,5368000.0,7118000.0,311000.0,-8616000.0,0.0,-3805000.0,188000.0,125000.0,5882000.0,3103000.0,9152000.0,9152000.0,9152000.0,0.0,0.0,0.051,83930000.0,3457000.0,62965000.0,0.0,1.622,12.759,12.52,119032000.0,0.0,15.9,0.547,0.535,182242000.0,231821000.0,177834000.0,177834000.0,16517000.0,,,,,0.0,59304000.0,1.0,24956256.0,24464000,24784000.0,7.269,555308000.0,20770000.0,2327000.0,17405000.0,22.699,180360000.0
83,BIO,MRQ,2000-09-30,2000-09-30,2000-09-30,2021-09-07,-19837000.0,634168000.0,,354921000.0,279247000.0,,9.36,-6884000.0,8586000.0,8586000.0,84090000.0,13919000.0,1.931,1.773,225416000.0,13786000.0,211630000.0,225416000.0,0.0,0.0,0.0,0.0,0.0,28791000.0,28791000.0,0.164,28791000.0,28791000.0,21446000.0,0.57,0.57,0.57,228704000.0,,228704000.0,530310661.0,10.0,10.249,-484000.0,-0.02,1.0,91671000.0,0.522,0.0,7345000.0,667173000.0,,124814000.0,1225000.0,0.0,1225000.0,405464000.0,183825000.0,221639000.0,280882661.0,-4485000.0,27000000.0,-59000.0,-36812000.0,0.0,-36871000.0,22500000.0,140000.0,6400000.0,3486000.0,13919000.0,13919000.0,13919000.0,0.0,0.0,0.079,76435000.0,15236000.0,56082000.0,0.0,1.228,26.17,25.874,119439000.0,0.0,11.255,0.375,0.367,182616000.0,222708000.0,175761000.0,175761000.0,16372000.0,,,,,0.0,60063000.0,1.0,24956256.0,24434000,24476000.0,7.193,634168000.0,0.0,7527000.0,29957000.0,25.954,171096000.0
84,BIO,MRQ,2000-06-30,2000-06-30,2000-06-30,2021-09-07,-12339000.0,665037000.0,,384028000.0,281009000.0,,9.099,-8739000.0,13071000.0,13071000.0,87193000.0,5074000.0,2.008,1.991,262499000.0,19564000.0,242935000.0,262499000.0,0.0,0.0,0.0,0.0,0.0,15264000.0,15264000.0,0.082,15264000.0,15264000.0,7462000.0,0.21,0.205,0.21,222342000.0,,222342000.0,568499200.0,19.0,19.165,9048000.0,0.37,1.0,99633000.0,0.533,0.0,7802000.0,723232000.0,,139325000.0,1346000.0,0.0,1346000.0,442695000.0,191233000.0,251462000.0,311953200.0,-2250000.0,0.0,263000.0,-9383000.0,0.0,-9120000.0,-7509000.0,99000.0,17787000.0,-3408000.0,5074000.0,5074000.0,5074000.0,0.0,0.0,0.027,81384000.0,18249000.0,59121000.0,0.0,1.403,292.365,312.5,125990000.0,0.0,12.5,0.455,0.445,193662000.0,208802000.0,186826000.0,186826000.0,17380000.0,,,,,0.0,64004000.0,1.0,24956256.0,24436000,24540000.0,7.646,665037000.0,0.0,2388000.0,20538000.0,27.215,192795000.0
85,BIO,MRQ,2000-03-31,2000-03-31,2000-03-31,2021-09-07,-10346000.0,671362000.0,,382283000.0,289079000.0,,8.992,-8318000.0,15321000.0,15321000.0,86720000.0,2955000.0,2.056,2.066,271867000.0,13805000.0,258062000.0,271867000.0,0.0,0.0,0.0,0.0,0.0,13112000.0,13112000.0,0.071,13112000.0,13112000.0,4346000.0,0.12,0.12,0.12,218998000.0,,218998000.0,584112988.0,22.0,22.257,-14140000.0,-0.581,1.0,98743000.0,0.532,0.0,8766000.0,741954000.0,,136287000.0,1359000.0,0.0,1359000.0,452364000.0,185954000.0,266410000.0,340028988.0,-1766000.0,0.0,1495000.0,11195000.0,0.0,8190000.0,-5883000.0,105000.0,-5822000.0,1749000.0,2955000.0,2955000.0,2955000.0,0.0,0.0,0.016,80366000.0,18377000.0,61399000.0,0.0,1.553,87.772,87.903,126134000.0,0.0,13.625,0.553,0.539,189574000.0,203766000.0,185463000.0,185463000.0,17871000.0,,,,,0.0,62495000.0,1.0,24956256.0,24354000,24512000.0,7.615,671362000.0,0.0,1391000.0,21145000.0,27.567,196329000.0
86,BIO,MRQ,1999-12-31,1999-12-31,1999-12-31,2021-09-07,-4780000.0,668862000.0,,378717000.0,290145000.0,,9.077,-9466000.0,17087000.0,17087000.0,97215000.0,-11215000.0,1.87,2.039,261171000.0,21960000.0,239211000.0,261171000.0,0.0,0.0,0.0,0.0,0.0,-5424000.0,-5424000.0,-0.027,-5424000.0,-5424000.0,-15707000.0,-0.465,-0.465,-0.465,220114000.0,,220114000.0,324663074.0,11.0,11.135,12602000.0,0.52,1.0,103125000.0,0.515,105350000.0,10283000.0,605075000.0,,126277000.0,0.0,0.0,0.0,448748000.0,202521000.0,246227000.0,291375074.0,5261000.0,-202828000.0,336000.0,191769000.0,0.0,192105000.0,-211176000.0,302000.0,22068000.0,2264000.0,-11215000.0,-11215000.0,-11215000.0,0.0,0.0,-0.056,106188000.0,-3063000.0,64737000.0,0.0,1.324,24.859,24.354,125942000.0,0.0,11.69,0.525,0.51,193898000.0,200993000.0,200340000.0,200340000.0,34261000.0,,,,,0.0,71927000.0,1.0,24925156.0,24250000,24336000.0,8.261,563512000.0,20584000.0,-4492000.0,21102000.0,23.238,176196000.0
87,BIO,MRQ,1999-09-30,1999-09-30,1999-09-30,2021-09-07,-1577000.0,376131000.0,,240351000.0,135780000.0,,9.669,-6842000.0,11826000.0,11826000.0,51899000.0,4253000.0,2.61,0.606,45114000.0,9747000.0,35367000.0,45114000.0,0.0,0.0,0.0,0.0,0.0,6712000.0,6712000.0,0.059,6712000.0,6712000.0,5957000.0,0.175,0.175,0.175,234196000.0,,234196000.0,378864386.0,9.0,8.502,2962000.0,0.122,1.0,61628000.0,0.543,0.0,755000.0,317345000.0,,96385000.0,1539000.0,0.0,1539000.0,141935000.0,92074000.0,49861000.0,341225386.0,231000.0,0.0,287000.0,-5829000.0,0.0,-5542000.0,-3045000.0,4742000.0,9804000.0,-986000.0,4253000.0,4253000.0,4253000.0,0.0,0.0,0.037,54617000.0,7011000.0,22348000.0,0.0,1.457,11.617,11.361,85005000.0,0.0,13.69,0.711,0.691,105213000.0,212201000.0,113527000.0,113527000.0,10999000.0,,,,,0.0,43618000.0,1.0,24925156.0,24222000,24390000.0,4.687,376131000.0,0.0,1704000.0,16553000.0,15.528,148277000.0
88,BIO,MRQ,1999-06-30,1999-06-30,1999-06-30,2021-09-07,-2476000.0,371312000.0,,234998000.0,136314000.0,,9.457,-6359000.0,11595000.0,11595000.0,50553000.0,7881000.0,2.758,0.623,49234000.0,6986000.0,42248000.0,49234000.0,0.0,0.0,0.0,0.0,0.0,11844000.0,11844000.0,0.102,11844000.0,11844000.0,11037000.0,0.325,0.325,0.325,228757000.0,,228757000.0,368620537.0,9.0,8.878,5345000.0,0.221,1.0,65241000.0,0.563,0.0,807000.0,323746000.0,,91687000.0,6879000.0,0.0,6879000.0,142555000.0,85205000.0,57350000.0,325522537.0,3559000.0,0.0,302000.0,-2930000.0,0.0,-2628000.0,-5885000.0,-250000.0,11704000.0,368000.0,7881000.0,7881000.0,7881000.0,0.0,0.0,0.068,52721000.0,12520000.0,23528000.0,0.0,1.423,12.031,11.766,82845000.0,0.0,13.06,0.7,0.679,104929000.0,208014000.0,115794000.0,115794000.0,10916000.0,,,,,0.0,41805000.0,1.0,24925156.0,24190000,24352000.0,4.787,371312000.0,0.0,3156000.0,18077000.0,15.35,149793000.0
89,BIO,MRQ,1999-03-31,1999-03-31,1999-03-31,2021-09-07,-2159000.0,369625000.0,,236878000.0,132747000.0,,9.122,-4608000.0,8036000.0,8036000.0,55556000.0,10802000.0,2.635,0.673,51134000.0,5851000.0,45283000.0,51134000.0,0.0,0.0,0.0,0.0,0.0,16025000.0,16025000.0,0.127,16025000.0,16025000.0,15129000.0,0.445,0.445,0.445,220891000.0,,220891000.0,294018204.0,7.0,7.199,-3203000.0,-0.132,1.0,70182000.0,0.558,0.0,896000.0,322819000.0,,91713000.0,5968000.0,0.0,5968000.0,148734000.0,89904000.0,58830000.0,252367204.0,-2045000.0,0.0,-1493000.0,-191000.0,0.0,-1684000.0,-3212000.0,-410000.0,1405000.0,1446000.0,10802000.0,10802000.0,10802000.0,0.0,0.0,0.086,53551000.0,16631000.0,25676000.0,0.0,1.142,9.586,9.419,81625000.0,0.0,10.125,0.552,0.536,110360000.0,200225000.0,125738000.0,125738000.0,10534000.0,,,,,0.0,43017000.0,1.0,24925156.0,24216000,24246000.0,5.192,369625000.0,0.0,4327000.0,21259000.0,15.264,146974000.0
90,BIO,MRQ,1998-12-31,1998-12-31,1998-12-31,2021-09-07,593000.0,367299000.0,,235389000.0,131910000.0,,8.728,-6761000.0,10081000.0,10081000.0,55894000.0,6437000.0,2.421,0.714,51732000.0,9393000.0,42339000.0,51732000.0,0.0,0.0,0.0,0.0,0.0,9980000.0,9980000.0,0.08,9980000.0,9980000.0,9066000.0,0.26,0.265,0.26,214334000.0,,214334000.0,301355138.0,8.0,7.939,4714000.0,0.192,1.0,68915000.0,0.552,18616000.0,914000.0,293090000.0,,92411000.0,6174000.0,0.0,6174000.0,152965000.0,97244000.0,55721000.0,260958138.0,1746000.0,0.0,-3798000.0,2514000.0,0.0,-1284000.0,-6729000.0,1412000.0,11475000.0,-1716000.0,6437000.0,6437000.0,6437000.0,0.0,0.0,0.052,59886000.0,9029000.0,26706000.0,0.0,1.218,10.738,10.606,82130000.0,0.0,10.5,0.583,0.575,106010000.0,189838000.0,124809000.0,124809000.0,10597000.0,,,,,0.0,49289000.0,1.0,24853156.0,24558000,24578000.0,5.082,348683000.0,18340000.0,2629000.0,19778000.0,14.198,138145000.0
91,BIO,MRQ,1998-09-30,1998-09-30,1998-09-30,2021-09-07,864000.0,361617000.0,,230148000.0,131469000.0,,8.615,-6210000.0,8335000.0,8335000.0,45405000.0,1938000.0,2.438,0.706,48732000.0,10001000.0,38731000.0,48732000.0,0.0,0.0,0.0,0.0,0.0,3670000.0,3670000.0,0.037,3670000.0,3670000.0,2729000.0,0.08,0.08,0.08,211966000.0,,211966000.0,347734972.0,11.0,11.476,2263000.0,0.092,1.0,53577000.0,0.541,0.0,941000.0,307598000.0,,96927000.0,7835000.0,0.0,7835000.0,149651000.0,94416000.0,55235000.0,302959972.0,-5147000.0,0.0,6000.0,-9338000.0,0.0,-9332000.0,-2966000.0,4652000.0,8473000.0,-1322000.0,1938000.0,1938000.0,1938000.0,0.0,0.0,0.02,51285000.0,2292000.0,22295000.0,0.0,1.429,15.761,15.529,80111000.0,0.0,12.19,0.69,0.683,96397000.0,183506000.0,98982000.0,98982000.0,10243000.0,,,,,0.0,41042000.0,1.0,24853156.0,24604000,24788000.0,4.023,361617000.0,0.0,791000.0,22980000.0,14.697,135732000.0
92,BIO,MRQ,1998-06-30,1998-06-30,1998-06-30,2021-09-07,1112000.0,370326000.0,,238132000.0,132194000.0,,8.573,-3977000.0,13482000.0,13482000.0,49041000.0,7151000.0,2.506,0.761,58257000.0,10422000.0,47835000.0,58257000.0,0.0,0.0,0.0,0.0,0.0,11164000.0,11164000.0,0.103,11164000.0,11164000.0,10073000.0,0.29,0.29,0.29,210270000.0,,210270000.0,424273098.0,14.0,13.92,3498000.0,0.143,1.0,58857000.0,0.545,0.0,1091000.0,320090000.0,,93367000.0,27717000.0,0.0,27717000.0,160056000.0,95011000.0,65045000.0,380318098.0,856000.0,0.0,823000.0,1592000.0,0.0,2415000.0,-9943000.0,-6908000.0,7475000.0,909000.0,7151000.0,7151000.0,7151000.0,0.0,0.0,0.066,52140000.0,6717000.0,25006000.0,0.0,1.809,19.113,18.901,77923000.0,0.0,15.31,0.866,0.855,100092000.0,182029000.0,107898000.0,107898000.0,10629000.0,,,,,0.0,41511000.0,1.0,24841156.0,24526000,24828000.0,4.399,370326000.0,0.0,2922000.0,25376000.0,15.099,143121000.0
93,BIO,MRQ,1998-03-31,1998-03-31,1998-03-31,2021-09-07,6190000.0,369569000.0,,238396000.0,131173000.0,,8.491,-4228000.0,12626000.0,12626000.0,52098000.0,8776000.0,2.421,0.782,56581000.0,11712000.0,44869000.0,56581000.0,0.0,0.0,0.0,0.0,0.0,13145000.0,13145000.0,0.113,13145000.0,13145000.0,12360000.0,0.36,0.355,0.36,207374000.0,,207374000.0,372776137.0,14.0,14.122,-4316000.0,-0.177,1.0,64076000.0,0.552,0.0,785000.0,315041000.0,,94137000.0,25745000.0,0.0,25745000.0,162195000.0,98483000.0,63712000.0,333865137.0,1783000.0,0.0,385000.0,6911000.0,0.0,7296000.0,-5617000.0,-1875000.0,-88000.0,192000.0,8776000.0,8776000.0,8776000.0,0.0,0.0,0.076,50969000.0,13107000.0,28544000.0,0.0,1.61,18.92,18.667,78261000.0,0.0,13.44,0.764,0.751,103080000.0,175697000.0,116174000.0,116174000.0,9912000.0,,,,,0.0,41057000.0,1.0,24841156.0,24422000,24650000.0,4.757,369569000.0,0.0,3584000.0,26730000.0,15.133,139913000.0
94,BIO,MRQ,1997-12-31,1997-12-31,1997-12-31,2021-09-07,4654000.0,351876000.0,,227418000.0,124458000.0,,8.057,-7479000.0,10843000.0,10843000.0,53931000.0,1357000.0,2.257,0.789,49754000.0,10802000.0,38952000.0,49754000.0,0.0,0.0,0.0,0.0,0.0,2322000.0,2322000.0,0.02,2322000.0,2322000.0,1885000.0,0.055,0.055,0.055,196677000.0,,196677000.0,328934944.0,14.0,13.738,-2881000.0,-0.118,1.0,61886000.0,0.534,20959000.0,437000.0,269046000.0,,91428000.0,18092000.0,0.0,18092000.0,155199000.0,100782000.0,54417000.0,324372944.0,6171000.0,-30451000.0,-587000.0,39398000.0,0.0,38811000.0,-37983000.0,-1136000.0,4598000.0,745000.0,1357000.0,1357000.0,1357000.0,0.0,0.0,0.012,56724000.0,5162000.0,32385000.0,0.0,1.649,19.822,19.639,78678000.0,0.0,13.06,0.76,0.75,96965000.0,167182000.0,115817000.0,115817000.0,13134000.0,,,,,0.0,43590000.0,1.0,24837132.0,24412000,24638000.0,4.744,330917000.0,15524000.0,528000.0,20520000.0,13.556,126636000.0
95,BIO,MRQ,1997-09-30,1997-09-30,1997-09-30,2021-09-07,3576000.0,299897000.0,,202139000.0,97758000.0,,7.943,-7041000.0,4672000.0,4672000.0,44656000.0,2614000.0,2.396,0.539,9234000.0,4516000.0,4718000.0,9234000.0,0.0,0.0,0.0,0.0,0.0,3849000.0,3849000.0,0.039,3849000.0,3849000.0,3630000.0,0.105,0.105,0.105,194829000.0,,194829000.0,375483090.0,14.0,14.429,2883000.0,0.118,1.0,54835000.0,0.551,0.0,219000.0,220107000.0,,82411000.0,15185000.0,0.0,15185000.0,105068000.0,84352000.0,20716000.0,372255090.0,-811000.0,-787000.0,-2174000.0,505000.0,0.0,-1669000.0,-9627000.0,-2457000.0,9924000.0,561000.0,2614000.0,2614000.0,2614000.0,0.0,0.0,0.026,50926000.0,3909000.0,27846000.0,0.0,1.911,21.254,21.127,74783000.0,0.0,15.0,0.876,0.866,89319000.0,165880000.0,99491000.0,99491000.0,10991000.0,,,,,0.0,39935000.0,1.0,24817006.0,24528000,24794000.0,4.056,299897000.0,0.0,1016000.0,20359000.0,12.227,117787000.0
96,BIO,MRQ,1997-06-30,1997-06-30,1997-06-30,2021-09-07,3619000.0,292079000.0,,201855000.0,90224000.0,,7.908,-4209000.0,5483000.0,5483000.0,47031000.0,4899000.0,2.537,0.502,8711000.0,6611000.0,2100000.0,8711000.0,0.0,0.0,0.0,0.0,0.0,7080000.0,7080000.0,0.067,7080000.0,7080000.0,6805000.0,0.2,0.195,0.2,194432000.0,,194432000.0,329111294.0,10.0,10.322,3080000.0,0.125,1.0,58721000.0,0.555,0.0,275000.0,215729000.0,,77318000.0,11132000.0,0.0,11132000.0,97647000.0,79578000.0,18069000.0,323288294.0,-5184000.0,0.0,-116000.0,-7823000.0,0.0,-7939000.0,-4235000.0,-208000.0,7289000.0,-299000.0,4899000.0,4899000.0,4899000.0,0.0,0.0,0.046,51754000.0,6967000.0,24629000.0,0.0,1.663,14.967,14.807,71867000.0,0.0,13.03,0.766,0.759,96776000.0,163330000.0,105752000.0,105752000.0,11205000.0,,,,,0.0,40549000.0,1.0,24811074.0,24586000,24826000.0,4.301,292079000.0,0.0,1906000.0,18211000.0,11.88,122277000.0
97,BIO,MRQ,1997-03-31,1997-03-31,1997-03-31,2021-09-07,1628000.0,291833000.0,,204247000.0,87586000.0,,7.643,-4842000.0,10667000.0,10667000.0,43713000.0,7494000.0,2.441,0.555,16490000.0,11918000.0,4572000.0,16490000.0,0.0,0.0,0.0,0.0,0.0,10693000.0,10693000.0,0.101,10693000.0,10693000.0,10408000.0,0.305,0.3,0.305,187658000.0,,187658000.0,319124816.0,9.0,8.974,-5544000.0,-0.226,1.0,62141000.0,0.587,0.0,285000.0,213972000.0,,73140000.0,8817000.0,0.0,8817000.0,104175000.0,83684000.0,20491000.0,316251816.0,1277000.0,0.0,-216000.0,4531000.0,0.0,4315000.0,-4080000.0,-1132000.0,-702000.0,1744000.0,7494000.0,7494000.0,7494000.0,0.0,0.0,0.071,51526000.0,10615000.0,19893000.0,0.0,1.685,13.062,12.944,72024000.0,0.0,12.75,0.76,0.752,97116000.0,158497000.0,105854000.0,105854000.0,10808000.0,,,,,0.0,40718000.0,1.0,24804064.0,24552000,24900000.0,4.311,291833000.0,0.0,2914000.0,20685000.0,11.886,120563000.0
98,BIO,MRQ,1996-12-31,1996-12-31,1996-12-31,2021-09-07,4756000.0,284925000.0,,198535000.0,86390000.0,,7.482,-4918000.0,9390000.0,9390000.0,52790000.0,2508000.0,2.509,0.553,12263000.0,5542000.0,6721000.0,12263000.0,0.0,0.0,0.0,0.0,0.0,4401000.0,4401000.0,0.039,4401000.0,4401000.0,3736000.0,0.1,,0.1,183508000.0,,183508000.0,,,,3565000.0,0.145,1.0,61187000.0,0.537,7096000.0,665000.0,201563000.0,,69738000.0,7432000.0,0.0,7432000.0,101417000.0,79139000.0,22278000.0,372060960.0,-15915000.0,-1290000.0,-903000.0,-17984000.0,0.0,-18887000.0,-6338000.0,-478000.0,8483000.0,827000.0,2508000.0,2508000.0,2508000.0,0.0,0.0,0.022,55059000.0,6128000.0,21262000.0,0.0,2.027,14.212,14.085,71862000.0,0.0,15.0,0.888,0.879,97795000.0,151003000.0,113977000.0,113977000.0,10623000.0,,,,,0.0,41736000.0,1.0,24804064.0,24528000,,4.647,277829000.0,14947000.0,1228000.0,19545000.0,11.327,119396000.0
99,BIO,MRQ,1996-09-30,1996-09-30,1996-09-30,2021-09-07,,,,,,,,-4028000.0,,,40712000.0,6699000.0,,,,,,,,0.0,,0.0,0.0,9711000.0,9711000.0,0.101,9711000.0,9711000.0,8932000.0,0.275,,0.275,,,,,,,-2671000.0,-0.109,1.0,55847000.0,0.578,,779000.0,,,,,,,,,,,-1124000.0,0.0,-227000.0,1309000.0,0.0,1082000.0,-3639000.0,428000.0,1357000.0,76000.0,6699000.0,6699000.0,6699000.0,0.0,0.0,0.069,47032000.0,8815000.0,,0.0,,,,,0.0,14.375,,,,,96559000.0,96559000.0,9745000.0,,,,,0.0,37287000.0,1.0,,24578000,,3.929,,,2233000.0,,,
100,BIO,MRQ,1996-06-30,1996-06-30,1996-06-30,2021-09-07,,,,,,,,-3734000.0,,,41704000.0,7511000.0,,,,,,,,0.0,,0.0,0.0,10757000.0,10757000.0,0.108,10757000.0,10757000.0,10014000.0,0.305,,0.305,,,,,,,11175000.0,0.455,1.0,58277000.0,0.583,,743000.0,,,,,,,,,,,8477000.0,0.0,299000.0,-3797000.0,0.0,-3498000.0,-3033000.0,-31000.0,14909000.0,99000.0,7511000.0,7511000.0,7511000.0,0.0,0.0,0.075,48275000.0,10002000.0,,0.0,,,,,0.0,17.94,,,,,99981000.0,99981000.0,9620000.0,,,,,0.0,38655000.0,1.0,,24564000,,4.07,,,2503000.0,,,
101,BIO,MRQ,1996-03-31,1996-03-31,1996-03-31,2021-09-07,,,,,,,,-2555000.0,,,46840000.0,9461000.0,,,,,,,,0.0,,0.0,0.0,13455000.0,13455000.0,0.124,13455000.0,13455000.0,12615000.0,0.385,,0.385,,,,,,,5849000.0,0.239,1.0,61432000.0,0.567,,840000.0,,,,,,,,,,,3178000.0,0.0,421000.0,-4285000.0,0.0,-3864000.0,-1834000.0,339000.0,8404000.0,472000.0,9461000.0,9461000.0,9461000.0,0.0,0.0,0.087,47430000.0,14002000.0,,0.0,,,,,0.0,14.0,,,,,108272000.0,108272000.0,9592000.0,,,,,0.0,37838000.0,1.0,,24510000,,4.417,,,3154000.0,,,
102,BIO,MRQ,1995-12-31,1995-12-31,1995-12-31,2021-09-07,4076000.0,285098000.0,,201592000.0,83506000.0,,6.434,,14774000.0,14774000.0,,,2.244,0.815,35191000.0,14269000.0,20922000.0,35191000.0,0.0,,0.0,0.0,0.0,,,,,,,,,,157059000.0,,157059000.0,,,,,,1.0,,,0.0,,215698000.0,,75357000.0,5902000.0,0.0,5902000.0,128039000.0,89817000.0,38222000.0,,,,,,,,,,,,,,,,,,,,19946000.0,,,,13.754,72966000.0,,14.167,,0.872,92061000.0,124857000.0,,,,,,,,,,1.0,,24412000,,,285098000.0,12274000.0,,24382000.0,11.679,111775000.0
0,BIO,MRT,2021-06-30,2021-06-30,2021-06-30,2021-09-07,125166000.0,15117556000.0,13511066250.0,2289093000.0,12828463000.0,0.213,389.561,-102098000.0,732836000.0,732836000.0,1250138000.0,4045454000.0,3.899,0.304,212037000.0,37344000.0,174693000.0,212037000.0,0.0,0.0,0.0,0.0,0.0,5228164000.0,5228164000.0,1.815,5228164000.0,5228164000.0,5216972000.0,135.83,134.08,135.83,11594880000.0,10227256000.0,11594880000.0,18723128864.0,4.0,3.581,586534000.0,19.706,1.0,1629691000.0,0.566,476768000.0,11192000.0,13532937000.0,11918636500.0,598989000.0,12014512000.0,434122000.0,11580390000.0,3522676000.0,587052000.0,2935624000.0,19176398864.0,125029000.0,234000.0,-29894000.0,-426864000.0,0.0,-465927000.0,-107859000.0,-9509000.0,688632000.0,10183000.0,4045454000.0,4045454000.0,4045454000.0,0.0,0.0,1.405,1119205000.0,510486000.0,133457000.0,0.0,1.654,4.74,4.743,672234000.0,0.0,644.29,6.659,6.659,399307000.0,11159475000.0,2879829000.0,2879829000.0,262614000.0,0.299,0.396,0.439,1.815,0.0,856591000.0,1.0,29763614.0,29764000,30148000.0,96.755,14640788000.0,0.0,1171518000.0,2594610000.0,491.896,1702041000.0
1,BIO,MRT,2021-03-31,2021-03-31,2021-03-31,2021-09-07,68434000.0,13933160000.0,12256004000.0,2175317000.0,11757843000.0,0.22,355.734,-96832000.0,673470000.0,673470000.0,1179697000.0,4097769000.0,3.567,0.313,220200000.0,40973000.0,179227000.0,220200000.0,0.0,0.0,0.0,0.0,0.0,5322711000.0,5322711000.0,1.971,5322711000.0,5322711000.0,5306142000.0,137.71,135.91,137.71,10609059000.0,9166886500.0,10609059000.0,16609515466.0,3.0,3.12,529298000.0,17.748,1.0,1521081000.0,0.563,483680000.0,16569000.0,12386318000.0,10711836250.0,605156000.0,10854996000.0,351958000.0,10503038000.0,3324101000.0,609892000.0,2714209000.0,17046029466.0,69261000.0,-84415000.0,-29815000.0,-426924000.0,0.0,-471771000.0,-96155000.0,81578000.0,626130000.0,11057000.0,4097769000.0,4097769000.0,4097769000.0,0.0,0.0,1.517,1083635000.0,437446000.0,138494000.0,0.0,1.607,4.16,4.148,678936000.0,0.0,571.17,6.312,6.307,408137000.0,10245426000.0,2700778000.0,2700778000.0,251207000.0,0.334,0.447,0.497,1.971,0.0,832428000.0,1.0,29844056.0,29823000,30186000.0,90.56,13449480000.0,0.0,1208373000.0,2395186000.0,450.977,1565425000.0
2,BIO,MRT,2020-12-31,2020-12-31,2020-12-31,2021-09-07,282456000.0,12972618000.0,10943803750.0,2139835000.0,10832783000.0,0.233,331.898,-98850000.0,662205000.0,662205000.0,1107804000.0,3806267000.0,3.388,0.313,225691000.0,38305000.0,187386000.0,225691000.0,0.0,0.0,0.0,0.0,0.0,4929499000.0,4929499000.0,1.936,4929499000.0,4929499000.0,4907638000.0,127.86,126.2,127.86,9879940000.0,8087891500.0,9879940000.0,17194477002.0,3.0,3.488,476478000.0,16.006,1.0,1437822000.0,0.565,491413000.0,21861000.0,11413155000.0,9479634500.0,622253000.0,9895613000.0,334473000.0,9561140000.0,3092678000.0,631536000.0,2461142000.0,17389394002.0,4464000.0,-84415000.0,-79806000.0,-426938000.0,0.0,-523041000.0,-60250000.0,119601000.0,575328000.0,12427000.0,3806267000.0,3806267000.0,3806267000.0,0.0,0.0,1.495,1026865000.0,410957000.0,139451000.0,0.0,1.76,4.569,4.559,693507000.0,0.0,582.94,6.831,6.817,419424000.0,9268012000.0,2545626000.0,2545626000.0,226598000.0,0.348,0.471,0.52,1.936,0.0,800267000.0,1.0,29830504.0,29768000,30160000.0,85.516,12481205000.0,0.0,1101371000.0,2134120000.0,419.283,1508299000.0
3,BIO,MRT,2020-09-30,2020-09-30,2020-09-30,2021-09-07,83971000.0,12020931000.0,9702864000.0,2323861000.0,9697070000.0,0.245,296.933,-81188000.0,840325000.0,840325000.0,1072109000.0,3520651000.0,2.355,0.362,645408000.0,461023000.0,184385000.0,645408000.0,0.0,0.0,0.0,0.0,0.0,4551757000.0,4551757000.0,1.912,4551757000.0,4551757000.0,4528535000.0,118.31,116.81,118.31,8825145000.0,7056670750.0,8825145000.0,15336210693.0,3.0,3.369,369208000.0,12.422,1.0,1308106000.0,0.55,497221000.0,23222000.0,10342136000.0,8297388250.0,640228000.0,8759559000.0,319662000.0,8439897000.0,3195786000.0,986657000.0,2209129000.0,15298015693.0,281749000.0,-87990000.0,-89450000.0,-1936000.0,0.0,-105940000.0,-71337000.0,96506000.0,450396000.0,8630000.0,3520651000.0,3520651000.0,3520651000.0,0.0,0.0,1.479,1013186000.0,294920000.0,132994000.0,0.0,1.733,4.345,4.357,677601000.0,0.0,515.46,6.427,6.436,402241000.0,8428925000.0,2380215000.0,2380215000.0,217902000.0,0.363,0.499,0.549,1.912,0.0,795284000.0,1.0,29678376.0,29721000,30128000.0,80.085,11523710000.0,0.0,1007884000.0,1884305000.0,387.73,1337204000.0
4,BIO,MRT,2020-06-30,2020-06-30,2020-06-30,2021-09-07,-61142000.0,10097307000.0,8491910250.0,2132584000.0,7964723000.0,0.27,247.99,-92320000.0,607584000.0,607584000.0,1045764000.0,1947011000.0,2.301,0.373,645779000.0,460443000.0,185336000.0,645779000.0,0.0,0.0,0.0,0.0,0.0,2531877000.0,2531877000.0,1.104,2531877000.0,2531877000.0,2508858000.0,65.39,64.49,65.39,7353402000.0,6133182500.0,7353402000.0,13430701307.0,5.0,5.305,322162000.0,10.865,1.0,1247821000.0,0.544,502871000.0,23019000.0,8705736000.0,7321061000.0,628401000.0,7132825000.0,429786000.0,6703039000.0,2743905000.0,926895000.0,1817010000.0,13385847307.0,28764000.0,-147952000.0,-95601000.0,-1909000.0,0.0,-110870000.0,-272100000.0,-33163000.0,414482000.0,-2748000.0,1947011000.0,1947011000.0,1947011000.0,0.0,0.0,0.849,1005041000.0,242780000.0,130905000.0,0.0,1.82,6.875,6.905,679018000.0,0.0,451.49,5.836,5.837,369767000.0,7123093000.0,2293585000.0,2293585000.0,206300000.0,0.229,0.317,0.346,1.104,0.0,798741000.0,1.0,29648159.0,29652000,30058000.0,77.35,9594436000.0,0.0,561847000.0,1488672000.0,323.568,1205689000.0
5,BIO,MRT,2020-03-31,2020-03-31,2020-03-31,2021-09-07,-148955000.0,8684359000.0,7879319750.0,2082587000.0,6601772000.0,0.296,210.718,-96401000.0,603551000.0,603551000.0,1066722000.0,1579392000.0,2.396,0.38,648405000.0,460748000.0,187657000.0,648405000.0,0.0,0.0,0.0,0.0,0.0,2055634000.0,2055634000.0,0.883,2055634000.0,2055634000.0,2032514000.0,52.88,52.2,52.88,6293079000.0,5666534500.0,6293079000.0,10481087788.0,5.0,5.099,381361000.0,12.769,1.0,1262602000.0,0.542,402448000.0,23120000.0,7457511000.0,6874246500.0,557029000.0,5873470000.0,438710000.0,5434760000.0,2391280000.0,869254000.0,1522026000.0,10490625788.0,149906000.0,-63303000.0,-110824000.0,-2307000.0,0.0,-123536000.0,-198598000.0,-40209000.0,477762000.0,-5722000.0,1579392000.0,1579392000.0,1579392000.0,0.0,0.0,0.678,1015174000.0,247428000.0,118221000.0,0.0,1.667,6.642,6.629,686661000.0,0.0,350.56,4.504,4.495,380476000.0,6156691000.0,2329324000.0,2329324000.0,204438000.0,0.2,0.279,0.299,0.883,0.0,810736000.0,1.0,29925336.0,29865000,30196000.0,77.995,8281911000.0,0.0,453122000.0,1193410000.0,277.312,1213333000.0
6,BIO,MRT,2019-12-31,2019-12-31,2019-12-31,2021-09-07,-87348000.0,8008859000.0,7423958500.0,2180155000.0,5828704000.0,0.311,192.844,-98403000.0,660672000.0,660672000.0,1054663000.0,1758675000.0,2.408,0.392,651134000.0,461537000.0,189597000.0,651134000.0,33735000.0,0.0,0.0,0.0,0.0,2284497000.0,2284497000.0,0.988,2284497000.0,2284497000.0,2261081000.0,58.93,58.27,58.93,5755057000.0,5309228500.0,5755057000.0,11181589585.0,5.0,4.895,359494000.0,12.046,1.0,1256996000.0,0.544,409656000.0,23416000.0,6684170000.0,6574651000.0,554007000.0,5097738000.0,459533000.0,4638205000.0,2253802000.0,905495000.0,1348307000.0,11076789585.0,228487000.0,-79386000.0,-11056000.0,-1129000.0,0.0,-22758000.0,-208889000.0,-39918000.0,457897000.0,2237000.0,1758675000.0,1758675000.0,1758675000.0,0.0,0.0,0.761,1027335000.0,229661000.0,107014000.0,0.0,1.925,6.298,6.279,701207000.0,0.0,370.03,4.792,4.777,392672000.0,5470779000.0,2311659000.0,2311659000.0,202710000.0,0.237,0.331,0.347,0.988,0.0,824625000.0,1.0,29934842.0,29843000,30184000.0,77.461,7599203000.0,0.0,502406000.0,1034072000.0,254.639,1274660000.0
7,BIO,MRT,2019-09-30,2019-09-30,2019-09-30,2021-09-07,-152113000.0,7177116000.0,6824510750.0,2047632000.0,5129484000.0,0.338,172.009,-130681000.0,561071000.0,561071000.0,1044956000.0,376660000.0,4.718,0.399,665871000.0,35463000.0,630408000.0,665871000.0,0.0,0.0,0.0,0.0,0.0,543895000.0,543895000.0,0.236,543895000.0,543895000.0,520404000.0,12.64,12.52,12.64,5131192000.0,4875547000.0,5131192000.0,9996863862.0,18.0,18.38,272423000.0,9.132,1.0,1259122000.0,0.546,411049000.0,23491000.0,6436827000.0,6107429500.0,587987000.0,4355452000.0,423737000.0,3931715000.0,2045924000.0,434040000.0,1611884000.0,9916476862.0,127763000.0,-75811000.0,-52066000.0,-2339000.0,0.0,-64978000.0,-202504000.0,-3395000.0,403104000.0,-7859000.0,376660000.0,376660000.0,376660000.0,0.0,0.0,0.163,1315720000.0,-56598000.0,249835000.0,0.0,1.933,26.327,26.324,713392000.0,0.0,332.74,4.304,4.308,356025000.0,4917313000.0,2304078000.0,2304078000.0,198715000.0,0.055,0.077,0.089,0.236,0.0,824492000.0,1.0,29802479.0,29831000,29831000.0,77.238,6766067000.0,0.0,143744000.0,873253000.0,226.813,1613592000.0
8,BIO,MRT,2019-06-30,2019-06-30,2019-06-30,2021-09-07,-49573000.0,7646945000.0,6709897250.0,2087940000.0,5559005000.0,0.341,184.035,-121470000.0,580684000.0,580684000.0,1049771000.0,904802000.0,4.682,0.394,661071000.0,35700000.0,625371000.0,661071000.0,0.0,0.0,0.0,0.0,0.0,1229781000.0,1229781000.0,0.537,1229781000.0,1229781000.0,1205751000.0,30.34,30.09,30.34,5486810000.0,4817869250.0,5486810000.0,9531901869.0,8.0,7.751,244161000.0,8.189,1.0,1238812000.0,0.541,362877000.0,24030000.0,6918478000.0,5902971750.0,589897000.0,4823972000.0,406732000.0,4417240000.0,2160135000.0,445977000.0,1714158000.0,9321457869.0,179283000.0,-16038000.0,-49149000.0,-2273000.0,0.0,-62663000.0,-122104000.0,8021000.0,365631000.0,-1581000.0,904802000.0,904802000.0,904802000.0,0.0,0.0,0.395,1316595000.0,-77783000.0,246809000.0,0.0,1.699,10.302,10.303,714687000.0,0.0,312.59,4.073,4.072,377904000.0,5184511000.0,2288583000.0,2288583000.0,200016000.0,0.135,0.188,0.208,0.537,0.0,824066000.0,1.0,29820077.0,29814000,30154000.0,76.762,7284068000.0,0.0,300949000.0,980956000.0,244.317,1641963000.0
9,BIO,MRT,2019-03-31,2019-03-31,2019-03-31,2021-09-07,-80965000.0,6862914000.0,6394716750.0,2031643000.0,4831271000.0,0.358,163.211,-121899000.0,455890000.0,455890000.0,1059165000.0,574035000.0,4.573,0.411,666334000.0,36170000.0,630164000.0,666334000.0,0.0,0.0,0.0,0.0,0.0,800402000.0,800402000.0,0.349,800402000.0,800402000.0,776236000.0,19.25,19.1,19.25,4863855000.0,4605903250.0,4863855000.0,9164904519.0,11.0,11.45,166192000.0,5.577,1.0,1232710000.0,0.538,369923000.0,24166000.0,6259129000.0,5504161250.0,590438000.0,4080571000.0,408659000.0,3671912000.0,1999059000.0,444306000.0,1554753000.0,9158846519.0,50892000.0,-15772000.0,-34820000.0,-3111000.0,0.0,-49034000.0,-190875000.0,-60607000.0,288091000.0,2710000.0,574035000.0,574035000.0,574035000.0,0.0,0.0,0.25,1323091000.0,-90381000.0,239018000.0,0.0,1.883,15.955,15.879,724549000.0,0.0,305.68,3.996,3.975,391699000.0,4585701000.0,2291875000.0,2291875000.0,197344000.0,0.09,0.125,0.145,0.349,0.0,833234000.0,1.0,29962204.0,29801000,30104000.0,76.906,6492991000.0,0.0,202201000.0,822872000.0,217.878,1587337000.0
10,BIO,MRT,2018-12-31,2018-12-31,2018-12-31,2021-09-07,-46958000.0,5611068000.0,6232716250.0,2023478000.0,3587590000.0,0.367,134.748,-125510000.0,431526000.0,431526000.0,1066264000.0,365614000.0,4.489,0.396,439430000.0,493000.0,438937000.0,439430000.0,26936000.0,0.0,0.0,0.0,0.0,536621000.0,536621000.0,0.234,536621000.0,536621000.0,512659000.0,12.25,12.1,12.25,4020331000.0,4511962250.0,4020331000.0,6963881013.0,13.0,12.977,159984000.0,5.362,1.0,1223151000.0,0.534,352893000.0,23962000.0,4815284000.0,5216358500.0,583815000.0,3074539000.0,418830000.0,2655709000.0,1590737000.0,450795000.0,1139942000.0,6957823013.0,49181000.0,7230000.0,-34779000.0,-2961000.0,0.0,-48680000.0,-186978000.0,-68695000.0,285494000.0,-655000.0,365614000.0,365614000.0,365614000.0,0.0,0.0,0.16,1326492000.0,-103341000.0,122450000.0,0.0,1.731,19.031,18.957,508690000.0,0.0,232.22,3.039,3.026,392443000.0,3722073000.0,2289415000.0,2289415000.0,199196000.0,0.059,0.081,0.103,0.234,0.0,834783000.0,1.0,29962204.0,29836000,30228000.0,76.733,5258175000.0,0.0,147045000.0,609427000.0,176.236,1572683000.0
11,BIO,MRT,2018-09-30,2018-09-30,2018-09-30,2021-09-07,-32299000.0,6718662000.0,5898202250.0,2034197000.0,4684465000.0,0.389,164.099,-97722000.0,434517000.0,434517000.0,1058020000.0,1276877000.0,4.489,0.371,440575000.0,1772000.0,438803000.0,440575000.0,0.0,0.0,0.0,0.0,0.0,1623460000.0,1623460000.0,0.708,1623460000.0,1623460000.0,1599856000.0,42.85,42.28,42.85,4900481000.0,4239442000.0,4900481000.0,9375563300.0,6.0,5.775,152128000.0,5.094,1.0,1235843000.0,0.539,652565000.0,23604000.0,5618996000.0,4797865250.0,601053000.0,3905934000.0,431613000.0,3474321000.0,1818181000.0,453159000.0,1365022000.0,9338072300.0,105547000.0,-69415000.0,21840000.0,-1691000.0,0.0,1899000.0,-145250000.0,21895000.0,249850000.0,-952000.0,1276877000.0,1276877000.0,1276877000.0,0.0,0.0,0.557,1056150000.0,179693000.0,257028000.0,0.0,1.906,7.313,7.304,484323000.0,0.0,312.99,4.071,4.075,381526000.0,4550601000.0,2293863000.0,2293863000.0,222163000.0,0.216,0.301,0.338,0.708,0.0,822481000.0,1.0,29835050.0,29863000,30292000.0,76.813,6066097000.0,0.0,322979000.0,798731000.0,203.131,1581038000.0
12,BIO,MRT,2018-06-30,2018-06-30,2018-06-30,2021-09-07,-18710000.0,6386223000.0,5264968750.0,1992334000.0,4393889000.0,0.434,155.596,-96113000.0,403006000.0,403006000.0,1034731000.0,1029618000.0,4.503,0.377,440497000.0,1721000.0,438776000.0,440497000.0,0.0,0.0,0.0,0.0,0.0,1303725000.0,1303725000.0,0.571,1303725000.0,1303725000.0,1280313000.0,34.57,34.12,34.57,4638946000.0,3726433500.0,4638946000.0,8627620253.0,7.0,6.618,119935000.0,4.023,1.0,1248135000.0,0.547,658057000.0,23412000.0,5323236000.0,4173982750.0,591433000.0,3591621000.0,420801000.0,3170820000.0,1747277000.0,442421000.0,1304856000.0,8599845253.0,81497000.0,-69460000.0,15901000.0,-1672000.0,0.0,1235000.0,-130555000.0,34896000.0,216048000.0,-5231000.0,1029618000.0,1029618000.0,1029618000.0,0.0,0.0,0.451,1065955000.0,182180000.0,261721000.0,0.0,1.854,8.352,8.347,490249000.0,0.0,288.54,3.767,3.768,404091000.0,4281275000.0,2282866000.0,2282866000.0,234995000.0,0.196,0.276,0.312,0.571,0.0,819454000.0,1.0,29804690.0,29814000,30219000.0,76.57,5728166000.0,0.0,250695000.0,716491000.0,192.13,1549913000.0
13,BIO,MRT,2018-03-31,2018-03-31,2018-03-31,2021-09-07,104085000.0,6214912000.0,4704277750.0,1977116000.0,4237796000.0,0.47,150.673,-99095000.0,407272000.0,407272000.0,991778000.0,766610000.0,4.334,0.385,435047000.0,369000.0,434678000.0,435047000.0,0.0,0.0,0.0,0.0,0.0,964827000.0,964827000.0,0.436,964827000.0,964827000.0,941347000.0,25.75,25.42,25.75,4488091000.0,3269446250.0,4488091000.0,7549380359.0,8.0,7.825,101591000.0,3.411,1.0,1219843000.0,0.552,678571000.0,23480000.0,5107918000.0,3614811250.0,612217000.0,3342989000.0,361221000.0,2981768000.0,1726821000.0,456198000.0,1270623000.0,7443347359.0,115058000.0,3815000.0,11666000.0,-327000.0,0.0,2183000.0,-83996000.0,15082000.0,200686000.0,-3815000.0,766610000.0,766610000.0,766610000.0,0.0,0.0,0.347,1083156000.0,136687000.0,259365000.0,0.0,1.658,9.709,9.712,499708000.0,0.0,250.08,3.366,3.368,430361000.0,4013232000.0,2211621000.0,2211621000.0,250132000.0,0.163,0.234,0.267,0.436,0.0,821518000.0,1.0,29763865.0,29787000,30171000.0,74.248,5536341000.0,0.0,174737000.0,687334000.0,185.864,1520918000.0
14,BIO,MRT,2017-12-31,2017-12-31,2017-12-31,2021-09-07,738794000.0,4273012000.0,4138742000.0,1976649000.0,2296363000.0,0.522,98.811,-111246000.0,383824000.0,383824000.0,972450000.0,122249000.0,3.932,0.458,435001000.0,420000.0,434581000.0,435001000.0,28233000.0,0.0,0.0,0.0,0.0,120819000.0,120819000.0,0.056,120819000.0,120819000.0,97805000.0,4.12,4.07,4.12,2930250000.0,2824290000.0,2930250000.0,7209774660.0,60.0,59.674,-7109000.0,-0.24,1.0,1187703000.0,0.55,680182000.0,23014000.0,3141311000.0,3083219750.0,594804000.0,1404450000.0,376714000.0,1027736000.0,1342762000.0,502696000.0,840066000.0,7103741660.0,-72188000.0,-76645000.0,11684000.0,-352000.0,0.0,341000.0,-175572000.0,16114000.0,104137000.0,-1094000.0,122249000.0,122249000.0,122249000.0,0.0,0.0,0.057,1068453000.0,119250000.0,135182000.0,0.0,2.424,58.109,57.93,493496000.0,0.0,238.67,3.289,3.277,464847000.0,1830439000.0,2160153000.0,2160153000.0,250157000.0,0.03,0.043,0.039,0.056,0.0,806790000.0,1.0,29763865.0,29655000,30034000.0,72.843,3592830000.0,0.0,-24444000.0,262150000.0,121.154,1473953000.0
15,BIO,MRT,2017-09-30,2017-09-30,2017-09-30,2021-09-07,617162000.0,4185728000.0,4033115000.0,1892451000.0,2293277000.0,0.523,96.037,-130295000.0,328894000.0,328894000.0,953167000.0,16820000.0,4.057,0.469,434927000.0,452000.0,434475000.0,434927000.0,0.0,0.0,0.0,0.0,0.0,47435000.0,47435000.0,0.022,47435000.0,47435000.0,23668000.0,0.55,0.54,0.55,2848447000.0,2736517500.0,2848447000.0,6699457804.0,141.0,141.234,-771000.0,-0.026,1.0,1157144000.0,0.548,701839000.0,23767000.0,3123466000.0,2977570500.0,601571000.0,1424924000.0,392123000.0,1032801000.0,1337281000.0,466456000.0,870825000.0,6586150804.0,-89171000.0,11785000.0,3154000.0,-291000.0,0.0,-406000.0,-212612000.0,-90183000.0,129524000.0,-5677000.0,16820000.0,16820000.0,16820000.0,0.0,0.0,0.008,1114501000.0,42643000.0,273958000.0,0.0,2.312,391.567,404.036,500687000.0,0.0,222.22,3.121,3.123,419708000.0,1880765000.0,2110311000.0,2110311000.0,231503000.0,0.004,0.006,0.016,0.022,-13636000.0,823053000.0,1.0,29637975.0,29660000,30052000.0,71.15,3483889000.0,0.0,6848000.0,319554000.0,117.461,1425995000.0
16,BIO,MRT,2017-06-30,2017-06-30,2017-06-30,2021-09-07,610948000.0,4143459000.0,3991614500.0,1826528000.0,2316931000.0,0.522,94.924,-149124000.0,321584000.0,321584000.0,947310000.0,13158000.0,4.013,0.474,434891000.0,505000.0,434386000.0,434891000.0,0.0,0.0,0.0,0.0,0.0,39297000.0,39297000.0,0.019,39297000.0,39297000.0,15768000.0,0.44,0.43,0.44,2810997000.0,2700078500.0,2810997000.0,6843159099.0,174.0,174.139,3532000.0,0.119,1.0,1137605000.0,0.546,715106000.0,23529000.0,3086550000.0,2913210500.0,580581000.0,1436787000.0,395828000.0,1040959000.0,1332462000.0,455110000.0,877352000.0,6700067099.0,-97337000.0,11477000.0,7300000.0,-295000.0,0.0,5331000.0,-251227000.0,-109531000.0,152656000.0,-4097000.0,13158000.0,13158000.0,13158000.0,0.0,0.0,0.006,1105631000.0,31974000.0,277566000.0,0.0,2.384,509.201,514.341,503329000.0,0.0,226.31,3.214,3.214,392842000.0,1853372000.0,2084915000.0,2084915000.0,219350000.0,0.003,0.005,0.013,0.019,-10763000.0,826336000.0,1.0,29605705.0,29613000,30006000.0,70.405,3428353000.0,0.0,2610000.0,328151000.0,115.772,1371418000.0
17,BIO,MRT,2017-03-31,2017-03-31,2017-03-31,2021-09-07,516643000.0,3952769000.0,3924408500.0,1732571000.0,2220198000.0,0.534,91.53,-155060000.0,291663000.0,291663000.0,952564000.0,26137000.0,4.252,0.46,434755000.0,466000.0,434289000.0,434755000.0,0.0,0.0,0.0,0.0,0.0,64628000.0,64628000.0,0.031,64628000.0,64628000.0,41512000.0,0.88,0.87,0.88,2707466000.0,2650969500.0,2707466000.0,5874113651.0,91.0,90.891,12251000.0,0.414,1.0,1144462000.0,0.546,706805000.0,23116000.0,2981552000.0,2827550500.0,559819000.0,1342592000.0,386972000.0,955620000.0,1245303000.0,407504000.0,837799000.0,5895857651.0,-112302000.0,-63907000.0,11402000.0,-301000.0,0.0,9435000.0,-273414000.0,-54312000.0,167311000.0,-15634000.0,26137000.0,26137000.0,26137000.0,0.0,0.0,0.012,1088262000.0,56200000.0,231485000.0,0.0,2.178,225.575,226.523,505104000.0,0.0,199.34,2.812,2.812,373443000.0,1848337000.0,2097026000.0,2097026000.0,206574000.0,0.007,0.01,0.023,0.031,-6017000.0,819383000.0,1.0,29576892.0,29580000,29911000.0,70.893,3245964000.0,0.0,15375000.0,33042000.0,109.735,1325067000.0
18,BIO,MRT,2016-12-31,2016-12-31,2016-12-31,2021-09-07,417766000.0,3850504000.0,3874569500.0,1844524000.0,2005980000.0,0.534,87.607,-141038000.0,456264000.0,456264000.0,929744000.0,26000000.0,3.914,0.493,434520000.0,334000.0,434186000.0,434520000.0,31003000.0,0.0,0.0,0.0,0.0,64940000.0,64940000.0,0.031,64940000.0,64940000.0,41560000.0,0.88,0.88,0.88,2579160000.0,2610215250.0,2579160000.0,5401272227.0,83.0,83.173,75028000.0,2.549,1.0,1138428000.0,0.55,638724000.0,23380000.0,2718714000.0,2739997500.0,524961000.0,1218526000.0,387736000.0,830790000.0,1271344000.0,471322000.0,800022000.0,5384777227.0,-1652000.0,0.0,11280000.0,-266000.0,0.0,9020000.0,-213880000.0,-72707000.0,216066000.0,-12858000.0,26000000.0,26000000.0,26000000.0,0.0,0.0,0.013,1082710000.0,55718000.0,133109000.0,0.0,2.088,207.107,207.136,488614000.0,0.0,182.28,2.604,2.595,372348000.0,1828581000.0,2068172000.0,2068172000.0,205708000.0,0.007,0.01,0.024,0.031,-1506000.0,814697000.0,1.0,29541240.0,29440000,29646000.0,70.25,3211780000.0,0.0,15560000.0,253423000.0,109.096,1373202000.0
19,BIO,MRT,2016-09-30,2016-09-30,2016-09-30,2021-09-07,521403000.0,4019726000.0,3839373000.0,1850103000.0,2169623000.0,0.538,91.791,-123894000.0,417939000.0,417939000.0,935031000.0,94323000.0,4.179,0.487,434434000.0,297000.0,434137000.0,434434000.0,4400000.0,0.0,0.0,0.0,0.0,146825000.0,146825000.0,0.071,146825000.0,146825000.0,123945000.0,3.22,3.19,3.22,2702691000.0,2588051000.0,2702691000.0,4835542731.0,33.0,32.934,33372000.0,1.133,1.0,1132245000.0,0.548,727477000.0,22880000.0,2866026000.0,2694075250.0,556358000.0,1296045000.0,392387000.0,903658000.0,1317035000.0,442718000.0,874317000.0,4819842731.0,-89390000.0,-11785000.0,12338000.0,-381000.0,0.0,9919000.0,-247535000.0,-111853000.0,157266000.0,-9040000.0,94323000.0,94323000.0,94323000.0,0.0,0.0,0.046,996417000.0,135828000.0,280453000.0,0.0,1.783,51.099,50.873,474667000.0,0.0,163.81,2.331,2.333,367662000.0,1856750000.0,2067276000.0,2067276000.0,204208000.0,0.025,0.036,0.054,0.071,2695000.0,789849000.0,1.0,29423373.0,29444000,29671000.0,70.21,3292249000.0,0.0,29622000.0,317519000.0,111.814,1407385000.0
20,BIO,MRT,2016-06-30,2016-06-30,2016-06-30,2021-09-07,459560000.0,3874635000.0,3751040500.0,1805688000.0,2068947000.0,0.541,88.937,-109525000.0,418651000.0,418651000.0,912264000.0,93288000.0,4.4,0.482,434351000.0,294000.0,434057000.0,434351000.0,0.0,0.0,0.0,0.0,0.0,149740000.0,149740000.0,0.074,149740000.0,149740000.0,126672000.0,3.18,3.16,3.18,2614561000.0,2519810500.0,2614561000.0,4235071284.0,28.0,28.283,78413000.0,2.667,1.0,1116228000.0,0.55,736020000.0,23068000.0,2743910000.0,2585401500.0,541514000.0,1187617000.0,377154000.0,810463000.0,1260074000.0,410405000.0,849669000.0,4204410284.0,-31482000.0,-11477000.0,10525000.0,-307000.0,0.0,9145000.0,-221341000.0,-100282000.0,187938000.0,-7224000.0,93288000.0,93288000.0,93288000.0,0.0,0.0,0.046,975822000.0,140406000.0,256112000.0,0.0,1.608,45.069,44.975,457685000.0,0.0,143.02,2.073,2.073,366281000.0,1838345000.0,2028492000.0,2028492000.0,197620000.0,0.025,0.037,0.058,0.074,-142000.0,775842000.0,1.0,29397359.0,29398000,29589000.0,69.001,3138615000.0,0.0,33384000.0,21856000.0,106.763,1395283000.0
21,BIO,MRT,2016-03-31,2016-03-31,2016-03-31,2021-09-07,415340000.0,3753413000.0,3663717500.0,1775264000.0,1978149000.0,0.551,86.652,-110140000.0,403615000.0,403615000.0,902224000.0,103697000.0,4.428,0.475,434276000.0,296000.0,433980000.0,434276000.0,0.0,0.0,0.0,0.0,0.0,161618000.0,161618000.0,0.08,161618000.0,161618000.0,139348000.0,3.55,3.52,3.55,2544449000.0,2455894500.0,2544449000.0,3992845320.0,25.0,24.705,39176000.0,1.334,1.0,1115593000.0,0.553,751846000.0,22270000.0,2631340000.0,2488289000.0,533312000.0,1060692000.0,349255000.0,711437000.0,1208964000.0,400888000.0,808076000.0,4014389320.0,-22113000.0,-9634000.0,10498000.0,-293000.0,0.0,9170000.0,-189736000.0,-69897000.0,149316000.0,9137000.0,103697000.0,103697000.0,103697000.0,0.0,0.0,0.051,957507000.0,158086000.0,241249000.0,0.0,1.578,38.713,38.513,449226000.0,0.0,136.72,1.989,1.99,381100000.0,1820331000.0,2017817000.0,2017817000.0,194356000.0,0.028,0.042,0.065,0.08,-746000.0,763151000.0,1.0,29362122.0,29364000,29506000.0,68.717,3001567000.0,0.0,35651000.0,27725000.0,102.219,1374376000.0
22,BIO,MRT,2015-12-31,2015-12-31,2015-12-31,2021-09-07,382138000.0,3709718000.0,3556913250.0,1777596000.0,1932122000.0,0.568,85.332,-111921000.0,457549000.0,457549000.0,897771000.0,109239000.0,4.028,0.49,434181000.0,298000.0,433883000.0,434181000.0,29683000.0,0.0,0.0,0.0,0.0,167539000.0,167539000.0,0.083,167539000.0,167539000.0,145847000.0,3.74,3.71,3.74,2490503000.0,2369410500.0,2490503000.0,3992271004.0,24.0,23.829,74289000.0,2.545,1.0,1121670000.0,0.555,709974000.0,21692000.0,2535025000.0,2373733750.0,490224000.0,1052768000.0,332928000.0,719840000.0,1219215000.0,441351000.0,777864000.0,4063493004.0,44298000.0,0.0,8236000.0,-282000.0,0.0,8581000.0,-166869000.0,-53576000.0,186210000.0,16376000.0,109239000.0,109239000.0,109239000.0,0.0,0.0,0.054,954962000.0,166708000.0,122391000.0,0.0,1.632,37.198,37.075,437690000.0,0.0,138.66,2.012,2.004,391485000.0,1808055000.0,2019441000.0,2019441000.0,192972000.0,0.031,0.046,0.071,0.083,-3610000.0,761990000.0,1.0,29305445.0,29186000,29409000.0,69.192,2999744000.0,0.0,36608000.0,262814000.0,102.78,1336245000.0
23,BIO,MRT,2015-09-30,2015-09-30,2015-09-30,2021-09-07,379380000.0,3666396000.0,3464803250.0,1794416000.0,1871980000.0,0.591,83.224,-124262000.0,507329000.0,507329000.0,916543000.0,102648000.0,4.123,0.509,436107000.0,379000.0,435728000.0,436107000.0,0.0,0.0,0.0,0.0,0.0,158053000.0,158053000.0,0.077,158053000.0,158053000.0,137395000.0,3.53,3.51,3.53,2429729000.0,2293073500.0,2429729000.0,3902506285.0,25.0,24.691,66212000.0,2.268,1.0,1130565000.0,0.552,728608000.0,20658000.0,2431331000.0,2280620500.0,512736000.0,942282000.0,278749000.0,663533000.0,1236667000.0,435235000.0,801432000.0,3916711285.0,82736000.0,43645000.0,11412000.0,-1402000.0,0.0,8478000.0,-132535000.0,-50552000.0,190474000.0,16319000.0,102648000.0,102648000.0,102648000.0,0.0,0.0,0.05,972754000.0,157811000.0,268228000.0,0.0,1.612,38.157,38.048,433822000.0,0.0,134.31,1.913,1.915,341548000.0,1758573000.0,2047108000.0,2047108000.0,196372000.0,0.03,0.045,0.069,0.077,-4706000.0,776382000.0,1.0,29161725.0,29195000,29439000.0,70.118,2937788000.0,0.0,34747000.0,277265000.0,100.626,1359181000.0
24,BIO,MRT,2015-06-30,2015-06-30,2015-06-30,2021-09-07,332047000.0,3525343000.0,3394710250.0,1741928000.0,1783415000.0,0.621,80.962,-126842000.0,450133000.0,450133000.0,952102000.0,96787000.0,4.313,0.494,435928000.0,268000.0,435660000.0,435928000.0,0.0,0.0,0.0,0.0,0.0,157002000.0,157002000.0,0.074,157002000.0,157002000.0,134456000.0,3.34,3.31,3.34,2358897000.0,2229823750.0,2358897000.0,4398102928.0,28.0,28.013,72007000.0,2.471,1.0,1155689000.0,0.548,751784000.0,22546000.0,2355460000.0,2199757000.0,500975000.0,819245000.0,277513000.0,541732000.0,1166446000.0,403894000.0,762552000.0,4387905928.0,65463000.0,42010000.0,13164000.0,-1764000.0,0.0,8121000.0,-151811000.0,-65561000.0,198849000.0,10304000.0,96787000.0,96787000.0,96787000.0,0.0,0.0,0.046,997309000.0,158380000.0,239847000.0,0.0,1.86,45.336,45.093,439644000.0,0.0,150.61,2.082,2.082,354161000.0,1741203000.0,2107791000.0,2107791000.0,205822000.0,0.029,0.043,0.071,0.074,-2006000.0,791487000.0,1.0,29134227.0,29136000,29381000.0,72.343,2773559000.0,0.0,37669000.0,237197000.0,95.194,1338034000.0
25,BIO,MRT,2015-03-31,2015-03-31,2015-03-31,2021-09-07,207446000.0,3326196000.0,3380312250.0,1701844000.0,1624352000.0,0.633,75.571,-125383000.0,425728000.0,425728000.0,965187000.0,99995000.0,4.082,0.513,435925000.0,264000.0,435661000.0,435925000.0,0.0,0.0,0.0,0.0,0.0,166989000.0,166989000.0,0.078,166989000.0,166989000.0,143713000.0,3.46,3.43,3.46,2198513000.0,2202585500.0,2198513000.0,3956682884.0,24.0,23.694,111805000.0,3.843,1.0,1173334000.0,0.549,746392000.0,23276000.0,2173119000.0,2163990750.0,478375000.0,685220000.0,284958000.0,400262000.0,1127683000.0,416882000.0,710801000.0,3933958884.0,61221000.0,0.0,13133000.0,-1763000.0,0.0,7868000.0,-182932000.0,-53121000.0,237188000.0,-903000.0,99995000.0,99995000.0,99995000.0,0.0,0.0,0.047,1009472000.0,163862000.0,250813000.0,0.0,1.789,39.342,39.069,428300000.0,0.0,135.18,1.84,1.839,342223000.0,1712780000.0,2138521000.0,2138521000.0,214992000.0,0.03,0.045,0.077,0.078,-3039000.0,794480000.0,1.0,29101634.0,29092000,29289000.0,73.509,2579804000.0,0.0,43718000.0,31926000.0,88.677,1284962000.0
26,BIO,MRT,2014-12-31,2014-12-31,2014-12-31,2021-09-07,218945000.0,3341278000.0,3409107750.0,1716367000.0,1624911000.0,0.638,75.674,-120774000.0,413251000.0,413251000.0,996527000.0,88845000.0,3.842,0.529,435975000.0,265000.0,435710000.0,435975000.0,26716000.0,0.0,0.0,0.0,0.0,153688000.0,153688000.0,0.071,153688000.0,153688000.0,131557000.0,3.08,3.05,3.08,2185155000.0,2211108000.0,2185155000.0,3504025920.0,23.0,22.8,152538000.0,5.283,1.0,1178517000.0,0.542,754669000.0,22131000.0,2162572000.0,2184709500.0,470997000.0,673693000.0,284384000.0,389309000.0,1156123000.0,446761000.0,709362000.0,3491408920.0,81700000.0,0.0,15051000.0,-1813000.0,0.0,11689000.0,-190511000.0,-54258000.0,273312000.0,-12790000.0,88845000.0,88845000.0,88845000.0,0.0,0.0,0.041,1028533000.0,149984000.0,128608000.0,0.0,1.598,39.298,39.143,428836000.0,0.0,120.56,1.605,1.601,377640000.0,1694962000.0,2175044000.0,2175044000.0,220333000.0,0.026,0.04,0.07,0.071,-1349000.0,808200000.0,1.0,28959928.0,28876000,29133000.0,75.324,2586609000.0,0.0,42712000.0,190082000.0,89.576,1269606000.0
27,BIO,MRT,2014-09-30,2014-09-30,2014-09-30,2021-09-07,261038000.0,3386024000.0,3420985750.0,1764445000.0,1621579000.0,0.637,75.361,-108242000.0,424593000.0,424593000.0,995599000.0,79944000.0,3.502,0.556,437210000.0,1471000.0,435739000.0,437210000.0,0.0,0.0,0.0,0.0,0.0,154471000.0,154471000.0,0.071,154471000.0,154471000.0,130321000.0,2.78,2.75,2.78,2176730000.0,2211499750.0,2176730000.0,3326439940.0,22.0,21.534,195404000.0,6.765,1.0,1183856000.0,0.543,786981000.0,24150000.0,2107877000.0,2199869000.0,516047000.0,642114000.0,277985000.0,364129000.0,1209294000.0,503783000.0,705511000.0,3273777940.0,132800000.0,-47189000.0,10205000.0,-527000.0,0.0,11832000.0,-180512000.0,-9393000.0,303646000.0,-2166000.0,79944000.0,79944000.0,79944000.0,0.0,0.0,0.037,1032141000.0,151715000.0,126640000.0,0.0,1.504,40.951,40.791,420897000.0,0.0,113.4,1.502,1.503,354401000.0,1655925000.0,2179455000.0,2179455000.0,216894000.0,0.023,0.036,0.07,0.071,-1816000.0,815247000.0,1.0,28869294.0,28884000,29141000.0,75.455,2599043000.0,0.0,50377000.0,24399000.0,89.982,1260662000.0
28,BIO,MRT,2014-06-30,2014-06-30,2014-06-30,2021-09-07,351285000.0,3467751000.0,3394581750.0,1767494000.0,1700257000.0,0.635,78.053,-101106000.0,384670000.0,384670000.0,974381000.0,61336000.0,3.68,0.541,437332000.0,1725000.0,435607000.0,437332000.0,0.0,0.0,0.0,0.0,0.0,150680000.0,150680000.0,0.07,150680000.0,150680000.0,102629000.0,2.13,2.11,2.13,2249944000.0,2198377250.0,2249944000.0,3522796558.0,23.0,23.379,166718000.0,5.784,1.0,1179496000.0,0.548,827770000.0,48051000.0,2212395000.0,2216204000.0,520642000.0,645821000.0,262908000.0,382913000.0,1217807000.0,480248000.0,737559000.0,3449960558.0,17671000.0,-48181000.0,11130000.0,-300219000.0,0.0,-299263000.0,40929000.0,205798000.0,267824000.0,8181000.0,61336000.0,61336000.0,61336000.0,0.0,0.0,0.028,1031963000.0,147533000.0,125461000.0,0.0,1.533,56.247,56.202,440326000.0,0.0,119.71,1.602,1.602,378891000.0,1644416000.0,2153877000.0,2153877000.0,217028000.0,0.018,0.028,0.068,0.07,-2057000.0,814935000.0,1.0,28819318.0,28826000,29092000.0,74.72,2639981000.0,0.0,41293000.0,28264000.0,91.583,1287246000.0
29,BIO,MRT,2014-03-31,2014-03-31,2014-03-31,2021-09-07,372598000.0,3441378000.0,3398349250.0,1766810000.0,1674568000.0,0.63,77.545,-93834000.0,364507000.0,364507000.0,960011000.0,64307000.0,3.671,0.541,437343000.0,1732000.0,435611000.0,437343000.0,0.0,0.0,0.0,0.0,0.0,157027000.0,157027000.0,0.073,157027000.0,157027000.0,102876000.0,2.24,2.22,2.24,2232603000.0,2153626750.0,2232603000.0,3794988528.0,24.0,24.168,116855000.0,4.059,1.0,1182355000.0,0.552,776969000.0,54151000.0,2255994000.0,2323172750.0,513852000.0,697067000.0,276826000.0,420241000.0,1208775000.0,481251000.0,727524000.0,3689138528.0,-4122000.0,-7998000.0,11526000.0,-300203000.0,0.0,-300781000.0,73631000.0,188058000.0,210689000.0,12339000.0,64307000.0,64307000.0,64307000.0,0.0,0.0,0.03,1027580000.0,154775000.0,130864000.0,0.0,1.652,57.368,57.196,430876000.0,0.0,128.12,1.722,1.722,383928000.0,1612785000.0,2142366000.0,2142366000.0,213152000.0,0.019,0.03,0.068,0.073,-2653000.0,814428000.0,1.0,28794400.0,28791000,29059000.0,74.411,2664409000.0,0.0,38569000.0,32596000.0,92.543,1285559000.0
30,BIO,MRT,2013-12-31,2013-12-31,2013-12-31,2021-09-07,340717000.0,3388790000.0,3402205500.0,1757479000.0,1631311000.0,0.627,76.496,-105444000.0,331551000.0,331551000.0,954216000.0,77811000.0,3.605,0.55,437401000.0,1786000.0,435615000.0,437401000.0,26390000.0,0.0,0.0,0.0,0.0,173635000.0,173635000.0,0.081,173635000.0,173635000.0,112364000.0,2.72,2.69,2.72,2186722000.0,2103280250.0,2186722000.0,3692425510.0,21.0,21.265,63692000.0,2.228,1.0,1178478000.0,0.553,783958000.0,61271000.0,2223210000.0,2405887000.0,516245000.0,655239000.0,277369000.0,377870000.0,1202068000.0,487472000.0,714596000.0,3546972510.0,-131837000.0,-72054000.0,11237000.0,-300180000.0,0.0,-311697000.0,919000.0,179117000.0,169136000.0,9805000.0,77790000.0,77790000.0,77790000.0,0.0,21000.0,0.036,1009022000.0,169456000.0,148510000.0,0.0,1.622,45.597,45.445,414401000.0,0.0,123.61,1.663,1.657,422660000.0,1606117000.0,2132694000.0,2132694000.0,210952000.0,0.023,0.037,0.072,0.081,-2720000.0,798070000.0,1.0,28694867.0,28586000,28906000.0,74.606,2604832000.0,0.0,34574000.0,195665000.0,91.123,1270007000.0
31,BIO,MRT,2013-09-30,2013-09-30,2013-09-30,2021-09-07,316326000.0,3280408000.0,3415883750.0,1674543000.0,1605865000.0,0.616,74.266,-102095000.0,291793000.0,291793000.0,933623000.0,90848000.0,3.618,0.544,437246000.0,1705000.0,435541000.0,437246000.0,0.0,0.0,0.0,0.0,0.0,194958000.0,194958000.0,0.093,194958000.0,194958000.0,127092000.0,3.19,3.16,3.19,2124240000.0,2060351000.0,2124240000.0,3728615987.0,19.0,19.125,82727000.0,2.892,1.0,1170275000.0,0.556,789759000.0,67866000.0,2173217000.0,2471465000.0,523503000.0,624760000.0,270027000.0,354733000.0,1156168000.0,462885000.0,693283000.0,3361121987.0,-134664000.0,-69474000.0,11050000.0,-300298000.0,0.0,-311950000.0,-19258000.0,152867000.0,184822000.0,11722000.0,90906000.0,90906000.0,90906000.0,0.0,-58000.0,0.043,986022000.0,184253000.0,131899000.0,0.0,1.582,36.974,36.853,425076000.0,0.0,117.56,1.598,1.598,383471000.0,1575981000.0,2103898000.0,2103898000.0,213671000.0,0.027,0.044,0.079,0.093,-2009000.0,772351000.0,1.0,28590694.0,28603000,28603000.0,73.555,2490649000.0,0.0,36186000.0,32424000.0,87.076,1211658000.0
32,BIO,MRT,2013-06-30,2013-06-30,2013-06-30,2021-09-07,267394000.0,3482821000.0,3421535750.0,1903036000.0,1579785000.0,0.613,72.568,-118471000.0,366999000.0,366999000.0,937700000.0,140567000.0,4.413,0.682,734493000.0,1693000.0,732800000.0,734493000.0,0.0,0.0,0.0,0.0,0.0,235480000.0,235480000.0,0.112,235480000.0,235480000.0,187324000.0,4.95,4.9,4.95,2070942000.0,2013011500.0,2070942000.0,3566489868.0,15.0,15.146,82861000.0,2.904,1.0,1159829000.0,0.553,778801000.0,48156000.0,2640270000.0,2532463500.0,484667000.0,467433000.0,467433000.0,0.0,1411879000.0,431244000.0,980635000.0,3200834868.0,-89488000.0,-86737000.0,10979000.0,-811000.0,0.0,-67000.0,-298114000.0,-91859000.0,201332000.0,7361000.0,140638000.0,140638000.0,140638000.0,0.0,-71000.0,0.067,938793000.0,221036000.0,129119000.0,0.0,1.546,22.759,22.667,418530000.0,0.0,112.2,1.526,1.527,395974000.0,1577861000.0,2097529000.0,2097529000.0,208546000.0,0.041,0.07,0.093,0.112,-2334000.0,730247000.0,1.0,28527940.0,28538000,28868000.0,73.5,2704020000.0,0.0,46686000.0,25898000.0,94.752,1471792000.0
33,BIO,MRT,2013-03-31,2013-03-31,2013-03-31,2021-09-07,269436000.0,3456803000.0,3343054250.0,1865180000.0,1591623000.0,0.623,71.286,-135967000.0,368629000.0,368629000.0,935002000.0,154530000.0,4.175,0.702,734284000.0,1698000.0,732586000.0,734284000.0,0.0,0.0,0.0,0.0,0.0,252970000.0,252970000.0,0.121,252970000.0,252970000.0,204077000.0,5.45,5.39,5.45,2031217000.0,1958248000.0,2031217000.0,3861658442.0,15.0,15.265,119270000.0,4.186,1.0,1147628000.0,0.551,788867000.0,48893000.0,2586851000.0,2452536750.0,467321000.0,468203000.0,468203000.0,0.0,1425586000.0,446740000.0,978846000.0,3590882442.0,-165183000.0,-88170000.0,10181000.0,-818000.0,0.0,1443000.0,-422383000.0,-196248000.0,255237000.0,520000.0,154379000.0,154379000.0,154379000.0,0.0,151000.0,0.074,906213000.0,241415000.0,119340000.0,0.0,1.768,23.26,23.119,422699000.0,0.0,126.0,1.724,1.724,377548000.0,1543187000.0,2082630000.0,2082630000.0,209041000.0,0.046,0.079,0.103,0.121,-2073000.0,697172000.0,1.0,28499067.0,28494000,28817000.0,73.09,2667936000.0,0.0,49698000.0,32956000.0,93.632,1418440000.0
34,BIO,MRT,2012-12-31,2012-12-31,2012-12-31,2021-09-07,274532000.0,3443503000.0,3275822000.0,1936682000.0,1506821000.0,0.632,71.227,-136544000.0,463388000.0,463388000.0,914077000.0,165546000.0,4.1,0.709,734164000.0,1750000.0,732414000.0,734164000.0,26288000.0,0.0,0.0,0.0,0.0,280950000.0,280950000.0,0.136,280950000.0,280950000.0,229838000.0,5.85,5.78,5.85,2015005000.0,1910356000.0,2015005000.0,3285945217.0,12.0,11.696,129936000.0,4.593,1.0,1155158000.0,0.558,756357000.0,51112000.0,2485522000.0,2356903500.0,455120000.0,751298000.0,457685000.0,293613000.0,1427963000.0,472400000.0,955563000.0,2979863217.0,-110843000.0,-39443000.0,10510000.0,-811000.0,0.0,12588000.0,-400386000.0,-222619000.0,266480000.0,10475000.0,165477000.0,165477000.0,165477000.0,0.0,69000.0,0.08,890982000.0,264176000.0,130867000.0,0.0,1.479,18.008,17.957,416938000.0,0.0,105.05,1.44,1.436,398739000.0,1528327000.0,2069235000.0,2069235000.0,209204000.0,0.051,0.087,0.119,0.136,-2889000.0,681778000.0,1.0,28366142.0,28290000,28642000.0,73.144,2687146000.0,0.0,64361000.0,149833000.0,94.986,1464282000.0
35,BIO,MRT,2012-09-30,2012-09-30,2012-09-30,2021-09-07,248783000.0,3303016000.0,3189147000.0,1845441000.0,1457575000.0,0.641,68.341,-147733000.0,426457000.0,426457000.0,893476000.0,182120000.0,4.255,0.707,732539000.0,306000.0,732233000.0,732539000.0,0.0,0.0,0.0,0.0,0.0,300570000.0,300570000.0,0.147,300570000.0,300570000.0,251085000.0,6.46,6.38,6.46,1934882000.0,1842589000.0,1934882000.0,3296424723.0,11.0,10.967,114007000.0,4.027,1.0,1152158000.0,0.563,758221000.0,49485000.0,2417211000.0,2252407750.0,458428000.0,427164000.0,427164000.0,0.0,1367534000.0,433666000.0,933868000.0,3020074723.0,-244571000.0,-188319000.0,10075000.0,-4798000.0,0.0,7340000.0,-513207000.0,-175434000.0,261740000.0,-444000.0,182010000.0,182010000.0,182010000.0,0.0,110000.0,0.089,862628000.0,289530000.0,113282000.0,0.0,1.561,16.593,16.52,397949000.0,0.0,106.72,1.476,1.477,375800000.0,1481642000.0,2045634000.0,2045634000.0,194331000.0,0.057,0.099,0.133,0.147,474000.0,668297000.0,1.0,28299051.0,28312000,28645000.0,72.253,2544795000.0,0.0,69075000.0,30396000.0,89.884,1411775000.0
36,BIO,MRT,2012-06-30,2012-06-30,2012-06-30,2021-09-07,214236000.0,3168895000.0,3105841750.0,1811072000.0,1357823000.0,0.664,65.554,-135794000.0,456487000.0,456487000.0,888887000.0,185362000.0,4.341,0.711,732837000.0,783000.0,732054000.0,732837000.0,0.0,0.0,0.0,0.0,0.0,301802000.0,301802000.0,0.146,301802000.0,301802000.0,251877000.0,6.58,6.5,6.58,1851888000.0,1782155750.0,1851888000.0,3023586041.0,10.0,10.018,105762000.0,3.744,1.0,1174564000.0,0.569,707498000.0,49925000.0,2320563000.0,2164202250.0,449457000.0,378770000.0,378770000.0,0.0,1316403000.0,417184000.0,899219000.0,2824690041.0,-213814000.0,-171899000.0,9902000.0,-5006000.0,0.0,6842000.0,-465094000.0,-155875000.0,241556000.0,2882000.0,185274000.0,185274000.0,185274000.0,0.0,88000.0,0.09,876953000.0,297611000.0,119448000.0,0.0,1.525,15.246,15.199,380656000.0,0.0,100.01,1.369,1.369,373817000.0,1439258000.0,2063451000.0,2063451000.0,191923000.0,0.06,0.104,0.139,0.146,298000.0,685030000.0,1.0,28244076.0,28250000,28610000.0,73.043,2461397000.0,0.0,66603000.0,32609000.0,87.129,1393888000.0
37,BIO,MRT,2012-03-31,2012-03-31,2012-03-31,2021-09-07,256390000.0,3187874000.0,3074679250.0,1817448000.0,1370426000.0,0.675,65.233,-119522000.0,533812000.0,533812000.0,894885000.0,176819000.0,4.093,0.733,732708000.0,809000.0,731899000.0,732708000.0,0.0,0.0,0.0,0.0,0.0,293490000.0,293490000.0,0.141,293490000.0,293490000.0,243925000.0,6.3,6.22,6.3,1839649000.0,1750642250.0,1839649000.0,3082330601.0,11.0,10.502,158691000.0,5.627,1.0,1179800000.0,0.569,738372000.0,49565000.0,2204318000.0,2101372500.0,463369000.0,273238000.0,273238000.0,0.0,1347828000.0,444080000.0,903748000.0,2924049601.0,-94096000.0,-170296000.0,10075000.0,-7443000.0,0.0,4902000.0,-395324000.0,-104928000.0,278213000.0,18113000.0,176979000.0,176979000.0,176979000.0,0.0,-160000.0,0.085,887311000.0,292489000.0,109571000.0,0.0,1.589,16.522,16.459,369199000.0,0.0,103.69,1.409,1.409,387619000.0,1390915000.0,2074685000.0,2074685000.0,187797000.0,0.058,0.101,0.14,0.141,-1019000.0,699514000.0,1.0,28199919.0,28201000,28553000.0,73.568,2449502000.0,0.0,66946000.0,50032000.0,86.859,1373368000.0
38,BIO,MRT,2011-12-31,2011-12-31,2011-12-31,2021-09-07,198690000.0,3096803000.0,3004904000.0,1798155000.0,1298648000.0,0.69,62.215,-102654000.0,574231000.0,574231000.0,894700000.0,178813000.0,3.917,0.775,732512000.0,814000.0,731698000.0,732512000.0,24322000.0,0.0,0.0,0.0,0.0,299182000.0,299182000.0,0.144,299182000.0,299182000.0,246047000.0,6.39,6.29,6.39,1743937000.0,1693803000.0,1743937000.0,2762158962.0,9.0,9.232,160081000.0,5.711,1.0,1178829000.0,0.569,728430000.0,53135000.0,2067539000.0,2055407750.0,433510000.0,238884000.0,238884000.0,0.0,1352421000.0,459115000.0,893306000.0,2700783962.0,-332320000.0,-158538000.0,14249000.0,-230735000.0,0.0,-213560000.0,-386332000.0,-124704000.0,262735000.0,4837000.0,179013000.0,179013000.0,179013000.0,0.0,-200000.0,0.086,873588000.0,305241000.0,129124000.0,0.0,1.549,15.087,15.03,349501000.0,0.0,96.04,1.303,1.298,398674000.0,1359910000.0,2073529000.0,2073529000.0,177604000.0,0.06,0.106,0.146,0.144,-3168000.0,695984000.0,1.0,28121449.0,28031000,28468000.0,73.973,2368373000.0,64966000.0,67034000.0,137807000.0,84.491,1339040000.0
39,BIO,MRT,2011-09-30,2011-09-30,2011-09-30,2021-09-07,212635000.0,2969795000.0,2996394250.0,1877703000.0,1092092000.0,0.686,60.315,-98562000.0,671028000.0,671028000.0,890365000.0,186759000.0,4.521,0.754,732403000.0,806000.0,731597000.0,732403000.0,0.0,0.0,0.0,0.0,0.0,280883000.0,280883000.0,0.137,280883000.0,280883000.0,219187000.0,6.68,6.59,6.68,1693149000.0,1641992750.0,1693149000.0,2609644733.0,9.0,9.291,183065000.0,6.521,1.0,1166646000.0,0.567,551455000.0,61696000.0,2064389000.0,2008418750.0,445581000.0,239174000.0,239174000.0,0.0,1276149000.0,415326000.0,860823000.0,2547251733.0,40388000.0,-9311000.0,16744000.0,-5646000.0,0.0,9695000.0,-265991000.0,-149891000.0,281627000.0,15057000.0,186892000.0,186892000.0,186892000.0,0.0,-133000.0,0.091,879636000.0,287010000.0,113476000.0,0.0,1.504,13.63,13.588,338942000.0,0.0,90.77,1.238,1.239,375031000.0,1300671000.0,2057011000.0,2057011000.0,181594000.0,0.062,0.114,0.14,0.137,-1161000.0,698042000.0,1.0,28062705.0,28072000,28456000.0,73.276,2418340000.0,0.0,32295000.0,46368000.0,86.148,1462377000.0
40,BIO,MRT,2011-06-30,2011-06-30,2011-06-30,2021-09-07,296565000.0,3044245000.0,2924496500.0,1889656000.0,1154589000.0,0.688,61.606,-94151000.0,670301000.0,670301000.0,875199000.0,185982000.0,4.267,0.764,732694000.0,1363000.0,731331000.0,732694000.0,0.0,0.0,0.0,0.0,0.0,284722000.0,284722000.0,0.142,284722000.0,284722000.0,220967000.0,6.67,6.57,6.67,1725834000.0,1574663500.0,1725834000.0,3449335535.0,12.0,12.115,203184000.0,7.253,1.0,1136800000.0,0.565,594550000.0,63755000.0,2069244000.0,1948603750.0,449337000.0,215947000.0,215947000.0,0.0,1318330000.0,442844000.0,875486000.0,3342293535.0,56078000.0,-27190000.0,17565000.0,-7384000.0,0.0,10671000.0,-271439000.0,-141483000.0,297335000.0,19511000.0,185759000.0,185759000.0,185759000.0,0.0,223000.0,0.092,848910000.0,287890000.0,120514000.0,0.0,1.937,17.993,17.895,348439000.0,0.0,119.36,1.661,1.662,394913000.0,1254774000.0,2011999000.0,2011999000.0,179081000.0,0.064,0.118,0.146,0.142,-4926000.0,669829000.0,1.0,28001789.0,28014000,28495000.0,71.821,2449695000.0,0.0,35208000.0,49373000.0,87.445,1446812000.0
41,BIO,MRT,2011-03-31,2011-03-31,2011-03-31,2021-09-07,229660000.0,2908773000.0,2795216250.0,1797310000.0,1111463000.0,0.7,57.78,-88924000.0,634441000.0,634441000.0,846033000.0,184481000.0,4.203,0.803,741483000.0,10269000.0,731214000.0,741483000.0,0.0,0.0,0.0,0.0,0.0,283951000.0,283951000.0,0.145,283951000.0,283951000.0,217912000.0,6.61,6.51,6.61,1612292000.0,1464487750.0,1612292000.0,3400828380.0,12.0,11.977,134498000.0,4.82,1.0,1111972000.0,0.568,567765000.0,66039000.0,2020459000.0,1865839500.0,429975000.0,163528000.0,163528000.0,0.0,1295285000.0,427591000.0,867694000.0,3349520380.0,29774000.0,-26382000.0,17672000.0,-4395000.0,0.0,12969000.0,-216791000.0,-92560000.0,223422000.0,10174000.0,183668000.0,183668000.0,183668000.0,0.0,813000.0,0.094,824092000.0,287880000.0,111373000.0,0.0,2.077,18.237,18.175,337625000.0,0.0,120.14,1.711,1.712,388554000.0,1214726000.0,1958005000.0,1958005000.0,174733000.0,0.066,0.125,0.152,0.145,-4463000.0,649359000.0,1.0,27880143.0,27904000,28389000.0,70.169,2341008000.0,0.0,34244000.0,59658000.0,83.895,1369719000.0
42,BIO,MRT,2010-12-31,2010-12-31,2010-12-31,2021-09-07,198020000.0,3062764000.0,2704741000.0,1975346000.0,1087418000.0,0.712,55.547,-87263000.0,912973000.0,912973000.0,835630000.0,186935000.0,2.963,0.991,964281000.0,233181000.0,731100000.0,964281000.0,20642000.0,0.0,0.0,0.0,0.0,282555000.0,282555000.0,0.147,282555000.0,282555000.0,218838000.0,6.7,6.59,6.7,1536696000.0,1381961500.0,1536696000.0,2999006507.0,11.0,10.614,138646000.0,5.012,1.0,1091488000.0,0.566,567862000.0,63717000.0,1879583000.0,1797201500.0,398100000.0,118636000.0,118636000.0,0.0,1522245000.0,666627000.0,855618000.0,2886911507.0,256613000.0,-89307000.0,12730000.0,217097000.0,0.0,228745000.0,-216512000.0,-29439000.0,225909000.0,18471000.0,185490000.0,185490000.0,185490000.0,0.0,1445000.0,0.096,807479000.0,284009000.0,113440000.0,0.0,1.879,15.564,15.5,333617000.0,0.0,103.85,1.498,1.491,387996000.0,1181687000.0,1927118000.0,1927118000.0,172266000.0,0.069,0.134,0.157,0.147,-2928000.0,635213000.0,1.0,27798859.0,27665000,28151000.0,69.659,2494902000.0,60997000.0,33348000.0,110673000.0,90.183,1308719000.0
43,BIO,MRT,2010-09-30,2010-09-30,2010-09-30,2021-09-07,159914000.0,2682204000.0,2573013250.0,1651709000.0,1030495000.0,0.734,51.407,-73621000.0,630640000.0,630640000.0,828237000.0,157520000.0,4.022,0.881,742735000.0,9161000.0,733574000.0,742735000.0,0.0,0.0,0.0,0.0,0.0,260631000.0,260631000.0,0.138,260631000.0,260631000.0,203099000.0,5.64,5.53,5.64,1423832000.0,1312719000.0,1423832000.0,2634099486.0,10.0,10.107,167622000.0,6.052,1.0,1060234000.0,0.561,558476000.0,57532000.0,1825129000.0,1746453000.0,402883000.0,107360000.0,107360000.0,0.0,1254072000.0,410694000.0,843378000.0,2504233486.0,76461000.0,-88747000.0,11635000.0,-5135000.0,0.0,8893000.0,-187001000.0,-19782000.0,241243000.0,13326000.0,155444000.0,155444000.0,155444000.0,0.0,2076000.0,0.082,797714000.0,262520000.0,99120000.0,0.0,1.759,16.11,16.048,321507000.0,0.0,90.51,1.326,1.327,368603000.0,1113779000.0,1888471000.0,1888471000.0,171509000.0,0.06,0.118,0.149,0.138,-4585000.0,622403000.0,1.0,27668031.0,27697000,28103000.0,68.183,2123728000.0,0.0,47655000.0,52176000.0,76.677,1241015000.0
44,BIO,MRT,2010-06-30,2010-06-30,2010-06-30,2021-09-07,75380000.0,2527124000.0,2522013750.0,1555827000.0,971297000.0,0.745,46.553,-68955000.0,614223000.0,614223000.0,823610000.0,151735000.0,3.994,0.953,744089000.0,9750000.0,734339000.0,744089000.0,0.0,0.0,0.0,0.0,0.0,253574000.0,253574000.0,0.135,253574000.0,253574000.0,195955000.0,5.42,5.32,5.42,1285131000.0,1258926250.0,1285131000.0,2532309020.0,10.0,9.986,202911000.0,7.35,1.0,1054414000.0,0.561,529308000.0,57619000.0,1738187000.0,1717212250.0,370272000.0,103486000.0,103486000.0,0.0,1224392000.0,389495000.0,834897000.0,2386677020.0,80749000.0,-69530000.0,11513000.0,-4702000.0,0.0,7019000.0,-208331000.0,-63609000.0,271866000.0,10195000.0,149204000.0,149204000.0,149204000.0,0.0,2531000.0,0.079,799325000.0,255089000.0,95161000.0,0.0,1.857,15.996,15.958,305936000.0,0.0,86.49,1.271,1.271,335354000.0,1069015000.0,1878024000.0,1878024000.0,168151000.0,0.059,0.119,0.148,0.135,-845000.0,627372000.0,1.0,27594832.0,27606000,28125000.0,68.03,1997816000.0,0.0,46751000.0,44003000.0,72.369,1166332000.0
45,BIO,MRT,2010-03-31,2010-03-31,2010-03-31,2021-09-07,116190000.0,2546872000.0,2476347000.0,1543287000.0,1003585000.0,0.742,46.549,-64253000.0,598134000.0,598134000.0,809477000.0,152514000.0,3.876,0.972,743766000.0,5104000.0,738662000.0,743766000.0,0.0,0.0,0.0,0.0,0.0,242769000.0,242769000.0,0.132,242769000.0,242769000.0,189108000.0,5.44,5.34,5.44,1282187000.0,1215188750.0,1282187000.0,2944825231.0,12.0,12.13,276719000.0,10.046,1.0,1028068000.0,0.559,548427000.0,53661000.0,1745907000.0,1692541750.0,380707000.0,93648000.0,93648000.0,0.0,1245949000.0,398170000.0,847779000.0,2851712231.0,405264000.0,-102045000.0,11086000.0,287704000.0,0.0,297009000.0,-240250000.0,-57144000.0,340972000.0,7533000.0,149216000.0,149216000.0,149216000.0,0.0,3298000.0,0.081,785270000.0,242798000.0,99160000.0,0.0,2.224,19.111,19.029,313549000.0,0.0,103.52,1.552,1.552,344989000.0,1031058000.0,1837545000.0,1837545000.0,166696000.0,0.06,0.123,0.143,0.132,-817000.0,614772000.0,1.0,27547452.0,27545000,28072000.0,66.711,1998445000.0,0.0,39892000.0,41881000.0,72.552,1145117000.0
46,BIO,MRT,2009-12-31,2009-12-31,2009-12-31,2021-09-07,133082000.0,2535853000.0,2328456000.0,1562674000.0,973179000.0,0.766,45.969,-66795000.0,649938000.0,649938000.0,784401000.0,149165000.0,3.721,0.998,743051000.0,5132000.0,737919000.0,743051000.0,0.0,0.0,0.0,0.0,0.0,228311000.0,228311000.0,0.128,228311000.0,228311000.0,181287000.0,5.28,5.2,5.28,1259726000.0,1151295000.0,1259726000.0,2840878938.0,12.0,12.443,258279000.0,9.425,1.0,999843000.0,0.56,532405000.0,47024000.0,1676589000.0,1590530000.0,351206000.0,94876000.0,94876000.0,0.0,1256640000.0,419972000.0,836668000.0,2651024938.0,445414000.0,-35990000.0,10286000.0,285624000.0,0.0,293933000.0,-175952000.0,-63601000.0,325074000.0,2359000.0,144620000.0,144620000.0,144620000.0,0.0,4545000.0,0.081,768855000.0,230988000.0,92988000.0,0.0,2.104,18.331,18.269,302417000.0,0.0,96.46,1.486,1.482,345734000.0,996197000.0,1784244000.0,1784244000.0,163585000.0,0.062,0.126,0.144,0.128,-664000.0,601468000.0,1.0,27483153.0,27404000,27828000.0,65.109,2003448000.0,56374000.0,36667000.0,85216000.0,73.108,1142702000.0
47,BIO,MRT,2009-09-30,2009-09-30,2009-09-30,2021-09-07,125240000.0,2478206000.0,2203808750.0,1503401000.0,974805000.0,0.788,44.062,-71011000.0,554179000.0,554179000.0,759086000.0,104135000.0,3.617,1.035,744033000.0,5346000.0,738687000.0,744033000.0,0.0,0.0,0.0,0.0,0.0,182851000.0,182851000.0,0.105,182851000.0,182851000.0,142205000.0,3.59,3.55,3.59,1208661000.0,1096648250.0,1208661000.0,2729815866.0,15.0,14.929,216682000.0,7.899,1.0,978050000.0,0.563,544199000.0,40646000.0,1708166000.0,1501346000.0,383896000.0,87930000.0,87930000.0,0.0,1250535000.0,415695000.0,834840000.0,2518961866.0,360552000.0,-70882000.0,10109000.0,284746000.0,0.0,294185000.0,-217600000.0,-68227000.0,287693000.0,-3726000.0,98542000.0,98542000.0,98542000.0,0.0,5593000.0,0.057,781055000.0,196995000.0,92381000.0,0.0,2.084,25.562,25.593,305921000.0,0.0,91.88,1.45,1.451,350762000.0,958335000.0,1737136000.0,1737136000.0,160195000.0,0.045,0.09,0.122,0.105,2502000.0,592103000.0,1.0,27415780.0,27431000,27875000.0,63.327,1934007000.0,0.0,43663000.0,95028000.0,70.504,1087706000.0
48,BIO,MRT,2009-06-30,2009-06-30,2009-06-30,2021-09-07,71448000.0,2344457000.0,2087993500.0,1397835000.0,946622000.0,0.823,40.562,-78620000.0,533474000.0,533474000.0,759841000.0,95724000.0,3.644,1.096,744328000.0,5874000.0,738454000.0,744328000.0,0.0,0.0,0.0,0.0,0.0,166490000.0,166490000.0,0.097,166490000.0,166490000.0,132151000.0,3.21,3.17,3.21,1110181000.0,1057041750.0,1110181000.0,2323187643.0,14.0,13.954,157703000.0,5.762,1.0,958082000.0,0.558,532197000.0,34339000.0,1639505000.0,1416394000.0,377594000.0,29885000.0,29885000.0,0.0,1216816000.0,383609000.0,833207000.0,2065595643.0,349831000.0,-69709000.0,10937000.0,282493000.0,0.0,293760000.0,-164724000.0,-12967000.0,236323000.0,-15528000.0,87851000.0,87851000.0,87851000.0,0.0,7873000.0,0.051,777264000.0,180818000.0,90850000.0,0.0,1.861,23.512,23.514,302836000.0,0.0,75.48,1.202,1.203,335828000.0,919810000.0,1717923000.0,1717923000.0,159509000.0,0.042,0.083,0.118,0.097,756000.0,588998000.0,1.0,27366132.0,27370000,27742000.0,62.767,1812260000.0,0.0,44300000.0,88904000.0,66.213,1014226000.0
49,BIO,MRT,2009-03-31,2009-03-31,2009-03-31,2021-09-07,16391000.0,1955308000.0,2026609250.0,1049922000.0,905386000.0,0.86,37.576,-84431000.0,192870000.0,192870000.0,778560000.0,101748000.0,2.95,0.874,450462000.0,6253000.0,444209000.0,450462000.0,0.0,0.0,0.0,0.0,0.0,170201000.0,170201000.0,0.098,170201000.0,170201000.0,138238000.0,3.43,3.37,3.43,1026612000.0,1058136000.0,1026612000.0,2051442549.0,12.0,12.053,115488000.0,4.227,1.0,964541000.0,0.553,519161000.0,31963000.0,1337860000.0,1354877000.0,369041000.0,29960000.0,29960000.0,0.0,897009000.0,355879000.0,541130000.0,1800409549.0,63390000.0,-36349000.0,11120000.0,-12739000.0,0.0,1499000.0,-123859000.0,-11360000.0,199919000.0,-14169000.0,93280000.0,93280000.0,93280000.0,0.0,8468000.0,0.054,779900000.0,184641000.0,95952000.0,0.0,1.754,19.301,19.213,294611000.0,0.0,65.9,1.033,1.033,326307000.0,881841000.0,1743101000.0,1743101000.0,159181000.0,0.046,0.088,0.126,0.098,-725000.0,591962000.0,1.0,27320327.0,27321000,27618000.0,63.801,1436147000.0,0.0,44958000.0,76704000.0,52.566,694043000.0
50,BIO,MRT,2008-12-31,2008-12-31,2008-12-31,2021-09-07,65158000.0,2037264000.0,2051104250.0,1093941000.0,943323000.0,0.86,38.401,-84809000.0,204524000.0,204524000.0,801843000.0,98264000.0,2.617,0.928,455557000.0,9578000.0,445979000.0,455557000.0,0.0,0.0,0.0,0.0,0.0,166202000.0,166202000.0,0.094,166202000.0,166202000.0,134089000.0,3.3,3.24,3.3,1041139000.0,1072049750.0,1041139000.0,2320046923.0,14.0,13.959,106562000.0,3.93,1.0,962522000.0,0.546,550410000.0,32113000.0,1319853000.0,1372712000.0,375616000.0,38950000.0,38950000.0,0.0,966624000.0,418034000.0,548590000.0,2055409923.0,42760000.0,-53014000.0,12912000.0,-11631000.0,0.0,6331000.0,-146107000.0,-4284000.0,191371000.0,-8835000.0,89510000.0,89510000.0,89510000.0,0.0,8754000.0,0.051,779579000.0,182943000.0,117982000.0,0.0,1.974,22.963,22.821,300732000.0,0.0,75.31,1.165,1.157,339653000.0,851577000.0,1764365000.0,1764365000.0,159518000.0,0.044,0.083,0.121,0.094,-5050000.0,591304000.0,1.0,27292656.0,27112000,27638000.0,65.077,1486854000.0,53769000.0,44579000.0,84460000.0,54.841,675907000.0
51,BIO,MRT,2008-09-30,2008-09-30,2008-09-30,2021-09-07,71853000.0,2014945000.0,2034686750.0,1083446000.0,931499000.0,0.873,38.653,-77386000.0,193627000.0,193627000.0,826609000.0,118428000.0,2.808,0.885,458264000.0,11886000.0,446378000.0,458264000.0,0.0,0.0,0.0,0.0,0.0,175172000.0,175172000.0,0.099,175172000.0,175172000.0,143021000.0,4.06,3.98,4.06,1050235000.0,1054687500.0,1050235000.0,2961952806.0,17.0,16.909,138795000.0,5.108,1.0,949479000.0,0.535,525410000.0,32151000.0,1368358000.0,1371336500.0,383266000.0,40685000.0,40685000.0,0.0,929126000.0,385814000.0,543312000.0,2690228806.0,-279165000.0,-403246000.0,12942000.0,-32405000.0,0.0,-15631000.0,-476355000.0,10212000.0,216181000.0,-3360000.0,110081000.0,110081000.0,110081000.0,0.0,8347000.0,0.062,765706000.0,183773000.0,100626000.0,0.0,2.562,24.439,24.414,293128000.0,0.0,99.12,1.515,1.516,348253000.0,859793000.0,1776088000.0,1776088000.0,165909000.0,0.054,0.104,0.128,0.099,-3273000.0,599797000.0,1.0,27141130.0,27171000,27747000.0,65.367,1489535000.0,0.0,32940000.0,69513000.0,54.821,697632000.0
52,BIO,MRT,2008-06-30,2008-06-30,2008-06-30,2021-09-07,171799000.0,2098920000.0,1959071500.0,1119782000.0,979138000.0,0.854,41.222,-72909000.0,183643000.0,183643000.0,776694000.0,115510000.0,2.744,0.854,455367000.0,14680000.0,440687000.0,455367000.0,0.0,0.0,0.0,0.0,0.0,169557000.0,169557000.0,0.101,169557000.0,169557000.0,137739000.0,4.09,4.01,4.09,1114558000.0,1028713750.0,1114558000.0,2513455934.0,15.0,14.824,152151000.0,5.627,1.0,897294000.0,0.536,569120000.0,31818000.0,1393437000.0,1334310000.0,382684000.0,43512000.0,43512000.0,0.0,952187000.0,408087000.0,544100000.0,2184812934.0,-48760000.0,-402287000.0,11789000.0,-28130000.0,0.0,-13129000.0,-270600000.0,215852000.0,225060000.0,9909000.0,110219000.0,110219000.0,110219000.0,0.0,5291000.0,0.066,727190000.0,170104000.0,102320000.0,0.0,1.96,19.822,19.778,290737000.0,0.0,80.89,1.305,1.307,376985000.0,831960000.0,1673988000.0,1673988000.0,160224000.0,0.056,0.107,0.127,0.101,-2685000.0,566966000.0,1.0,27009679.0,27038000,27569000.0,61.912,1529800000.0,0.0,27520000.0,83245000.0,56.58,711695000.0
53,BIO,MRT,2008-03-31,2008-03-31,2008-03-31,2021-09-07,187706000.0,2053288000.0,1848027250.0,1049031000.0,1004257000.0,0.845,40.151,-69004000.0,129480000.0,129480000.0,721877000.0,95857000.0,2.708,0.869,458123000.0,15677000.0,442446000.0,458123000.0,0.0,0.0,0.0,0.0,0.0,151115000.0,151115000.0,0.097,151115000.0,151115000.0,119421000.0,3.44,3.39,3.44,1082267000.0,974274000.0,1082267000.0,2694466174.0,18.0,17.831,133040000.0,4.936,1.0,838864000.0,0.537,585285000.0,31694000.0,1409200000.0,1337324750.0,365059000.0,47643000.0,47643000.0,0.0,940772000.0,387446000.0,553326000.0,2398798174.0,-100834000.0,-403919000.0,11121000.0,-26220000.0,0.0,-11926000.0,-301251000.0,184201000.0,202044000.0,10299000.0,92492000.0,92492000.0,92492000.0,0.0,3365000.0,0.059,692782000.0,146082000.0,98929000.0,0.0,2.216,25.935,25.858,287573000.0,0.0,88.95,1.537,1.536,366509000.0,788562000.0,1560741000.0,1560741000.0,152899000.0,0.05,0.095,0.113,0.097,-3034000.0,539883000.0,1.0,26967939.0,26955000,27538000.0,57.902,1468003000.0,0.0,26929000.0,85605000.0,54.461,661585000.0
54,BIO,MRT,2007-12-31,2007-12-31,2007-12-31,2021-09-07,110991000.0,1971594000.0,1736466000.0,1028974000.0,942620000.0,0.841,36.371,-60595000.0,161764000.0,161764000.0,669690000.0,94295000.0,2.484,0.994,457432000.0,15627000.0,441805000.0,457432000.0,0.0,0.0,0.0,0.0,0.0,151148000.0,151148000.0,0.103,151148000.0,151148000.0,119542000.0,3.48,3.41,3.48,971690000.0,918873250.0,971690000.0,2739942879.0,18.0,18.128,130985000.0,4.903,1.0,791362000.0,0.542,538743000.0,31606000.0,1314351000.0,1327784500.0,321015000.0,61977000.0,61977000.0,0.0,965470000.0,414168000.0,551302000.0,2781686879.0,-61843000.0,-387673000.0,11580000.0,-22022000.0,0.0,-7450000.0,-254429000.0,200026000.0,191580000.0,8456000.0,92994000.0,92994000.0,92994000.0,0.0,1301000.0,0.064,656169000.0,135193000.0,96470000.0,0.0,2.863,29.913,29.776,271561000.0,0.0,103.62,1.904,1.895,358076000.0,762067000.0,1461052000.0,1461052000.0,148191000.0,0.054,0.101,0.114,0.103,-2992000.0,507978000.0,1.0,26845077.0,26716000,27292000.0,54.688,1432851000.0,56879000.0,26548000.0,81254000.0,53.633,614806000.0
55,BIO,MRT,2007-09-30,2007-09-30,2007-09-30,2021-09-07,102537000.0,1712484000.0,1642609500.0,1219562000.0,492922000.0,0.818,35.424,-60846000.0,472792000.0,472792000.0,601159000.0,97288000.0,4.257,0.81,431048000.0,4907000.0,426141000.0,431048000.0,0.0,0.0,0.0,0.0,0.0,163598000.0,163598000.0,0.122,163598000.0,163598000.0,132104000.0,3.66,3.58,3.66,946340000.0,880835250.0,946340000.0,2614804962.0,16.0,15.983,82446000.0,3.086,1.0,743286000.0,0.553,164027000.0,31494000.0,1220252000.0,1328596250.0,273575000.0,70613000.0,70613000.0,0.0,766144000.0,286461000.0,479683000.0,2416438962.0,234374000.0,-37170000.0,10521000.0,-44000.0,0.0,13190000.0,66353000.0,169090000.0,143292000.0,11539000.0,97288000.0,97288000.0,97288000.0,0.0,0.0,0.072,605557000.0,137729000.0,68102000.0,0.0,2.553,24.838,24.727,201608000.0,0.0,90.5,1.797,1.798,303201000.0,749712000.0,1344445000.0,1344445000.0,138106000.0,0.059,0.11,0.123,0.122,-4092000.0,467451000.0,1.0,26700983.0,26715000,27270000.0,50.325,1548457000.0,0.0,34816000.0,26934000.0,57.962,933101000.0
56,BIO,MRT,2007-06-30,2007-06-30,2007-06-30,2021-09-07,85765000.0,1654743000.0,1595397250.0,1167739000.0,487004000.0,0.821,33.642,-55406000.0,232403000.0,232403000.0,587749000.0,92467000.0,4.143,0.845,430769000.0,4604000.0,426165000.0,430769000.0,0.0,0.0,0.0,0.0,0.0,161301000.0,161301000.0,0.123,161301000.0,161301000.0,129442000.0,3.49,3.41,3.49,896799000.0,840435250.0,896799000.0,2213701413.0,14.0,13.724,84762000.0,3.18,1.0,721718000.0,0.551,165764000.0,31859000.0,1405496000.0,1347338500.0,265185000.0,270463000.0,270463000.0,0.0,757944000.0,281849000.0,476095000.0,2013902413.0,-13243000.0,-31206000.0,10618000.0,-793000.0,0.0,12982000.0,-171974000.0,-84817000.0,140168000.0,5581000.0,92467000.0,92467000.0,92467000.0,0.0,0.0,0.071,591663000.0,130055000.0,67229000.0,0.0,2.246,21.78,21.653,191605000.0,0.0,75.57,1.538,1.538,303266000.0,721741000.0,1309467000.0,1309467000.0,135949000.0,0.058,0.11,0.12,0.123,-5081000.0,455714000.0,1.0,26649496.0,26657000,27164000.0,49.123,1488979000.0,0.0,36975000.0,28021000.0,55.857,885890000.0
57,BIO,MRT,2007-03-31,2007-03-31,2007-03-31,2021-09-07,78964000.0,1607043000.0,1555220500.0,1129692000.0,477351000.0,0.828,32.38,-52305000.0,230314000.0,230314000.0,571711000.0,99062000.0,4.152,0.867,430113000.0,4609000.0,425504000.0,430113000.0,0.0,0.0,0.0,0.0,0.0,167459000.0,167459000.0,0.13,167459000.0,167459000.0,135587000.0,3.75,3.66,3.75,860664000.0,805264000.0,860664000.0,2063803550.0,12.0,12.324,95354000.0,3.587,1.0,716389000.0,0.556,163712000.0,31872000.0,1371039000.0,1310516000.0,259965000.0,241418000.0,241418000.0,0.0,746379000.0,272091000.0,474288000.0,1858743550.0,-35273000.0,-33573000.0,11747000.0,149000.0,0.0,14731000.0,-204127000.0,-116040000.0,147659000.0,6464000.0,99062000.0,99062000.0,99062000.0,0.0,0.0,0.077,578795000.0,137594000.0,61946000.0,0.0,2.16,18.763,18.624,188763000.0,0.0,69.84,1.443,1.441,290116000.0,696070000.0,1288100000.0,1288100000.0,132166000.0,0.064,0.123,0.128,0.13,-4162000.0,446629000.0,1.0,26614312.0,26580000,27156000.0,48.461,1443331000.0,0.0,36525000.0,34447000.0,54.301,857601000.0
58,BIO,MRT,2006-12-31,2006-12-31,2006-12-31,2021-09-07,67235000.0,1596168000.0,1507156000.0,1129777000.0,466391000.0,0.845,31.071,-52987000.0,223607000.0,223607000.0,561394000.0,103263000.0,3.536,0.948,428667000.0,3042000.0,425625000.0,428667000.0,0.0,0.0,0.0,0.0,0.0,174049000.0,174049000.0,0.137,174049000.0,174049000.0,142027000.0,3.92,3.83,3.92,819538000.0,765761750.0,819538000.0,2376047561.0,14.0,13.652,65242000.0,2.474,1.0,712536000.0,0.559,164097000.0,32022000.0,1317598000.0,1262575500.0,253045000.0,264473000.0,264473000.0,0.0,776630000.0,319533000.0,457097000.0,2184947561.0,-73109000.0,-33299000.0,9923000.0,-1146000.0,0.0,10162000.0,-207748000.0,-155404000.0,118229000.0,6248000.0,103263000.0,103263000.0,103263000.0,0.0,0.0,0.081,566425000.0,146111000.0,83411000.0,0.0,2.666,21.159,21.051,189627000.0,0.0,82.52,1.715,1.709,292970000.0,674070000.0,1273930000.0,1273930000.0,127476000.0,0.069,0.135,0.138,0.137,-1385000.0,438949000.0,1.0,26477794.0,26376000,26949000.0,48.299,1432071000.0,44962000.0,38764000.0,29906000.0,54.294,810244000.0
59,BIO,MRT,2006-09-30,2006-09-30,2006-09-30,2021-09-07,52045000.0,1523635000.0,1464759500.0,1092713000.0,430922000.0,0.845,29.717,-47837000.0,238418000.0,238418000.0,548532000.0,100066000.0,3.884,0.942,429518000.0,3768000.0,425750000.0,429518000.0,0.0,0.0,0.0,0.0,0.0,159570000.0,159570000.0,0.129,159570000.0,159570000.0,127187000.0,3.8,3.72,3.8,784740000.0,725370750.0,784740000.0,2050408562.0,13.0,12.85,64922000.0,2.459,1.0,689604000.0,0.557,138202000.0,32383000.0,1295221000.0,1198623000.0,246207000.0,243155000.0,243155000.0,0.0,738895000.0,281312000.0,457583000.0,1865703562.0,-5562000.0,677000.0,10507000.0,-5449000.0,0.0,6349000.0,-125920000.0,-113886000.0,112759000.0,1250000.0,100066000.0,100066000.0,100066000.0,-3974000.0,0.0,0.081,567041000.0,122563000.0,64513000.0,0.0,2.377,18.645,18.613,182728000.0,0.0,70.73,1.507,1.509,273367000.0,657421000.0,1238136000.0,1238136000.0,121159000.0,0.068,0.138,0.133,0.129,1346000.0,426112000.0,1.0,26377825.0,26407000,26971000.0,46.887,1385433000.0,0.0,27121000.0,26652000.0,52.465,811401000.0
60,BIO,MRT,2006-06-30,2006-06-30,2006-06-30,2021-09-07,53070000.0,1494036000.0,1440348500.0,1058173000.0,435863000.0,0.845,28.705,-43315000.0,245646000.0,245646000.0,536970000.0,93135000.0,3.765,0.976,430351000.0,4478000.0,425873000.0,430351000.0,0.0,0.0,0.0,0.0,0.0,147916000.0,147916000.0,0.122,147916000.0,147916000.0,115535000.0,3.54,3.47,3.54,756114000.0,691425000.0,756114000.0,1874425138.0,13.0,12.672,48643000.0,1.847,1.0,679627000.0,0.559,139514000.0,32381000.0,1258206000.0,1154258250.0,244339000.0,188319000.0,188319000.0,0.0,737922000.0,281021000.0,456901000.0,1710256138.0,-6486000.0,-6259000.0,9866000.0,-7633000.0,0.0,2733000.0,-100922000.0,-81287000.0,91958000.0,-255000.0,93135000.0,93135000.0,93135000.0,-3974000.0,0.0,0.077,561514000.0,118113000.0,69302000.0,0.0,2.262,18.363,18.345,183783000.0,0.0,64.94,1.406,1.406,273014000.0,634271000.0,1216597000.0,1216597000.0,118844000.0,0.065,0.135,0.128,0.122,1524000.0,422900000.0,1.0,26335943.0,26341000,26900000.0,46.186,1354522000.0,0.0,22400000.0,26576000.0,51.423,777152000.0
61,BIO,MRT,2006-03-31,2006-03-31,2006-03-31,2021-09-07,36647000.0,1414785000.0,1414983250.0,991649000.0,423136000.0,0.841,26.74,-37599000.0,265587000.0,265587000.0,534544000.0,79257000.0,3.827,1.013,429756000.0,3785000.0,425971000.0,429756000.0,0.0,0.0,0.0,0.0,0.0,131712000.0,131712000.0,0.111,131712000.0,131712000.0,99167000.0,3.03,2.96,3.03,702655000.0,659557500.0,702655000.0,1735098618.0,13.0,13.173,3731000.0,0.142,1.0,655608000.0,0.551,140545000.0,32545000.0,1179277000.0,1110916000.0,225844000.0,129176000.0,129176000.0,0.0,712130000.0,259132000.0,452998000.0,1638924618.0,-52311000.0,-4930000.0,8530000.0,-7336000.0,0.0,1191000.0,-91820000.0,-48648000.0,41330000.0,-3012000.0,79257000.0,79257000.0,79257000.0,-3974000.0,0.0,0.067,552798000.0,102810000.0,66643000.0,0.0,2.332,20.679,20.578,180774000.0,0.0,62.35,1.377,1.377,259231000.0,602005000.0,1190152000.0,1190152000.0,116372000.0,0.056,0.12,0.119,0.111,487000.0,416656000.0,1.0,26285880.0,26277000,26829000.0,45.293,1274240000.0,0.0,19910000.0,27101000.0,48.493,732517000.0
62,BIO,MRT,2005-12-31,2005-12-31,2005-12-31,2021-09-07,27052000.0,1426582000.0,1411015500.0,1008211000.0,418371000.0,0.837,25.246,-36055000.0,332854000.0,332854000.0,534499000.0,81553000.0,3.158,1.168,429028000.0,3341000.0,425687000.0,429028000.0,0.0,0.0,0.0,0.0,0.0,129988000.0,129988000.0,0.11,129988000.0,129988000.0,97345000.0,3.13,3.06,3.13,657974000.0,639965250.0,657974000.0,1867358527.0,14.0,14.366,72229000.0,2.771,1.0,646486000.0,0.547,141725000.0,32643000.0,1061788000.0,1078154250.0,212342000.0,116343000.0,116343000.0,0.0,768608000.0,319243000.0,449365000.0,1712369527.0,100982000.0,-4344000.0,8915000.0,-7294000.0,0.0,1290000.0,-6172000.0,68968000.0,108284000.0,-2420000.0,81553000.0,81553000.0,81553000.0,-7948000.0,0.0,0.069,550958000.0,95528000.0,72950000.0,0.0,2.602,20.997,20.907,180258000.0,0.0,65.44,1.45,1.444,247192000.0,570807000.0,1180985000.0,1180985000.0,115104000.0,0.058,0.127,0.121,0.11,0.0,416084000.0,1.0,26167016.0,26063000,26662000.0,45.313,1284857000.0,44987000.0,15792000.0,18248000.0,49.298,688968000.0
63,BIO,MRT,2005-09-30,2005-09-30,2005-09-30,2021-09-07,34006000.0,1425991000.0,1397274500.0,952643000.0,473348000.0,0.846,24.85,-45163000.0,279808000.0,279808000.0,529370000.0,85212000.0,3.184,1.197,434797000.0,8985000.0,425812000.0,434797000.0,0.0,0.0,0.0,0.0,0.0,145351000.0,145351000.0,0.123,145351000.0,145351000.0,115725000.0,3.28,3.21,3.28,648957000.0,624693750.0,648957000.0,1585393932.0,11.0,10.907,64758000.0,2.48,1.0,652196000.0,0.552,163985000.0,29626000.0,1117762000.0,1093715000.0,223146000.0,114522000.0,114522000.0,0.0,777034000.0,299233000.0,477801000.0,1435747932.0,177466000.0,-4185000.0,9362000.0,198080000.0,0.0,204235000.0,-135391000.0,-56552000.0,109921000.0,-1299000.0,85212000.0,85212000.0,85212000.0,-3974000.0,0.0,0.072,533163000.0,119033000.0,68076000.0,0.0,2.212,16.849,16.765,182045000.0,0.0,54.99,1.215,1.215,244466000.0,557355000.0,1181566000.0,1181566000.0,115880000.0,0.061,0.136,0.133,0.123,0.0,417283000.0,1.0,26109255.0,26115000,26695000.0,45.245,1262006000.0,0.0,30513000.0,44319000.0,48.325,653410000.0
64,BIO,MRT,2005-06-30,2005-06-30,2005-06-30,2021-09-07,32702000.0,1392575000.0,1313869250.0,917358000.0,475217000.0,0.881,24.16,-49027000.0,287697000.0,287697000.0,518993000.0,75283000.0,3.154,1.215,437343000.0,11479000.0,425864000.0,437343000.0,0.0,0.0,0.0,0.0,0.0,130459000.0,130459000.0,0.113,130459000.0,130459000.0,104048000.0,2.9,2.84,2.9,628644000.0,600914250.0,628644000.0,1657783704.0,13.0,12.707,54340000.0,2.088,1.0,638197000.0,0.552,166536000.0,26411000.0,1084837000.0,1003167750.0,211526000.0,91252000.0,91252000.0,0.0,763931000.0,290848000.0,473083000.0,1540216704.0,218853000.0,-34117000.0,8467000.0,189806000.0,0.0,195066000.0,-79086000.0,31773000.0,103367000.0,-494000.0,75283000.0,75283000.0,75283000.0,-3974000.0,0.0,0.065,532236000.0,105961000.0,69254000.0,0.0,2.45,20.459,20.417,189802000.0,0.0,59.21,1.331,1.331,243387000.0,541136000.0,1157190000.0,1157190000.0,127508000.0,0.057,0.125,0.13,0.113,0.0,404728000.0,1.0,26012780.0,26020000,26610000.0,44.473,1226039000.0,0.0,28765000.0,38560000.0,47.119,626510000.0
65,BIO,MRT,2005-03-31,2005-03-31,2005-03-31,2021-09-07,48854000.0,1398914000.0,1221415500.0,921055000.0,477859000.0,0.922,24.095,-56850000.0,317898000.0,317898000.0,499219000.0,79758000.0,3.086,1.241,435465000.0,9658000.0,425807000.0,435465000.0,0.0,0.0,0.0,0.0,0.0,133756000.0,133756000.0,0.119,133756000.0,133756000.0,110470000.0,3.08,3.01,3.08,624286000.0,579883250.0,624286000.0,1500875845.0,11.0,11.221,63820000.0,2.463,1.0,627215000.0,0.557,169771000.0,23286000.0,1048230000.0,928580750.0,208920000.0,65907000.0,65907000.0,0.0,774628000.0,298480000.0,476148000.0,1261173845.0,275750000.0,-21212000.0,8024000.0,190898000.0,0.0,196046000.0,-41611000.0,37407000.0,120670000.0,645000.0,79758000.0,79758000.0,79758000.0,-6566000.0,0.0,0.071,515259000.0,111956000.0,67145000.0,0.0,2.02,15.813,15.815,197303000.0,0.0,48.71,1.12,1.12,250968000.0,522748000.0,1126434000.0,1126434000.0,124554000.0,0.065,0.138,0.144,0.119,0.0,390705000.0,1.0,25891477.0,25909000,26555000.0,43.477,1229143000.0,0.0,30712000.0,41957000.0,47.441,622575000.0
66,BIO,MRT,2004-12-31,2004-12-31,2004-12-31,2021-09-07,58003000.0,1371618000.0,1121077750.0,908460000.0,463158000.0,0.972,23.204,-60493000.0,195734000.0,195734000.0,479939000.0,68242000.0,2.881,1.298,435436000.0,9457000.0,425979000.0,435436000.0,0.0,0.0,0.0,0.0,0.0,119496000.0,119496000.0,0.11,119496000.0,119496000.0,99277000.0,2.65,2.58,2.65,596888000.0,553392250.0,596888000.0,1590218382.0,13.0,13.308,62600000.0,2.434,1.0,610073000.0,0.56,171914000.0,20219000.0,1124031000.0,865718000.0,205512000.0,165899000.0,165899000.0,0.0,774730000.0,315375000.0,459355000.0,1480906382.0,130339000.0,-39208000.0,7464000.0,188639000.0,0.0,193227000.0,-186318000.0,-83156000.0,123093000.0,337000.0,68242000.0,68242000.0,68242000.0,-1950000.0,0.0,0.063,501228000.0,108845000.0,71194000.0,0.0,2.481,21.701,21.649,202324000.0,0.0,57.37,1.359,1.354,261243000.0,489254000.0,1090012000.0,1090012000.0,122964000.0,0.061,0.123,0.138,0.11,0.0,378264000.0,1.0,25813254.0,25724000,26489000.0,42.373,1199704000.0,31887000.0,31035000.0,20223000.0,46.638,593085000.0
67,BIO,MRT,2004-09-30,2004-09-30,2004-09-30,2021-09-07,34507000.0,1092370000.0,1026322250.0,658154000.0,434216000.0,1.014,21.506,-62959000.0,125154000.0,125154000.0,453004000.0,70322000.0,2.416,0.972,234466000.0,8457000.0,226009000.0,234466000.0,0.0,0.0,0.0,0.0,0.0,119983000.0,119983000.0,0.115,119983000.0,119983000.0,100247000.0,2.74,2.66,2.74,553839000.0,528122000.0,553839000.0,1396525148.0,12.0,11.639,47180000.0,1.832,1.0,587238000.0,0.565,173735000.0,19736000.0,755573000.0,795323500.0,200183000.0,0.0,0.0,0.0,538531000.0,272374000.0,266157000.0,1315769148.0,-74234000.0,-39475000.0,6260000.0,-11661000.0,0.0,-5401000.0,-177453000.0,-60241000.0,110139000.0,-1519000.0,70322000.0,70322000.0,70322000.0,-2503000.0,0.0,0.068,471203000.0,116035000.0,55524000.0,0.0,2.376,18.711,18.65,192147000.0,0.0,51.1,1.265,1.265,228186000.0,472143000.0,1040242000.0,1040242000.0,116727000.0,0.069,0.133,0.151,0.115,0.0,354476000.0,1.0,25748907.0,25753000,26471000.0,40.393,918635000.0,0.0,29925000.0,29166000.0,35.671,385780000.0
68,BIO,MRT,2004-06-30,2004-06-30,2004-06-30,2021-09-07,32987000.0,1022760000.0,984650500.0,660387000.0,362373000.0,1.039,21.188,-72692000.0,155329000.0,155329000.0,443786000.0,73692000.0,3.128,0.878,236085000.0,9987000.0,226098000.0,236085000.0,0.0,0.0,0.0,0.0,0.0,138259000.0,138259000.0,0.135,138259000.0,138259000.0,105631000.0,2.88,2.79,2.88,544520000.0,504497000.0,544520000.0,1605335560.0,12.0,11.611,55900000.0,2.175,1.0,579417000.0,0.566,105890000.0,32628000.0,786489000.0,785904750.0,188564000.0,0.0,0.0,0.0,478240000.0,211137000.0,267103000.0,1512182560.0,4451000.0,-18183000.0,5744000.0,121848000.0,0.0,112694000.0,-234203000.0,-128311000.0,128592000.0,-2632000.0,73692000.0,73692000.0,73692000.0,-2129000.0,0.0,0.072,441961000.0,137456000.0,67340000.0,0.0,2.777,20.52,20.438,186233000.0,0.0,58.86,1.478,1.478,234003000.0,465853000.0,1023203000.0,1023203000.0,99450000.0,0.075,0.146,0.176,0.135,0.0,342511000.0,1.0,25691175.0,25699000,26504000.0,39.815,916870000.0,0.0,31939000.0,28596000.0,35.677,449250000.0
69,BIO,MRT,2004-03-31,2004-03-31,2004-03-31,2021-09-07,31017000.0,997563000.0,922803000.0,662949000.0,334614000.0,1.086,20.228,-71439000.0,141548000.0,141548000.0,437166000.0,71785000.0,2.997,0.925,234701000.0,8530000.0,226171000.0,234701000.0,0.0,0.0,0.0,0.0,0.0,136915000.0,136915000.0,0.137,136915000.0,136915000.0,105510000.0,2.82,2.73,2.82,518322000.0,480515500.0,518322000.0,1533528597.0,11.0,11.201,61787000.0,2.411,1.0,564816000.0,0.564,72741000.0,31405000.0,796779000.0,731845750.0,190034000.0,0.0,0.0,0.0,479241000.0,221196000.0,258045000.0,1445912597.0,16925000.0,-28414000.0,6215000.0,119240000.0,0.0,110557000.0,-220335000.0,-107395000.0,133226000.0,-6523000.0,71785000.0,71785000.0,71785000.0,1426000.0,0.0,0.072,425154000.0,139662000.0,57033000.0,0.0,2.79,20.142,19.989,182964000.0,0.0,56.37,1.443,1.442,228925000.0,442990000.0,1001982000.0,1001982000.0,95895000.0,0.078,0.149,0.187,0.137,0.0,329259000.0,1.0,25650392.0,25624000,26444000.0,39.103,924822000.0,0.0,33725000.0,36333000.0,36.092,441753000.0
70,BIO,MRT,2003-12-31,2003-12-31,2003-12-31,2021-09-07,32628000.0,992596000.0,858261500.0,655398000.0,337198000.0,1.141,19.508,-69003000.0,65395000.0,65395000.0,423401000.0,76171000.0,2.739,1.002,236258000.0,10423000.0,225835000.0,236258000.0,0.0,0.0,0.0,0.0,0.0,145232000.0,145232000.0,0.148,145232000.0,145232000.0,114226000.0,3.0,2.9,3.0,495807000.0,454436250.0,495807000.0,1566193843.0,11.0,10.784,58637000.0,2.307,1.0,556230000.0,0.568,81754000.0,31006000.0,842453000.0,667019000.0,190258000.0,83247000.0,83247000.0,0.0,496789000.0,239252000.0,257537000.0,1472133843.0,37662000.0,-16375000.0,5309000.0,117758000.0,0.0,108169000.0,-190241000.0,-89865000.0,127640000.0,-7906000.0,76171000.0,76171000.0,76171000.0,1133000.0,0.0,0.078,408797000.0,147433000.0,53995000.0,0.0,2.969,19.327,19.223,179123000.0,0.0,57.67,1.503,1.496,234085000.0,421012000.0,979631000.0,979631000.0,91273000.0,0.089,0.168,0.218,0.148,0.0,317524000.0,1.0,25526857.0,25416000,26310000.0,38.544,910842000.0,52274000.0,38055000.0,35636000.0,35.837,416146000.0
71,BIO,MRT,2003-09-30,2003-09-30,2003-09-30,2021-09-07,17304000.0,925683000.0,790288250.0,625740000.0,299943000.0,1.192,18.036,-58637000.0,140748000.0,140748000.0,402710000.0,73221000.0,2.693,1.015,234808000.0,9612000.0,225196000.0,234808000.0,0.0,0.0,0.0,0.0,0.0,146822000.0,146822000.0,0.156,146822000.0,146822000.0,110778000.0,2.89,2.8,2.89,459339000.0,426256250.0,459339000.0,1382403411.0,9.0,9.416,66535000.0,2.612,1.0,539680000.0,0.573,69519000.0,36044000.0,717898000.0,588349500.0,189189000.0,0.0,0.0,0.0,466344000.0,232326000.0,234018000.0,1298886411.0,101498000.0,-23176000.0,4428000.0,80988000.0,0.0,70518000.0,-90693000.0,-5582000.0,125172000.0,-3499000.0,73221000.0,73221000.0,73221000.0,2000000.0,0.0,0.078,391421000.0,148259000.0,60516000.0,0.0,2.828,17.739,17.647,164443000.0,0.0,51.0,1.378,1.378,217674000.0,401821000.0,942390000.0,942390000.0,86155000.0,0.093,0.172,0.25,0.156,0.0,305266000.0,1.0,25468361.0,25468000,26429000.0,37.003,856164000.0,0.0,37557000.0,23136000.0,33.617,393414000.0
72,BIO,MRT,2003-06-30,2003-06-30,2003-06-30,2021-09-07,17211000.0,775370000.0,738623000.0,494386000.0,280984000.0,1.253,17.671,-48618000.0,28828000.0,28828000.0,391744000.0,80178000.0,2.256,0.728,112345000.0,13405000.0,98940000.0,112345000.0,0.0,0.0,0.0,0.0,0.0,147675000.0,147675000.0,0.16,147675000.0,147675000.0,122657000.0,3.17,3.07,3.17,448594000.0,400552750.0,448594000.0,1488353344.0,10.0,10.079,65762000.0,2.59,1.0,533714000.0,0.577,69519000.0,25018000.0,570253000.0,544408250.0,186278000.0,0.0,0.0,0.0,326776000.0,219115000.0,107661000.0,1403568344.0,3173000.0,-5957000.0,4545000.0,-51448000.0,0.0,-46903000.0,-65934000.0,-3448000.0,114380000.0,1630000.0,80178000.0,80178000.0,80178000.0,1626000.0,0.0,0.087,383582000.0,150132000.0,52891000.0,0.0,3.129,17.506,17.461,151916000.0,0.0,55.35,1.517,1.518,211922000.0,392161000.0,925458000.0,925458000.0,83119000.0,0.109,0.2,0.271,0.16,0.0,300463000.0,1.0,25358055.0,25386000,26341000.0,36.455,705851000.0,0.0,42479000.0,17525000.0,27.805,275271000.0
73,BIO,MRT,2003-03-31,2003-03-31,2003-03-31,2021-09-07,5414000.0,739397000.0,720811500.0,473805000.0,265592000.0,1.25,16.374,-44762000.0,25223000.0,25223000.0,379865000.0,75454000.0,2.182,0.786,110008000.0,11146000.0,98862000.0,110008000.0,0.0,0.0,0.0,0.0,0.0,143601000.0,143601000.0,0.159,143601000.0,143601000.0,116297000.0,2.99,2.89,2.99,414005000.0,373632750.0,414005000.0,989826402.0,7.0,6.893,64580000.0,2.554,1.0,520928000.0,0.578,69519000.0,27304000.0,537472000.0,541962000.0,172917000.0,0.0,0.0,0.0,325392000.0,217191000.0,108201000.0,904305402.0,-19723000.0,-14525000.0,4375000.0,-73912000.0,0.0,-69537000.0,-66600000.0,-2205000.0,109342000.0,7072000.0,75454000.0,75454000.0,75454000.0,663000.0,0.0,0.084,373937000.0,146991000.0,79001000.0,0.0,2.184,11.985,11.957,144633000.0,0.0,35.75,1.004,1.003,213955000.0,371205000.0,900793000.0,900793000.0,80935000.0,0.105,0.202,0.265,0.159,0.0,293002000.0,1.0,25295256.0,25284000,26057000.0,35.627,669878000.0,0.0,40843000.0,28209000.0,26.494,256614000.0
74,BIO,MRT,2002-12-31,2002-12-31,2002-12-31,2021-09-07,2102000.0,720703000.0,707651750.0,466614000.0,254089000.0,1.222,15.26,-42224000.0,27733000.0,27733000.0,365451000.0,67863000.0,2.233,0.881,113254000.0,7486000.0,105768000.0,113254000.0,0.0,0.0,0.0,0.0,0.0,132762000.0,132762000.0,0.153,132762000.0,132762000.0,104555000.0,2.7,2.61,2.7,383087000.0,346365250.0,383087000.0,1086037278.0,8.0,8.18,63534000.0,2.531,1.0,499555000.0,0.578,69519000.0,28207000.0,527775000.0,546574750.0,166372000.0,0.0,0.0,0.0,337616000.0,208930000.0,128686000.0,975778278.0,-19396000.0,-8568000.0,5334000.0,-84461000.0,0.0,-79127000.0,-54456000.0,-1394000.0,105758000.0,8429000.0,67863000.0,67863000.0,67863000.0,663000.0,0.0,0.078,361367000.0,138188000.0,50233000.0,0.0,2.547,14.379,14.333,142235000.0,0.0,38.7,1.128,1.123,209282000.0,344841000.0,865006000.0,865006000.0,79788000.0,0.096,0.196,0.243,0.153,0.0,281579000.0,1.0,25213909.0,25104000,26021000.0,34.457,651184000.0,37052000.0,36692000.0,26858000.0,25.939,257684000.0
75,BIO,MRT,2002-09-30,2002-09-30,2002-09-30,2021-09-07,-6737000.0,719022000.0,698483000.0,462539000.0,256483000.0,1.264,14.17,-42416000.0,39250000.0,39250000.0,378032000.0,68624000.0,2.176,1.017,149509000.0,10385000.0,139124000.0,149509000.0,0.0,0.0,0.0,0.0,0.0,125134000.0,125134000.0,0.142,125134000.0,125134000.0,101249000.0,2.75,2.66,2.75,356525000.0,321562750.0,356525000.0,1082302601.0,9.0,8.649,68189000.0,2.71,1.0,505071000.0,0.572,74566000.0,23885000.0,542133000.0,554242000.0,160683000.0,0.0,0.0,0.0,362497000.0,212582000.0,149915000.0,947384601.0,6924000.0,-961000.0,6543000.0,-62077000.0,0.0,-55534000.0,-52993000.0,-1175000.0,110605000.0,4846000.0,68624000.0,68624000.0,68624000.0,0.0,0.0,0.078,363301000.0,141770000.0,68496000.0,0.0,2.657,13.805,13.695,139718000.0,0.0,37.66,1.073,1.073,201261000.0,328600000.0,883103000.0,883103000.0,82024000.0,0.098,0.213,0.226,0.142,0.0,284745000.0,1.0,25156256.0,25160000,26071000.0,35.099,644456000.0,0.0,32625000.0,35648000.0,25.614,249957000.0
76,BIO,MRT,2002-06-30,2002-06-30,2002-06-30,2021-09-07,-4822000.0,704124000.0,689852750.0,441831000.0,262293000.0,1.224,13.583,-42551000.0,25655000.0,25655000.0,363537000.0,59054000.0,2.18,1.065,160573000.0,11156000.0,149417000.0,160573000.0,0.0,0.0,0.0,0.0,0.0,109150000.0,109150000.0,0.129,109150000.0,109150000.0,86055000.0,2.38,2.3,2.38,340914000.0,300511750.0,340914000.0,1281583927.0,12.0,11.741,57958000.0,2.309,1.0,480792000.0,0.569,75873000.0,23095000.0,560468000.0,559719250.0,154779000.0,0.0,0.0,0.0,363210000.0,202701000.0,160509000.0,1142091927.0,-411000.0,-13218000.0,6126000.0,-53029000.0,0.0,-46903000.0,-57960000.0,-276000.0,100509000.0,3943000.0,59054000.0,59054000.0,59054000.0,0.0,0.0,0.07,353176000.0,127616000.0,69414000.0,0.0,3.35,19.34,19.122,137835000.0,0.0,45.51,1.353,1.353,199973000.0,311983000.0,844329000.0,844329000.0,80461000.0,0.086,0.197,0.195,0.129,0.0,274161000.0,1.0,25095406.0,25098000,26085000.0,33.641,628251000.0,0.0,27001000.0,29928000.0,25.032,239130000.0
77,BIO,MRT,2002-03-31,2002-03-31,2002-03-31,2021-09-07,-22903000.0,686758000.0,678984750.0,435881000.0,250877000.0,1.215,12.232,-42393000.0,44946000.0,44946000.0,358262000.0,54383000.0,2.242,1.252,184438000.0,10095000.0,174343000.0,184438000.0,0.0,0.0,0.0,0.0,0.0,102028000.0,102028000.0,0.124,102028000.0,102028000.0,78975000.0,2.2,2.14,2.2,304935000.0,279366750.0,304935000.0,1088990927.0,11.0,10.673,73066000.0,2.931,1.0,466761000.0,0.566,75873000.0,23053000.0,555923000.0,559801250.0,141667000.0,0.0,0.0,0.0,381823000.0,194454000.0,187369000.0,937765927.0,34952000.0,-4650000.0,5986000.0,-38608000.0,0.0,-32622000.0,-47962000.0,-370000.0,115459000.0,77000.0,54383000.0,54383000.0,54383000.0,0.0,0.0,0.066,347515000.0,119246000.0,67848000.0,0.0,3.075,17.244,17.068,132779000.0,0.0,37.55,1.137,1.135,196004000.0,295535000.0,825023000.0,825023000.0,78356000.0,0.08,0.195,0.182,0.124,0.0,268584000.0,1.0,24973793.0,24930000,25789000.0,33.094,610885000.0,0.0,24592000.0,36973000.0,24.504,241427000.0
78,BIO,MRT,2001-12-31,2001-12-31,2001-12-31,2021-09-07,-22987000.0,684028000.0,670015000.0,430828000.0,253200000.0,1.22,11.517,-43228000.0,47129000.0,47129000.0,362140000.0,44179000.0,2.164,1.41,198354000.0,9931000.0,188423000.0,198354000.0,0.0,0.0,0.0,0.0,0.0,89057000.0,89057000.0,0.109,89057000.0,89057000.0,64969000.0,1.79,1.74,1.79,283877000.0,264949250.0,283877000.0,969790462.0,11.0,10.89,56310000.0,2.285,1.0,455369000.0,0.557,77703000.0,24088000.0,558444000.0,566409750.0,139179000.0,0.0,0.0,0.0,400151000.0,199106000.0,201045000.0,790841462.0,33175000.0,-4650000.0,4638000.0,-24843000.0,0.0,-20205000.0,-47538000.0,-70000.0,99538000.0,1380000.0,44179000.0,44179000.0,44179000.0,0.0,0.0,0.054,349034000.0,106335000.0,64903000.0,0.0,2.786,17.901,17.682,132974000.0,0.0,31.65,0.967,0.954,194400000.0,276554000.0,817509000.0,817509000.0,76543000.0,0.066,0.167,0.157,0.109,0.0,264745000.0,1.0,24987092.0,24648000,25442000.0,33.167,606325000.0,27537000.0,20790000.0,31255000.0,24.599,231722000.0
79,BIO,MRT,2001-09-30,2001-09-30,2001-09-30,2021-09-07,-15931000.0,684501000.0,660577500.0,419974000.0,264527000.0,1.153,11.024,-39535000.0,32326000.0,32326000.0,351635000.0,36329000.0,1.956,1.514,211275000.0,19993000.0,191282000.0,211275000.0,0.0,0.0,0.0,0.0,0.0,79916000.0,79916000.0,0.105,79916000.0,79916000.0,54617000.0,1.48,1.455,1.48,272321000.0,255134500.0,272321000.0,773179662.0,10.0,9.675,25430000.0,1.029,1.0,410325000.0,0.539,84715000.0,25299000.0,564042000.0,570186750.0,158946000.0,0.0,0.0,0.0,412180000.0,214693000.0,197487000.0,587196662.0,23740000.0,2468000.0,3382000.0,-18938000.0,0.0,-11056000.0,-36130000.0,244000.0,64965000.0,5961000.0,36329000.0,36329000.0,36329000.0,0.0,0.0,0.048,330464000.0,79861000.0,67835000.0,0.0,2.156,16.163,15.878,131300000.0,0.0,23.5,0.771,0.762,186394000.0,259350000.0,761960000.0,761960000.0,71071000.0,0.055,0.142,0.14,0.105,0.0,247241000.0,1.0,24987092.0,24702000,25526000.0,30.846,599786000.0,0.0,18288000.0,28285000.0,24.281,205281000.0
80,BIO,MRT,2001-06-30,2001-06-30,2001-06-30,2021-09-07,-24179000.0,660652000.0,647994250.0,395466000.0,265186000.0,1.16,10.421,-34000000.0,26066000.0,26066000.0,354368000.0,43201000.0,1.965,1.577,212049000.0,17334000.0,194715000.0,212049000.0,0.0,0.0,0.0,0.0,0.0,91450000.0,91450000.0,0.122,91450000.0,91450000.0,64877000.0,1.76,1.745,1.76,256334000.0,244230250.0,256334000.0,832309774.0,9.0,9.101,15281000.0,0.621,1.0,397249000.0,0.529,84625000.0,26573000.0,560796000.0,595969500.0,142285000.0,0.0,0.0,0.0,404318000.0,201214000.0,203104000.0,621410774.0,12995000.0,34118000.0,2631000.0,-54605000.0,0.0,-47474000.0,4312000.0,357000.0,49281000.0,6876000.0,43201000.0,43201000.0,43201000.0,0.0,0.0,0.057,323621000.0,73628000.0,60615000.0,0.0,2.424,14.384,14.148,128982000.0,0.0,24.9,0.827,0.815,186708000.0,252134000.0,751617000.0,751617000.0,69018000.0,0.067,0.177,0.153,0.122,0.0,244473000.0,1.0,24956256.0,24598000,25362000.0,30.556,576027000.0,0.0,21676000.0,26201000.0,23.418,194252000.0
81,BIO,MRT,2001-03-31,2001-03-31,2001-03-31,2021-09-07,-20161000.0,650879000.0,649090500.0,380543000.0,270336000.0,1.145,10.089,-32366000.0,9994000.0,9994000.0,354450000.0,36714000.0,1.987,1.632,220893000.0,17992000.0,202901000.0,220893000.0,0.0,0.0,0.0,0.0,0.0,82424000.0,82424000.0,0.111,82424000.0,82424000.0,53989000.0,1.5,1.49,1.5,247265000.0,235732250.0,247265000.0,656764608.0,8.0,7.968,-82000.0,-0.003,1.0,388639000.0,0.523,87881000.0,28435000.0,582357000.0,636578500.0,136713000.0,0.0,0.0,0.0,403614000.0,191540000.0,212074000.0,449212608.0,-5327000.0,34118000.0,1368000.0,-55249000.0,0.0,-49381000.0,7019000.0,426000.0,32284000.0,4751000.0,36714000.0,36714000.0,36714000.0,0.0,0.0,0.049,321374000.0,67265000.0,62046000.0,0.0,1.817,12.235,12.0,118787000.0,0.0,18.0,0.605,0.594,191792000.0,240402000.0,743089000.0,743089000.0,68697000.0,0.057,0.156,0.129,0.111,0.0,244568000.0,1.0,24956256.0,24508000,25094000.0,30.32,562998000.0,0.0,17275000.0,23485000.0,22.972,189003000.0
82,BIO,MRT,2000-12-31,2000-12-31,2000-12-31,2021-09-07,-13386000.0,646278000.0,654211250.0,369668000.0,276610000.0,1.11,10.016,-31406000.0,13954000.0,13954000.0,348450000.0,31100000.0,1.953,1.642,221506000.0,18146000.0,203360000.0,221506000.0,0.0,0.0,0.0,0.0,0.0,75345000.0,75345000.0,0.104,75345000.0,75345000.0,44733000.0,1.27,1.27,1.27,244618000.0,228665500.0,244618000.0,613634470.0,8.0,8.144,-7159000.0,-0.293,1.0,377434000.0,0.52,90970000.0,30612000.0,573552000.0,676477750.0,132519000.0,0.0,0.0,0.0,401660000.0,189308000.0,212352000.0,396804470.0,-3133000.0,34118000.0,2010000.0,-43616000.0,0.0,-41606000.0,9296000.0,469000.0,24247000.0,4930000.0,31100000.0,31100000.0,31100000.0,0.0,0.0,0.043,322115000.0,55319000.0,62965000.0,0.0,1.622,12.759,12.52,119032000.0,0.0,15.9,0.547,0.535,182242000.0,231821000.0,725884000.0,725884000.0,68140000.0,0.048,0.136,0.111,0.104,0.0,245866000.0,1.0,24956256.0,24422000,24568000.0,29.723,555308000.0,20770000.0,13633000.0,17405000.0,22.738,180360000.0
83,BIO,MRT,2000-09-30,2000-09-30,2000-09-30,2021-09-07,-19837000.0,634168000.0,659857250.0,354921000.0,279247000.0,1.134,9.36,-33407000.0,8586000.0,8586000.0,355218000.0,10733000.0,1.931,1.773,225416000.0,13786000.0,211630000.0,225416000.0,0.0,0.0,0.0,0.0,0.0,51743000.0,51743000.0,0.069,51743000.0,51743000.0,17547000.0,0.435,0.43,0.435,228704000.0,222539500.0,228704000.0,530310661.0,10.0,10.249,7026000.0,0.288,1.0,393172000.0,0.525,0.0,34196000.0,667173000.0,684358500.0,124814000.0,1225000.0,0.0,1225000.0,405464000.0,183825000.0,221639000.0,280882661.0,-3240000.0,-175828000.0,2035000.0,156769000.0,0.0,154304000.0,-202068000.0,646000.0,40433000.0,4091000.0,10733000.0,10733000.0,10733000.0,0.0,0.0,0.014,344373000.0,48799000.0,56082000.0,0.0,1.228,26.17,25.874,119439000.0,0.0,11.255,0.375,0.367,182616000.0,222708000.0,748390000.0,748390000.0,85884000.0,0.016,0.048,0.076,0.069,0.0,258489000.0,1.0,24956256.0,24434000,24476000.0,30.629,634168000.0,0.0,6814000.0,29957000.0,25.954,171096000.0
84,BIO,MRT,2000-06-30,2000-06-30,2000-06-30,2021-09-07,-12339000.0,665037000.0,595348000.0,384028000.0,281009000.0,1.153,9.099,-33365000.0,13071000.0,13071000.0,323027000.0,1067000.0,2.008,1.991,262499000.0,19564000.0,242935000.0,262499000.0,0.0,0.0,0.0,0.0,0.0,29664000.0,29664000.0,0.043,29664000.0,29664000.0,2058000.0,0.04,0.035,0.04,222342000.0,223912500.0,222342000.0,568499200.0,19.0,19.165,10472000.0,0.429,1.0,363129000.0,0.529,0.0,27606000.0,723232000.0,596901500.0,139325000.0,1346000.0,0.0,1346000.0,442695000.0,191233000.0,251462000.0,311953200.0,1476000.0,-202828000.0,2381000.0,187752000.0,0.0,185633000.0,-227613000.0,5248000.0,43837000.0,-381000.0,1067000.0,1067000.0,1067000.0,0.0,0.0,0.002,322555000.0,40574000.0,59121000.0,0.0,1.403,292.365,312.5,125990000.0,0.0,12.5,0.455,0.445,193662000.0,208802000.0,686156000.0,686156000.0,80511000.0,0.002,0.005,0.05,0.043,0.0,242044000.0,1.0,24956256.0,24436000,24540000.0,28.08,665037000.0,0.0,991000.0,20538000.0,27.215,192795000.0
85,BIO,MRT,2000-03-31,2000-03-31,2000-03-31,2021-09-07,-10346000.0,671362000.0,521916750.0,382283000.0,289079000.0,1.179,8.992,-30985000.0,15321000.0,15321000.0,286387000.0,3874000.0,2.056,2.066,271867000.0,13805000.0,258062000.0,271867000.0,0.0,0.0,0.0,0.0,0.0,26244000.0,26244000.0,0.043,26244000.0,26244000.0,5633000.0,0.155,0.155,0.155,218998000.0,225516250.0,218998000.0,584112988.0,22.0,22.257,6769000.0,0.278,1.0,328737000.0,0.534,0.0,20611000.0,741954000.0,497030000.0,136287000.0,1359000.0,0.0,1359000.0,452364000.0,185954000.0,266410000.0,340028988.0,7285000.0,-202828000.0,2420000.0,194205000.0,0.0,192125000.0,-225989000.0,4899000.0,37754000.0,3395000.0,3874000.0,3874000.0,3874000.0,0.0,0.0,0.006,293892000.0,34845000.0,61399000.0,0.0,1.553,87.772,87.903,126134000.0,0.0,13.625,0.553,0.539,189574000.0,203766000.0,615124000.0,615124000.0,74047000.0,0.007,0.017,0.053,0.043,0.0,219845000.0,1.0,24956256.0,24354000,24512000.0,25.258,671362000.0,0.0,1759000.0,21145000.0,27.567,196329000.0
86,BIO,MRT,1999-12-31,1999-12-31,1999-12-31,2021-09-07,-4780000.0,668862000.0,446482500.0,378717000.0,290145000.0,1.244,9.088,-27275000.0,17087000.0,17087000.0,255223000.0,11721000.0,1.87,2.039,261171000.0,21960000.0,239211000.0,261171000.0,0.0,0.0,0.0,0.0,0.0,29157000.0,29157000.0,0.052,29157000.0,29157000.0,16416000.0,0.48,0.48,0.48,220114000.0,225989500.0,220114000.0,324663074.0,11.0,11.135,17706000.0,0.731,1.0,300176000.0,0.54,105350000.0,12741000.0,605075000.0,392246250.0,126277000.0,0.0,0.0,0.0,448748000.0,202521000.0,246227000.0,291375074.0,7006000.0,-202828000.0,-568000.0,182819000.0,0.0,182251000.0,-223318000.0,4384000.0,44981000.0,3092000.0,11721000.0,11721000.0,11721000.0,0.0,0.0,0.021,267077000.0,33099000.0,64737000.0,0.0,1.324,24.859,24.354,125942000.0,0.0,11.69,0.525,0.51,193898000.0,200993000.0,555399000.0,555399000.0,66710000.0,0.026,0.052,0.074,0.052,0.0,200367000.0,1.0,24925156.0,24220000,24330000.0,22.931,563512000.0,20584000.0,4695000.0,21102000.0,23.266,176196000.0
87,BIO,MRT,1999-09-30,1999-09-30,1999-09-30,2021-09-07,-1577000.0,376131000.0,371091750.0,240351000.0,135780000.0,1.293,9.669,-24570000.0,11826000.0,11826000.0,213902000.0,29373000.0,2.61,0.606,45114000.0,9747000.0,35367000.0,45114000.0,0.0,0.0,0.0,0.0,0.0,44561000.0,44561000.0,0.093,44561000.0,44561000.0,41189000.0,1.205,1.21,1.205,234196000.0,224544500.0,234196000.0,378864386.0,9.0,8.502,9818000.0,0.405,1.0,265966000.0,0.554,0.0,3372000.0,317345000.0,314250000.0,96385000.0,1539000.0,0.0,1539000.0,141935000.0,92074000.0,49861000.0,341225386.0,3491000.0,0.0,-4702000.0,-6436000.0,0.0,-11138000.0,-18871000.0,5494000.0,34388000.0,-888000.0,29373000.0,29373000.0,29373000.0,0.0,0.0,0.061,220775000.0,45191000.0,22348000.0,0.0,1.457,11.617,11.361,85005000.0,0.0,13.69,0.711,0.691,105213000.0,212201000.0,479868000.0,479868000.0,43046000.0,0.079,0.131,0.142,0.093,0.0,177729000.0,1.0,24925156.0,24222000,24390000.0,19.811,376131000.0,0.0,11816000.0,16553000.0,15.528,148277000.0
88,BIO,MRT,1999-06-30,1999-06-30,1999-06-30,2021-09-07,-2476000.0,371312000.0,367463250.0,234998000.0,136314000.0,1.266,9.457,-23938000.0,11595000.0,11595000.0,207408000.0,27058000.0,2.758,0.623,49234000.0,6986000.0,42248000.0,49234000.0,0.0,0.0,0.0,0.0,0.0,41519000.0,41519000.0,0.089,41519000.0,41519000.0,37961000.0,1.11,1.115,1.11,228757000.0,218987000.0,228757000.0,368620537.0,9.0,8.878,9119000.0,0.377,1.0,257915000.0,0.554,0.0,3558000.0,323746000.0,311813250.0,91687000.0,6879000.0,0.0,6879000.0,142555000.0,85205000.0,57350000.0,325522537.0,-1887000.0,0.0,-4983000.0,-9945000.0,0.0,-14928000.0,-18792000.0,5404000.0,33057000.0,-1224000.0,27058000.0,27058000.0,27058000.0,0.0,0.0,0.058,217443000.0,40472000.0,23528000.0,0.0,1.423,12.031,11.766,82845000.0,0.0,13.06,0.7,0.679,104929000.0,208014000.0,465323000.0,465323000.0,42290000.0,0.074,0.124,0.133,0.089,0.0,175153000.0,1.0,24925156.0,24190000,24352000.0,19.236,371312000.0,0.0,10903000.0,18077000.0,15.35,149793000.0
89,BIO,MRT,1999-03-31,1999-03-31,1999-03-31,2021-09-07,-2159000.0,369625000.0,367216750.0,236878000.0,132747000.0,1.246,9.122,-21556000.0,8036000.0,8036000.0,205896000.0,26328000.0,2.635,0.673,51134000.0,5851000.0,45283000.0,51134000.0,0.0,0.0,0.0,0.0,0.0,40839000.0,40839000.0,0.089,40839000.0,40839000.0,36997000.0,1.075,1.08,1.075,220891000.0,214365250.0,220891000.0,294018204.0,7.0,7.199,7272000.0,0.3,1.0,251531000.0,0.55,0.0,3842000.0,322819000.0,310899250.0,91713000.0,5968000.0,0.0,5968000.0,148734000.0,89904000.0,58830000.0,252367204.0,-4590000.0,0.0,-4462000.0,-5423000.0,0.0,-9885000.0,-22850000.0,-1254000.0,28828000.0,-683000.0,26328000.0,26328000.0,26328000.0,0.0,0.0,0.058,216862000.0,34669000.0,25676000.0,0.0,1.142,9.586,9.419,81625000.0,0.0,10.125,0.552,0.536,110360000.0,200225000.0,457427000.0,457427000.0,42003000.0,0.072,0.123,0.131,0.089,0.0,174859000.0,1.0,24925156.0,24216000,24246000.0,18.889,369625000.0,0.0,10669000.0,21259000.0,15.264,146974000.0
90,BIO,MRT,1998-12-31,1998-12-31,1998-12-31,2021-09-07,593000.0,367299000.0,367202750.0,235389000.0,131910000.0,1.22,8.738,-21176000.0,10081000.0,10081000.0,202438000.0,24302000.0,2.421,0.714,51732000.0,9393000.0,42339000.0,51732000.0,0.0,0.0,0.0,0.0,0.0,37959000.0,37959000.0,0.085,37959000.0,37959000.0,34228000.0,0.99,0.985,0.99,214334000.0,210986000.0,214334000.0,301355138.0,8.0,7.939,6159000.0,0.251,1.0,245425000.0,0.548,18616000.0,3731000.0,293090000.0,308954750.0,92411000.0,6174000.0,0.0,6174000.0,152965000.0,97244000.0,55721000.0,260958138.0,-762000.0,0.0,-2584000.0,1679000.0,0.0,-905000.0,-25255000.0,-2719000.0,27335000.0,-1937000.0,24302000.0,24302000.0,24302000.0,0.0,0.0,0.054,214280000.0,31145000.0,26706000.0,0.0,1.218,10.738,10.606,82130000.0,0.0,10.5,0.583,0.575,106010000.0,189838000.0,447863000.0,447863000.0,41381000.0,0.066,0.115,0.123,0.085,0.0,172899000.0,1.0,24853156.0,24528000,24716000.0,18.259,348683000.0,18340000.0,9926000.0,19778000.0,14.216,138145000.0
91,BIO,MRT,1998-09-30,1998-09-30,1998-09-30,2021-09-07,864000.0,361617000.0,363347000.0,230148000.0,131469000.0,1.208,8.615,-21894000.0,8335000.0,8335000.0,200475000.0,19222000.0,2.438,0.706,48732000.0,10001000.0,38731000.0,48732000.0,0.0,0.0,0.0,0.0,0.0,30301000.0,30301000.0,0.069,30301000.0,30301000.0,27047000.0,0.785,0.78,0.785,211966000.0,206571750.0,211966000.0,347734972.0,11.0,11.476,-1436000.0,-0.058,1.0,238396000.0,0.543,0.0,3254000.0,307598000.0,302943750.0,96927000.0,7835000.0,0.0,7835000.0,149651000.0,94416000.0,55235000.0,302959972.0,3663000.0,-30451000.0,627000.0,38563000.0,0.0,39190000.0,-56509000.0,-5267000.0,20458000.0,524000.0,19222000.0,19222000.0,19222000.0,0.0,0.0,0.044,211118000.0,27278000.0,22295000.0,0.0,1.429,15.761,15.529,80111000.0,0.0,12.19,0.69,0.683,96397000.0,183506000.0,438871000.0,438871000.0,43918000.0,0.053,0.093,0.1,0.069,0.0,167200000.0,1.0,24853156.0,24604000,24788000.0,17.837,361617000.0,0.0,7825000.0,22980000.0,14.697,135732000.0
92,BIO,MRT,1998-06-30,1998-06-30,1998-06-30,2021-09-07,1112000.0,370326000.0,347917000.0,238132000.0,132194000.0,1.263,8.573,-22725000.0,13482000.0,13482000.0,199726000.0,19898000.0,2.506,0.761,58257000.0,10422000.0,47835000.0,58257000.0,0.0,0.0,0.0,0.0,0.0,30480000.0,30480000.0,0.069,30480000.0,30480000.0,27948000.0,0.81,0.805,0.81,210270000.0,202287500.0,210270000.0,424273098.0,14.0,13.92,-816000.0,-0.033,1.0,239654000.0,0.545,0.0,2532000.0,320090000.0,281071000.0,93367000.0,27717000.0,0.0,27717000.0,160056000.0,95011000.0,65045000.0,380318098.0,7999000.0,-31238000.0,-1553000.0,48406000.0,0.0,46853000.0,-63170000.0,-12376000.0,21909000.0,2407000.0,19898000.0,19898000.0,19898000.0,0.0,0.0,0.045,210759000.0,28895000.0,25006000.0,0.0,1.809,19.113,18.901,77923000.0,0.0,15.31,0.866,0.855,100092000.0,182029000.0,439380000.0,439380000.0,44666000.0,0.057,0.098,0.108,0.069,0.0,166093000.0,1.0,24841156.0,24526000,24828000.0,17.915,370326000.0,0.0,8050000.0,25376000.0,15.099,143121000.0
93,BIO,MRT,1998-03-31,1998-03-31,1998-03-31,2021-09-07,6190000.0,369569000.0,328355250.0,238396000.0,131173000.0,1.332,8.491,-22957000.0,12626000.0,12626000.0,197716000.0,17646000.0,2.421,0.782,56581000.0,11712000.0,44869000.0,56581000.0,0.0,0.0,0.0,0.0,0.0,26396000.0,26396000.0,0.06,26396000.0,26396000.0,24680000.0,0.72,0.71,0.72,207374000.0,198328000.0,207374000.0,372776137.0,14.0,14.122,-1234000.0,-0.051,1.0,239518000.0,0.548,0.0,1716000.0,315041000.0,254980750.0,94137000.0,25745000.0,0.0,25745000.0,162195000.0,98483000.0,63712000.0,333865137.0,1959000.0,-31238000.0,-2492000.0,38991000.0,0.0,36499000.0,-57462000.0,-5676000.0,21723000.0,1199000.0,17646000.0,17646000.0,17646000.0,0.0,0.0,0.04,210373000.0,29145000.0,28544000.0,0.0,1.61,18.92,18.667,78261000.0,0.0,13.44,0.764,0.751,103080000.0,175697000.0,437234000.0,437234000.0,45242000.0,0.054,0.089,0.104,0.06,0.0,165131000.0,1.0,24841156.0,24422000,24650000.0,17.903,369569000.0,0.0,7034000.0,26730000.0,15.133,139913000.0
94,BIO,MRT,1997-12-31,1997-12-31,1997-12-31,2021-09-07,4654000.0,351876000.0,308921250.0,227418000.0,124458000.0,1.382,8.021,-23571000.0,10843000.0,10843000.0,189331000.0,16364000.0,2.257,0.789,49754000.0,10802000.0,38952000.0,49754000.0,0.0,0.0,0.0,0.0,0.0,23944000.0,23944000.0,0.056,23944000.0,23944000.0,22728000.0,0.665,0.66,0.665,196677000.0,193399000.0,196677000.0,328934944.0,14.0,13.738,-2462000.0,-0.1,1.0,237583000.0,0.557,20959000.0,1216000.0,269046000.0,229713500.0,91428000.0,18092000.0,0.0,18092000.0,155199000.0,100782000.0,54417000.0,324372944.0,1453000.0,-31238000.0,-3093000.0,36611000.0,0.0,33518000.0,-55925000.0,-4933000.0,21109000.0,2751000.0,16364000.0,16364000.0,16364000.0,0.0,0.0,0.038,210930000.0,26653000.0,32385000.0,0.0,1.649,19.822,19.639,78678000.0,0.0,13.06,0.76,0.75,96965000.0,167182000.0,426914000.0,426914000.0,46138000.0,0.053,0.085,0.104,0.056,0.0,164792000.0,1.0,24837132.0,24520000,24788000.0,17.411,330917000.0,15524000.0,6364000.0,20520000.0,13.496,126636000.0
95,BIO,MRT,1997-09-30,1997-09-30,1997-09-30,2021-09-07,3576000.0,299897000.0,292183500.0,202139000.0,97758000.0,1.455,7.943,-21010000.0,4672000.0,4672000.0,188190000.0,17515000.0,2.396,0.539,9234000.0,4516000.0,4718000.0,9234000.0,0.0,0.0,0.0,0.0,0.0,26023000.0,26023000.0,0.061,26023000.0,26023000.0,24579000.0,0.71,,0.71,194829000.0,190106750.0,194829000.0,375483090.0,14.0,14.429,3984000.0,0.162,1.0,236884000.0,0.557,0.0,1444000.0,220107000.0,212842750.0,82411000.0,15185000.0,0.0,15185000.0,105068000.0,84352000.0,20716000.0,372255090.0,-20633000.0,-2077000.0,-3409000.0,-20771000.0,0.0,-24180000.0,-24280000.0,-4275000.0,24994000.0,2833000.0,17515000.0,17515000.0,17515000.0,0.0,0.0,0.041,209265000.0,27619000.0,27846000.0,0.0,1.911,21.254,21.127,74783000.0,0.0,15.0,0.876,0.866,89319000.0,165880000.0,425074000.0,425074000.0,43627000.0,0.06,0.092,0.122,0.061,0.0,162938000.0,1.0,24817006.0,24528000,,17.33,299897000.0,0.0,7064000.0,20359000.0,12.227,117787000.0
96,BIO,MRT,1997-06-30,1997-06-30,1997-06-30,2021-09-07,3619000.0,292079000.0,,201855000.0,90224000.0,,7.908,-17997000.0,5483000.0,5483000.0,184246000.0,21600000.0,2.537,0.502,8711000.0,6611000.0,2100000.0,8711000.0,0.0,0.0,0.0,0.0,0.0,31885000.0,31885000.0,0.076,31885000.0,31885000.0,29881000.0,0.88,,0.88,194432000.0,,194432000.0,329111294.0,10.0,10.322,-1570000.0,-0.064,1.0,237896000.0,0.564,0.0,2004000.0,215729000.0,,77318000.0,11132000.0,0.0,11132000.0,97647000.0,79578000.0,18069000.0,323288294.0,-20946000.0,-1290000.0,-1462000.0,-19967000.0,0.0,-21429000.0,-18292000.0,-1390000.0,16427000.0,2348000.0,21600000.0,21600000.0,21600000.0,0.0,0.0,0.051,205371000.0,32525000.0,24629000.0,0.0,1.663,14.967,14.807,71867000.0,0.0,13.03,0.766,0.759,96776000.0,163330000.0,422142000.0,422142000.0,42381000.0,,,,0.076,0.0,160290000.0,1.0,24811074.0,24586000,,17.17,292079000.0,0.0,8281000.0,18211000.0,11.88,122277000.0
97,BIO,MRT,1997-03-31,1997-03-31,1997-03-31,2021-09-07,1628000.0,291833000.0,,204247000.0,87586000.0,,7.643,-17522000.0,10667000.0,10667000.0,178919000.0,24212000.0,2.441,0.555,16490000.0,11918000.0,4572000.0,16490000.0,0.0,0.0,0.0,0.0,0.0,35562000.0,35562000.0,0.085,35562000.0,35562000.0,33090000.0,0.985,,0.985,187658000.0,,187658000.0,319124816.0,9.0,8.974,6525000.0,0.266,1.0,237452000.0,0.57,0.0,2472000.0,213972000.0,,73140000.0,8817000.0,0.0,8817000.0,104175000.0,83684000.0,20491000.0,316251816.0,-7285000.0,-1290000.0,-1047000.0,-15941000.0,0.0,-16988000.0,-17090000.0,-1213000.0,24047000.0,2746000.0,24212000.0,24212000.0,24212000.0,0.0,0.0,0.058,201892000.0,35560000.0,19893000.0,0.0,1.685,13.062,12.944,72024000.0,0.0,12.75,0.76,0.752,97116000.0,158497000.0,416371000.0,416371000.0,40796000.0,,,,0.085,0.0,158396000.0,1.0,24804064.0,24552000,,16.959,291833000.0,0.0,8878000.0,20685000.0,11.886,120563000.0
98,BIO,MRT,1996-12-31,1996-12-31,1996-12-31,2021-09-07,4756000.0,284925000.0,285011500.0,198535000.0,86390000.0,1.469,7.476,-15235000.0,9390000.0,9390000.0,182046000.0,26179000.0,2.509,0.553,12263000.0,5542000.0,6721000.0,12263000.0,0.0,0.0,0.0,0.0,0.0,38324000.0,38324000.0,0.092,38324000.0,38324000.0,35297000.0,1.065,1.05,1.065,183508000.0,170283500.0,183508000.0,,,,17918000.0,0.73,1.0,236743000.0,0.565,7096000.0,3027000.0,201563000.0,208630500.0,69738000.0,7432000.0,0.0,7432000.0,101417000.0,79139000.0,22278000.0,372060960.0,-5384000.0,-1290000.0,-410000.0,-24757000.0,0.0,-25167000.0,-14844000.0,258000.0,33153000.0,1474000.0,26179000.0,26179000.0,26179000.0,0.0,0.0,0.063,197796000.0,38947000.0,21262000.0,0.0,2.027,14.212,14.085,71862000.0,0.0,15.0,0.888,0.879,97795000.0,151003000.0,418789000.0,418789000.0,39580000.0,0.092,0.154,0.184,0.092,0.0,155516000.0,1.0,24804064.0,24546000,24944000.0,17.061,277829000.0,14947000.0,9118000.0,19545000.0,11.319,119396000.0
99,BIO,MRT,1996-09-30,1996-09-30,1996-09-30,2021-09-07,,,,,,,,,,,,,,,,,,,,,,0.0,0.0,,,,,,,,,,,,,,,,,,1.0,,,,,,,,,,,,,,,,,,,,,,,,,,,,,,,,,,,,,,,,14.375,,,,,,,,,,,,,,1.0,,24578000,,,,,,,,
100,BIO,MRT,1996-06-30,1996-06-30,1996-06-30,2021-09-07,,,,,,,,,,,,,,,,,,,,,,0.0,0.0,,,,,,,,,,,,,,,,,,1.0,,,,,,,,,,,,,,,,,,,,,,,,,,,,,,,,,,,,,,,,17.94,,,,,,,,,,,,,,1.0,,24564000,,,,,,,,
101,BIO,MRT,1996-03-31,1996-03-31,1996-03-31,2021-09-07,,,,,,,,,,,,,,,,,,,,,,0.0,0.0,,,,,,,,,,,,,,,,,,1.0,,,,,,,,,,,,,,,,,,,,,,,,,,,,,,,,,,,,,,,,14.0,,,,,,,,,,,,,,1.0,,24510000,,,,,,,,
102,BIO,MRT,1995-12-31,1995-12-31,1995-12-31,2021-09-07,4076000.0,285098000.0,,201592000.0,83506000.0,,6.434,-12307000.0,14774000.0,14774000.0,171942000.0,25156000.0,2.244,0.815,35191000.0,14269000.0,20922000.0,35191000.0,0.0,0.0,0.0,0.0,0.0,38007000.0,38007000.0,0.096,38007000.0,38007000.0,33542000.0,1.03,1.01,1.03,157059000.0,,157059000.0,,,,25925000.0,1.062,1.0,224676000.0,0.566,0.0,4465000.0,215698000.0,,75357000.0,5902000.0,0.0,5902000.0,128039000.0,89817000.0,38222000.0,,11023000.0,-829000.0,1093000.0,-14198000.0,0.0,-13105000.0,-13913000.0,-139000.0,38232000.0,-191000.0,25156000.0,25156000.0,25156000.0,0.0,0.0,0.063,186486000.0,38190000.0,19946000.0,0.0,,,13.754,72966000.0,0.0,14.167,,0.872,92061000.0,124857000.0,396618000.0,396618000.0,34714000.0,,,,0.096,0.0,150272000.0,1.0,,24412000,24860000.0,16.247,285098000.0,12274000.0,8386000.0,24382000.0,11.679,111775000.0
103,BIO,MRT,1994-12-31,1994-12-31,1994-12-31,2021-09-07,,,,,,,,-9798000.0,,,155805000.0,15598000.0,,,,,,,,0.0,,0.0,0.0,30135000.0,30135000.0,0.085,30135000.0,30135000.0,23997000.0,0.645,,0.645,,,,,,,38476000.0,1.588,1.0,199494000.0,0.561,,6138000.0,,,,,,,,,,,639000.0,0.0,823000.0,-33720000.0,0.0,-32897000.0,-13056000.0,-156000.0,48274000.0,-1682000.0,15598000.0,15598000.0,15598000.0,0.0,0.0,0.044,162763000.0,36731000.0,,0.0,,,14.341,,0.0,9.25,,0.631,,,355299000.0,355299000.0,30172000.0,,,,0.085,0.0,132591000.0,1.0,,24226000,,14.666,,,8399000.0,,,
