None,ticker,dimension,calendardate,datekey,reportperiod,lastupdated,accoci,assets,assetsavg,assetsc,assetsnc,assetturnover,bvps,capex,cashneq,cashnequsd,cor,consolinc,currentratio,de,debt,debtc,debtnc,debtusd,deferredrev,depamor,deposits,divyield,dps,ebit,ebitda,ebitdamargin,ebitdausd,ebitusd,ebt,eps,epsdil,epsusd,equity,equityavg,equityusd,ev,evebit,evebitda,fcf,fcfps,fxusd,gp,grossmargin,intangibles,intexp,invcap,invcapavg,inventory,investments,investmentsc,investmentsnc,liabilities,liabilitiesc,liabilitiesnc,marketcap,ncf,ncfbus,ncfcommon,ncfdebt,ncfdiv,ncff,ncfi,ncfinv,ncfo,ncfx,netinc,netinccmn,netinccmnusd,netincdis,netincnci,netmargin,opex,opinc,payables,payoutratio,pb,pe,pe1,ppnenet,prefdivis,price,ps,ps1,receivables,retearn,revenue,revenueusd,rnd,roa,roe,roic,ros,sbcomp,sgna,sharefactor,sharesbas,shareswa,shareswadil,sps,tangibles,taxassets,taxexp,taxliabilities,tbvps,workingcapital
0,CMG,MRY,2020-12-31,2020-12-31,2020-12-31,2021-07-23,-4229000.0,5982896000.0,5547788250.0,1420237000.0,4562659000.0,1.079,72.362,-373352000.0,635836000.0,635836000.0,4943553000.0,355766000.0,1.727,1.962,3157052000.0,204756000.0,2952296000.0,3157052000.0,127750000.0,423072000.0,0.0,0.0,0.0,293781000.0,716853000.0,0.12,716853000.0,293781000.0,293781000.0,12.74,12.52,12.74,2020135000.0,1800559250.0,2020135000.0,41201592762.0,140.0,57.476,290495000.0,10.406,1.0,1041081000.0,0.174,21939000.0,0.0,7659974000.0,7200081250.0,26445000.0,445944000.0,343616000.0,102328000.0,3962761000.0,822199000.0,3140562000.0,38800629762.0,127355000.0,0.0,-54401000.0,0.0,0.0,-104851000.0,-432717000.0,-59365000.0,663847000.0,1076000.0,355766000.0,355766000.0,355766000.0,0.0,0.0,0.059,750917000.0,290164000.0,121990000.0,0.0,19.207,109.062,108.847,4351496000.0,0.0,1386.71,6.483,6.469,104500000.0,3276163000.0,5984634000.0,5984634000.0,0.0,0.064,0.198,0.041,0.049,82626000.0,466291000.0,1.0,27980349.0,27917000.0,28416000.0,214.372,5960957000.0,282783000.0,-61985000.0,149422000.0,213.524,598038000.0
1,CMG,MRY,2019-12-31,2019-12-31,2019-12-31,2021-07-23,-5363000.0,5104604000.0,4831832500.0,1072204000.0,4032400000.0,1.156,60.671,-319943000.0,508481000.0,508481000.0,4443879000.0,350158000.0,1.608,2.033,2851513000.0,173139000.0,2678374000.0,2851513000.0,95195000.0,376730000.0,0.0,0.0,0.0,458285000.0,835015000.0,0.149,835015000.0,458285000.0,458285000.0,12.62,12.38,12.62,1683026000.0,1581830250.0,1683026000.0,25661920220.0,56.0,30.732,401689000.0,14.48,1.0,1142490000.0,0.205,21939000.0,0.0,6759104000.0,6569856250.0,26096000.0,400156000.0,400156000.0,0.0,3421578000.0,666593000.0,2754985000.0,23267643220.0,228329000.0,0.0,-190617000.0,0.0,0.0,-201735000.0,-291974000.0,27969000.0,721632000.0,406000.0,350158000.0,350158000.0,350158000.0,0.0,0.0,0.063,698532000.0,443958000.0,115816000.0,0.0,13.825,66.449,66.332,3964156000.0,0.0,837.11,4.165,4.157,80545000.0,2921448000.0,5586369000.0,5586369000.0,0.0,0.072,0.221,0.07,0.082,91396000.0,451552000.0,1.0,27795204.0,27740000.0,28295000.0,201.383,5082665000.0,27705000.0,108127000.0,37814000.0,183.225,405611000.0
2,CMG,MRY,2018-12-31,2018-12-31,2018-12-31,2021-07-23,-6236000.0,2265518000.0,2180614000.0,814794000.0,1450724000.0,2.231,51.804,-287390000.0,280152000.0,280152000.0,3953993000.0,176553000.0,1.811,0.572,0.0,0.0,0.0,0.0,70474000.0,201979000.0,0.0,0.0,0.0,268436000.0,470415000.0,0.097,470415000.0,268436000.0,268436000.0,6.35,6.31,6.35,1441339000.0,1408307000.0,1441339000.0,11625670267.0,43.0,24.714,334162000.0,12.01,1.0,910992000.0,0.187,21939000.0,0.0,1513437000.0,1487296750.0,21555000.0,426845000.0,426845000.0,0.0,824179000.0,449990000.0,374189000.0,11998278267.0,65982000.0,0.0,-160937000.0,0.0,0.0,-166535000.0,-387578000.0,-100188000.0,621552000.0,-1457000.0,176553000.0,176553000.0,176553000.0,0.0,0.0,0.036,652624000.0,258368000.0,113071000.0,0.0,8.324,67.959,67.998,1379254000.0,0.0,431.79,2.466,2.469,62312000.0,2573617000.0,4864985000.0,4864985000.0,0.0,0.081,0.125,0.18,0.055,69164000.0,375460000.0,1.0,27787300.0,27823000.0,27962000.0,174.855,2243579000.0,0.0,91883000.0,16695000.0,80.638,364804000.0
3,CMG,MRY,2017-12-31,2017-12-31,2017-12-31,2021-07-23,-3659000.0,2045692000.0,2060220500.0,629535000.0,1416157000.0,2.173,47.89,-216777000.0,214170000.0,214170000.0,3720196000.0,176253000.0,1.944,0.499,0.0,0.0,0.0,0.0,63645000.0,163348000.0,0.0,0.0,0.0,275743000.0,439091000.0,0.098,439091000.0,275743000.0,275743000.0,6.19,6.17,6.19,1364445000.0,1402372250.0,1364445000.0,8046681735.0,29.0,18.326,251439000.0,8.825,1.0,756216000.0,0.169,21939000.0,0.0,1485690000.0,1576630750.0,19860000.0,324382000.0,324382000.0,0.0,681247000.0,323893000.0,357354000.0,8160161735.0,97800000.0,0.0,-285192000.0,0.0,0.0,-285894000.0,-86578000.0,130199000.0,468216000.0,2056000.0,176253000.0,176253000.0,176253000.0,0.0,0.0,0.039,485422000.0,270794000.0,82028000.0,0.0,5.981,46.298,46.693,1338366000.0,0.0,289.03,1.823,1.84,40453000.0,2397064000.0,4476412000.0,4476412000.0,0.0,0.086,0.126,0.175,0.062,65255000.0,296388000.0,1.0,28232923.0,28491000.0,28561000.0,157.117,2023753000.0,9353000.0,99490000.0,814000.0,71.031,305642000.0
4,CMG,MRY,2016-12-31,2016-12-31,2016-12-31,2021-07-23,-8162000.0,2026103000.0,2083939000.0,522374000.0,1503729000.0,1.874,47.924,-258842000.0,87880000.0,87880000.0,3406170000.0,22938000.0,1.854,0.445,0.0,0.0,0.0,0.0,0.0,146368000.0,0.0,0.0,0.0,38739000.0,185107000.0,0.047,185107000.0,38739000.0,38739000.0,0.78,0.77,0.78,1402493000.0,1467452500.0,1402493000.0,10768969806.0,278.0,58.177,96318000.0,3.291,1.0,498214000.0,0.128,21939000.0,0.0,1634491000.0,1613861000.0,15019000.0,454891000.0,329836000.0,125055000.0,623610000.0,281793000.0,341817000.0,10923097806.0,-154207000.0,0.0,-835388000.0,0.0,0.0,-836283000.0,326806000.0,585648000.0,355160000.0,110000.0,22938000.0,22938000.0,22938000.0,0.0,0.0,0.006,463647000.0,34567000.0,78363000.0,0.0,7.788,476.201,483.744,1303558000.0,0.0,377.32,2.798,2.828,40451000.0,2220811000.0,3904384000.0,3904384000.0,0.0,0.011,0.016,0.024,0.01,64166000.0,276240000.0,1.0,28949162.0,29265000.0,29770000.0,133.415,2004164000.0,5108000.0,15801000.0,18944000.0,68.483,240581000.0
5,CMG,MRY,2015-12-31,2015-12-31,2015-12-31,2021-07-23,-8273000.0,2725066000.0,2795732750.0,814647000.0,1910419000.0,1.61,68.441,-257418000.0,248005000.0,248005000.0,3326936000.0,475602000.0,2.91,0.281,0.0,0.0,0.0,0.0,0.0,130368000.0,0.0,0.0,0.0,769867000.0,900235000.0,0.2,900235000.0,769867000.0,769867000.0,15.3,15.1,15.3,2127974000.0,2228876500.0,2127974000.0,14361161315.0,19.0,15.953,425898000.0,13.698,1.0,1174287000.0,0.261,21939000.0,0.0,2175180000.0,2012510750.0,15043000.0,1038138000.0,415199000.0,622939000.0,597092000.0,279942000.0,317150000.0,14965323315.0,-171460000.0,0.0,-460882000.0,0.0,0.0,-386440000.0,-464140000.0,-206722000.0,683316000.0,-4196000.0,475602000.0,475602000.0,475602000.0,0.0,0.0,0.106,410698000.0,763589000.0,85709000.0,0.0,7.033,31.466,31.363,1217220000.0,0.0,479.85,3.325,3.315,38283000.0,2197873000.0,4501223000.0,4501223000.0,0.0,0.17,0.213,0.383,0.171,-16531000.0,250214000.0,1.0,31187503.0,31092000.0,31494000.0,144.771,2703127000.0,58152000.0,294265000.0,32305000.0,86.94,534705000.0
6,CMG,MRY,2014-12-31,2014-12-31,2014-12-31,2021-07-23,-429000.0,2527317000.0,2349408000.0,859511000.0,1667806000.0,1.749,64.836,-252590000.0,419465000.0,419465000.0,2990513000.0,445374000.0,3.498,0.256,0.0,0.0,0.0,0.0,0.0,110474000.0,0.0,0.0,0.0,714303000.0,824777000.0,0.201,824777000.0,714303000.0,714303000.0,14.35,14.13,14.35,2012369000.0,1826050000.0,2012369000.0,20785859950.0,29.0,25.202,429477000.0,13.837,1.0,1117756000.0,0.272,21939000.0,0.0,1840203000.0,1646669250.0,15332000.0,834698000.0,338592000.0,496106000.0,514948000.0,245710000.0,269238000.0,21228477950.0,96262000.0,0.0,-88404000.0,0.0,0.0,-66737000.0,-518844000.0,-266254000.0,682067000.0,-224000.0,445374000.0,445374000.0,445374000.0,0.0,0.0,0.108,406956000.0,710800000.0,69613000.0,0.0,10.549,47.664,47.701,1106984000.0,0.0,684.51,5.167,5.171,34839000.0,1722271000.0,4108269000.0,4108269000.0,0.0,0.19,0.244,0.434,0.174,74773000.0,273897000.0,1.0,31012663.0,31038000.0,31512000.0,132.363,2505378000.0,16488000.0,268929000.0,21561000.0,80.72,613801000.0
7,CMG,MRY,2013-12-31,2013-12-31,2013-12-31,2021-07-23,1620000.0,2009280000.0,1860578250.0,666307000.0,1342973000.0,1.728,49.691,-199926000.0,323203000.0,323203000.0,2359822000.0,327438000.0,3.344,0.306,0.0,0.0,0.0,0.0,0.0,96054000.0,0.0,0.0,0.0,534471000.0,630525000.0,0.196,630525000.0,534471000.0,534471000.0,10.58,10.47,10.58,1538288000.0,1414891000.0,1538288000.0,16178481432.0,30.0,25.659,328854000.0,10.623,1.0,854769000.0,0.266,21939000.0,0.0,1464910000.0,1337741750.0,13044000.0,568834000.0,254971000.0,313863000.0,470992000.0,199228000.0,271764000.0,16486557432.0,650000.0,0.0,-138730000.0,0.0,0.0,-100351000.0,-428315000.0,-228389000.0,528780000.0,536000.0,327438000.0,327438000.0,327438000.0,0.0,0.0,0.102,322049000.0,532720000.0,59022000.0,0.0,10.717,50.35,50.357,963238000.0,0.0,532.78,5.129,5.131,24016000.0,1276897000.0,3214591000.0,3214591000.0,0.0,0.176,0.231,0.4,0.166,25278000.0,203733000.0,1.0,30944400.0,30957000.0,31281000.0,103.841,1987341000.0,16869000.0,207033000.0,55434000.0,64.197,467079000.0
8,CMG,MRY,2012-12-31,2012-12-31,2012-12-31,2021-07-23,1024000.0,1668667000.0,1637712250.0,546607000.0,1122060000.0,1.668,39.537,-197037000.0,322553000.0,322553000.0,1990884000.0,278000000.0,2.925,0.339,0.0,0.0,0.0,0.0,0.0,84130000.0,0.0,0.0,0.0,457685000.0,541815000.0,0.198,541815000.0,457685000.0,457685000.0,8.82,8.75,8.82,1245926000.0,1246140500.0,1245926000.0,8947669603.0,20.0,16.514,222926000.0,7.074,1.0,740340000.0,0.271,21939000.0,0.0,1137323000.0,1080890500.0,11096000.0,341174000.0,150306000.0,190868000.0,422741000.0,186852000.0,235889000.0,9368818603.0,-78690000.0,0.0,-216744000.0,0.0,0.0,-143534000.0,-355499000.0,-158462000.0,419963000.0,380000.0,278000000.0,278000000.0,278000000.0,0.0,0.0,0.102,284475000.0,455865000.0,58700000.0,0.0,7.52,33.701,33.726,866703000.0,0.0,297.46,3.43,3.432,16800000.0,949459000.0,2731224000.0,2731224000.0,0.0,0.17,0.223,0.423,0.168,-8934000.0,183409000.0,1.0,31496062.0,31513000.0,31783000.0,86.67,1646728000.0,18474000.0,179685000.0,48947000.0,52.256,359755000.0
9,CMG,MRY,2011-12-31,2011-12-31,2011-12-31,2021-07-23,197000.0,1425308000.0,1297579250.0,501192000.0,924116000.0,1.749,33.451,-151147000.0,401243000.0,401243000.0,1680321000.0,214945000.0,3.183,0.365,0.0,0.0,0.0,0.0,0.0,74938000.0,0.0,0.0,0.0,349705000.0,424643000.0,0.187,424643000.0,349705000.0,349705000.0,6.89,6.76,6.89,1044226000.0,961368750.0,1044226000.0,10160184646.0,29.0,23.926,259949000.0,8.327,1.0,589227000.0,0.26,21939000.0,0.0,844673000.0,789011750.0,8913000.0,183246000.0,55005000.0,128241000.0,381082000.0,157453000.0,223629000.0,10570059646.0,176405000.0,0.0,-62934000.0,0.0,0.0,-24268000.0,-210218000.0,-59071000.0,411096000.0,-205000.0,214945000.0,214945000.0,214945000.0,0.0,0.0,0.095,238665000.0,350562000.0,46382000.0,0.0,10.122,49.176,49.019,751951000.0,0.0,337.74,4.657,4.646,8389000.0,671459000.0,2269548000.0,2269548000.0,0.0,0.166,0.224,0.443,0.154,2596000.0,149426000.0,1.0,31296440.0,31217000.0,31775000.0,72.702,1403369000.0,6238000.0,134760000.0,68622000.0,44.955,343739000.0
10,CMG,MRY,2010-12-31,2010-12-31,2010-12-31,2021-07-23,606000.0,1121605000.0,1038967500.0,406221000.0,715384000.0,1.767,25.961,-113215000.0,224838000.0,224838000.0,1346517000.0,178981000.0,3.301,0.383,0.0,0.0,0.0,0.0,0.0,68921000.0,0.0,0.0,0.0,289061000.0,357982000.0,0.195,357982000.0,289061000.0,289061000.0,5.73,5.64,5.73,810873000.0,764073750.0,810873000.0,6369855316.0,22.0,17.794,175976000.0,5.634,1.0,489405000.0,0.267,21939000.0,0.0,751774000.0,702475750.0,7098000.0,124766000.0,124766000.0,0.0,310732000.0,123054000.0,187678000.0,6580851316.0,5272000.0,0.0,-108952000.0,-96000.0,0.0,-94522000.0,-189881000.0,-76666000.0,289191000.0,484000.0,178981000.0,178981000.0,178981000.0,0.0,0.0,0.097,201574000.0,287831000.0,33705000.0,0.0,8.116,36.768,37.113,676881000.0,0.0,212.66,3.584,3.618,5658000.0,456514000.0,1835922000.0,1835922000.0,0.0,0.172,0.234,0.411,0.157,6855000.0,118590000.0,1.0,30945412.0,31234000.0,31735000.0,58.78,1099666000.0,27845000.0,110080000.0,50525000.0,35.207,283167000.0
11,CMG,MRY,2009-12-31,2009-12-31,2009-12-31,2021-07-23,29000.0,961505000.0,902315500.0,297454000.0,664051000.0,1.683,22.145,-117198000.0,219566000.0,219566000.0,1139898000.0,126845000.0,2.912,0.367,0.0,0.0,0.0,0.0,0.0,61308000.0,0.0,0.0,0.0,204630000.0,265938000.0,0.175,265938000.0,204630000.0,204225000.0,3.99,3.95,3.99,703461000.0,666687250.0,703461000.0,2555656575.0,12.0,9.61,143475000.0,4.517,1.0,378519000.0,0.249,21939000.0,405000.0,617847000.0,572853500.0,5614000.0,50000000.0,50000000.0,0.0,258044000.0,102153000.0,155891000.0,2794102575.0,131522000.0,0.0,-72296000.0,-82000.0,0.0,-61943000.0,-67208000.0,49990000.0,260673000.0,0.0,126845000.0,126845000.0,126845000.0,0.0,0.0,0.084,174814000.0,203705000.0,25230000.0,0.0,3.972,22.028,22.095,636411000.0,0.0,88.16,1.84,1.844,4763000.0,277533000.0,1518417000.0,1518417000.0,0.0,0.141,0.19,0.357,0.135,4557000.0,99149000.0,1.0,31693541.0,31766000.0,32102000.0,47.8,939566000.0,3134000.0,77380000.0,43070000.0,29.578,195301000.0
12,CMG,MRY,2008-12-31,2008-12-31,2008-12-31,2021-07-23,-193000.0,824985000.0,798898000.0,211072000.0,613913000.0,1.667,19.001,-152101000.0,88044000.0,88044000.0,1045041000.0,78202000.0,2.749,0.325,0.0,0.0,0.0,0.0,0.0,52770000.0,0.0,0.0,0.0,127508000.0,180278000.0,0.135,180278000.0,127508000.0,127206000.0,2.39,2.36,2.39,622590000.0,611402500.0,622590000.0,1832269322.0,14.0,10.164,46406000.0,1.416,1.0,286927000.0,0.215,21939000.0,302000.0,638214000.0,529954000.0,4789000.0,99990000.0,99990000.0,0.0,202395000.0,76788000.0,125607000.0,2044452322.0,-63132000.0,0.0,-29756000.0,-76000.0,0.0,-29548000.0,-232091000.0,-79990000.0,198507000.0,0.0,78202000.0,78202000.0,78202000.0,0.0,0.0,0.059,162888000.0,124039000.0,23890000.0,0.0,3.284,26.143,25.933,585899000.0,0.0,61.98,1.535,1.525,3643000.0,150688000.0,1331968000.0,1331968000.0,0.0,0.098,0.128,0.241,0.096,11090000.0,89155000.0,1.0,32985678.0,32766000.0,33146000.0,40.651,803046000.0,2842000.0,49004000.0,29863000.0,24.509,134284000.0
13,CMG,MRY,2007-12-31,2007-12-31,2007-12-31,2021-07-23,0.0,722115000.0,669389000.0,201844000.0,520271000.0,1.622,17.205,-140545000.0,151176000.0,151176000.0,843213000.0,70563000.0,2.754,0.285,0.0,0.0,0.0,0.0,0.0,43595000.0,0.0,0.0,0.0,114298000.0,157893000.0,0.145,157893000.0,114298000.0,114002000.0,2.16,2.13,2.16,562110000.0,523917250.0,562110000.0,4671896513.0,41.0,29.589,6378000.0,0.195,1.0,242569000.0,0.223,21939000.0,296000.0,475699000.0,421943000.0,4332000.0,20000000.0,20000000.0,0.0,160005000.0,73301000.0,86704000.0,4839553513.0,-2466000.0,-5668000.0,3863000.0,-71000.0,0.0,16824000.0,-166213000.0,-20000000.0,146923000.0,0.0,70563000.0,70563000.0,70563000.0,0.0,0.0,0.065,134386000.0,108183000.0,19880000.0,0.0,8.61,68.585,68.088,494930000.0,0.0,147.07,4.457,4.425,5373000.0,72486000.0,1085782000.0,1085782000.0,0.0,0.105,0.135,0.271,0.105,7801000.0,75038000.0,1.0,32906463.0,32672000.0,33146000.0,33.233,700176000.0,11966000.0,43439000.0,16483000.0,21.43,128543000.0
14,CMG,MRY,2006-12-31,2006-12-31,2006-12-31,2021-07-23,7000.0,604208000.0,556518250.0,178837000.0,425371000.0,1.479,14.788,-97312000.0,153642000.0,153642000.0,650681000.0,41423000.0,2.922,0.275,0.0,0.0,0.0,0.0,0.0,34253000.0,0.0,0.0,0.0,68526000.0,102779000.0,0.125,102779000.0,68526000.0,68255000.0,1.29,1.28,1.29,473957000.0,441414000.0,473957000.0,1702166305.0,25.0,16.561,6285000.0,0.196,1.0,172249000.0,0.209,17738000.0,271000.0,371627000.0,340802750.0,3505000.0,0.0,0.0,0.0,130251000.0,61201000.0,69050000.0,1859731305.0,153581000.0,0.0,136085000.0,2822000.0,0.0,147296000.0,-97312000.0,0.0,103597000.0,0.0,41423000.0,41423000.0,41423000.0,0.0,0.0,0.05,110297000.0,61952000.0,19567000.0,0.0,3.924,44.896,44.186,404740000.0,0.0,57.0,2.26,2.22,13648000.0,2972000.0,822930000.0,822930000.0,0.0,0.074,0.094,0.201,0.083,5193000.0,65284000.0,1.0,32626865.0,32051000.0,32465000.0,25.676,586470000.0,930000.0,26832000.0,20203000.0,18.298,117636000.0
15,CMG,MRY,2005-12-31,2005-12-31,2005-12-31,2021-07-23,9000.0,392495000.0,361074000.0,17824000.0,374671000.0,1.738,11.771,-83036000.0,61000.0,61000.0,511621000.0,37696000.0,0.425,0.269,0.0,0.0,0.0,0.0,0.0,28026000.0,0.0,,0.0,31030000.0,59056000.0,0.094,59056000.0,31030000.0,30240000.0,1.43,1.43,1.43,309354000.0,285960000.0,309354000.0,,,,-5605000.0,-0.213,1.0,116074000.0,0.185,17738000.0,790000.0,332714000.0,300756000.0,2625000.0,0.0,0.0,0.0,83141000.0,41982000.0,41159000.0,,61000.0,0.0,0.0,-1736000.0,0.0,5666000.0,-83036000.0,0.0,77431000.0,0.0,37696000.0,37696000.0,37696000.0,0.0,0.0,0.06,85080000.0,30994000.0,13188000.0,0.0,,,,340694000.0,0.0,,,,4181000.0,-38451000.0,627695000.0,627695000.0,0.0,0.104,0.132,0.103,0.049,2103000.0,51964000.0,1.0,32494619.0,26281000.0,26374000.0,23.884,374757000.0,15932000.0,-7456000.0,0.0,14.26,-24158000.0
16,CMG,MRY,2004-12-31,2004-12-31,2004-12-31,2021-07-23,9000.0,329653000.0,,10332000.0,319321000.0,,10.315,-95615000.0,380000.0,380000.0,394106000.0,6126000.0,0.267,0.256,4431000.0,4431000.0,0.0,4431000.0,0.0,21802000.0,0.0,,0.0,6317000.0,28119000.0,0.06,28119000.0,6317000.0,6126000.0,0.24,0.24,0.24,262566000.0,,262566000.0,,,,-55943000.0,-2.198,1.0,76615000.0,0.163,26243000.0,191000.0,268798000.0,,2256000.0,0.0,0.0,0.0,67087000.0,38663000.0,28424000.0,,0.0,0.0,64923000.0,-8980000.0,0.0,55943000.0,-95615000.0,0.0,39672000.0,0.0,6126000.0,6126000.0,6126000.0,0.0,0.0,0.013,70509000.0,6106000.0,13494000.0,0.0,,,,289873000.0,0.0,,,,3222000.0,-76147000.0,470721000.0,470721000.0,0.0,,,,0.013,193000.0,44837000.0,1.0,,25454000.0,25520000.0,18.493,303410000.0,0.0,0.0,0.0,11.92,-28331000.0
17,CMG,MRY,2003-12-31,2003-12-31,2003-12-31,2021-07-23,,,,,,,,-86107000.0,,,268041000.0,-7714000.0,,,,,,,,15090000.0,,,0.0,-7686000.0,7404000.0,0.023,7404000.0,-7686000.0,-7714000.0,-0.34,-0.34,-0.34,,,,,,,-64038000.0,-2.861,1.0,47479000.0,0.15,,28000.0,,,,,,,,,,,0.0,0.0,37968000.0,26070000.0,0.0,64038000.0,-86107000.0,0.0,22069000.0,0.0,-7714000.0,-7714000.0,-7714000.0,0.0,0.0,-0.024,55414000.0,-7935000.0,,0.0,,,,,0.0,,,,,,315520000.0,315520000.0,0.0,,,,-0.024,0.0,34189000.0,1.0,,22384000.0,22384000.0,14.096,,,0.0,,,
18,CMG,MRY,2002-12-31,2002-12-31,2002-12-31,2021-07-23,,,,,,,,-48601000.0,,,182703000.0,-17289000.0,,,,,,,,11260000.0,,,0.0,-17188000.0,-5928000.0,-0.029,-5928000.0,-17188000.0,-17289000.0,-0.44,-0.44,-0.44,,,,,,,-42630000.0,-1.084,1.0,21942000.0,0.107,,101000.0,,,,,,,,,,,0.0,0.0,54846000.0,-12216000.0,0.0,42630000.0,-48601000.0,0.0,5971000.0,0.0,-17289000.0,-17289000.0,-17289000.0,0.0,0.0,-0.084,39574000.0,-17632000.0,,0.0,,,,,0.0,,,,,,204645000.0,204645000.0,0.0,,,,-0.084,0.0,25803000.0,1.0,,39324552.0,39324552.0,5.204,,,0.0,,,
0,CMG,MRQ,2021-06-30,2021-06-30,2021-06-30,2021-07-23,-4187000.0,6320454000.0,,1447810000.0,4872644000.0,,77.279,-122619000.0,696146000.0,696146000.0,1429656000.0,187974000.0,1.733,1.907,3348201000.0,213646000.0,3134555000.0,3348201000.0,113016000.0,118298000.0,0.0,0.0,0.0,246376000.0,364674000.0,0.193,364674000.0,246376000.0,246376000.0,6.68,6.6,6.68,2174158000.0,,2174158000.0,46169436613.0,73.0,42.864,134266000.0,4.772,1.0,462882000.0,0.245,21939000.0,0.0,8115084000.0,,25159000.0,473274000.0,322460000.0,150814000.0,4146296000.0,835486000.0,3310810000.0,43642813613.0,-26493000.0,0.0,-145922000.0,0.0,0.0,-161959000.0,-121610000.0,1009000.0,256885000.0,191000.0,187974000.0,187974000.0,187974000.0,0.0,0.0,0.099,217357000.0,245525000.0,140251000.0,0.0,20.073,74.44,74.179,4612096000.0,0.0,1550.34,6.378,6.374,75697000.0,3591238000.0,1892538000.0,1892538000.0,0.0,,,,,47290000.0,146044000.0,1.0,28150479.0,28134000.0,28501000.0,67.269,6298515000.0,284612000.0,58402000.0,133510000.0,223.876,612324000.0
1,CMG,MRQ,2021-03-31,2021-03-31,2021-03-31,2021-07-23,-4492000.0,6149059000.0,,1456851000.0,4692208000.0,,74.579,-86619000.0,722639000.0,722639000.0,1352819000.0,127101000.0,1.747,1.932,3249262000.0,209086000.0,3040176000.0,3249262000.0,110197000.0,112391000.0,0.0,0.0,0.0,159274000.0,271665000.0,0.156,271665000.0,159274000.0,159274000.0,4.52,4.45,4.52,2097531000.0,,2097531000.0,42508866433.0,112.0,52.266,219354000.0,7.799,1.0,388756000.0,0.223,21939000.0,0.0,7819739000.0,,24304000.0,474513000.0,363585000.0,110928000.0,4051528000.0,834004000.0,3217524000.0,39987650433.0,86803000.0,0.0,-57229000.0,0.0,0.0,-102260000.0,-116503000.0,-29884000.0,305973000.0,-407000.0,127101000.0,127101000.0,127101000.0,0.0,0.0,0.073,227314000.0,161442000.0,147417000.0,0.0,19.064,98.376,97.92,4472015000.0,0.0,1420.82,6.332,6.327,68449000.0,3403264000.0,1741575000.0,1741575000.0,0.0,,,,,55390000.0,155103000.0,1.0,28144065.0,28125000.0,28582000.0,61.923,6127120000.0,244122000.0,32173000.0,135929000.0,217.853,622847000.0
2,CMG,MRQ,2020-12-31,2020-12-31,2020-12-31,2021-07-23,-4229000.0,5982896000.0,,1420237000.0,4562659000.0,,72.168,-126594000.0,635836000.0,635836000.0,1294483000.0,190959000.0,1.727,1.962,3157052000.0,204756000.0,2952296000.0,3157052000.0,127750000.0,108442000.0,0.0,0.0,0.0,117732000.0,226174000.0,0.141,226174000.0,117732000.0,117732000.0,6.83,6.71,6.83,2020135000.0,,2020135000.0,41201592762.0,140.0,57.476,-11470000.0,-0.41,1.0,313227000.0,0.195,21939000.0,0.0,7659974000.0,,26445000.0,445944000.0,343616000.0,102328000.0,3962761000.0,822199000.0,3140562000.0,38800629762.0,-54156000.0,0.0,0.0,0.0,0.0,-609000.0,-169370000.0,-42776000.0,115124000.0,699000.0,190959000.0,190959000.0,190959000.0,0.0,0.0,0.119,196341000.0,116886000.0,121990000.0,0.0,19.207,109.062,108.847,4351496000.0,0.0,1386.71,6.483,6.469,104500000.0,3276163000.0,1607710000.0,1607710000.0,0.0,,,,,22047000.0,124024000.0,1.0,27980349.0,27992000.0,28554000.0,57.435,5960957000.0,282783000.0,-73227000.0,149422000.0,212.952,598038000.0
3,CMG,MRQ,2020-09-30,2020-09-30,2020-09-30,2021-07-23,-5444000.0,5631640000.0,,1211280000.0,4420360000.0,,64.547,-81303000.0,689992000.0,689992000.0,1289189000.0,80244000.0,1.511,2.119,3090955000.0,199815000.0,2891140000.0,3090955000.0,91467000.0,108093000.0,0.0,0.0,0.0,106501000.0,214594000.0,0.134,214594000.0,106501000.0,106501000.0,2.87,2.82,2.87,1805586000.0,,1805586000.0,37156387889.0,134.0,53.605,162487000.0,5.809,1.0,312225000.0,0.195,21939000.0,0.0,7208947000.0,,25464000.0,404293000.0,342819000.0,61474000.0,3826054000.0,801717000.0,3024337000.0,34783614889.0,56391000.0,0.0,0.0,0.0,0.0,-39000.0,-187841000.0,-106538000.0,243790000.0,481000.0,80244000.0,80244000.0,80244000.0,0.0,0.0,0.05,205129000.0,107096000.0,157324000.0,0.0,19.264,146.628,146.147,4255435000.0,0.0,1243.71,5.979,5.981,69366000.0,3085204000.0,1601414000.0,1601414000.0,0.0,,,,,19817000.0,133150000.0,1.0,27967625.0,27973000.0,28454000.0,57.249,5609701000.0,60436000.0,26257000.0,95221000.0,200.54,409563000.0
4,CMG,MRQ,2020-06-30,2020-06-30,2020-06-30,2021-07-23,-6149000.0,5370129000.0,,1150343000.0,4219786000.0,,61.069,-87802000.0,633601000.0,633601000.0,1197976000.0,8175000.0,1.591,2.151,3006374000.0,197196000.0,2809178000.0,3006374000.0,88924000.0,105202000.0,0.0,0.0,0.0,-4316000.0,100886000.0,0.074,100886000.0,-4316000.0,-4316000.0,0.29,0.29,0.29,1704496000.0,,1704496000.0,31765965199.0,109.0,45.972,35060000.0,1.256,1.0,166762000.0,0.122,21939000.0,0.0,6997785000.0,,24178000.0,301041000.0,301041000.0,0.0,3665633000.0,723178000.0,2942455000.0,29351100199.0,105330000.0,0.0,0.0,0.0,0.0,-2103000.0,-16144000.0,71658000.0,122862000.0,715000.0,8175000.0,8175000.0,8175000.0,0.0,0.0,0.006,171701000.0,-4939000.0,160523000.0,0.0,17.22,114.85,114.511,4132213000.0,0.0,1052.36,5.223,5.227,68006000.0,3004960000.0,1364738000.0,1364738000.0,0.0,,,,,23367000.0,102647000.0,1.0,27890741.0,27911000.0,28333000.0,48.896,5348190000.0,97840000.0,-12491000.0,96502000.0,191.616,427165000.0
5,CMG,MRQ,2020-03-31,2020-03-31,2020-03-31,2021-07-23,-7204000.0,5206488000.0,,1075501000.0,4130987000.0,,60.162,-77653000.0,528271000.0,528271000.0,1161905000.0,76388000.0,1.615,2.114,2943136000.0,178358000.0,2764778000.0,2943136000.0,77499000.0,101335000.0,0.0,0.0,0.0,73864000.0,175199000.0,0.124,175199000.0,73864000.0,73864000.0,2.75,2.7,2.75,1672020000.0,,1672020000.0,20514388296.0,49.0,25.483,104418000.0,3.757,1.0,248867000.0,0.176,21939000.0,0.0,6933619000.0,,23335000.0,380978000.0,380978000.0,0.0,3534468000.0,665795000.0,2868673000.0,18171356296.0,19790000.0,0.0,-54401000.0,0.0,0.0,-102100000.0,-59362000.0,18291000.0,182071000.0,-819000.0,76388000.0,76388000.0,76388000.0,0.0,0.0,0.054,177746000.0,71121000.0,130423000.0,0.0,10.868,53.696,53.727,4057082000.0,0.0,654.4,3.194,3.197,63461000.0,2996785000.0,1410772000.0,1410772000.0,0.0,,,,,17395000.0,106470000.0,1.0,27767965.0,27792000.0,28323000.0,50.762,5184549000.0,56631000.0,-2524000.0,64851000.0,186.548,409706000.0
6,CMG,MRQ,2019-12-31,2019-12-31,2019-12-31,2021-07-23,-5363000.0,5104604000.0,,1072204000.0,4032400000.0,,60.606,-81978000.0,508481000.0,508481000.0,1163779000.0,72416000.0,1.608,2.033,2851513000.0,173139000.0,2678374000.0,2851513000.0,95195000.0,101479000.0,0.0,0.0,0.0,100996000.0,202475000.0,0.141,202475000.0,100996000.0,100996000.0,2.6,2.55,2.6,1683026000.0,,1683026000.0,25661920220.0,56.0,30.732,104611000.0,3.767,1.0,276445000.0,0.192,21939000.0,0.0,6759104000.0,,26096000.0,400156000.0,400156000.0,0.0,3421578000.0,666593000.0,2754985000.0,23267643220.0,93219000.0,0.0,-38996000.0,0.0,0.0,-39029000.0,-54350000.0,27628000.0,186589000.0,9000.0,72416000.0,72416000.0,72416000.0,0.0,0.0,0.05,178289000.0,98156000.0,115816000.0,0.0,13.825,66.449,66.332,3964156000.0,0.0,837.11,4.165,4.157,80545000.0,2921448000.0,1440224000.0,1440224000.0,0.0,,,,,25739000.0,112416000.0,1.0,27795204.0,27770000.0,28376000.0,51.863,5082665000.0,27705000.0,28580000.0,37814000.0,183.027,405611000.0
7,CMG,MRQ,2019-09-30,2019-09-30,2019-09-30,2021-07-23,-5887000.0,4937937000.0,,954756000.0,3983181000.0,,58.414,-95963000.0,415262000.0,415262000.0,1111809000.0,98582000.0,1.506,2.044,2809539000.0,166802000.0,2642737000.0,2809539000.0,61809000.0,92390000.0,0.0,0.0,0.0,120032000.0,212422000.0,0.151,212422000.0,120032000.0,120032000.0,3.55,3.47,3.55,1622447000.0,,1622447000.0,25667757802.0,64.0,35.199,138565000.0,4.989,1.0,291888000.0,0.208,21939000.0,0.0,6676256000.0,,23871000.0,428796000.0,428796000.0,0.0,3315490000.0,634019000.0,2681471000.0,23300191802.0,86806000.0,0.0,-40079000.0,0.0,0.0,-40256000.0,-107369000.0,-11406000.0,234528000.0,-97000.0,98582000.0,98582000.0,98582000.0,0.0,0.0,0.07,176267000.0,115621000.0,118483000.0,0.0,14.361,75.22,75.244,3904910000.0,0.0,840.47,4.338,4.346,49489000.0,2849032000.0,1403697000.0,1403697000.0,0.0,,,,,25336000.0,115070000.0,1.0,27722812.0,27775000.0,28388000.0,50.538,4915998000.0,13458000.0,21450000.0,0.0,176.994,320737000.0
8,CMG,MRQ,2019-06-30,2019-06-30,2019-06-30,2021-07-23,-5261000.0,4659307000.0,,832402000.0,3826905000.0,,55.485,-77776000.0,328456000.0,328456000.0,1134569000.0,91028000.0,1.518,2.029,2696022000.0,161253000.0,2534769000.0,2696022000.0,61794000.0,90975000.0,0.0,0.0,0.0,123967000.0,214942000.0,0.15,214942000.0,123967000.0,123967000.0,3.28,3.22,3.28,1538049000.0,,1538049000.0,22676233921.0,66.0,35.997,40158000.0,1.449,1.0,299662000.0,0.209,21939000.0,0.0,6456666000.0,,21144000.0,417867000.0,417867000.0,0.0,3121258000.0,548268000.0,2572990000.0,20310710921.0,22413000.0,0.0,-58379000.0,0.0,0.0,-58919000.0,-36918000.0,40858000.0,117934000.0,316000.0,91028000.0,91028000.0,91028000.0,0.0,0.0,0.063,179642000.0,120020000.0,99007000.0,0.0,13.206,81.444,81.522,3758606000.0,0.0,732.88,3.912,3.912,49362000.0,2750450000.0,1434231000.0,1434231000.0,0.0,,,,,21167000.0,121395000.0,1.0,27713556.0,27720000.0,28300000.0,51.74,4637368000.0,0.0,32939000.0,4942000.0,167.293,284134000.0
9,CMG,MRQ,2019-03-31,2019-03-31,2019-03-31,2021-07-23,-5858000.0,4625482000.0,,837746000.0,3787736000.0,,53.574,-64226000.0,306043000.0,306043000.0,1033722000.0,88132000.0,1.44,2.117,2671566000.0,157665000.0,2513901000.0,2671566000.0,57088000.0,91886000.0,0.0,0.0,0.0,113290000.0,205176000.0,0.157,205176000.0,113290000.0,113290000.0,3.18,3.13,3.18,1483799000.0,,1483799000.0,19366504074.0,67.0,36.235,118355000.0,4.273,1.0,274495000.0,0.21,21939000.0,0.0,6387399000.0,,18780000.0,457363000.0,457363000.0,0.0,3141683000.0,581667000.0,2560016000.0,19646656074.0,25891000.0,0.0,-53163000.0,0.0,0.0,-63531000.0,-93337000.0,-29111000.0,182581000.0,178000.0,88132000.0,88132000.0,88132000.0,0.0,0.0,0.067,164334000.0,110161000.0,106214000.0,0.0,13.241,95.726,95.988,3716677000.0,0.0,710.31,3.91,3.915,49725000.0,2659422000.0,1308217000.0,1308217000.0,0.0,,,,,19154000.0,102671000.0,1.0,27659270.0,27696000.0,28118000.0,47.235,4603543000.0,0.0,25158000.0,33726000.0,166.217,256079000.0
10,CMG,MRQ,2018-12-31,2018-12-31,2018-12-31,2021-07-23,-6236000.0,2265518000.0,,814794000.0,1450724000.0,,51.921,-77391000.0,280152000.0,280152000.0,1016752000.0,32019000.0,1.811,0.572,0.0,0.0,0.0,0.0,70474000.0,53217000.0,0.0,0.0,0.0,43470000.0,96687000.0,0.079,96687000.0,43470000.0,43470000.0,1.16,1.14,1.16,1441339000.0,,1441339000.0,11625670267.0,43.0,24.714,51664000.0,1.861,1.0,208309000.0,0.17,21939000.0,0.0,1513437000.0,,21555000.0,426845000.0,426845000.0,0.0,824179000.0,449990000.0,374189000.0,11998278267.0,-92456000.0,0.0,-44386000.0,0.0,0.0,-45357000.0,-175362000.0,-97971000.0,129055000.0,-792000.0,32019000.0,32019000.0,32019000.0,0.0,0.0,0.026,168697000.0,39612000.0,113071000.0,0.0,8.324,67.959,67.998,1379254000.0,0.0,431.79,2.466,2.469,62312000.0,2573617000.0,1225061000.0,1225061000.0,0.0,,,,,20945000.0,103720000.0,1.0,27787300.0,27760000.0,27947000.0,44.13,2243579000.0,0.0,11451000.0,16695000.0,80.821,364804000.0
11,CMG,MRQ,2018-09-30,2018-09-30,2018-09-30,2021-07-23,-4855000.0,2230872000.0,,793071000.0,1437801000.0,,51.645,-81494000.0,372608000.0,372608000.0,996257000.0,38204000.0,1.969,0.554,0.0,0.0,0.0,0.0,0.0,52654000.0,0.0,0.0,0.0,60484000.0,113138000.0,0.092,113138000.0,60484000.0,60484000.0,1.37,1.36,1.37,1435837000.0,,1435837000.0,12411863805.0,43.0,26.041,115585000.0,4.157,1.0,228750000.0,0.187,21939000.0,0.0,1433539000.0,,18285000.0,327787000.0,327787000.0,0.0,795035000.0,402786000.0,392249000.0,12637521805.0,117390000.0,0.0,-18968000.0,0.0,0.0,-19322000.0,-60417000.0,21077000.0,197079000.0,50000.0,38204000.0,38204000.0,38204000.0,0.0,0.0,0.031,170759000.0,57991000.0,103486000.0,0.0,8.802,67.104,67.336,1361440000.0,0.0,454.52,2.661,2.66,26868000.0,2541598000.0,1225007000.0,1225007000.0,0.0,,,,,24574000.0,109524000.0,1.0,27804105.0,27802000.0,28017000.0,44.062,2208933000.0,21697000.0,22280000.0,27322000.0,79.452,390285000.0
12,CMG,MRQ,2018-06-30,2018-06-30,2018-06-30,2021-07-23,-5126000.0,2128622000.0,,720674000.0,1407948000.0,,50.038,-70981000.0,225658000.0,225658000.0,1016881000.0,46884000.0,2.029,0.529,0.0,0.0,0.0,0.0,0.0,49193000.0,0.0,0.0,0.0,70280000.0,119473000.0,0.094,119473000.0,70280000.0,70280000.0,1.69,1.68,1.69,1392007000.0,,1392007000.0,11757381115.0,46.0,26.893,23321000.0,0.838,1.0,249639000.0,0.197,21939000.0,0.0,1525864000.0,,20851000.0,348269000.0,348269000.0,0.0,736615000.0,355161000.0,381454000.0,11989219115.0,-6123000.0,0.0,-28923000.0,0.0,0.0,-29208000.0,-70526000.0,455000.0,94302000.0,-691000.0,46884000.0,46884000.0,46884000.0,0.0,0.0,0.037,181682000.0,67957000.0,95597000.0,0.0,8.613,70.636,71.066,1333949000.0,0.0,431.37,2.577,2.579,23702000.0,2503394000.0,1266520000.0,1266520000.0,0.0,,,,,11548000.0,85153000.0,1.0,27793354.0,27819000.0,27935000.0,45.527,2106683000.0,32334000.0,23396000.0,17845000.0,75.728,365513000.0
13,CMG,MRQ,2018-03-31,2018-03-31,2018-03-31,2021-07-23,-3628000.0,2097444000.0,,630439000.0,1467005000.0,,48.871,-57524000.0,231838000.0,231838000.0,924103000.0,59446000.0,1.716,0.538,0.0,0.0,0.0,0.0,0.0,46915000.0,0.0,0.0,0.0,94202000.0,141117000.0,0.123,141117000.0,94202000.0,94202000.0,2.13,2.13,2.13,1364045000.0,,1364045000.0,8839981186.0,30.0,18.947,143592000.0,5.145,1.0,224294000.0,0.195,21939000.0,0.0,1476347000.0,,17404000.0,348139000.0,298764000.0,49375000.0,733399000.0,367320000.0,366079000.0,9024550186.0,47171000.0,0.0,-68660000.0,0.0,0.0,-72648000.0,-81273000.0,-23749000.0,201116000.0,-24000.0,59446000.0,59446000.0,59446000.0,0.0,0.0,0.052,131486000.0,92808000.0,99001000.0,0.0,6.616,47.603,48.154,1343717000.0,0.0,323.11,1.981,1.979,26691000.0,2456510000.0,1148397000.0,1148397000.0,0.0,,,,,12097000.0,77063000.0,1.0,27930272.0,27911000.0,27950000.0,41.145,2075505000.0,0.0,34756000.0,15191000.0,74.362,263119000.0
14,CMG,MRQ,2017-12-31,2017-12-31,2017-12-31,2021-07-23,-3659000.0,2045692000.0,,629535000.0,1416157000.0,,48.467,-51271000.0,214170000.0,214170000.0,945030000.0,43793000.0,1.944,0.499,0.0,0.0,0.0,0.0,63645000.0,41442000.0,0.0,0.0,0.0,61466000.0,102908000.0,0.093,102908000.0,61466000.0,61466000.0,1.56,1.55,1.56,1364445000.0,,1364445000.0,8046681735.0,29.0,18.326,37638000.0,1.337,1.0,165070000.0,0.149,21939000.0,0.0,1485690000.0,,19860000.0,324382000.0,324382000.0,0.0,681247000.0,323893000.0,357354000.0,8160161735.0,71727000.0,0.0,-76243000.0,0.0,0.0,-76319000.0,59012000.0,110283000.0,88909000.0,125000.0,43793000.0,43793000.0,43793000.0,0.0,0.0,0.039,105041000.0,60029000.0,82028000.0,0.0,5.981,46.298,46.693,1338366000.0,0.0,289.03,1.823,1.84,40453000.0,2397064000.0,1110100000.0,1110100000.0,0.0,,,,,10659000.0,57690000.0,1.0,28232923.0,28152000.0,28156000.0,39.432,2023753000.0,9353000.0,17673000.0,814000.0,71.887,305642000.0
15,CMG,MRQ,2017-09-30,2017-09-30,2017-09-30,2021-07-23,-3645000.0,2064377000.0,,655936000.0,1408441000.0,,48.817,-51791000.0,113480000.0,113480000.0,946940000.0,19610000.0,2.028,0.488,0.0,0.0,0.0,0.0,0.0,41546000.0,0.0,0.0,0.0,32142000.0,73688000.0,0.065,73688000.0,32142000.0,32142000.0,0.69,0.69,0.69,1387126000.0,,1387126000.0,8601666709.0,35.0,21.218,83888000.0,2.952,1.0,181134000.0,0.161,21939000.0,0.0,1605556000.0,,21634000.0,434877000.0,434877000.0,0.0,677251000.0,323402000.0,353849000.0,8776803709.0,-61230000.0,0.0,-105131000.0,0.0,0.0,-105757000.0,-91953000.0,-40162000.0,135679000.0,801000.0,19610000.0,19610000.0,19610000.0,0.0,0.0,0.017,150267000.0,30867000.0,86705000.0,0.0,6.327,59.129,59.657,1331786000.0,0.0,307.83,1.994,1.988,23870000.0,2353271000.0,1128074000.0,1128074000.0,0.0,,,,,17750000.0,99182000.0,1.0,28511853.0,28415000.0,28439000.0,39.7,2042438000.0,12986000.0,12532000.0,7577000.0,71.879,332534000.0
16,CMG,MRQ,2017-06-30,2017-06-30,2017-06-30,2021-07-23,-5591000.0,2068551000.0,,663965000.0,1404586000.0,,50.619,-56627000.0,175137000.0,175137000.0,949009000.0,66730000.0,2.479,0.426,0.0,0.0,0.0,0.0,0.0,41081000.0,0.0,0.0,0.0,107774000.0,148855000.0,0.127,148855000.0,107774000.0,107774000.0,2.33,2.32,2.33,1450196000.0,,1450196000.0,11804274199.0,53.0,31.102,36411000.0,1.271,1.0,220400000.0,0.188,21939000.0,0.0,1603690000.0,,19126000.0,394466000.0,394466000.0,0.0,618355000.0,267785000.0,350570000.0,11926687199.0,52759000.0,0.0,-44687000.0,0.0,0.0,-44687000.0,3451000.0,60078000.0,93038000.0,957000.0,66730000.0,66730000.0,66730000.0,0.0,0.0,0.057,113675000.0,106725000.0,80976000.0,0.0,8.224,87.296,87.785,1328280000.0,0.0,416.1,2.767,2.766,24940000.0,2333661000.0,1169409000.0,1169409000.0,0.0,,,,,20390000.0,70075000.0,1.0,28663031.0,28649000.0,28800000.0,40.818,2046612000.0,0.0,41044000.0,16195000.0,71.437,396180000.0
17,CMG,MRQ,2017-03-31,2017-03-31,2017-03-31,2021-07-23,-7669000.0,2062262000.0,,663964000.0,1398298000.0,,48.964,-57088000.0,122413000.0,122413000.0,879217000.0,46120000.0,2.168,0.465,0.0,0.0,0.0,0.0,0.0,39279000.0,0.0,0.0,0.0,74361000.0,113640000.0,0.106,113640000.0,74361000.0,74361000.0,1.6,1.6,1.6,1407722000.0,,1407722000.0,12730991222.0,81.0,41.276,93502000.0,3.252,1.0,189612000.0,0.177,21939000.0,0.0,1611587000.0,,18319000.0,454627000.0,454627000.0,0.0,654540000.0,306323000.0,348217000.0,12818871222.0,34544000.0,0.0,-59131000.0,0.0,0.0,-59131000.0,-57088000.0,0.0,150590000.0,173000.0,46120000.0,46120000.0,46120000.0,0.0,0.0,0.043,116439000.0,73173000.0,83840000.0,0.0,9.106,134.243,135.416,1322622000.0,0.0,445.52,3.097,3.095,21582000.0,2266931000.0,1068829000.0,1068829000.0,0.0,,,,,16456000.0,69441000.0,1.0,28772830.0,28750000.0,28850000.0,37.177,2040323000.0,0.0,28241000.0,40380000.0,70.968,357641000.0
18,CMG,MRQ,2016-12-31,2016-12-31,2016-12-31,2021-07-23,-8162000.0,2026103000.0,,522374000.0,1503729000.0,,48.531,-66590000.0,87880000.0,87880000.0,894914000.0,15975000.0,1.854,0.445,0.0,0.0,0.0,0.0,0.0,38072000.0,0.0,0.0,0.0,31138000.0,69210000.0,0.067,69210000.0,31138000.0,31138000.0,0.54,0.54,0.54,1402493000.0,,1402493000.0,10768969806.0,278.0,58.177,7498000.0,0.259,1.0,139646000.0,0.135,21939000.0,0.0,1634491000.0,,15019000.0,454891000.0,329836000.0,125055000.0,623610000.0,281793000.0,341817000.0,10923097806.0,-60330000.0,0.0,-64057000.0,0.0,0.0,-66840000.0,-66590000.0,0.0,74088000.0,-988000.0,15975000.0,15975000.0,15975000.0,0.0,0.0,0.015,109096000.0,30550000.0,78363000.0,0.0,7.788,476.201,483.744,1303558000.0,0.0,377.32,2.798,2.828,40451000.0,2220811000.0,1034560000.0,1034560000.0,0.0,,,,,17665000.0,65069000.0,1.0,28949162.0,28899000.0,29704000.0,35.799,2004164000.0,5108000.0,15163000.0,18944000.0,69.351,240581000.0
19,CMG,MRQ,2016-09-30,2016-09-30,2016-09-30,2021-07-23,-5446000.0,2067033000.0,,468897000.0,1598136000.0,,49.583,-65540000.0,154128000.0,154128000.0,890290000.0,7799000.0,1.678,0.434,0.0,0.0,0.0,0.0,0.0,37434000.0,0.0,0.0,0.0,10398000.0,47832000.0,0.046,47832000.0,10398000.0,10398000.0,0.27,0.27,0.27,1441020000.0,,1441020000.0,12140574100.0,107.0,47.527,35867000.0,1.234,1.0,146692000.0,0.141,21939000.0,0.0,1611467000.0,,18382000.0,455680000.0,205021000.0,250659000.0,626013000.0,279499000.0,346514000.0,12330534100.0,-35832000.0,0.0,-71307000.0,0.0,0.0,-71401000.0,-65540000.0,0.0,101407000.0,-298000.0,7799000.0,7799000.0,7799000.0,0.0,0.0,0.008,136966000.0,9726000.0,74682000.0,0.0,8.557,164.765,171.457,1278672000.0,0.0,423.5,3.188,3.183,22103000.0,2204836000.0,1036982000.0,1036982000.0,0.0,,,,,18445000.0,78405000.0,1.0,29115783.0,29063000.0,29171000.0,35.68,2045094000.0,24013000.0,2599000.0,33862000.0,70.368,189398000.0
20,CMG,MRQ,2016-06-30,2016-06-30,2016-06-30,2021-07-23,-4707000.0,2101800000.0,,387707000.0,1714093000.0,,50.88,-63791000.0,189960000.0,189960000.0,843338000.0,25596000.0,1.402,0.414,0.0,0.0,0.0,0.0,0.0,36074000.0,0.0,0.0,0.0,41681000.0,77755000.0,0.078,77755000.0,41681000.0,41681000.0,0.88,0.87,0.88,1486043000.0,,1486043000.0,11510355697.0,34.0,24.129,54195000.0,1.856,1.0,155045000.0,0.155,21939000.0,0.0,1613373000.0,,16966000.0,456548000.0,80184000.0,376364000.0,615757000.0,276528000.0,339229000.0,11761160697.0,-60845000.0,0.0,-116212000.0,0.0,0.0,-114910000.0,-63791000.0,0.0,117986000.0,-130000.0,25596000.0,25596000.0,25596000.0,0.0,0.0,0.026,114150000.0,40895000.0,75255000.0,0.0,7.914,55.498,58.797,1269335000.0,0.0,402.76,2.906,2.907,23208000.0,2197037000.0,998383000.0,998383000.0,0.0,,,,,18231000.0,70756000.0,1.0,29201412.0,29207000.0,29340000.0,34.183,2079861000.0,25211000.0,16085000.0,37614000.0,71.211,111179000.0
21,CMG,MRQ,2016-03-31,2016-03-31,2016-03-31,2021-07-23,-4451000.0,2140820000.0,,374740000.0,1766080000.0,,51.526,-62921000.0,250805000.0,250805000.0,777628000.0,-26432000.0,1.378,0.39,0.0,0.0,0.0,0.0,0.0,34788000.0,0.0,0.0,0.0,-44478000.0,-9690000.0,-0.012,-9690000.0,-44478000.0,-44478000.0,-0.88,-0.88,-0.88,1540254000.0,,1540254000.0,13901935422.0,26.0,21.036,-1242000.0,-0.042,1.0,56831000.0,0.068,21939000.0,0.0,1596113000.0,,16885000.0,455679000.0,0.0,455679000.0,600566000.0,271963000.0,328603000.0,14149940422.0,2800000.0,0.0,-583812000.0,0.0,0.0,-583132000.0,522727000.0,585648000.0,61679000.0,1526000.0,-26432000.0,-26432000.0,-26432000.0,0.0,0.0,-0.032,103435000.0,-46604000.0,76606000.0,0.0,9.187,43.334,44.94,1241602000.0,0.0,470.97,3.332,3.315,23692000.0,2171441000.0,834459000.0,834459000.0,0.0,,,,,9825000.0,62010000.0,1.0,30044250.0,29893000.0,29893000.0,27.915,2118881000.0,35041000.0,-18046000.0,35735000.0,70.882,102777000.0
22,CMG,MRQ,2015-12-31,2015-12-31,2015-12-31,2021-07-23,-8273000.0,2725066000.0,,814647000.0,1910419000.0,,68.593,-75578000.0,248005000.0,248005000.0,801977000.0,67874000.0,2.91,0.281,0.0,0.0,0.0,0.0,0.0,34140000.0,0.0,0.0,0.0,105408000.0,139548000.0,0.14,139548000.0,105408000.0,105408000.0,2.2,2.18,2.2,2127974000.0,,2127974000.0,14361161315.0,19.0,15.953,19175000.0,0.618,1.0,195530000.0,0.196,21939000.0,0.0,2175180000.0,,15043000.0,1038138000.0,415199000.0,622939000.0,597092000.0,279942000.0,317150000.0,14965323315.0,-356157000.0,0.0,-313535000.0,0.0,0.0,-313955000.0,-135921000.0,-60343000.0,94753000.0,-1034000.0,67874000.0,67874000.0,67874000.0,0.0,0.0,0.068,91917000.0,103613000.0,85709000.0,0.0,7.033,31.466,31.363,1217220000.0,0.0,479.85,3.325,3.315,38283000.0,2197873000.0,997507000.0,997507000.0,0.0,,,,,-1395000.0,46875000.0,1.0,31187503.0,31023000.0,31308000.0,32.154,2703127000.0,58152000.0,37534000.0,32305000.0,87.133,534705000.0
23,CMG,MRQ,2015-09-30,2015-09-30,2015-09-30,2021-07-23,-5128000.0,2947922000.0,,1073233000.0,1874689000.0,,77.003,-67445000.0,604162000.0,604162000.0,872397000.0,144883000.0,4.394,0.228,0.0,0.0,0.0,0.0,0.0,33145000.0,0.0,0.0,0.0,236277000.0,269422000.0,0.221,269422000.0,236277000.0,236277000.0,4.65,4.59,4.65,2401488000.0,,2401488000.0,21842178444.0,26.0,22.306,119988000.0,3.847,1.0,344493000.0,0.283,21939000.0,0.0,2077577000.0,,17524000.0,980679000.0,355581000.0,625098000.0,546434000.0,244244000.0,302190000.0,22429863444.0,16477000.0,0.0,-30850000.0,0.0,0.0,-14046000.0,-155917000.0,-88472000.0,187433000.0,-993000.0,144883000.0,144883000.0,144883000.0,0.0,0.0,0.119,109734000.0,234759000.0,77250000.0,0.0,9.34,42.404,42.318,1180957000.0,0.0,720.25,4.904,4.911,24157000.0,2129999000.0,1216890000.0,1216890000.0,0.0,,,,,4193000.0,70066000.0,1.0,31141775.0,31187000.0,31548000.0,39.019,2925983000.0,34049000.0,91394000.0,29602000.0,93.821,828989000.0
24,CMG,MRQ,2015-06-30,2015-06-30,2015-06-30,2021-07-23,-3410000.0,2806224000.0,,989231000.0,1816993000.0,,72.356,-55032000.0,587685000.0,587685000.0,862659000.0,140204000.0,3.79,0.246,0.0,0.0,0.0,0.0,0.0,32440000.0,0.0,0.0,0.0,229158000.0,261598000.0,0.218,261598000.0,229158000.0,229158000.0,4.51,4.45,4.51,2251710000.0,,2251710000.0,18240074967.0,22.0,19.282,103379000.0,3.322,1.0,335124000.0,0.28,21939000.0,0.0,1935584000.0,,16529000.0,892312000.0,291545000.0,600767000.0,554514000.0,261016000.0,293498000.0,18783031967.0,44728000.0,0.0,-93129000.0,0.0,0.0,-45898000.0,-68825000.0,-13793000.0,158411000.0,1040000.0,140204000.0,140204000.0,140204000.0,0.0,0.0,0.117,107708000.0,227416000.0,81453000.0,0.0,8.342,36.48,36.467,1147059000.0,0.0,604.99,4.23,4.24,25711000.0,1985116000.0,1197783000.0,1197783000.0,0.0,,,,,-25488000.0,70212000.0,1.0,31046847.0,31120000.0,31526000.0,38.489,2784285000.0,28075000.0,88954000.0,28761000.0,89.469,728215000.0
25,CMG,MRQ,2015-03-31,2015-03-31,2015-03-31,2021-07-23,-5141000.0,2703719000.0,,984695000.0,1719024000.0,,68.77,-59363000.0,542957000.0,542957000.0,789903000.0,122641000.0,3.553,0.267,0.0,0.0,0.0,0.0,0.0,30643000.0,0.0,0.0,0.0,199024000.0,229667000.0,0.211,229667000.0,199024000.0,199024000.0,3.95,3.88,3.95,2134334000.0,,2134334000.0,19761794402.0,25.0,22.146,183356000.0,5.908,1.0,299140000.0,0.275,21939000.0,0.0,1861702000.0,,16052000.0,878659000.0,347577000.0,531082000.0,569385000.0,277121000.0,292264000.0,20181259402.0,123492000.0,0.0,-23368000.0,0.0,0.0,-12541000.0,-103477000.0,-44114000.0,242719000.0,-3209000.0,122641000.0,122641000.0,122641000.0,0.0,0.0,0.113,101339000.0,197801000.0,76066000.0,0.0,9.456,41.615,41.621,1119469000.0,0.0,650.54,4.701,4.703,21480000.0,1844912000.0,1089043000.0,1089043000.0,0.0,,,,,6159000.0,63061000.0,1.0,31022319.0,31036000.0,31592000.0,35.09,2681780000.0,19377000.0,76383000.0,83392000.0,86.409,707574000.0
26,CMG,MRQ,2014-12-31,2014-12-31,2014-12-31,2021-07-23,-429000.0,2527317000.0,,859511000.0,1667806000.0,,64.867,-92190000.0,419465000.0,419465000.0,784963000.0,121234000.0,3.498,0.256,0.0,0.0,0.0,0.0,0.0,29750000.0,0.0,0.0,0.0,188757000.0,218507000.0,0.204,218507000.0,188757000.0,188757000.0,3.91,3.84,3.91,2012369000.0,,2012369000.0,20785859950.0,29.0,25.202,40121000.0,1.293,1.0,284848000.0,0.266,21939000.0,0.0,1840203000.0,,15332000.0,834698000.0,338592000.0,496106000.0,514948000.0,245710000.0,269238000.0,21228477950.0,-23153000.0,0.0,-24930000.0,0.0,0.0,-16234000.0,-139062000.0,-46872000.0,132311000.0,-168000.0,121234000.0,121234000.0,121234000.0,0.0,0.0,0.113,96976000.0,187872000.0,69613000.0,0.0,10.549,47.664,47.701,1106984000.0,0.0,684.51,5.167,5.171,34839000.0,1722271000.0,1069811000.0,1069811000.0,0.0,,,,,5588000.0,60929000.0,1.0,31012663.0,31023000.0,31542000.0,34.484,2505378000.0,16488000.0,67523000.0,21561000.0,80.759,613801000.0
27,CMG,MRQ,2014-09-30,2014-09-30,2014-09-30,2021-07-23,579000.0,2437053000.0,,873870000.0,1563183000.0,,61.05,-57560000.0,442618000.0,442618000.0,772218000.0,130801000.0,3.298,0.287,0.0,0.0,0.0,0.0,0.0,27961000.0,0.0,0.0,0.0,208221000.0,236182000.0,0.218,236182000.0,208221000.0,208221000.0,4.22,4.15,4.22,1893764000.0,,1893764000.0,20204652802.0,31.0,26.562,131765000.0,4.248,1.0,312004000.0,0.288,21939000.0,0.0,1707510000.0,,15885000.0,787940000.0,346991000.0,440949000.0,543289000.0,264986000.0,278303000.0,20674702802.0,-27432000.0,0.0,-13127000.0,0.0,0.0,-9672000.0,-206911000.0,-149351000.0,189325000.0,-174000.0,130801000.0,130801000.0,130801000.0,0.0,0.0,0.121,104568000.0,207436000.0,88398000.0,0.0,10.917,51.205,51.237,1052684000.0,0.0,666.59,5.325,5.326,18949000.0,1601037000.0,1084222000.0,1084222000.0,0.0,,,,,17300000.0,71172000.0,1.0,31015621.0,31020000.0,31547000.0,34.952,2415114000.0,15795000.0,77420000.0,63626000.0,77.857,608884000.0
28,CMG,MRQ,2014-06-30,2014-06-30,2014-06-30,2021-07-23,1968000.0,2277582000.0,,892099000.0,1385483000.0,,56.46,-55610000.0,470050000.0,470050000.0,763349000.0,110270000.0,3.693,0.299,0.0,0.0,0.0,0.0,0.0,27009000.0,0.0,0.0,0.0,180986000.0,207995000.0,0.198,207995000.0,180986000.0,180986000.0,3.55,3.5,3.55,1753034000.0,,1753034000.0,18005402848.0,31.0,26.208,125043000.0,4.027,1.0,286724000.0,0.273,21939000.0,0.0,1544057000.0,,15522000.0,638688000.0,334580000.0,304108000.0,524548000.0,241536000.0,283012000.0,18416994848.0,58458000.0,0.0,-37555000.0,0.0,0.0,-36994000.0,-85359000.0,-29749000.0,180653000.0,158000.0,110270000.0,110270000.0,110270000.0,0.0,0.0,0.105,106882000.0,179842000.0,77648000.0,0.0,10.506,51.684,51.567,1011916000.0,0.0,592.51,5.08,5.075,20242000.0,1470236000.0,1050073000.0,1050073000.0,0.0,,,,,33481000.0,74879000.0,1.0,31083011.0,31049000.0,31474000.0,33.82,2255643000.0,14739000.0,70716000.0,58705000.0,72.648,650563000.0
29,CMG,MRQ,2014-03-31,2014-03-31,2014-03-31,2021-07-23,1489000.0,2155680000.0,,790791000.0,1364889000.0,,52.961,-47230000.0,411592000.0,411592000.0,669983000.0,83069000.0,3.48,0.31,0.0,0.0,0.0,0.0,0.0,25754000.0,0.0,0.0,0.0,136339000.0,162093000.0,0.179,162093000.0,136339000.0,136339000.0,2.67,2.64,2.67,1645033000.0,,1645033000.0,17300075632.0,31.0,26.641,132548000.0,4.267,1.0,234180000.0,0.259,21939000.0,0.0,1494907000.0,,15202000.0,609004000.0,295403000.0,313601000.0,510647000.0,227242000.0,283405000.0,17623278632.0,88389000.0,0.0,-12792000.0,0.0,0.0,-3837000.0,-87512000.0,-40282000.0,179778000.0,-40000.0,83069000.0,83069000.0,83069000.0,0.0,0.0,0.092,98530000.0,135650000.0,66729000.0,0.0,10.713,52.776,52.695,983047000.0,0.0,568.05,5.196,5.202,16582000.0,1359966000.0,904163000.0,904163000.0,0.0,,,,,18404000.0,66917000.0,1.0,31024168.0,31061000.0,31486000.0,29.109,2133741000.0,13799000.0,53270000.0,93054000.0,68.695,563549000.0
30,CMG,MRQ,2013-12-31,2013-12-31,2013-12-31,2021-07-23,1620000.0,2009280000.0,,666307000.0,1342973000.0,,49.595,-63261000.0,323203000.0,323203000.0,627914000.0,79622000.0,3.344,0.306,0.0,0.0,0.0,0.0,0.0,24903000.0,0.0,0.0,0.0,129494000.0,154397000.0,0.183,154397000.0,129494000.0,129494000.0,2.57,2.54,2.57,1538288000.0,,1538288000.0,16178481432.0,30.0,25.659,76804000.0,2.476,1.0,216233000.0,0.256,21939000.0,0.0,1464910000.0,,13044000.0,568834000.0,254971000.0,313863000.0,470992000.0,199228000.0,271764000.0,16486557432.0,15127000.0,0.0,-41075000.0,0.0,0.0,-20575000.0,-104471000.0,-41210000.0,140065000.0,108000.0,79622000.0,79622000.0,79622000.0,0.0,0.0,0.094,87129000.0,129104000.0,59022000.0,0.0,10.717,50.35,50.357,963238000.0,0.0,532.78,5.129,5.131,24016000.0,1276897000.0,844147000.0,844147000.0,0.0,,,,,-7650000.0,55844000.0,1.0,30944400.0,31017000.0,31422000.0,27.216,1987341000.0,16869000.0,49872000.0,55434000.0,64.073,467079000.0
31,CMG,MRQ,2013-09-30,2013-09-30,2013-09-30,2021-07-23,1398000.0,1911432000.0,,603782000.0,1307650000.0,,47.44,-56535000.0,308076000.0,308076000.0,605400000.0,83379000.0,3.36,0.304,0.0,0.0,0.0,0.0,0.0,24618000.0,0.0,0.0,0.0,137919000.0,162537000.0,0.197,162537000.0,137919000.0,137919000.0,2.7,2.66,2.7,1465742000.0,,1465742000.0,12955317641.0,26.0,21.559,64427000.0,2.085,1.0,221507000.0,0.268,21939000.0,0.0,1401719000.0,,12509000.0,527797000.0,224097000.0,303700000.0,445690000.0,179698000.0,265992000.0,13236949641.0,26444000.0,0.0,-16590000.0,0.0,0.0,-3153000.0,-92067000.0,-35532000.0,120962000.0,702000.0,83379000.0,83379000.0,83379000.0,0.0,0.0,0.101,84353000.0,137154000.0,70267000.0,0.0,9.031,42.815,43.009,936023000.0,0.0,428.804,4.312,4.316,14575000.0,1197275000.0,826907000.0,826907000.0,0.0,,,,,2846000.0,52726000.0,1.0,30869464.0,30897000.0,31296000.0,26.763,1889493000.0,9829000.0,54540000.0,57747000.0,61.155,424084000.0
32,CMG,MRQ,2013-06-30,2013-06-30,2013-06-30,2021-07-23,-113000.0,1808931000.0,,555010000.0,1253921000.0,,44.252,-43635000.0,281632000.0,281632000.0,591174000.0,87853000.0,3.038,0.323,0.0,0.0,0.0,0.0,0.0,23597000.0,0.0,0.0,0.0,146748000.0,170345000.0,0.209,170345000.0,146748000.0,146748000.0,2.84,2.82,2.84,1367443000.0,,1367443000.0,10915354033.0,22.0,18.886,98868000.0,3.2,1.0,225612000.0,0.276,21939000.0,0.0,1322653000.0,,11270000.0,492448000.0,202164000.0,290284000.0,441488000.0,182707000.0,258781000.0,11262284033.0,-65298000.0,0.0,-30100000.0,0.0,0.0,-27647000.0,-180184000.0,-136549000.0,142503000.0,30000.0,87853000.0,87853000.0,87853000.0,0.0,0.0,0.108,79194000.0,146418000.0,63305000.0,0.0,8.236,37.781,38.152,895819000.0,0.0,364.35,3.827,3.825,14961000.0,1113896000.0,816786000.0,816786000.0,0.0,,,,,16564000.0,50952000.0,1.0,30910619.0,30901000.0,31176000.0,26.432,1786992000.0,10045000.0,58895000.0,61289000.0,57.83,372303000.0
33,CMG,MRQ,2013-03-31,2013-03-31,2013-03-31,2021-07-23,-80000.0,1712670000.0,,575514000.0,1137156000.0,,41.535,-36495000.0,346930000.0,346930000.0,535334000.0,76584000.0,3.16,0.33,0.0,0.0,0.0,0.0,0.0,22936000.0,0.0,0.0,0.0,120310000.0,143246000.0,0.197,143246000.0,120310000.0,120310000.0,2.47,2.45,2.47,1288091000.0,,1288091000.0,9789835716.0,21.0,17.41,88755000.0,2.862,1.0,191417000.0,0.263,21939000.0,0.0,1161685000.0,,11431000.0,356093000.0,160573000.0,195520000.0,424579000.0,182116000.0,242463000.0,10112388716.0,24377000.0,0.0,-50965000.0,0.0,0.0,-48976000.0,-51593000.0,-15098000.0,125250000.0,-304000.0,76584000.0,76584000.0,76584000.0,0.0,0.0,0.105,71373000.0,120044000.0,56629000.0,0.0,7.851,34.641,35.078,875597000.0,0.0,325.87,3.589,3.587,15475000.0,1026043000.0,726751000.0,726751000.0,0.0,,,,,13518000.0,44211000.0,1.0,31031972.0,31012000.0,31229000.0,23.435,1690731000.0,9382000.0,43726000.0,78815000.0,54.519,393398000.0
34,CMG,MRQ,2012-12-31,2012-12-31,2012-12-31,2021-07-23,1024000.0,1668667000.0,,546607000.0,1122060000.0,,39.802,-59532000.0,322553000.0,322553000.0,527372000.0,61353000.0,2.925,0.339,0.0,0.0,0.0,0.0,0.0,22141000.0,0.0,0.0,0.0,102650000.0,124791000.0,0.178,124791000.0,102650000.0,102650000.0,1.96,1.95,1.96,1245926000.0,,1245926000.0,8947669603.0,20.0,16.514,66494000.0,2.124,1.0,171789000.0,0.246,21939000.0,0.0,1137323000.0,,11096000.0,341174000.0,150306000.0,190868000.0,422741000.0,186852000.0,235889000.0,9368818603.0,-98596000.0,0.0,-134432000.0,0.0,0.0,-135699000.0,-89124000.0,-29592000.0,126026000.0,201000.0,61353000.0,61353000.0,61353000.0,0.0,0.0,0.088,69601000.0,102188000.0,58700000.0,0.0,7.52,33.701,33.726,866703000.0,0.0,297.46,3.43,3.432,16800000.0,949459000.0,699161000.0,699161000.0,0.0,,,,,13390000.0,43174000.0,1.0,31496062.0,31303000.0,31489000.0,22.335,1646728000.0,18474000.0,41297000.0,48947000.0,52.606,359755000.0
35,CMG,MRQ,2012-09-30,2012-09-30,2012-09-30,2021-07-23,782000.0,1706205000.0,,656679000.0,1049526000.0,,41.324,-47173000.0,421149000.0,421149000.0,508726000.0,72300000.0,4.121,0.305,0.0,0.0,0.0,0.0,0.0,21362000.0,0.0,0.0,0.0,118210000.0,139572000.0,0.199,139572000.0,118210000.0,118210000.0,2.28,2.27,2.28,1307616000.0,,1307616000.0,9655920622.0,21.0,18.201,75889000.0,2.398,1.0,191802000.0,0.274,21939000.0,0.0,1103784000.0,,9964000.0,311753000.0,152742000.0,159011000.0,398589000.0,159333000.0,239256000.0,10060717622.0,16352000.0,0.0,-42882000.0,0.0,0.0,-41992000.0,-65173000.0,-18000000.0,123062000.0,455000.0,72300000.0,72300000.0,72300000.0,0.0,0.0,0.103,74139000.0,117663000.0,65094000.0,0.0,7.694,36.702,36.499,835654000.0,0.0,317.54,3.827,3.822,14566000.0,888106000.0,700528000.0,700528000.0,0.0,,,,,13651000.0,48606000.0,1.0,31683308.0,31643000.0,31846000.0,22.138,1684266000.0,33592000.0,45910000.0,59742000.0,53.227,497346000.0
36,CMG,MRQ,2012-06-30,2012-06-30,2012-06-30,2021-07-23,-178000.0,1648409000.0,,620442000.0,1027967000.0,,39.791,-48468000.0,404797000.0,404797000.0,489523000.0,81683000.0,4.133,0.307,0.0,0.0,0.0,0.0,0.0,20543000.0,0.0,0.0,0.0,134167000.0,154710000.0,0.224,154710000.0,134167000.0,134167000.0,2.58,2.56,2.58,1261225000.0,,1261225000.0,11675534448.0,27.0,22.977,93031000.0,2.935,1.0,201409000.0,0.292,21939000.0,0.0,1071564000.0,,10504000.0,293913000.0,124736000.0,169177000.0,387184000.0,150109000.0,237075000.0,12045725448.0,34606000.0,0.0,-12500000.0,0.0,0.0,-7272000.0,-98956000.0,-50488000.0,141499000.0,-665000.0,81683000.0,81683000.0,81683000.0,0.0,0.0,0.118,67619000.0,133790000.0,55960000.0,0.0,9.551,45.932,45.503,804655000.0,0.0,379.95,4.78,4.779,10351000.0,815806000.0,690932000.0,690932000.0,0.0,,,,,12177000.0,42295000.0,1.0,31703449.0,31696000.0,31951000.0,21.799,1626470000.0,41756000.0,52484000.0,63794000.0,51.315,470333000.0
37,CMG,MRQ,2012-03-31,2012-03-31,2012-03-31,2021-07-23,880000.0,1527568000.0,,551487000.0,976081000.0,,37.243,-41864000.0,370191000.0,370191000.0,465263000.0,62664000.0,4.428,0.306,0.0,0.0,0.0,0.0,0.0,20084000.0,0.0,0.0,0.0,102658000.0,122742000.0,0.192,122742000.0,102658000.0,102658000.0,2.0,1.97,2.0,1169795000.0,,1169795000.0,12666466534.0,34.0,27.913,-12488000.0,-0.398,1.0,175340000.0,0.274,21939000.0,0.0,1010891000.0,,10017000.0,243552000.0,94480000.0,149072000.0,357773000.0,124547000.0,233226000.0,13067709534.0,-31052000.0,0.0,-26930000.0,0.0,0.0,41429000.0,-102246000.0,-60382000.0,29376000.0,389000.0,62664000.0,62664000.0,62664000.0,0.0,0.0,0.098,73116000.0,102224000.0,49154000.0,0.0,11.171,56.515,56.486,773116000.0,0.0,418.0,5.443,5.469,9087000.0,734123000.0,640603000.0,640603000.0,0.0,,,,,-48152000.0,49334000.0,1.0,31262463.0,31410000.0,31846000.0,20.395,1505629000.0,41553000.0,39994000.0,66606000.0,47.935,426940000.0
38,CMG,MRQ,2011-12-31,2011-12-31,2011-12-31,2021-07-23,197000.0,1425308000.0,,501192000.0,924116000.0,,33.38,-58280000.0,401243000.0,401243000.0,441060000.0,57473000.0,3.183,0.365,0.0,0.0,0.0,0.0,0.0,19198000.0,0.0,0.0,0.0,94282000.0,113480000.0,0.19,113480000.0,94282000.0,94282000.0,1.84,1.8,1.84,1044226000.0,,1044226000.0,10160184646.0,29.0,23.926,61947000.0,1.98,1.0,155689000.0,0.261,21939000.0,0.0,844673000.0,,8913000.0,183246000.0,55005000.0,128241000.0,381082000.0,157453000.0,223629000.0,10570059646.0,-8632000.0,0.0,-21659000.0,89000.0,0.0,-21387000.0,-107070000.0,-48790000.0,120227000.0,-402000.0,57473000.0,57473000.0,57473000.0,0.0,0.0,0.096,61821000.0,93868000.0,46382000.0,0.0,10.122,49.176,49.019,751951000.0,0.0,337.74,4.657,4.646,8389000.0,671459000.0,596749000.0,596749000.0,0.0,,,,,8458000.0,37988000.0,1.0,31296440.0,31283000.0,31784000.0,19.076,1403369000.0,6238000.0,36809000.0,68622000.0,44.86,343739000.0
39,CMG,MRQ,2011-09-30,2011-09-30,2011-09-30,2021-07-23,690000.0,1343373000.0,,487729000.0,855644000.0,,31.899,-35186000.0,409875000.0,409875000.0,434123000.0,60433000.0,3.797,0.344,0.0,0.0,0.0,0.0,0.0,18741000.0,0.0,0.0,0.0,98458000.0,117199000.0,0.198,117199000.0,98458000.0,98458000.0,1.93,1.9,1.93,999441000.0,,999441000.0,9146388812.0,28.0,22.69,80967000.0,2.584,1.0,157731000.0,0.267,21939000.0,0.0,783116000.0,,8768000.0,134477000.0,34759000.0,99718000.0,343932000.0,128443000.0,215489000.0,9496189812.0,60074000.0,0.0,-19248000.0,-31000.0,0.0,-10469000.0,-45186000.0,-10000000.0,116153000.0,-424000.0,60433000.0,60433000.0,60433000.0,0.0,0.0,0.102,59721000.0,98010000.0,49011000.0,0.0,9.502,46.569,46.323,719346000.0,0.0,302.95,4.406,4.404,5765000.0,613986000.0,591854000.0,591854000.0,0.0,,,,,1833000.0,37254000.0,1.0,31345733.0,31331000.0,31832000.0,18.89,1321434000.0,5883000.0,38025000.0,66516000.0,42.177,359286000.0
40,CMG,MRQ,2011-06-30,2011-06-30,2011-06-30,2021-07-23,1331000.0,1263581000.0,,441712000.0,821869000.0,,30.13,-31243000.0,349801000.0,349801000.0,424242000.0,50657000.0,3.762,0.346,0.0,0.0,0.0,0.0,0.0,18505000.0,0.0,0.0,0.0,81857000.0,100362000.0,0.176,100362000.0,81857000.0,81857000.0,1.63,1.59,1.63,939062000.0,,939062000.0,9307686632.0,30.0,24.417,75168000.0,2.412,1.0,147319000.0,0.258,21939000.0,0.0,774425000.0,,8447000.0,124471000.0,34759000.0,89712000.0,324519000.0,117416000.0,207103000.0,9590625632.0,66862000.0,0.0,-8876000.0,-29000.0,0.0,12068000.0,-51838000.0,-20595000.0,106411000.0,221000.0,50657000.0,50657000.0,50657000.0,0.0,0.0,0.089,63456000.0,83863000.0,40258000.0,0.0,10.213,50.026,50.031,695609000.0,0.0,308.19,4.701,4.708,6179000.0,553553000.0,571561000.0,571561000.0,0.0,,,,,-7918000.0,41968000.0,1.0,31119198.0,31167000.0,31761000.0,18.339,1241642000.0,11247000.0,31200000.0,60023000.0,39.838,324296000.0
41,CMG,MRQ,2011-03-31,2011-03-31,2011-03-31,2021-07-23,1224000.0,1158055000.0,,377160000.0,780895000.0,,27.757,-26438000.0,282939000.0,282939000.0,380896000.0,46382000.0,3.797,0.342,0.0,0.0,0.0,0.0,0.0,18494000.0,0.0,0.0,0.0,75108000.0,93602000.0,0.184,93602000.0,75108000.0,75108000.0,1.49,1.46,1.49,862746000.0,,862746000.0,8228878832.0,27.0,22.045,41867000.0,1.347,1.0,128488000.0,0.252,21939000.0,0.0,753833000.0,,8738000.0,104456000.0,45000000.0,59456000.0,295309000.0,99344000.0,195965000.0,8453716832.0,58101000.0,0.0,-13151000.0,-29000.0,0.0,-4480000.0,-6124000.0,20314000.0,68305000.0,400000.0,46382000.0,46382000.0,46382000.0,0.0,0.0,0.091,53667000.0,74821000.0,35929000.0,0.0,9.799,45.083,45.319,683392000.0,0.0,272.37,4.367,4.374,7623000.0,502896000.0,509384000.0,509384000.0,0.0,,,,,223000.0,32216000.0,1.0,31037621.0,31082000.0,31717000.0,16.388,1136116000.0,12542000.0,28726000.0,53608000.0,36.552,277816000.0
42,CMG,MRQ,2010-12-31,2010-12-31,2010-12-31,2021-07-23,606000.0,1121605000.0,,406221000.0,715384000.0,,26.071,-42036000.0,224838000.0,224838000.0,357379000.0,46445000.0,3.301,0.383,0.0,0.0,0.0,0.0,0.0,17815000.0,0.0,0.0,0.0,74125000.0,91940000.0,0.191,91940000.0,74125000.0,74303000.0,1.49,1.46,1.49,810873000.0,,810873000.0,6369855316.0,22.0,17.794,50959000.0,1.638,1.0,125142000.0,0.259,21939000.0,-178000.0,751774000.0,,7098000.0,124766000.0,124766000.0,0.0,310732000.0,123054000.0,187678000.0,6580851316.0,13842000.0,0.0,-8767000.0,-28000.0,0.0,-156000.0,-78702000.0,-36666000.0,92995000.0,-295000.0,46445000.0,46445000.0,46445000.0,0.0,0.0,0.096,51150000.0,73992000.0,33705000.0,0.0,8.116,36.768,37.113,676881000.0,0.0,212.66,3.584,3.618,5658000.0,456514000.0,482521000.0,482521000.0,0.0,,,,,-5104000.0,28733000.0,1.0,30945412.0,31102000.0,31747000.0,15.514,1099666000.0,27845000.0,27858000.0,50525000.0,35.357,283167000.0
43,CMG,MRQ,2010-09-30,2010-09-30,2010-09-30,2021-07-23,864000.0,1032371000.0,,345399000.0,686972000.0,,24.525,-29526000.0,210996000.0,210996000.0,344995000.0,48228000.0,3.339,0.357,0.0,0.0,0.0,0.0,0.0,17319000.0,0.0,0.0,0.0,77979000.0,95298000.0,0.2,95298000.0,77979000.0,77965000.0,1.55,1.52,1.55,761029000.0,,761029000.0,5148503212.0,19.0,15.476,37714000.0,1.215,1.0,131879000.0,0.277,21939000.0,14000.0,696003000.0,,7175000.0,90000000.0,90000000.0,0.0,271342000.0,103433000.0,167909000.0,5350545212.0,8954000.0,0.0,-47061000.0,-25000.0,0.0,-44539000.0,-14526000.0,15000000.0,67240000.0,779000.0,48228000.0,48228000.0,48228000.0,0.0,0.0,0.101,54295000.0,77584000.0,35641000.0,0.0,7.031,32.599,32.887,658423000.0,0.0,172.0,3.073,3.066,4446000.0,410069000.0,476874000.0,476874000.0,0.0,,,,,3610000.0,33522000.0,1.0,31107821.0,31031000.0,31629000.0,15.368,1010432000.0,13849000.0,29737000.0,36448000.0,32.562,241966000.0
44,CMG,MRQ,2010-06-30,2010-06-30,2010-06-30,2021-07-23,-80000.0,1009122000.0,,339348000.0,669774000.0,,23.906,-21950000.0,202042000.0,202042000.0,341452000.0,46461000.0,3.374,0.345,0.0,0.0,0.0,0.0,0.0,17053000.0,0.0,0.0,0.0,75386000.0,92439000.0,0.198,92439000.0,75386000.0,75301000.0,1.48,1.46,1.48,750014000.0,,750014000.0,4111269757.0,17.0,13.359,47139000.0,1.503,1.0,125389000.0,0.269,21939000.0,85000.0,684567000.0,,6358000.0,105000000.0,105000000.0,0.0,259108000.0,100574000.0,158534000.0,4304271757.0,9040000.0,0.0,-39117000.0,-21000.0,0.0,-38099000.0,-21950000.0,0.0,69089000.0,0.0,46461000.0,46461000.0,46461000.0,0.0,0.0,0.1,50430000.0,74959000.0,30211000.0,0.0,5.739,28.625,28.681,641600000.0,0.0,136.81,2.606,2.599,3787000.0,361841000.0,466841000.0,466841000.0,0.0,,,,,5963000.0,30141000.0,1.0,31461675.0,31373000.0,31802000.0,14.88,987183000.0,3759000.0,28840000.0,35502000.0,31.466,238774000.0
45,CMG,MRQ,2010-03-31,2010-03-31,2010-03-31,2021-07-23,-130000.0,992772000.0,,327050000.0,665722000.0,,23.326,-19703000.0,193002000.0,193002000.0,302691000.0,37847000.0,3.262,0.352,0.0,0.0,0.0,0.0,0.0,16734000.0,0.0,0.0,0.0,61571000.0,78305000.0,0.191,78305000.0,61571000.0,61492000.0,1.2,1.19,1.2,734379000.0,,734379000.0,3336193966.0,15.0,11.579,40164000.0,1.276,1.0,106995000.0,0.261,21939000.0,79000.0,677559000.0,,6314000.0,105000000.0,105000000.0,0.0,258393000.0,100272000.0,158121000.0,3555759966.0,-26564000.0,0.0,-14007000.0,-22000.0,0.0,-11728000.0,-74703000.0,-55000000.0,59867000.0,0.0,37847000.0,37847000.0,37847000.0,0.0,0.0,0.092,45699000.0,61296000.0,26139000.0,0.0,4.842,25.526,25.607,637569000.0,0.0,112.67,2.26,2.254,3514000.0,315380000.0,409686000.0,409686000.0,0.0,,,,,2386000.0,26194000.0,1.0,31559066.0,31483000.0,31814000.0,13.013,970833000.0,3526000.0,23645000.0,57052000.0,30.837,226778000.0
46,CMG,MRQ,2009-12-31,2009-12-31,2009-12-31,2021-07-23,29000.0,961505000.0,,297454000.0,664051000.0,,22.273,-36916000.0,219566000.0,219566000.0,292532000.0,31596000.0,2.912,0.367,0.0,0.0,0.0,0.0,0.0,15940000.0,0.0,0.0,0.0,50687000.0,66627000.0,0.172,66627000.0,50687000.0,50615000.0,1.0,0.99,1.0,703461000.0,,703461000.0,2555656575.0,12.0,9.61,44664000.0,1.414,1.0,95012000.0,0.245,21939000.0,72000.0,617847000.0,,5614000.0,50000000.0,50000000.0,0.0,258044000.0,102153000.0,155891000.0,2794102575.0,-18880000.0,0.0,-13701000.0,-21000.0,0.0,-13544000.0,-86916000.0,-50000000.0,81580000.0,0.0,31596000.0,31596000.0,31596000.0,0.0,0.0,0.082,44627000.0,50385000.0,25230000.0,0.0,3.972,22.028,22.095,636411000.0,0.0,88.16,1.84,1.844,4763000.0,277533000.0,387544000.0,387544000.0,0.0,,,,,-6922000.0,25078000.0,1.0,31693541.0,31583000.0,31904000.0,12.271,939566000.0,3134000.0,19019000.0,43070000.0,29.749,195301000.0
47,CMG,MRQ,2009-09-30,2009-09-30,2009-09-30,2021-07-23,-21000.0,919819000.0,,269142000.0,650677000.0,,21.555,-28473000.0,238446000.0,238446000.0,288687000.0,34464000.0,3.089,0.349,0.0,0.0,0.0,0.0,0.0,15451000.0,0.0,0.0,0.0,54941000.0,70392000.0,0.182,70392000.0,54941000.0,54867000.0,1.09,1.08,1.09,681682000.0,,681682000.0,2862366300.0,16.0,11.849,35958000.0,1.137,1.0,98894000.0,0.255,21939000.0,74000.0,572298000.0,,5858000.0,0.0,0.0,0.0,238137000.0,87136000.0,151001000.0,3070665300.0,30147000.0,0.0,-9251000.0,-21000.0,0.0,-5811000.0,-28473000.0,0.0,64431000.0,0.0,34464000.0,34464000.0,34464000.0,0.0,0.0,0.089,44085000.0,54809000.0,32555000.0,0.0,4.505,27.362,27.571,622026000.0,0.0,97.05,2.08,2.079,3133000.0,245937000.0,387581000.0,387581000.0,0.0,,,,,3768000.0,24555000.0,1.0,31640034.0,31625000.0,31949000.0,12.256,897880000.0,8347000.0,20403000.0,41058000.0,28.391,182006000.0
48,CMG,MRQ,2009-06-30,2009-06-30,2009-06-30,2021-07-23,-25000.0,873339000.0,,239297000.0,634042000.0,,20.375,-24665000.0,208299000.0,208299000.0,287608000.0,35393000.0,2.956,0.346,0.0,0.0,0.0,0.0,0.0,15197000.0,0.0,0.0,0.0,57615000.0,72812000.0,0.187,72812000.0,57615000.0,57429000.0,1.11,1.1,1.11,649060000.0,,649060000.0,2342970800.0,15.0,10.8,26986000.0,0.847,1.0,101228000.0,0.26,21939000.0,186000.0,562159000.0,,5715000.0,0.0,0.0,0.0,224279000.0,80942000.0,143337000.0,2547904800.0,3365000.0,0.0,-29767000.0,-20000.0,0.0,-23621000.0,-24665000.0,0.0,51651000.0,0.0,35393000.0,35393000.0,35393000.0,0.0,0.0,0.091,43906000.0,57322000.0,24666000.0,0.0,3.926,26.204,26.49,605631000.0,0.0,80.0,1.783,1.783,3217000.0,211473000.0,388836000.0,388836000.0,0.0,,,,,4339000.0,25797000.0,1.0,31848810.0,31856000.0,32195000.0,12.206,851400000.0,9033000.0,22036000.0,38832000.0,26.727,158355000.0
49,CMG,MRQ,2009-03-31,2009-03-31,2009-03-31,2021-07-23,-212000.0,854599000.0,,230445000.0,624154000.0,,19.765,-27144000.0,204934000.0,204934000.0,271071000.0,25392000.0,2.6,0.351,0.0,0.0,0.0,0.0,0.0,14720000.0,0.0,0.0,0.0,41387000.0,56107000.0,0.158,56107000.0,41387000.0,41314000.0,0.79,0.78,0.79,632546000.0,,632546000.0,2042985268.0,15.0,10.419,35867000.0,1.121,1.0,83385000.0,0.235,21939000.0,73000.0,539110000.0,,5766000.0,0.0,0.0,0.0,222053000.0,88616000.0,133437000.0,2131029268.0,116890000.0,0.0,-19577000.0,-20000.0,0.0,-18967000.0,72846000.0,99990000.0,63011000.0,0.0,25392000.0,25392000.0,25392000.0,0.0,0.0,0.072,42196000.0,41189000.0,22662000.0,0.0,3.369,24.69,25.049,595951000.0,0.0,66.38,1.543,1.538,3375000.0,176080000.0,354456000.0,354456000.0,0.0,,,,,3372000.0,23719000.0,1.0,32103484.0,32003000.0,32362000.0,11.076,832660000.0,2709000.0,15922000.0,42883000.0,26.018,141829000.0
50,CMG,MRQ,2008-12-31,2008-12-31,2008-12-31,2021-07-23,-193000.0,824985000.0,,211072000.0,613913000.0,,19.134,-42091000.0,88044000.0,88044000.0,272447000.0,16973000.0,2.749,0.325,0.0,0.0,0.0,0.0,0.0,14124000.0,0.0,0.0,0.0,28144000.0,42268000.0,0.122,42268000.0,28144000.0,28069000.0,0.53,0.52,0.53,622590000.0,,622590000.0,1832269322.0,14.0,10.164,5754000.0,0.177,1.0,72897000.0,0.211,21939000.0,75000.0,638214000.0,,4789000.0,99990000.0,99990000.0,0.0,202395000.0,76788000.0,125607000.0,2044452322.0,-124139000.0,0.0,-29962000.0,-20000.0,0.0,-29903000.0,-142081000.0,-99990000.0,47845000.0,0.0,16973000.0,16973000.0,16973000.0,0.0,0.0,0.049,45023000.0,27874000.0,23890000.0,0.0,3.284,26.143,25.933,585899000.0,0.0,61.98,1.535,1.525,3643000.0,150688000.0,345344000.0,345344000.0,0.0,,,,,2550000.0,24266000.0,1.0,32985678.0,32538000.0,32801000.0,10.614,803046000.0,2842000.0,11096000.0,29863000.0,24.68,134284000.0
51,CMG,MRQ,2008-09-30,2008-09-30,2008-09-30,2021-07-23,-21000.0,831919000.0,,239976000.0,591943000.0,,19.253,-38744000.0,212183000.0,212183000.0,267808000.0,19477000.0,2.963,0.315,0.0,0.0,0.0,0.0,0.0,13769000.0,0.0,0.0,0.0,31989000.0,45758000.0,0.134,45758000.0,31989000.0,31911000.0,0.59,0.59,0.59,632702000.0,,632702000.0,1634325450.0,13.0,9.148,16279000.0,0.495,1.0,72735000.0,0.214,21939000.0,78000.0,516800000.0,,5485000.0,0.0,0.0,0.0,199217000.0,80997000.0,118220000.0,1829942450.0,16566000.0,0.0,165000.0,-19000.0,0.0,287000.0,-38744000.0,0.0,55023000.0,0.0,19477000.0,19477000.0,19477000.0,0.0,0.0,0.057,41677000.0,31058000.0,29249000.0,0.0,2.892,23.232,23.218,566033000.0,0.0,55.49,1.435,1.43,4582000.0,133715000.0,340543000.0,340543000.0,0.0,,,,,3749000.0,22645000.0,1.0,32977878.0,32862000.0,33170000.0,10.363,809980000.0,5645000.0,12434000.0,29720000.0,24.648,158979000.0
52,CMG,MRQ,2008-06-30,2008-06-30,2008-06-30,2021-07-23,0.0,786756000.0,,220338000.0,566418000.0,,18.537,-39023000.0,195617000.0,195617000.0,264276000.0,24468000.0,3.091,0.292,0.0,0.0,0.0,0.0,0.0,12707000.0,0.0,0.0,0.0,39239000.0,51946000.0,0.152,51946000.0,39239000.0,39164000.0,0.74,0.74,0.74,609037000.0,,609037000.0,2537525388.0,20.0,14.332,8369000.0,0.255,1.0,76478000.0,0.224,21939000.0,75000.0,497905000.0,,5151000.0,0.0,0.0,0.0,177719000.0,71295000.0,106424000.0,2724687388.0,8455000.0,0.0,41000.0,-19000.0,0.0,86000.0,-39023000.0,0.0,47392000.0,0.0,24468000.0,24468000.0,24468000.0,0.0,0.0,0.072,38164000.0,38314000.0,25565000.0,0.0,4.474,34.104,34.0,539340000.0,0.0,82.62,2.231,2.222,5374000.0,114238000.0,340754000.0,340754000.0,0.0,,,,,2946000.0,20684000.0,1.0,32978545.0,32856000.0,33284000.0,10.371,764817000.0,2773000.0,14696000.0,25820000.0,23.278,149043000.0
53,CMG,MRQ,2008-03-31,2008-03-31,2008-03-31,2021-07-23,0.0,751932000.0,,210676000.0,541256000.0,,17.718,-32243000.0,187162000.0,187162000.0,240510000.0,17284000.0,2.774,0.294,0.0,0.0,0.0,0.0,0.0,12170000.0,0.0,0.0,0.0,28136000.0,40306000.0,0.132,40306000.0,28136000.0,28062000.0,0.53,0.52,0.53,581281000.0,,581281000.0,3589580359.0,29.0,21.38,16004000.0,0.488,1.0,64817000.0,0.212,21939000.0,74000.0,466897000.0,,4583000.0,0.0,0.0,0.0,170651000.0,75934000.0,94717000.0,3740756359.0,35986000.0,0.0,0.0,-18000.0,0.0,-18000.0,-12243000.0,20000000.0,48247000.0,0.0,17284000.0,17284000.0,17284000.0,0.0,0.0,0.057,38024000.0,26793000.0,25682000.0,0.0,6.435,49.608,49.317,515247000.0,0.0,113.43,3.239,3.222,3879000.0,89770000.0,305327000.0,305327000.0,0.0,,,,,1845000.0,21560000.0,1.0,32978545.0,32808000.0,33330000.0,9.306,729993000.0,3872000.0,10778000.0,19217000.0,22.25,134742000.0
54,CMG,MRQ,2007-12-31,2007-12-31,2007-12-31,2021-07-23,0.0,722115000.0,,201844000.0,520271000.0,,17.126,-42359000.0,151176000.0,151176000.0,225021000.0,17538000.0,2.754,0.285,0.0,0.0,0.0,0.0,0.0,11688000.0,0.0,0.0,0.0,28954000.0,40642000.0,0.141,40642000.0,28954000.0,28881000.0,0.53,0.53,0.53,562110000.0,,562110000.0,4671896513.0,41.0,29.589,-1009000.0,-0.031,1.0,63889000.0,0.221,21939000.0,73000.0,475699000.0,,4332000.0,20000000.0,20000000.0,0.0,160005000.0,73301000.0,86704000.0,4839553513.0,-16481000.0,0.0,1583000.0,-18000.0,0.0,4528000.0,-62359000.0,-20000000.0,41350000.0,0.0,17538000.0,17538000.0,17538000.0,0.0,0.0,0.061,36433000.0,27456000.0,19880000.0,0.0,8.61,68.585,68.088,494930000.0,0.0,147.07,4.457,4.425,5373000.0,72486000.0,288910000.0,288910000.0,0.0,,,,,1664000.0,20641000.0,1.0,32906463.0,32822000.0,33437000.0,8.802,700176000.0,11966000.0,11343000.0,16483000.0,21.333,128543000.0
55,CMG,MRQ,2007-09-30,2007-09-30,2007-09-30,2021-07-23,7000.0,683367000.0,,188649000.0,494718000.0,,16.412,-35470000.0,167657000.0,167657000.0,220455000.0,20604000.0,2.685,0.273,0.0,0.0,0.0,0.0,0.0,11167000.0,0.0,0.0,0.0,32993000.0,44160000.0,0.154,44160000.0,32993000.0,32919000.0,0.63,0.62,0.63,536767000.0,,536767000.0,3722601278.0,36.0,25.855,8064000.0,0.247,1.0,65976000.0,0.23,21939000.0,74000.0,423515000.0,,4404000.0,48000.0,48000.0,0.0,146600000.0,70256000.0,76344000.0,3878818278.0,11440000.0,0.0,1255000.0,-19000.0,0.0,3376000.0,-35470000.0,0.0,43534000.0,0.0,20604000.0,20604000.0,20604000.0,0.0,0.0,0.072,34580000.0,31396000.0,24958000.0,0.0,7.226,60.734,60.579,469295000.0,0.0,118.13,3.816,3.801,5869000.0,53397000.0,286431000.0,286431000.0,0.0,,,,,2085000.0,19279000.0,1.0,32835167.0,32706000.0,33171000.0,8.758,661428000.0,2038000.0,12315000.0,10513000.0,20.223,118393000.0
56,CMG,MRQ,2007-06-30,2007-06-30,2007-06-30,2021-07-23,7000.0,645833000.0,,176412000.0,469421000.0,,15.643,-30608000.0,156217000.0,156217000.0,210566000.0,19981000.0,2.931,0.265,0.0,0.0,0.0,0.0,0.0,10576000.0,0.0,0.0,0.0,32212000.0,42788000.0,0.156,42788000.0,32212000.0,32138000.0,0.61,0.6,0.61,510631000.0,,510631000.0,2637431758.0,29.0,20.547,684000.0,0.021,1.0,63780000.0,0.232,21939000.0,74000.0,407483000.0,,4418000.0,48000.0,48000.0,0.0,135202000.0,60194000.0,75008000.0,2796333758.0,-2685000.0,-5106000.0,671000.0,-6417000.0,0.0,1737000.0,-35714000.0,0.0,31292000.0,0.0,19981000.0,19981000.0,19981000.0,0.0,0.0,0.073,33098000.0,30682000.0,19923000.0,0.0,5.476,50.783,50.762,444259000.0,0.0,85.28,2.97,2.957,6270000.0,32793000.0,274346000.0,274346000.0,0.0,,,,,2484000.0,18109000.0,1.0,32790030.0,32642000.0,33065000.0,8.405,623894000.0,1512000.0,12157000.0,17311000.0,19.113,116218000.0
57,CMG,MRQ,2007-03-31,2007-03-31,2007-03-31,2021-07-23,7000.0,626241000.0,,177444000.0,448797000.0,,14.932,-32108000.0,158902000.0,158902000.0,187171000.0,12440000.0,2.66,0.288,0.0,0.0,0.0,0.0,0.0,10164000.0,0.0,0.0,0.0,20139000.0,30303000.0,0.128,30303000.0,20139000.0,20064000.0,0.38,0.38,0.38,486161000.0,,486161000.0,1873697266.0,25.0,16.823,-1361000.0,-0.042,1.0,48924000.0,0.207,19556000.0,75000.0,381075000.0,,4142000.0,0.0,0.0,0.0,140080000.0,66708000.0,73372000.0,2027339266.0,5260000.0,-562000.0,354000.0,6383000.0,0.0,7183000.0,-32670000.0,0.0,30747000.0,0.0,12440000.0,12440000.0,12440000.0,0.0,0.0,0.053,30275000.0,18649000.0,19651000.0,0.0,4.17,44.193,44.357,426048000.0,0.0,62.1,2.325,2.319,5380000.0,12812000.0,236095000.0,236095000.0,0.0,,,,,1568000.0,17009000.0,1.0,32646365.0,32558000.0,32953000.0,7.252,606685000.0,1228000.0,7624000.0,25049000.0,18.634,110736000.0
58,CMG,MRQ,2006-12-31,2006-12-31,2006-12-31,2021-07-23,7000.0,604208000.0,,178837000.0,425371000.0,,14.565,-34813000.0,153642000.0,153642000.0,175060000.0,10841000.0,2.922,0.275,0.0,0.0,0.0,0.0,0.0,9265000.0,0.0,0.0,0.0,17463000.0,26728000.0,0.122,26728000.0,17463000.0,17389000.0,0.33,0.33,0.33,473957000.0,,473957000.0,1702166305.0,25.0,16.561,-4705000.0,-0.145,1.0,44659000.0,0.203,17738000.0,74000.0,371627000.0,,3505000.0,0.0,0.0,0.0,130251000.0,61201000.0,69050000.0,1859731305.0,-3923000.0,0.0,427000.0,-19000.0,0.0,782000.0,-34813000.0,0.0,30108000.0,0.0,10841000.0,10841000.0,10841000.0,0.0,0.0,0.049,29163000.0,15496000.0,19567000.0,0.0,3.924,44.896,44.186,404740000.0,0.0,57.0,2.26,2.22,13648000.0,2972000.0,219719000.0,219719000.0,0.0,,,,,1382000.0,16651000.0,1.0,32626865.0,32540000.0,32975000.0,6.752,586470000.0,930000.0,6548000.0,20203000.0,18.023,117636000.0
59,CMG,MRQ,2006-09-30,2006-09-30,2006-09-30,2021-07-23,9000.0,573224000.0,,172716000.0,400508000.0,,13.975,-25494000.0,157565000.0,157565000.0,165849000.0,11802000.0,3.081,0.262,0.0,0.0,0.0,0.0,0.0,8676000.0,0.0,0.0,0.0,19868000.0,28544000.0,0.135,28544000.0,19868000.0,19800000.0,0.36,0.36,0.36,454166000.0,,454166000.0,1470823998.0,25.0,16.086,2925000.0,0.09,1.0,45411000.0,0.215,17738000.0,68000.0,341869000.0,,3393000.0,0.0,0.0,0.0,119058000.0,56052000.0,63006000.0,1612867998.0,15521000.0,0.0,941000.0,621000.0,0.0,12596000.0,-25494000.0,0.0,28419000.0,0.0,11802000.0,11802000.0,11802000.0,0.0,0.0,0.056,27558000.0,17853000.0,18818000.0,0.0,3.551,46.288,44.748,379891000.0,0.0,49.67,2.077,2.079,3059000.0,-7869000.0,211260000.0,211260000.0,0.0,,,,,783000.0,15723000.0,1.0,32471673.0,32499000.0,32885000.0,6.501,555486000.0,1664000.0,7998000.0,19495000.0,17.092,116664000.0
60,CMG,MRQ,2006-06-30,2006-06-30,2006-06-30,2021-07-23,9000.0,535053000.0,,155060000.0,379993000.0,,13.236,-22805000.0,142044000.0,142044000.0,160493000.0,10792000.0,3.531,0.245,0.0,0.0,0.0,0.0,0.0,8309000.0,0.0,0.0,0.0,17492000.0,25801000.0,0.126,25801000.0,17492000.0,17427000.0,0.33,0.33,0.33,429653000.0,,429653000.0,1844402630.0,38.0,23.173,-929000.0,-0.029,1.0,44443000.0,0.217,17738000.0,65000.0,331357000.0,,3040000.0,0.0,0.0,0.0,105400000.0,43914000.0,61486000.0,1977866630.0,8580000.0,0.0,545000.0,-14000.0,0.0,9509000.0,-22805000.0,0.0,21876000.0,0.0,10792000.0,10792000.0,10792000.0,0.0,0.0,0.053,28573000.0,15870000.0,12944000.0,0.0,4.603,70.324,64.84,359627000.0,0.0,60.95,2.71,2.711,1967000.0,-19671000.0,204936000.0,204936000.0,0.0,,,,,1508000.0,17643000.0,1.0,32450642.0,32462000.0,32903000.0,6.313,517315000.0,1267000.0,6635000.0,22088000.0,15.936,111146000.0
61,CMG,MRQ,2006-03-31,2006-03-31,2006-03-31,2021-07-23,9000.0,513588000.0,,147312000.0,366276000.0,,13.293,-14200000.0,133464000.0,133464000.0,149279000.0,7988000.0,3.346,0.259,0.0,0.0,0.0,0.0,0.0,8003000.0,0.0,0.0,0.0,13703000.0,21706000.0,0.116,21706000.0,13703000.0,13639000.0,0.26,0.26,0.26,407880000.0,,407880000.0,1802196886.0,45.0,25.804,8994000.0,0.293,1.0,37736000.0,0.202,17738000.0,64000.0,318358000.0,,3049000.0,0.0,0.0,0.0,105708000.0,44028000.0,61680000.0,1802257886.0,133403000.0,0.0,134172000.0,2234000.0,0.0,124409000.0,-14200000.0,0.0,23194000.0,0.0,7988000.0,7988000.0,7988000.0,0.0,0.0,0.043,25003000.0,12733000.0,12518000.0,0.0,4.419,41.857,34.836,345790000.0,0.0,55.39,2.645,2.495,2773000.0,-30463000.0,187015000.0,187015000.0,0.0,,,,,1520000.0,15267000.0,1.0,32537604.0,30683000.0,31078000.0,6.095,495850000.0,1047000.0,5651000.0,24097000.0,16.16,103284000.0
62,CMG,MRQ,2005-12-31,2005-12-31,2005-12-31,2021-07-23,9000.0,392495000.0,,17824000.0,374671000.0,,11.771,-29714000.0,61000.0,61000.0,141155000.0,4262000.0,0.425,0.269,0.0,0.0,0.0,0.0,0.0,7634000.0,0.0,,0.0,7748000.0,15382000.0,0.089,15382000.0,7748000.0,7621000.0,0.16,0.16,0.16,309354000.0,,309354000.0,,,,-4852000.0,-0.185,1.0,32158000.0,0.186,17738000.0,127000.0,332714000.0,,2625000.0,0.0,0.0,0.0,83141000.0,41982000.0,41159000.0,,-1897000.0,0.0,0.0,-4447000.0,0.0,2955000.0,-29714000.0,0.0,24862000.0,0.0,4262000.0,4262000.0,4262000.0,0.0,0.0,0.025,24423000.0,7735000.0,13188000.0,0.0,,,,340694000.0,0.0,,,,4181000.0,-38451000.0,173313000.0,173313000.0,0.0,,,,,610000.0,14752000.0,1.0,32494619.0,26281000.0,26509000.0,6.595,374757000.0,15932000.0,3359000.0,0.0,14.26,-24158000.0
63,CMG,MRQ,2005-09-30,2005-09-30,2005-09-30,2021-07-23,,,,,,,,-14790000.0,,,134626000.0,5083000.0,,,,,,,,7206000.0,,,0.0,9499000.0,16705000.0,0.101,16705000.0,9499000.0,9251000.0,0.19,0.19,0.19,,,,,,,10871000.0,0.414,1.0,30044000.0,0.182,,248000.0,,,,,,,,,,,-4199000.0,0.0,0.0,-15070000.0,0.0,-15070000.0,-14790000.0,0.0,25661000.0,0.0,5083000.0,5083000.0,5083000.0,0.0,0.0,0.031,20545000.0,9499000.0,,0.0,,,,,0.0,,,,,,164670000.0,164670000.0,0.0,,,,,605000.0,12268000.0,1.0,32494619.0,26281000.0,26344000.0,6.266,,,4168000.0,,,
64,CMG,MRQ,2005-06-30,2005-06-30,2005-06-30,2021-07-23,,,,,,,,-19910000.0,,,125256000.0,25725000.0,,,,,,,,6729000.0,,,0.0,9321000.0,16050000.0,0.103,16050000.0,9321000.0,8985000.0,0.98,0.98,0.98,,,,,,,-4009000.0,-0.153,1.0,31040000.0,0.199,,336000.0,,,,,,,,,,,3984000.0,0.0,0.0,7993000.0,0.0,7993000.0,-19910000.0,0.0,15901000.0,0.0,25725000.0,25725000.0,25725000.0,0.0,0.0,0.165,21719000.0,9321000.0,,0.0,,,,,0.0,,,,,,156296000.0,156296000.0,0.0,,,,,588000.0,13726000.0,1.0,,26281000.0,26319000.0,5.947,,,-16740000.0,,,
65,CMG,MRQ,2005-03-31,2005-03-31,2005-03-31,2021-07-23,,,,,,,,-18622000.0,,,110584000.0,2626000.0,,,,,,,,6457000.0,,,0.0,4462000.0,10919000.0,0.082,10919000.0,4462000.0,4383000.0,0.1,0.1,0.1,,,,,,,-7615000.0,-0.29,1.0,22832000.0,0.171,,79000.0,,,,,,,,,,,2173000.0,0.0,0.0,9788000.0,0.0,9788000.0,-18622000.0,0.0,11007000.0,0.0,2626000.0,2626000.0,2626000.0,0.0,0.0,0.02,18393000.0,4439000.0,,0.0,,,,,0.0,,,,,,133416000.0,133416000.0,0.0,,,,,300000.0,11218000.0,1.0,,26281000.0,26316000.0,5.077,,,1757000.0,,,
66,CMG,MRQ,2004-12-31,2004-12-31,2004-12-31,2021-07-23,9000.0,329653000.0,,10332000.0,319321000.0,,10.315,-23392000.0,380000.0,380000.0,108636000.0,-3716000.0,0.267,0.256,4431000.0,4431000.0,0.0,4431000.0,0.0,5995000.0,0.0,,0.0,-3716000.0,2279000.0,0.018,2279000.0,-3716000.0,-3716000.0,0.11,0.11,0.11,262566000.0,,262566000.0,,,,-14793000.0,-0.581,1.0,18832000.0,0.148,26243000.0,0.0,268798000.0,,2256000.0,0.0,0.0,0.0,67087000.0,38663000.0,28424000.0,,0.0,0.0,0.0,14793000.0,0.0,14793000.0,-23392000.0,0.0,8599000.0,0.0,-3716000.0,-3716000.0,-3716000.0,0.0,0.0,-0.029,22587000.0,-3755000.0,13494000.0,0.0,,,,289873000.0,0.0,,,,3222000.0,-76147000.0,127468000.0,127468000.0,0.0,,,,,193000.0,15647000.0,1.0,,25454000.0,25520000.0,5.008,303410000.0,0.0,0.0,0.0,11.92,-28331000.0
67,CMG,MRQ,2003-09-30,2003-09-30,2003-09-30,2021-07-23,0.0,249014000.0,,7833000.0,241181000.0,,,,497000.0,497000.0,,,0.205,0.3,12688000.0,12688000.0,0.0,12688000.0,0.0,,0.0,,0.0,,,,,,,,,,191508000.0,,191508000.0,,,,,,1.0,,,26243000.0,,196696000.0,,1466000.0,0.0,0.0,0.0,57506000.0,38266000.0,19240000.0,,,,,,,,,,,,,,,,,,,,11557000.0,,,,,211877000.0,,,,,2605000.0,-82273000.0,,,,,,,,,,1.0,,,,,222771000.0,0.0,,0.0,,-30433000.0
0,CMG,MRT,2021-06-30,2021-06-30,2021-06-30,2021-07-23,-4187000.0,6320454000.0,6021012250.0,1447810000.0,4872644000.0,1.137,77.279,-417135000.0,696146000.0,696146000.0,5366147000.0,586278000.0,1.733,1.907,3348201000.0,213646000.0,3134555000.0,3348201000.0,113016000.0,447224000.0,0.0,0.0,0.0,629883000.0,1077107000.0,0.157,1077107000.0,629883000.0,629883000.0,20.9,20.58,20.9,2174158000.0,2024352500.0,2174158000.0,46169436613.0,73.0,42.864,504637000.0,17.937,1.0,1477090000.0,0.216,21939000.0,0.0,8115084000.0,7700936000.0,25159000.0,473274000.0,322460000.0,150814000.0,4146296000.0,835486000.0,3310810000.0,43642813613.0,62545000.0,0.0,-203151000.0,0.0,0.0,-264867000.0,-595324000.0,-178189000.0,921772000.0,964000.0,586278000.0,586278000.0,586278000.0,0.0,0.0,0.086,846141000.0,630949000.0,140251000.0,0.0,20.073,74.44,74.179,4612096000.0,0.0,1550.34,6.378,6.374,75697000.0,3591238000.0,6843237000.0,6843237000.0,0.0,0.097,0.29,0.082,0.092,144544000.0,558321000.0,1.0,28150479.0,28134000.0,28501000.0,243.237,6298515000.0,284612000.0,43605000.0,133510000.0,223.876,612324000.0
1,CMG,MRT,2021-03-31,2021-03-31,2021-03-31,2021-07-23,-4492000.0,6149059000.0,5783431000.0,1456851000.0,4692208000.0,1.092,74.579,-382318000.0,722639000.0,722639000.0,5134467000.0,406479000.0,1.747,1.932,3249262000.0,209086000.0,3040176000.0,3249262000.0,110197000.0,434128000.0,0.0,0.0,0.0,379191000.0,813319000.0,0.129,813319000.0,379191000.0,379191000.0,14.51,14.27,14.51,2097531000.0,1906937000.0,2097531000.0,42508866433.0,112.0,52.266,405431000.0,14.415,1.0,1180970000.0,0.187,21939000.0,0.0,7819739000.0,7421611250.0,24304000.0,474513000.0,363585000.0,110928000.0,4051528000.0,834004000.0,3217524000.0,39987650433.0,194368000.0,0.0,-57229000.0,0.0,0.0,-105011000.0,-489858000.0,-107540000.0,787749000.0,1488000.0,406479000.0,406479000.0,406479000.0,0.0,0.0,0.064,800485000.0,380485000.0,147417000.0,0.0,19.064,98.376,97.92,4472015000.0,0.0,1420.82,6.332,6.327,68449000.0,3403264000.0,6315437000.0,6315437000.0,0.0,0.07,0.213,0.051,0.06,120621000.0,514924000.0,1.0,28144065.0,28125000.0,28582000.0,224.549,6127120000.0,244122000.0,-27288000.0,135929000.0,217.853,622847000.0
2,CMG,MRT,2020-12-31,2020-12-31,2020-12-31,2021-07-23,-4229000.0,5982896000.0,5547788250.0,1420237000.0,4562659000.0,1.079,72.362,-373352000.0,635836000.0,635836000.0,4943553000.0,355766000.0,1.727,1.962,3157052000.0,204756000.0,2952296000.0,3157052000.0,127750000.0,423072000.0,0.0,0.0,0.0,293781000.0,716853000.0,0.12,716853000.0,293781000.0,293781000.0,12.74,12.52,12.74,2020135000.0,1800559250.0,2020135000.0,41201592762.0,140.0,57.476,290495000.0,10.406,1.0,1041081000.0,0.174,21939000.0,0.0,7659974000.0,7200081250.0,26445000.0,445944000.0,343616000.0,102328000.0,3962761000.0,822199000.0,3140562000.0,38800629762.0,127355000.0,0.0,-54401000.0,0.0,0.0,-104851000.0,-432717000.0,-59365000.0,663847000.0,1076000.0,355766000.0,355766000.0,355766000.0,0.0,0.0,0.059,750917000.0,290164000.0,121990000.0,0.0,19.207,109.062,108.847,4351496000.0,0.0,1386.71,6.483,6.469,104500000.0,3276163000.0,5984634000.0,5984634000.0,0.0,0.064,0.198,0.041,0.049,82626000.0,466291000.0,1.0,27980349.0,27917000.0,28416000.0,214.372,5960957000.0,282783000.0,-61985000.0,149422000.0,213.524,598038000.0
3,CMG,MRT,2020-09-30,2020-09-30,2020-09-30,2021-07-23,-5444000.0,5631640000.0,5328215250.0,1211280000.0,4420360000.0,1.092,64.547,-328736000.0,689992000.0,689992000.0,4812849000.0,237223000.0,1.511,2.119,3090955000.0,199815000.0,2891140000.0,3090955000.0,91467000.0,416109000.0,0.0,0.0,0.0,277045000.0,693154000.0,0.119,693154000.0,277045000.0,277045000.0,8.51,8.36,8.51,1805586000.0,1716282000.0,1805586000.0,37156387889.0,134.0,53.605,406576000.0,14.535,1.0,1004299000.0,0.173,21939000.0,0.0,7208947000.0,6974863750.0,25464000.0,404293000.0,342819000.0,61474000.0,3826054000.0,801717000.0,3024337000.0,34783614889.0,274730000.0,0.0,-93397000.0,0.0,0.0,-143271000.0,-317697000.0,11039000.0,735312000.0,386000.0,237223000.0,237223000.0,237223000.0,0.0,0.0,0.041,732865000.0,271434000.0,157324000.0,0.0,19.264,146.628,146.147,4255435000.0,0.0,1243.71,5.979,5.981,69366000.0,3085204000.0,5817148000.0,5817148000.0,0.0,0.045,0.138,0.04,0.048,86318000.0,454683000.0,1.0,27967625.0,27973000.0,28454000.0,207.956,5609701000.0,60436000.0,39822000.0,95221000.0,200.54,409563000.0
4,CMG,MRT,2020-06-30,2020-06-30,2020-06-30,2021-07-23,-6149000.0,5370129000.0,5154789500.0,1150343000.0,4219786000.0,1.09,61.069,-343396000.0,633601000.0,633601000.0,4635469000.0,255561000.0,1.591,2.151,3006374000.0,197196000.0,2809178000.0,3006374000.0,88924000.0,400406000.0,0.0,0.0,0.0,290576000.0,690982000.0,0.123,690982000.0,290576000.0,290576000.0,9.19,9.01,9.19,1704496000.0,1670497250.0,1704496000.0,31765965199.0,109.0,45.972,382654000.0,13.71,1.0,983962000.0,0.175,21939000.0,0.0,6997785000.0,6841691000.0,24178000.0,301041000.0,301041000.0,0.0,3665633000.0,723178000.0,2942455000.0,29351100199.0,305145000.0,0.0,-133476000.0,0.0,0.0,-183488000.0,-237225000.0,106171000.0,726050000.0,-192000.0,255561000.0,255561000.0,255561000.0,0.0,0.0,0.045,704003000.0,279959000.0,160523000.0,0.0,17.22,114.85,114.511,4132213000.0,0.0,1052.36,5.223,5.227,68006000.0,3004960000.0,5619431000.0,5619431000.0,0.0,0.05,0.153,0.042,0.052,91837000.0,436603000.0,1.0,27890741.0,27911000.0,28333000.0,201.334,5348190000.0,97840000.0,35015000.0,96502000.0,191.616,427165000.0
5,CMG,MRT,2020-03-31,2020-03-31,2020-03-31,2021-07-23,-7204000.0,5206488000.0,4977084000.0,1075501000.0,4130987000.0,1.143,60.162,-333370000.0,528271000.0,528271000.0,4572062000.0,338414000.0,1.615,2.114,2943136000.0,178358000.0,2764778000.0,2943136000.0,77499000.0,386179000.0,0.0,0.0,0.0,418859000.0,805038000.0,0.142,805038000.0,418859000.0,418859000.0,12.18,11.94,12.18,1672020000.0,1628885500.0,1672020000.0,20514388296.0,49.0,25.483,387752000.0,13.952,1.0,1116862000.0,0.196,21939000.0,0.0,6933619000.0,6706411250.0,23335000.0,380978000.0,380978000.0,0.0,3534468000.0,665795000.0,2868673000.0,18171356296.0,222228000.0,0.0,-191855000.0,0.0,0.0,-240304000.0,-257999000.0,75371000.0,721122000.0,-591000.0,338414000.0,338414000.0,338414000.0,0.0,0.0,0.059,711944000.0,404918000.0,130423000.0,0.0,10.868,53.696,53.727,4057082000.0,0.0,654.4,3.194,3.197,63461000.0,2996785000.0,5688924000.0,5688924000.0,0.0,0.068,0.208,0.062,0.074,89637000.0,455351000.0,1.0,27767965.0,27792000.0,28323000.0,204.696,5184549000.0,56631000.0,80445000.0,64851000.0,186.548,409706000.0
6,CMG,MRT,2019-12-31,2019-12-31,2019-12-31,2021-07-23,-5363000.0,5104604000.0,4831832500.0,1072204000.0,4032400000.0,1.156,60.671,-319943000.0,508481000.0,508481000.0,4443879000.0,350158000.0,1.608,2.033,2851513000.0,173139000.0,2678374000.0,2851513000.0,95195000.0,376730000.0,0.0,0.0,0.0,458285000.0,835015000.0,0.149,835015000.0,458285000.0,458285000.0,12.62,12.38,12.62,1683026000.0,1581830250.0,1683026000.0,25661920220.0,56.0,30.732,401689000.0,14.48,1.0,1142490000.0,0.205,21939000.0,0.0,6759104000.0,6569856250.0,26096000.0,400156000.0,400156000.0,0.0,3421578000.0,666593000.0,2754985000.0,23267643220.0,228329000.0,0.0,-190617000.0,0.0,0.0,-201735000.0,-291974000.0,27969000.0,721632000.0,406000.0,350158000.0,350158000.0,350158000.0,0.0,0.0,0.063,698532000.0,443958000.0,115816000.0,0.0,13.825,66.449,66.332,3964156000.0,0.0,837.11,4.165,4.157,80545000.0,2921448000.0,5586369000.0,5586369000.0,0.0,0.072,0.221,0.07,0.082,91396000.0,451552000.0,1.0,27795204.0,27740000.0,28295000.0,201.383,5082665000.0,27705000.0,108127000.0,37814000.0,183.225,405611000.0
7,CMG,MRT,2019-09-30,2019-09-30,2019-09-30,2021-07-23,-5887000.0,4937937000.0,4122061000.0,954756000.0,3983181000.0,1.303,58.414,-315356000.0,415262000.0,415262000.0,4296852000.0,309761000.0,1.506,2.044,2809539000.0,166802000.0,2642737000.0,2809539000.0,61809000.0,328468000.0,0.0,0.0,0.0,400759000.0,729227000.0,0.136,729227000.0,400759000.0,400759000.0,11.17,10.96,11.17,1622447000.0,1521408500.0,1622447000.0,25667757802.0,64.0,35.199,348742000.0,12.556,1.0,1074354000.0,0.2,21939000.0,0.0,6676256000.0,5258439500.0,23871000.0,428796000.0,428796000.0,0.0,3315490000.0,634019000.0,2681471000.0,23300191802.0,42654000.0,0.0,-196007000.0,0.0,0.0,-208063000.0,-412986000.0,-97630000.0,664098000.0,-395000.0,309761000.0,309761000.0,309761000.0,0.0,0.0,0.058,688940000.0,385414000.0,118483000.0,0.0,14.361,75.22,75.244,3904910000.0,0.0,840.47,4.338,4.346,49489000.0,2849032000.0,5371206000.0,5371206000.0,0.0,0.075,0.204,0.076,0.075,86602000.0,442856000.0,1.0,27722812.0,27775000.0,28388000.0,193.383,4915998000.0,13458000.0,90998000.0,0.0,176.994,320737000.0
8,CMG,MRT,2019-06-30,2019-06-30,2019-06-30,2021-07-23,-5261000.0,4659307000.0,3445294750.0,832402000.0,3826905000.0,1.507,55.485,-300887000.0,328456000.0,328456000.0,4181300000.0,249383000.0,1.518,2.029,2696022000.0,161253000.0,2534769000.0,2696022000.0,61794000.0,288732000.0,0.0,0.0,0.0,341211000.0,629943000.0,0.121,629943000.0,341211000.0,341211000.0,8.99,8.85,8.99,1538049000.0,1474756000.0,1538049000.0,22676233921.0,66.0,35.997,325762000.0,11.752,1.0,1011216000.0,0.195,21939000.0,0.0,6456666000.0,3947760250.0,21144000.0,417867000.0,417867000.0,0.0,3121258000.0,548268000.0,2572990000.0,20310710921.0,73238000.0,0.0,-174896000.0,0.0,0.0,-187129000.0,-366034000.0,-65147000.0,626649000.0,-248000.0,249383000.0,249383000.0,249383000.0,0.0,0.0,0.048,683432000.0,327784000.0,99007000.0,0.0,13.206,81.444,81.522,3758606000.0,0.0,732.88,3.912,3.912,49362000.0,2750450000.0,5192516000.0,5192516000.0,0.0,0.072,0.169,0.086,0.066,85840000.0,437310000.0,1.0,27713556.0,27720000.0,28300000.0,187.32,4637368000.0,0.0,91828000.0,4942000.0,167.293,284134000.0
9,CMG,MRT,2019-03-31,2019-03-31,2019-03-31,2021-07-23,-5858000.0,4625482000.0,2812623500.0,837746000.0,3787736000.0,1.787,53.574,-294092000.0,306043000.0,306043000.0,4063612000.0,205239000.0,1.44,2.117,2671566000.0,157665000.0,2513901000.0,2671566000.0,57088000.0,246950000.0,0.0,0.0,0.0,287524000.0,534474000.0,0.106,534474000.0,287524000.0,287524000.0,7.4,7.31,7.4,1483799000.0,1438245500.0,1483799000.0,19366504074.0,67.0,36.235,308925000.0,11.154,1.0,961193000.0,0.191,21939000.0,0.0,6387399000.0,2715059750.0,18780000.0,457363000.0,457363000.0,0.0,3141683000.0,581667000.0,2560016000.0,19646656074.0,44702000.0,0.0,-145440000.0,0.0,0.0,-157418000.0,-399642000.0,-105550000.0,603017000.0,-1255000.0,205239000.0,205239000.0,205239000.0,0.0,0.0,0.041,685472000.0,275721000.0,106214000.0,0.0,13.241,95.726,95.988,3716677000.0,0.0,710.31,3.91,3.915,49725000.0,2659422000.0,5024805000.0,5024805000.0,0.0,0.073,0.143,0.106,0.057,76221000.0,401068000.0,1.0,27659270.0,27696000.0,28118000.0,181.427,4603543000.0,0.0,82285000.0,33726000.0,166.217,256079000.0
10,CMG,MRT,2018-12-31,2018-12-31,2018-12-31,2021-07-23,-6236000.0,2265518000.0,2180614000.0,814794000.0,1450724000.0,2.231,51.804,-287390000.0,280152000.0,280152000.0,3953993000.0,176553000.0,1.811,0.572,0.0,0.0,0.0,0.0,70474000.0,201979000.0,0.0,0.0,0.0,268436000.0,470415000.0,0.097,470415000.0,268436000.0,268436000.0,6.35,6.31,6.35,1441339000.0,1408307000.0,1441339000.0,11625670267.0,43.0,24.714,334162000.0,12.01,1.0,910992000.0,0.187,21939000.0,0.0,1513437000.0,1487296750.0,21555000.0,426845000.0,426845000.0,0.0,824179000.0,449990000.0,374189000.0,11998278267.0,65982000.0,0.0,-160937000.0,0.0,0.0,-166535000.0,-387578000.0,-100188000.0,621552000.0,-1457000.0,176553000.0,176553000.0,176553000.0,0.0,0.0,0.036,652624000.0,258368000.0,113071000.0,0.0,8.324,67.959,67.998,1379254000.0,0.0,431.79,2.466,2.469,62312000.0,2573617000.0,4864985000.0,4864985000.0,0.0,0.081,0.125,0.18,0.055,69164000.0,375460000.0,1.0,27787300.0,27823000.0,27962000.0,174.855,2243579000.0,0.0,91883000.0,16695000.0,80.638,364804000.0
11,CMG,MRT,2018-09-30,2018-09-30,2018-09-30,2021-07-23,-4855000.0,2230872000.0,2125657500.0,793071000.0,1437801000.0,2.235,51.645,-261270000.0,372608000.0,372608000.0,3882271000.0,188327000.0,1.969,0.554,0.0,0.0,0.0,0.0,0.0,190204000.0,0.0,0.0,0.0,286432000.0,476636000.0,0.1,476636000.0,286432000.0,286432000.0,6.75,6.72,6.75,1435837000.0,1389083500.0,1435837000.0,12411863805.0,43.0,26.041,320136000.0,11.515,1.0,867753000.0,0.183,21939000.0,0.0,1433539000.0,1480360000.0,18285000.0,327787000.0,327787000.0,0.0,795035000.0,402786000.0,392249000.0,12637521805.0,230165000.0,0.0,-192794000.0,0.0,0.0,-197497000.0,-153204000.0,108066000.0,581406000.0,-540000.0,188327000.0,188327000.0,188327000.0,0.0,0.0,0.04,588968000.0,278785000.0,103486000.0,0.0,8.802,67.104,67.336,1361440000.0,0.0,454.52,2.661,2.66,26868000.0,2541598000.0,4750024000.0,4750024000.0,0.0,0.089,0.136,0.193,0.06,58878000.0,329430000.0,1.0,27804105.0,27802000.0,28017000.0,170.852,2208933000.0,21697000.0,98105000.0,27322000.0,79.452,390285000.0
12,CMG,MRT,2018-06-30,2018-06-30,2018-06-30,2021-07-23,-5126000.0,2128622000.0,2084033750.0,720674000.0,1407948000.0,2.233,50.038,-231567000.0,225658000.0,225658000.0,3832954000.0,169733000.0,2.029,0.529,0.0,0.0,0.0,0.0,0.0,179096000.0,0.0,0.0,0.0,258090000.0,437186000.0,0.094,437186000.0,258090000.0,258090000.0,6.07,6.05,6.07,1392007000.0,1376905750.0,1392007000.0,11757381115.0,46.0,26.893,288439000.0,10.368,1.0,820137000.0,0.176,21939000.0,0.0,1525864000.0,1523364250.0,20851000.0,348269000.0,348269000.0,0.0,736615000.0,355161000.0,381454000.0,11989219115.0,51545000.0,0.0,-278957000.0,0.0,0.0,-283932000.0,-184740000.0,46827000.0,520006000.0,211000.0,169733000.0,169733000.0,169733000.0,0.0,0.0,0.036,568476000.0,251661000.0,95597000.0,0.0,8.613,70.636,71.066,1333949000.0,0.0,431.37,2.577,2.579,23702000.0,2503394000.0,4653091000.0,4653091000.0,0.0,0.081,0.123,0.169,0.055,52054000.0,319088000.0,1.0,27793354.0,27819000.0,27935000.0,167.263,2106683000.0,32334000.0,88357000.0,17845000.0,75.728,365513000.0
13,CMG,MRT,2018-03-31,2018-03-31,2018-03-31,2021-07-23,-3628000.0,2097444000.0,2069016000.0,630439000.0,1467005000.0,2.202,48.871,-217213000.0,231838000.0,231838000.0,3765082000.0,189579000.0,1.716,0.538,0.0,0.0,0.0,0.0,0.0,170984000.0,0.0,0.0,0.0,295584000.0,466568000.0,0.102,466568000.0,295584000.0,295584000.0,6.71,6.69,6.71,1364045000.0,1391453000.0,1364045000.0,8839981186.0,30.0,18.947,301529000.0,10.803,1.0,790898000.0,0.174,21939000.0,0.0,1476347000.0,1542820750.0,17404000.0,348139000.0,298764000.0,49375000.0,733399000.0,367320000.0,366079000.0,9024550186.0,110427000.0,0.0,-294721000.0,0.0,0.0,-299411000.0,-110763000.0,106450000.0,518742000.0,1859000.0,189579000.0,189579000.0,189579000.0,0.0,0.0,0.042,500469000.0,290429000.0,99001000.0,0.0,6.616,47.603,48.154,1343717000.0,0.0,323.11,1.981,1.979,26691000.0,2456510000.0,4555980000.0,4555980000.0,0.0,0.092,0.136,0.192,0.065,60896000.0,304010000.0,1.0,27930272.0,27911000.0,27950000.0,163.232,2075505000.0,0.0,106005000.0,15191000.0,74.362,263119000.0
14,CMG,MRT,2017-12-31,2017-12-31,2017-12-31,2021-07-23,-3659000.0,2045692000.0,2060220500.0,629535000.0,1416157000.0,2.173,47.89,-216777000.0,214170000.0,214170000.0,3720196000.0,176253000.0,1.944,0.499,0.0,0.0,0.0,0.0,63645000.0,163348000.0,0.0,0.0,0.0,275743000.0,439091000.0,0.098,439091000.0,275743000.0,275743000.0,6.19,6.17,6.19,1364445000.0,1402372250.0,1364445000.0,8046681735.0,29.0,18.326,251439000.0,8.825,1.0,756216000.0,0.169,21939000.0,0.0,1485690000.0,1576630750.0,19860000.0,324382000.0,324382000.0,0.0,681247000.0,323893000.0,357354000.0,8160161735.0,97800000.0,0.0,-285192000.0,0.0,0.0,-285894000.0,-86578000.0,130199000.0,468216000.0,2056000.0,176253000.0,176253000.0,176253000.0,0.0,0.0,0.039,485422000.0,270794000.0,82028000.0,0.0,5.981,46.298,46.693,1338366000.0,0.0,289.03,1.823,1.84,40453000.0,2397064000.0,4476412000.0,4476412000.0,0.0,0.086,0.126,0.175,0.062,65255000.0,296388000.0,1.0,28232923.0,28491000.0,28561000.0,157.117,2023753000.0,9353000.0,99490000.0,814000.0,71.031,305642000.0
15,CMG,MRT,2017-09-30,2017-09-30,2017-09-30,2021-07-23,-3645000.0,2064377000.0,2055323250.0,655936000.0,1408441000.0,2.141,48.817,-232096000.0,113480000.0,113480000.0,3670080000.0,148435000.0,2.028,0.488,0.0,0.0,0.0,0.0,0.0,159978000.0,0.0,0.0,0.0,245415000.0,405393000.0,0.092,405393000.0,245415000.0,245415000.0,5.16,5.15,5.16,1387126000.0,1411884250.0,1387126000.0,8601666709.0,35.0,21.218,221299000.0,7.788,1.0,730792000.0,0.166,21939000.0,0.0,1605556000.0,1613831000.0,21634000.0,434877000.0,434877000.0,0.0,677251000.0,323402000.0,353849000.0,8776803709.0,-34257000.0,0.0,-273006000.0,0.0,0.0,-276415000.0,-212180000.0,19916000.0,453395000.0,943000.0,148435000.0,148435000.0,148435000.0,0.0,0.0,0.034,489477000.0,241315000.0,86705000.0,0.0,6.327,59.129,59.657,1331786000.0,0.0,307.83,1.994,1.988,23870000.0,2353271000.0,4400872000.0,4400872000.0,0.0,0.072,0.105,0.152,0.056,72261000.0,303767000.0,1.0,28511853.0,28415000.0,28439000.0,154.878,2042438000.0,12986000.0,96980000.0,7577000.0,71.879,332534000.0
16,CMG,MRT,2017-06-30,2017-06-30,2017-06-30,2021-07-23,-5591000.0,2068551000.0,2055987250.0,663965000.0,1404586000.0,2.096,50.619,-245845000.0,175137000.0,175137000.0,3613430000.0,136624000.0,2.479,0.426,0.0,0.0,0.0,0.0,0.0,155866000.0,0.0,0.0,0.0,223671000.0,379537000.0,0.088,379537000.0,223671000.0,223671000.0,4.74,4.73,4.74,1450196000.0,1425357750.0,1450196000.0,11804274199.0,53.0,31.102,173278000.0,6.048,1.0,696350000.0,0.162,21939000.0,0.0,1603690000.0,1615308750.0,19126000.0,394466000.0,394466000.0,0.0,618355000.0,267785000.0,350570000.0,11926687199.0,-8859000.0,0.0,-239182000.0,0.0,0.0,-242059000.0,-185767000.0,60078000.0,419123000.0,-156000.0,136624000.0,136624000.0,136624000.0,0.0,0.0,0.032,476176000.0,220174000.0,80976000.0,0.0,8.224,87.296,87.785,1328280000.0,0.0,416.1,2.767,2.766,24940000.0,2333661000.0,4309780000.0,4309780000.0,0.0,0.066,0.096,0.138,0.052,72956000.0,282990000.0,1.0,28663031.0,28649000.0,28800000.0,150.434,2046612000.0,0.0,87047000.0,16195000.0,71.437,396180000.0
17,CMG,MRT,2017-03-31,2017-03-31,2017-03-31,2021-07-23,-7669000.0,2062262000.0,2064299500.0,663964000.0,1398298000.0,2.005,48.964,-253009000.0,122413000.0,122413000.0,3507759000.0,95490000.0,2.168,0.465,0.0,0.0,0.0,0.0,0.0,150859000.0,0.0,0.0,0.0,157578000.0,308437000.0,0.075,308437000.0,157578000.0,157578000.0,3.29,3.28,3.29,1407722000.0,1434319500.0,1407722000.0,12730991222.0,81.0,41.276,191062000.0,6.646,1.0,630995000.0,0.152,21939000.0,0.0,1611587000.0,1617729500.0,18319000.0,454627000.0,454627000.0,0.0,654540000.0,306323000.0,348217000.0,12818871222.0,-122463000.0,0.0,-310707000.0,0.0,0.0,-312282000.0,-253009000.0,0.0,444071000.0,-1243000.0,95490000.0,95490000.0,95490000.0,0.0,0.0,0.023,476651000.0,154344000.0,83840000.0,0.0,9.106,134.243,135.416,1322622000.0,0.0,445.52,3.097,3.095,21582000.0,2266931000.0,4138754000.0,4138754000.0,0.0,0.046,0.067,0.097,0.038,70797000.0,283671000.0,1.0,28772830.0,28750000.0,28850000.0,143.957,2040323000.0,0.0,62088000.0,40380000.0,70.968,357641000.0
18,CMG,MRT,2016-12-31,2016-12-31,2016-12-31,2021-07-23,-8162000.0,2026103000.0,2083939000.0,522374000.0,1503729000.0,1.874,47.924,-258842000.0,87880000.0,87880000.0,3406170000.0,22938000.0,1.854,0.445,0.0,0.0,0.0,0.0,0.0,146368000.0,0.0,0.0,0.0,38739000.0,185107000.0,0.047,185107000.0,38739000.0,38739000.0,0.78,0.77,0.78,1402493000.0,1467452500.0,1402493000.0,10768969806.0,278.0,58.177,96318000.0,3.291,1.0,498214000.0,0.128,21939000.0,0.0,1634491000.0,1613861000.0,15019000.0,454891000.0,329836000.0,125055000.0,623610000.0,281793000.0,341817000.0,10923097806.0,-154207000.0,0.0,-835388000.0,0.0,0.0,-836283000.0,326806000.0,585648000.0,355160000.0,110000.0,22938000.0,22938000.0,22938000.0,0.0,0.0,0.006,463647000.0,34567000.0,78363000.0,0.0,7.788,476.201,483.744,1303558000.0,0.0,377.32,2.798,2.828,40451000.0,2220811000.0,3904384000.0,3904384000.0,0.0,0.011,0.016,0.024,0.01,64166000.0,276240000.0,1.0,28949162.0,29265000.0,29770000.0,133.415,2004164000.0,5108000.0,15801000.0,18944000.0,68.483,240581000.0
19,CMG,MRT,2016-09-30,2016-09-30,2016-09-30,2021-07-23,-5446000.0,2067033000.0,2258679750.0,468897000.0,1598136000.0,1.712,49.583,-267830000.0,154128000.0,154128000.0,3313233000.0,74837000.0,1.678,0.434,0.0,0.0,0.0,0.0,0.0,142436000.0,0.0,0.0,0.0,113009000.0,255445000.0,0.066,255445000.0,113009000.0,113009000.0,2.47,2.44,2.47,1441020000.0,1648822750.0,1441020000.0,12140574100.0,107.0,47.527,107995000.0,3.716,1.0,554098000.0,0.143,21939000.0,0.0,1611467000.0,1749033250.0,18382000.0,455680000.0,205021000.0,250659000.0,626013000.0,279499000.0,346514000.0,12330534100.0,-450034000.0,0.0,-1084866000.0,0.0,0.0,-1083398000.0,257475000.0,525305000.0,375825000.0,64000.0,74837000.0,74837000.0,74837000.0,0.0,0.0,0.019,446468000.0,107630000.0,74682000.0,0.0,8.557,164.765,171.457,1278672000.0,0.0,423.5,3.188,3.183,22103000.0,2204836000.0,3867331000.0,3867331000.0,0.0,0.033,0.045,0.065,0.029,45106000.0,258046000.0,1.0,29115783.0,29063000.0,29171000.0,133.067,2045094000.0,24013000.0,38172000.0,33862000.0,70.368,189398000.0
20,CMG,MRT,2016-06-30,2016-06-30,2016-06-30,2021-07-23,-4707000.0,2101800000.0,2478902000.0,387707000.0,1714093000.0,1.633,50.88,-269735000.0,189960000.0,189960000.0,3295340000.0,211921000.0,1.402,0.414,0.0,0.0,0.0,0.0,0.0,138147000.0,0.0,0.0,0.0,338888000.0,477035000.0,0.118,477035000.0,338888000.0,338888000.0,6.85,6.76,6.85,1486043000.0,1888939750.0,1486043000.0,11510355697.0,34.0,24.129,192116000.0,6.578,1.0,751899000.0,0.186,21939000.0,0.0,1613373000.0,1865560750.0,16966000.0,456548000.0,80184000.0,376364000.0,615757000.0,276528000.0,339229000.0,11761160697.0,-397725000.0,0.0,-1044409000.0,0.0,0.0,-1026043000.0,167098000.0,436833000.0,461851000.0,-631000.0,211921000.0,211921000.0,211921000.0,0.0,0.0,0.052,419236000.0,332663000.0,75255000.0,0.0,7.914,55.498,58.797,1269335000.0,0.0,402.76,2.906,2.907,23208000.0,2197037000.0,4047239000.0,4047239000.0,0.0,0.085,0.112,0.182,0.084,30854000.0,249707000.0,1.0,29201412.0,29207000.0,29340000.0,138.571,2079861000.0,25211000.0,126967000.0,37614000.0,71.211,111179000.0
21,CMG,MRT,2016-03-31,2016-03-31,2016-03-31,2021-07-23,-4451000.0,2140820000.0,2655008000.0,374740000.0,1766080000.0,1.599,51.526,-260976000.0,250805000.0,250805000.0,3314661000.0,326529000.0,1.378,0.39,0.0,0.0,0.0,0.0,0.0,134513000.0,0.0,0.0,0.0,526365000.0,660878000.0,0.156,660878000.0,526365000.0,526365000.0,10.48,10.34,10.48,1540254000.0,2080356500.0,1540254000.0,13901935422.0,26.0,21.036,241300000.0,8.072,1.0,931978000.0,0.219,21939000.0,0.0,1596113000.0,1946113500.0,16885000.0,455679000.0,0.0,455679000.0,600566000.0,271963000.0,328603000.0,14149940422.0,-292152000.0,0.0,-1021326000.0,0.0,0.0,-957031000.0,162064000.0,423040000.0,502276000.0,539000.0,326529000.0,326529000.0,326529000.0,0.0,0.0,0.077,412794000.0,519184000.0,76606000.0,0.0,9.187,43.334,44.94,1241602000.0,0.0,470.97,3.332,3.315,23692000.0,2171441000.0,4246639000.0,4246639000.0,0.0,0.123,0.157,0.27,0.124,-12865000.0,249163000.0,1.0,30044250.0,29893000.0,29893000.0,142.061,2118881000.0,35041000.0,199836000.0,35735000.0,70.882,102777000.0
22,CMG,MRT,2015-12-31,2015-12-31,2015-12-31,2021-07-23,-8273000.0,2725066000.0,2795732750.0,814647000.0,1910419000.0,1.61,68.441,-257418000.0,248005000.0,248005000.0,3326936000.0,475602000.0,2.91,0.281,0.0,0.0,0.0,0.0,0.0,130368000.0,0.0,0.0,0.0,769867000.0,900235000.0,0.2,900235000.0,769867000.0,769867000.0,15.3,15.1,15.3,2127974000.0,2228876500.0,2127974000.0,14361161315.0,19.0,15.953,425898000.0,13.698,1.0,1174287000.0,0.261,21939000.0,0.0,2175180000.0,2012510750.0,15043000.0,1038138000.0,415199000.0,622939000.0,597092000.0,279942000.0,317150000.0,14965323315.0,-171460000.0,0.0,-460882000.0,0.0,0.0,-386440000.0,-464140000.0,-206722000.0,683316000.0,-4196000.0,475602000.0,475602000.0,475602000.0,0.0,0.0,0.106,410698000.0,763589000.0,85709000.0,0.0,7.033,31.466,31.363,1217220000.0,0.0,479.85,3.325,3.315,38283000.0,2197873000.0,4501223000.0,4501223000.0,0.0,0.17,0.213,0.383,0.171,-16531000.0,250214000.0,1.0,31187503.0,31092000.0,31494000.0,144.771,2703127000.0,58152000.0,294265000.0,32305000.0,86.94,534705000.0
23,CMG,MRT,2015-09-30,2015-09-30,2015-09-30,2021-07-23,-5128000.0,2947922000.0,2746295500.0,1073233000.0,1874689000.0,1.665,77.003,-274030000.0,604162000.0,604162000.0,3309922000.0,528962000.0,4.394,0.228,0.0,0.0,0.0,0.0,0.0,125978000.0,0.0,0.0,0.0,853216000.0,979194000.0,0.214,979194000.0,853216000.0,853216000.0,17.02,16.76,17.02,2401488000.0,2199975250.0,2401488000.0,21842178444.0,26.0,22.306,446844000.0,14.328,1.0,1263605000.0,0.276,21939000.0,0.0,2077577000.0,1928766500.0,17524000.0,980679000.0,355581000.0,625098000.0,546434000.0,244244000.0,302190000.0,22429863444.0,161544000.0,0.0,-172277000.0,0.0,0.0,-88719000.0,-467281000.0,-193251000.0,720874000.0,-3330000.0,528962000.0,528962000.0,528962000.0,0.0,0.0,0.116,415757000.0,847848000.0,77250000.0,0.0,9.34,42.404,42.318,1180957000.0,0.0,720.25,4.904,4.911,24157000.0,2129999000.0,4573527000.0,4573527000.0,0.0,0.193,0.24,0.442,0.187,-9548000.0,264268000.0,1.0,31141775.0,31187000.0,31548000.0,146.649,2925983000.0,34049000.0,324254000.0,29602000.0,93.821,828989000.0
24,CMG,MRT,2015-06-30,2015-06-30,2015-06-30,2021-07-23,-3410000.0,2806224000.0,2618578250.0,989231000.0,1816993000.0,1.696,72.356,-264145000.0,587685000.0,587685000.0,3209743000.0,514880000.0,3.79,0.246,0.0,0.0,0.0,0.0,0.0,120794000.0,0.0,0.0,0.0,825160000.0,945954000.0,0.213,945954000.0,825160000.0,825160000.0,16.59,16.32,16.59,2251710000.0,2073044250.0,2251710000.0,18240074967.0,22.0,19.282,458621000.0,14.737,1.0,1231116000.0,0.277,21939000.0,0.0,1935584000.0,1836249750.0,16529000.0,892312000.0,291545000.0,600767000.0,554514000.0,261016000.0,293498000.0,18783031967.0,117635000.0,0.0,-154554000.0,0.0,0.0,-84345000.0,-518275000.0,-254130000.0,722766000.0,-2511000.0,514880000.0,514880000.0,514880000.0,0.0,0.0,0.116,410591000.0,820525000.0,81453000.0,0.0,8.342,36.48,36.467,1147059000.0,0.0,604.99,4.23,4.24,25711000.0,1985116000.0,4440859000.0,4440859000.0,0.0,0.197,0.248,0.449,0.186,3559000.0,265374000.0,1.0,31046847.0,31120000.0,31526000.0,142.701,2784285000.0,28075000.0,310280000.0,28761000.0,89.469,728215000.0
25,CMG,MRT,2015-03-31,2015-03-31,2015-03-31,2021-07-23,-5141000.0,2703719000.0,2486417750.0,984695000.0,1719024000.0,1.727,68.77,-264723000.0,542957000.0,542957000.0,3110433000.0,484946000.0,3.553,0.267,0.0,0.0,0.0,0.0,0.0,115363000.0,0.0,0.0,0.0,776988000.0,892351000.0,0.208,892351000.0,776988000.0,776988000.0,15.63,15.37,15.63,2134334000.0,1948375250.0,2134334000.0,19761794402.0,25.0,22.146,480285000.0,15.475,1.0,1182716000.0,0.275,21939000.0,0.0,1861702000.0,1738368000.0,16052000.0,878659000.0,347577000.0,531082000.0,569385000.0,277121000.0,292264000.0,20181259402.0,131365000.0,0.0,-98980000.0,0.0,0.0,-75441000.0,-534809000.0,-270086000.0,745008000.0,-3393000.0,484946000.0,484946000.0,484946000.0,0.0,0.0,0.113,409765000.0,772951000.0,76066000.0,0.0,9.456,41.615,41.621,1119469000.0,0.0,650.54,4.701,4.703,21480000.0,1844912000.0,4293149000.0,4293149000.0,0.0,0.195,0.249,0.447,0.181,62528000.0,270041000.0,1.0,31022319.0,31036000.0,31592000.0,138.328,2681780000.0,19377000.0,292042000.0,83392000.0,86.409,707574000.0
26,CMG,MRT,2014-12-31,2014-12-31,2014-12-31,2021-07-23,-429000.0,2527317000.0,2349408000.0,859511000.0,1667806000.0,1.749,64.836,-252590000.0,419465000.0,419465000.0,2990513000.0,445374000.0,3.498,0.256,0.0,0.0,0.0,0.0,0.0,110474000.0,0.0,0.0,0.0,714303000.0,824777000.0,0.201,824777000.0,714303000.0,714303000.0,14.35,14.13,14.35,2012369000.0,1826050000.0,2012369000.0,20785859950.0,29.0,25.202,429477000.0,13.837,1.0,1117756000.0,0.272,21939000.0,0.0,1840203000.0,1646669250.0,15332000.0,834698000.0,338592000.0,496106000.0,514948000.0,245710000.0,269238000.0,21228477950.0,96262000.0,0.0,-88404000.0,0.0,0.0,-66737000.0,-518844000.0,-266254000.0,682067000.0,-224000.0,445374000.0,445374000.0,445374000.0,0.0,0.0,0.108,406956000.0,710800000.0,69613000.0,0.0,10.549,47.664,47.701,1106984000.0,0.0,684.51,5.167,5.171,34839000.0,1722271000.0,4108269000.0,4108269000.0,0.0,0.19,0.244,0.434,0.174,74773000.0,273897000.0,1.0,31012663.0,31038000.0,31512000.0,132.363,2505378000.0,16488000.0,268929000.0,21561000.0,80.72,613801000.0
27,CMG,MRT,2014-09-30,2014-09-30,2014-09-30,2021-07-23,579000.0,2437053000.0,2219898750.0,873870000.0,1563183000.0,1.749,61.05,-223661000.0,442618000.0,442618000.0,2833464000.0,403762000.0,3.298,0.287,0.0,0.0,0.0,0.0,0.0,105627000.0,0.0,0.0,0.0,655040000.0,760667000.0,0.196,760667000.0,655040000.0,655040000.0,13.01,12.83,13.01,1893764000.0,1707529750.0,1893764000.0,20204652802.0,31.0,26.562,466160000.0,15.028,1.0,1049141000.0,0.27,21939000.0,0.0,1707510000.0,1552846000.0,15885000.0,787940000.0,346991000.0,440949000.0,543289000.0,264986000.0,278303000.0,20674702802.0,134542000.0,0.0,-104549000.0,0.0,0.0,-71078000.0,-484253000.0,-260592000.0,689821000.0,52000.0,403762000.0,403762000.0,403762000.0,0.0,0.0,0.104,397109000.0,652032000.0,88398000.0,0.0,10.917,51.205,51.237,1052684000.0,0.0,666.59,5.325,5.326,18949000.0,1601037000.0,3882605000.0,3882605000.0,0.0,0.182,0.236,0.422,0.169,61535000.0,268812000.0,1.0,31015621.0,31020000.0,31547000.0,125.165,2415114000.0,15795000.0,251278000.0,63626000.0,77.857,608884000.0
28,CMG,MRT,2014-06-30,2014-06-30,2014-06-30,2021-07-23,1968000.0,2277582000.0,2088493500.0,892099000.0,1385483000.0,1.736,56.46,-222636000.0,470050000.0,470050000.0,2666646000.0,356340000.0,3.693,0.299,0.0,0.0,0.0,0.0,0.0,102284000.0,0.0,0.0,0.0,584738000.0,687022000.0,0.19,687022000.0,584738000.0,584738000.0,11.49,11.34,11.49,1753034000.0,1600524250.0,1753034000.0,18005402848.0,31.0,26.208,398822000.0,12.845,1.0,958644000.0,0.264,21939000.0,0.0,1544057000.0,1476398250.0,15522000.0,638688000.0,334580000.0,304108000.0,524548000.0,241536000.0,283012000.0,18416994848.0,188418000.0,0.0,-108012000.0,0.0,0.0,-64559000.0,-369409000.0,-146773000.0,621458000.0,928000.0,356340000.0,356340000.0,356340000.0,0.0,0.0,0.098,376894000.0,581750000.0,77648000.0,0.0,10.506,51.684,51.567,1011916000.0,0.0,592.51,5.08,5.075,20242000.0,1470236000.0,3625290000.0,3625290000.0,0.0,0.171,0.223,0.396,0.161,47081000.0,250366000.0,1.0,31083011.0,31049000.0,31474000.0,116.76,2255643000.0,14739000.0,228398000.0,58705000.0,72.648,650563000.0
29,CMG,MRT,2014-03-31,2014-03-31,2014-03-31,2021-07-23,1489000.0,2155680000.0,1971330750.0,790791000.0,1364889000.0,1.721,52.961,-210661000.0,411592000.0,411592000.0,2494471000.0,333923000.0,3.48,0.31,0.0,0.0,0.0,0.0,0.0,98872000.0,0.0,0.0,0.0,550500000.0,649372000.0,0.191,649372000.0,550500000.0,550500000.0,10.78,10.66,10.78,1645033000.0,1504126500.0,1645033000.0,17300075632.0,31.0,26.641,372647000.0,11.997,1.0,897532000.0,0.265,21939000.0,0.0,1494907000.0,1421047250.0,15202000.0,609004000.0,295403000.0,313601000.0,510647000.0,227242000.0,283405000.0,17623278632.0,64662000.0,0.0,-100557000.0,0.0,0.0,-55212000.0,-464234000.0,-253573000.0,583308000.0,800000.0,333923000.0,333923000.0,333923000.0,0.0,0.0,0.098,349206000.0,548326000.0,66729000.0,0.0,10.713,52.776,52.695,983047000.0,0.0,568.05,5.196,5.202,16582000.0,1359966000.0,3392003000.0,3392003000.0,0.0,0.169,0.222,0.387,0.162,30164000.0,226439000.0,1.0,31024168.0,31061000.0,31486000.0,109.205,2133741000.0,13799000.0,216577000.0,93054000.0,68.695,563549000.0
30,CMG,MRT,2013-12-31,2013-12-31,2013-12-31,2021-07-23,1620000.0,2009280000.0,1860578250.0,666307000.0,1342973000.0,1.728,49.691,-199926000.0,323203000.0,323203000.0,2359822000.0,327438000.0,3.344,0.306,0.0,0.0,0.0,0.0,0.0,96054000.0,0.0,0.0,0.0,534471000.0,630525000.0,0.196,630525000.0,534471000.0,534471000.0,10.58,10.47,10.58,1538288000.0,1414891000.0,1538288000.0,16178481432.0,30.0,25.659,328854000.0,10.623,1.0,854769000.0,0.266,21939000.0,0.0,1464910000.0,1337741750.0,13044000.0,568834000.0,254971000.0,313863000.0,470992000.0,199228000.0,271764000.0,16486557432.0,650000.0,0.0,-138730000.0,0.0,0.0,-100351000.0,-428315000.0,-228389000.0,528780000.0,536000.0,327438000.0,327438000.0,327438000.0,0.0,0.0,0.102,322049000.0,532720000.0,59022000.0,0.0,10.717,50.35,50.357,963238000.0,0.0,532.78,5.129,5.131,24016000.0,1276897000.0,3214591000.0,3214591000.0,0.0,0.176,0.231,0.4,0.166,25278000.0,203733000.0,1.0,30944400.0,30957000.0,31281000.0,103.841,1987341000.0,16869000.0,207033000.0,55434000.0,64.197,467079000.0
31,CMG,MRT,2013-09-30,2013-09-30,2013-09-30,2021-07-23,1398000.0,1911432000.0,1775425000.0,603782000.0,1307650000.0,1.729,47.44,-196197000.0,308076000.0,308076000.0,2259280000.0,309169000.0,3.36,0.304,0.0,0.0,0.0,0.0,0.0,93292000.0,0.0,0.0,0.0,507627000.0,600919000.0,0.196,600919000.0,507627000.0,507627000.0,9.97,9.88,9.97,1465742000.0,1341800500.0,1465742000.0,12955317641.0,26.0,21.559,318544000.0,10.31,1.0,810325000.0,0.264,21939000.0,0.0,1401719000.0,1255845000.0,12509000.0,527797000.0,224097000.0,303700000.0,445690000.0,179698000.0,265992000.0,13236949641.0,-113073000.0,0.0,-232087000.0,0.0,0.0,-215475000.0,-412968000.0,-216771000.0,514741000.0,629000.0,309169000.0,309169000.0,309169000.0,0.0,0.0,0.101,304521000.0,505804000.0,70267000.0,0.0,9.031,42.815,43.009,936023000.0,0.0,428.804,4.312,4.316,14575000.0,1197275000.0,3069605000.0,3069605000.0,0.0,0.174,0.23,0.404,0.165,46318000.0,191063000.0,1.0,30869464.0,30897000.0,31296000.0,99.35,1889493000.0,9829000.0,198458000.0,57747000.0,61.155,424084000.0
32,CMG,MRT,2013-06-30,2013-06-30,2013-06-30,2021-07-23,-113000.0,1808931000.0,1724118250.0,555010000.0,1253921000.0,1.707,44.252,-186835000.0,281632000.0,281632000.0,2162606000.0,298090000.0,3.038,0.323,0.0,0.0,0.0,0.0,0.0,90036000.0,0.0,0.0,0.0,487918000.0,577954000.0,0.196,577954000.0,487918000.0,487918000.0,9.55,9.49,9.55,1367443000.0,1302269000.0,1367443000.0,10915354033.0,22.0,18.886,330006000.0,10.679,1.0,780620000.0,0.265,21939000.0,0.0,1322653000.0,1181361250.0,11270000.0,492448000.0,202164000.0,290284000.0,441488000.0,182707000.0,258781000.0,11262284033.0,-123165000.0,0.0,-258379000.0,0.0,0.0,-254314000.0,-386074000.0,-199239000.0,516841000.0,382000.0,298090000.0,298090000.0,298090000.0,0.0,0.0,0.101,294307000.0,486313000.0,63305000.0,0.0,8.236,37.781,38.152,895819000.0,0.0,364.35,3.827,3.825,14961000.0,1113896000.0,2943226000.0,2943226000.0,0.0,0.173,0.229,0.413,0.166,57123000.0,186943000.0,1.0,30910619.0,30901000.0,31176000.0,95.247,1786992000.0,10045000.0,189828000.0,61289000.0,57.83,372303000.0
33,CMG,MRT,2013-03-31,2013-03-31,2013-03-31,2021-07-23,-80000.0,1712670000.0,1683987750.0,575514000.0,1137156000.0,1.673,41.535,-191668000.0,346930000.0,346930000.0,2060955000.0,291920000.0,3.16,0.33,0.0,0.0,0.0,0.0,0.0,86982000.0,0.0,0.0,0.0,475337000.0,562319000.0,0.2,562319000.0,475337000.0,475337000.0,9.29,9.23,9.29,1288091000.0,1275714500.0,1288091000.0,9789835716.0,21.0,17.41,324169000.0,10.453,1.0,756417000.0,0.268,21939000.0,0.0,1161685000.0,1118589000.0,11431000.0,356093000.0,160573000.0,195520000.0,424579000.0,182116000.0,242463000.0,10112388716.0,-23261000.0,0.0,-240779000.0,0.0,0.0,-233939000.0,-304846000.0,-113178000.0,515837000.0,-313000.0,291920000.0,291920000.0,291920000.0,0.0,0.0,0.104,282732000.0,473685000.0,56629000.0,0.0,7.851,34.641,35.078,875597000.0,0.0,325.87,3.589,3.587,15475000.0,1026043000.0,2817372000.0,2817372000.0,0.0,0.173,0.229,0.425,0.169,52736000.0,178286000.0,1.0,31031972.0,31012000.0,31229000.0,90.848,1690731000.0,9382000.0,183417000.0,78815000.0,54.519,393398000.0
34,CMG,MRT,2012-12-31,2012-12-31,2012-12-31,2021-07-23,1024000.0,1668667000.0,1637712250.0,546607000.0,1122060000.0,1.668,39.537,-197037000.0,322553000.0,322553000.0,1990884000.0,278000000.0,2.925,0.339,0.0,0.0,0.0,0.0,0.0,84130000.0,0.0,0.0,0.0,457685000.0,541815000.0,0.198,541815000.0,457685000.0,457685000.0,8.82,8.75,8.82,1245926000.0,1246140500.0,1245926000.0,8947669603.0,20.0,16.514,222926000.0,7.074,1.0,740340000.0,0.271,21939000.0,0.0,1137323000.0,1080890500.0,11096000.0,341174000.0,150306000.0,190868000.0,422741000.0,186852000.0,235889000.0,9368818603.0,-78690000.0,0.0,-216744000.0,0.0,0.0,-143534000.0,-355499000.0,-158462000.0,419963000.0,380000.0,278000000.0,278000000.0,278000000.0,0.0,0.0,0.102,284475000.0,455865000.0,58700000.0,0.0,7.52,33.701,33.726,866703000.0,0.0,297.46,3.43,3.432,16800000.0,949459000.0,2731224000.0,2731224000.0,0.0,0.17,0.223,0.423,0.168,-8934000.0,183409000.0,1.0,31496062.0,31513000.0,31783000.0,86.67,1646728000.0,18474000.0,179685000.0,48947000.0,52.256,359755000.0
35,CMG,MRT,2012-09-30,2012-09-30,2012-09-30,2021-07-23,782000.0,1706205000.0,1576872500.0,656679000.0,1049526000.0,1.667,41.324,-195785000.0,421149000.0,421149000.0,1904572000.0,274120000.0,4.121,0.305,0.0,0.0,0.0,0.0,0.0,81187000.0,0.0,0.0,0.0,449317000.0,530504000.0,0.202,530504000.0,449317000.0,449317000.0,8.7,8.6,8.7,1307616000.0,1195715500.0,1307616000.0,9655920622.0,21.0,18.201,218379000.0,6.901,1.0,724240000.0,0.276,21939000.0,0.0,1103784000.0,1007728000.0,9964000.0,311753000.0,152742000.0,159011000.0,398589000.0,159333000.0,239256000.0,10060717622.0,11274000.0,0.0,-103971000.0,89000.0,0.0,-29222000.0,-373445000.0,-177660000.0,414164000.0,-223000.0,274120000.0,274120000.0,274120000.0,0.0,0.0,0.104,276695000.0,447545000.0,65094000.0,0.0,7.694,36.702,36.499,835654000.0,0.0,317.54,3.827,3.822,14566000.0,888106000.0,2628812000.0,2628812000.0,0.0,0.174,0.229,0.446,0.171,-13866000.0,178223000.0,1.0,31683308.0,31643000.0,31846000.0,83.077,1684266000.0,33592000.0,175197000.0,59742000.0,53.227,497346000.0
36,CMG,MRT,2012-06-30,2012-06-30,2012-06-30,2021-07-23,-178000.0,1648409000.0,1486164500.0,620442000.0,1027967000.0,1.696,39.791,-183798000.0,404797000.0,404797000.0,1829969000.0,262253000.0,4.133,0.307,0.0,0.0,0.0,0.0,0.0,78566000.0,0.0,0.0,0.0,429565000.0,508131000.0,0.202,508131000.0,429565000.0,429565000.0,8.35,8.23,8.35,1261225000.0,1118671750.0,1261225000.0,11675534448.0,27.0,22.977,223457000.0,7.05,1.0,690169000.0,0.274,21939000.0,0.0,1071564000.0,927561000.0,10504000.0,293913000.0,124736000.0,169177000.0,387184000.0,150109000.0,237075000.0,12045725448.0,54996000.0,0.0,-80337000.0,58000.0,0.0,2301000.0,-353458000.0,-169660000.0,407255000.0,-1102000.0,262253000.0,262253000.0,262253000.0,0.0,0.0,0.104,262277000.0,427892000.0,55960000.0,0.0,9.551,45.932,45.503,804655000.0,0.0,379.95,4.78,4.779,10351000.0,815806000.0,2520138000.0,2520138000.0,0.0,0.176,0.234,0.463,0.17,-25684000.0,166871000.0,1.0,31703449.0,31696000.0,31951000.0,79.51,1626470000.0,41756000.0,167312000.0,63794000.0,51.315,470333000.0
37,CMG,MRT,2012-03-31,2012-03-31,2012-03-31,2021-07-23,880000.0,1527568000.0,1389957500.0,551487000.0,976081000.0,1.727,37.243,-166573000.0,370191000.0,370191000.0,1764688000.0,231227000.0,4.428,0.306,0.0,0.0,0.0,0.0,0.0,76528000.0,0.0,0.0,0.0,377255000.0,453783000.0,0.189,453783000.0,377255000.0,377255000.0,7.4,7.26,7.4,1169795000.0,1038131000.0,1169795000.0,12666466534.0,34.0,27.913,205594000.0,6.545,1.0,636079000.0,0.265,21939000.0,0.0,1010891000.0,853276250.0,10017000.0,243552000.0,94480000.0,149072000.0,357773000.0,124547000.0,233226000.0,13067709534.0,87252000.0,0.0,-76713000.0,29000.0,0.0,21641000.0,-306340000.0,-139767000.0,372167000.0,-216000.0,231227000.0,231227000.0,231227000.0,0.0,0.0,0.096,258114000.0,377965000.0,49154000.0,0.0,11.171,56.515,56.486,773116000.0,0.0,418.0,5.443,5.469,9087000.0,734123000.0,2400767000.0,2400767000.0,0.0,0.166,0.223,0.442,0.157,-45779000.0,166544000.0,1.0,31262463.0,31410000.0,31846000.0,76.433,1505629000.0,41553000.0,146028000.0,66606000.0,47.935,426940000.0
38,CMG,MRT,2011-12-31,2011-12-31,2011-12-31,2021-07-23,197000.0,1425308000.0,1297579250.0,501192000.0,924116000.0,1.749,33.451,-151147000.0,401243000.0,401243000.0,1680321000.0,214945000.0,3.183,0.365,0.0,0.0,0.0,0.0,0.0,74938000.0,0.0,0.0,0.0,349705000.0,424643000.0,0.187,424643000.0,349705000.0,349705000.0,6.89,6.76,6.89,1044226000.0,961368750.0,1044226000.0,10160184646.0,29.0,23.926,259949000.0,8.327,1.0,589227000.0,0.26,21939000.0,0.0,844673000.0,789011750.0,8913000.0,183246000.0,55005000.0,128241000.0,381082000.0,157453000.0,223629000.0,10570059646.0,176405000.0,0.0,-62934000.0,0.0,0.0,-24268000.0,-210218000.0,-59071000.0,411096000.0,-205000.0,214945000.0,214945000.0,214945000.0,0.0,0.0,0.095,238665000.0,350562000.0,46382000.0,0.0,10.122,49.176,49.019,751951000.0,0.0,337.74,4.657,4.646,8389000.0,671459000.0,2269548000.0,2269548000.0,0.0,0.166,0.224,0.443,0.154,2596000.0,149426000.0,1.0,31296440.0,31217000.0,31775000.0,72.702,1403369000.0,6238000.0,134760000.0,68622000.0,44.955,343739000.0
39,CMG,MRT,2011-09-30,2011-09-30,2011-09-30,2021-07-23,690000.0,1343373000.0,1221653500.0,487729000.0,855644000.0,1.764,31.899,-134903000.0,409875000.0,409875000.0,1596640000.0,203917000.0,3.797,0.344,0.0,0.0,0.0,0.0,0.0,73555000.0,0.0,0.0,0.0,329548000.0,403103000.0,0.187,403103000.0,329548000.0,329726000.0,6.54,6.41,6.54,999441000.0,903030500.0,999441000.0,9146388812.0,28.0,22.69,248961000.0,7.946,1.0,558680000.0,0.259,21939000.0,-178000.0,783116000.0,765787000.0,8768000.0,134477000.0,34759000.0,99718000.0,343932000.0,128443000.0,215489000.0,9496189812.0,198879000.0,0.0,-50042000.0,-117000.0,0.0,-3037000.0,-181850000.0,-46947000.0,383864000.0,-98000.0,203917000.0,203917000.0,203917000.0,0.0,0.0,0.095,227994000.0,330686000.0,49011000.0,0.0,9.502,46.569,46.323,719346000.0,0.0,302.95,4.406,4.404,5765000.0,613986000.0,2155320000.0,2155320000.0,0.0,0.167,0.226,0.43,0.153,-10966000.0,140171000.0,1.0,31345733.0,31331000.0,31832000.0,68.792,1321434000.0,5883000.0,125809000.0,66516000.0,42.177,359286000.0
40,CMG,MRT,2011-06-30,2011-06-30,2011-06-30,2021-07-23,1331000.0,1263581000.0,1143903000.0,441712000.0,821869000.0,1.784,30.13,-129243000.0,349801000.0,349801000.0,1507512000.0,191712000.0,3.762,0.346,0.0,0.0,0.0,0.0,0.0,72133000.0,0.0,0.0,0.0,309069000.0,381202000.0,0.187,381202000.0,309069000.0,309233000.0,6.16,6.03,6.16,939062000.0,843427500.0,939062000.0,9307686632.0,30.0,24.417,205708000.0,6.6,1.0,532828000.0,0.261,21939000.0,-164000.0,774425000.0,744008750.0,8447000.0,124471000.0,34759000.0,89712000.0,324519000.0,117416000.0,207103000.0,9590625632.0,147759000.0,0.0,-77855000.0,-111000.0,0.0,-37107000.0,-151190000.0,-21947000.0,334951000.0,1105000.0,191712000.0,191712000.0,191712000.0,0.0,0.0,0.094,222568000.0,310260000.0,40258000.0,0.0,10.213,50.026,50.031,695609000.0,0.0,308.19,4.701,4.708,6179000.0,553553000.0,2040340000.0,2040340000.0,0.0,0.168,0.227,0.415,0.151,-9189000.0,136439000.0,1.0,31119198.0,31167000.0,31761000.0,65.465,1241642000.0,11247000.0,117521000.0,60023000.0,39.838,324296000.0
41,CMG,MRT,2011-03-31,2011-03-31,2011-03-31,2021-07-23,1224000.0,1158055000.0,1080288250.0,377160000.0,780895000.0,1.792,27.757,-119950000.0,282939000.0,282939000.0,1424722000.0,187516000.0,3.797,0.342,0.0,0.0,0.0,0.0,0.0,70681000.0,0.0,0.0,0.0,302598000.0,373279000.0,0.193,373279000.0,302598000.0,302677000.0,6.01,5.9,6.01,862746000.0,796165500.0,862746000.0,8228878832.0,27.0,22.045,177679000.0,5.716,1.0,510898000.0,0.264,21939000.0,-79000.0,753833000.0,721544250.0,8738000.0,104456000.0,45000000.0,59456000.0,295309000.0,99344000.0,195965000.0,8453716832.0,89937000.0,0.0,-108096000.0,-103000.0,0.0,-87274000.0,-121302000.0,-1352000.0,297629000.0,884000.0,187516000.0,187516000.0,187516000.0,0.0,0.0,0.097,209542000.0,301356000.0,35929000.0,0.0,9.799,45.083,45.319,683392000.0,0.0,272.37,4.367,4.374,7623000.0,502896000.0,1935620000.0,1935620000.0,0.0,0.174,0.236,0.419,0.156,4692000.0,124612000.0,1.0,31037621.0,31082000.0,31717000.0,62.275,1136116000.0,12542000.0,115161000.0,53608000.0,36.552,277816000.0
42,CMG,MRT,2010-12-31,2010-12-31,2010-12-31,2021-07-23,606000.0,1121605000.0,1038967500.0,406221000.0,715384000.0,1.767,25.961,-113215000.0,224838000.0,224838000.0,1346517000.0,178981000.0,3.301,0.383,0.0,0.0,0.0,0.0,0.0,68921000.0,0.0,0.0,0.0,289061000.0,357982000.0,0.195,357982000.0,289061000.0,289061000.0,5.73,5.64,5.73,810873000.0,764073750.0,810873000.0,6369855316.0,22.0,17.794,175976000.0,5.634,1.0,489405000.0,0.267,21939000.0,0.0,751774000.0,702475750.0,7098000.0,124766000.0,124766000.0,0.0,310732000.0,123054000.0,187678000.0,6580851316.0,5272000.0,0.0,-108952000.0,-96000.0,0.0,-94522000.0,-189881000.0,-76666000.0,289191000.0,484000.0,178981000.0,178981000.0,178981000.0,0.0,0.0,0.097,201574000.0,287831000.0,33705000.0,0.0,8.116,36.768,37.113,676881000.0,0.0,212.66,3.584,3.618,5658000.0,456514000.0,1835922000.0,1835922000.0,0.0,0.172,0.234,0.411,0.157,6855000.0,118590000.0,1.0,30945412.0,31234000.0,31735000.0,58.78,1099666000.0,27845000.0,110080000.0,50525000.0,35.207,283167000.0
43,CMG,MRT,2010-09-30,2010-09-30,2010-09-30,2021-07-23,864000.0,1032371000.0,998942500.0,345399000.0,686972000.0,1.743,24.525,-108095000.0,210996000.0,210996000.0,1281670000.0,164132000.0,3.339,0.357,0.0,0.0,0.0,0.0,0.0,67046000.0,0.0,0.0,0.0,265623000.0,332669000.0,0.191,332669000.0,265623000.0,265373000.0,5.23,5.16,5.23,761029000.0,737220750.0,761029000.0,5148503212.0,19.0,15.476,169681000.0,5.468,1.0,459275000.0,0.264,21939000.0,250000.0,696003000.0,668994000.0,7175000.0,90000000.0,90000000.0,0.0,271342000.0,103433000.0,167909000.0,5350545212.0,-27450000.0,0.0,-113886000.0,-89000.0,0.0,-107910000.0,-198095000.0,-90000000.0,277776000.0,779000.0,164132000.0,164132000.0,164132000.0,0.0,0.0,0.094,195051000.0,264224000.0,35641000.0,0.0,7.031,32.599,32.887,658423000.0,0.0,172.0,3.073,3.066,4446000.0,410069000.0,1740945000.0,1740945000.0,0.0,0.164,0.223,0.397,0.153,5037000.0,114935000.0,1.0,31107821.0,31031000.0,31629000.0,56.103,1010432000.0,13849000.0,101241000.0,36448000.0,32.562,241966000.0
44,CMG,MRT,2010-06-30,2010-06-30,2010-06-30,2021-07-23,-80000.0,1009122000.0,970804500.0,339348000.0,669774000.0,1.701,23.906,-107042000.0,202042000.0,202042000.0,1225362000.0,150368000.0,3.374,0.345,0.0,0.0,0.0,0.0,0.0,65178000.0,0.0,0.0,0.0,242585000.0,307763000.0,0.186,307763000.0,242585000.0,242275000.0,4.77,4.72,4.77,750014000.0,717384000.0,750014000.0,4111269757.0,17.0,13.359,167925000.0,5.353,1.0,426290000.0,0.258,21939000.0,310000.0,684567000.0,638067750.0,6358000.0,105000000.0,105000000.0,0.0,259108000.0,100574000.0,158534000.0,4304271757.0,-6257000.0,0.0,-76076000.0,-85000.0,0.0,-69182000.0,-212042000.0,-105000000.0,274967000.0,0.0,150368000.0,150368000.0,150368000.0,0.0,0.0,0.091,184841000.0,241449000.0,30211000.0,0.0,5.739,28.625,28.681,641600000.0,0.0,136.81,2.606,2.599,3787000.0,361841000.0,1651652000.0,1651652000.0,0.0,0.155,0.21,0.38,0.147,5195000.0,105968000.0,1.0,31461675.0,31373000.0,31802000.0,52.646,987183000.0,3759000.0,91907000.0,35502000.0,31.466,238774000.0
45,CMG,MRT,2010-03-31,2010-03-31,2010-03-31,2021-07-23,-130000.0,992772000.0,936858750.0,327050000.0,665722000.0,1.68,23.326,-109757000.0,193002000.0,193002000.0,1171518000.0,139300000.0,3.262,0.352,0.0,0.0,0.0,0.0,0.0,63322000.0,0.0,0.0,0.0,224814000.0,288136000.0,0.183,288136000.0,224814000.0,224403000.0,4.4,4.36,4.4,734379000.0,692145500.0,734379000.0,3336193966.0,15.0,11.579,147772000.0,4.694,1.0,402129000.0,0.256,21939000.0,411000.0,677559000.0,607465750.0,6314000.0,105000000.0,105000000.0,0.0,258393000.0,100272000.0,158121000.0,3555759966.0,-11932000.0,0.0,-66726000.0,-84000.0,0.0,-54704000.0,-214757000.0,-105000000.0,257529000.0,0.0,139300000.0,139300000.0,139300000.0,0.0,0.0,0.089,178317000.0,223812000.0,26139000.0,0.0,4.842,25.526,25.607,637569000.0,0.0,112.67,2.26,2.254,3514000.0,315380000.0,1573647000.0,1573647000.0,0.0,0.149,0.201,0.37,0.143,3571000.0,101624000.0,1.0,31559066.0,31483000.0,31814000.0,49.984,970833000.0,3526000.0,85103000.0,57052000.0,30.837,226778000.0
46,CMG,MRT,2009-12-31,2009-12-31,2009-12-31,2021-07-23,29000.0,961505000.0,902315500.0,297454000.0,664051000.0,1.683,22.145,-117198000.0,219566000.0,219566000.0,1139898000.0,126845000.0,2.912,0.367,0.0,0.0,0.0,0.0,0.0,61308000.0,0.0,0.0,0.0,204630000.0,265938000.0,0.175,265938000.0,204630000.0,204225000.0,3.99,3.95,3.99,703461000.0,666687250.0,703461000.0,2555656575.0,12.0,9.61,143475000.0,4.517,1.0,378519000.0,0.249,21939000.0,405000.0,617847000.0,572853500.0,5614000.0,50000000.0,50000000.0,0.0,258044000.0,102153000.0,155891000.0,2794102575.0,131522000.0,0.0,-72296000.0,-82000.0,0.0,-61943000.0,-67208000.0,49990000.0,260673000.0,0.0,126845000.0,126845000.0,126845000.0,0.0,0.0,0.084,174814000.0,203705000.0,25230000.0,0.0,3.972,22.028,22.095,636411000.0,0.0,88.16,1.84,1.844,4763000.0,277533000.0,1518417000.0,1518417000.0,0.0,0.141,0.19,0.357,0.135,4557000.0,99149000.0,1.0,31693541.0,31766000.0,32102000.0,47.8,939566000.0,3134000.0,77380000.0,43070000.0,29.578,195301000.0
47,CMG,MRT,2009-09-30,2009-09-30,2009-09-30,2021-07-23,-21000.0,919819000.0,868185500.0,269142000.0,650677000.0,1.7,21.555,-122373000.0,238446000.0,238446000.0,1119813000.0,112222000.0,3.089,0.349,0.0,0.0,0.0,0.0,0.0,59492000.0,0.0,0.0,0.0,182087000.0,241579000.0,0.164,241579000.0,182087000.0,181679000.0,3.52,3.48,3.52,681682000.0,646469500.0,681682000.0,2862366300.0,16.0,11.849,104565000.0,3.306,1.0,356404000.0,0.241,21939000.0,408000.0,572298000.0,577945250.0,5858000.0,0.0,0.0,0.0,238137000.0,87136000.0,151001000.0,3070665300.0,26263000.0,0.0,-88557000.0,-81000.0,0.0,-78302000.0,-122373000.0,0.0,226938000.0,0.0,112222000.0,112222000.0,112222000.0,0.0,0.0,0.076,175210000.0,181194000.0,32555000.0,0.0,4.505,27.362,27.571,622026000.0,0.0,97.05,2.08,2.079,3133000.0,245937000.0,1476217000.0,1476217000.0,0.0,0.129,0.174,0.315,0.123,14029000.0,98337000.0,1.0,31640034.0,31625000.0,31949000.0,46.679,897880000.0,8347000.0,69457000.0,41058000.0,28.391,182006000.0
48,CMG,MRT,2009-06-30,2009-06-30,2009-06-30,2021-07-23,-25000.0,873339000.0,846210500.0,239297000.0,634042000.0,1.689,20.375,-132644000.0,208299000.0,208299000.0,1098934000.0,97235000.0,2.956,0.346,0.0,0.0,0.0,0.0,0.0,57810000.0,0.0,0.0,0.0,159135000.0,216945000.0,0.152,216945000.0,159135000.0,158723000.0,3.02,2.99,3.02,649060000.0,634224500.0,649060000.0,2342970800.0,15.0,10.8,84886000.0,2.665,1.0,330245000.0,0.231,21939000.0,412000.0,562159000.0,564070750.0,5715000.0,0.0,0.0,0.0,224279000.0,80942000.0,143337000.0,2547904800.0,12682000.0,0.0,-79141000.0,-79000.0,0.0,-72204000.0,-132644000.0,0.0,217530000.0,0.0,97235000.0,97235000.0,97235000.0,0.0,0.0,0.068,172802000.0,157443000.0,24666000.0,0.0,3.926,26.204,26.49,605631000.0,0.0,80.0,1.783,1.783,3217000.0,211473000.0,1429179000.0,1429179000.0,0.0,0.115,0.153,0.282,0.111,14010000.0,96427000.0,1.0,31848810.0,31856000.0,32195000.0,44.864,851400000.0,9033000.0,61488000.0,38832000.0,26.727,158355000.0
49,CMG,MRT,2009-03-31,2009-03-31,2009-03-31,2021-07-23,-212000.0,854599000.0,824564750.0,230445000.0,624154000.0,1.675,19.765,-147002000.0,204934000.0,204934000.0,1075602000.0,86310000.0,2.6,0.351,0.0,0.0,0.0,0.0,0.0,55320000.0,0.0,0.0,0.0,140759000.0,196079000.0,0.142,196079000.0,140759000.0,140458000.0,2.65,2.63,2.65,632546000.0,624218750.0,632546000.0,2042985268.0,15.0,10.419,66269000.0,2.071,1.0,305495000.0,0.221,21939000.0,301000.0,539110000.0,548007250.0,5766000.0,0.0,0.0,0.0,222053000.0,88616000.0,133437000.0,2131029268.0,17772000.0,0.0,-49333000.0,-78000.0,0.0,-48497000.0,-147002000.0,0.0,213271000.0,0.0,86310000.0,86310000.0,86310000.0,0.0,0.0,0.062,167060000.0,138435000.0,22662000.0,0.0,3.369,24.69,25.049,595951000.0,0.0,66.38,1.543,1.538,3375000.0,176080000.0,1381097000.0,1381097000.0,0.0,0.105,0.138,0.257,0.102,12617000.0,91314000.0,1.0,32103484.0,32003000.0,32362000.0,43.155,832660000.0,2709000.0,54148000.0,42883000.0,26.018,141829000.0
50,CMG,MRT,2008-12-31,2008-12-31,2008-12-31,2021-07-23,-193000.0,824985000.0,798898000.0,211072000.0,613913000.0,1.667,19.001,-152101000.0,88044000.0,88044000.0,1045041000.0,78202000.0,2.749,0.325,0.0,0.0,0.0,0.0,0.0,52770000.0,0.0,0.0,0.0,127508000.0,180278000.0,0.135,180278000.0,127508000.0,127206000.0,2.39,2.36,2.39,622590000.0,611402500.0,622590000.0,1832269322.0,14.0,10.164,46406000.0,1.416,1.0,286927000.0,0.215,21939000.0,302000.0,638214000.0,529954000.0,4789000.0,99990000.0,99990000.0,0.0,202395000.0,76788000.0,125607000.0,2044452322.0,-63132000.0,0.0,-29756000.0,-76000.0,0.0,-29548000.0,-232091000.0,-79990000.0,198507000.0,0.0,78202000.0,78202000.0,78202000.0,0.0,0.0,0.059,162888000.0,124039000.0,23890000.0,0.0,3.284,26.143,25.933,585899000.0,0.0,61.98,1.535,1.525,3643000.0,150688000.0,1331968000.0,1331968000.0,0.0,0.098,0.128,0.241,0.096,11090000.0,89155000.0,1.0,32985678.0,32766000.0,33146000.0,40.651,803046000.0,2842000.0,49004000.0,29863000.0,24.509,134284000.0
51,CMG,MRT,2008-09-30,2008-09-30,2008-09-30,2021-07-23,-21000.0,831919000.0,773180500.0,239976000.0,591943000.0,1.65,19.253,-152369000.0,212183000.0,212183000.0,997615000.0,78767000.0,2.963,0.315,0.0,0.0,0.0,0.0,0.0,50334000.0,0.0,0.0,0.0,128318000.0,178652000.0,0.14,178652000.0,128318000.0,128018000.0,2.39,2.38,2.39,632702000.0,596282500.0,632702000.0,1634325450.0,13.0,9.148,39643000.0,1.206,1.0,277919000.0,0.218,21939000.0,300000.0,516800000.0,489325250.0,5485000.0,0.0,0.0,0.0,199217000.0,80997000.0,118220000.0,1829942450.0,44526000.0,0.0,1789000.0,-74000.0,0.0,4883000.0,-152369000.0,0.0,192012000.0,0.0,78767000.0,78767000.0,78767000.0,0.0,0.0,0.062,154298000.0,123621000.0,29249000.0,0.0,2.892,23.232,23.218,566033000.0,0.0,55.49,1.435,1.43,4582000.0,133715000.0,1275534000.0,1275534000.0,0.0,0.102,0.132,0.262,0.101,10204000.0,85530000.0,1.0,32977878.0,32862000.0,33170000.0,38.815,809980000.0,5645000.0,49251000.0,29720000.0,24.648,158979000.0
52,CMG,MRT,2008-06-30,2008-06-30,2008-06-30,2021-07-23,0.0,786756000.0,736042500.0,220338000.0,566418000.0,1.659,18.537,-149095000.0,195617000.0,195617000.0,950262000.0,79894000.0,3.091,0.292,0.0,0.0,0.0,0.0,0.0,47732000.0,0.0,0.0,0.0,129322000.0,177054000.0,0.145,177054000.0,129322000.0,129026000.0,2.43,2.41,2.43,609037000.0,572298750.0,609037000.0,2537525388.0,20.0,14.332,31428000.0,0.957,1.0,271160000.0,0.222,21939000.0,296000.0,497905000.0,466004000.0,5151000.0,0.0,0.0,0.0,177719000.0,71295000.0,106424000.0,2724687388.0,39400000.0,0.0,2879000.0,-74000.0,0.0,7972000.0,-149095000.0,0.0,180523000.0,0.0,79894000.0,79894000.0,79894000.0,0.0,0.0,0.065,147201000.0,123959000.0,25565000.0,0.0,4.474,34.104,34.0,539340000.0,0.0,82.62,2.231,2.222,5374000.0,114238000.0,1221422000.0,1221422000.0,0.0,0.109,0.14,0.278,0.106,8540000.0,82164000.0,1.0,32978545.0,32856000.0,33284000.0,37.175,764817000.0,2773000.0,49132000.0,25820000.0,23.278,149043000.0
53,CMG,MRT,2008-03-31,2008-03-31,2008-03-31,2021-07-23,0.0,751932000.0,700811750.0,210676000.0,541256000.0,1.648,17.718,-140680000.0,187162000.0,187162000.0,896552000.0,75407000.0,2.774,0.294,0.0,0.0,0.0,0.0,0.0,45601000.0,0.0,0.0,0.0,122295000.0,167896000.0,0.145,167896000.0,122295000.0,122000000.0,2.3,2.27,2.3,581281000.0,547697250.0,581281000.0,3589580359.0,29.0,21.38,23743000.0,0.724,1.0,258462000.0,0.224,21939000.0,295000.0,466897000.0,443398500.0,4583000.0,0.0,0.0,0.0,170651000.0,75934000.0,94717000.0,3740756359.0,28260000.0,-5106000.0,3509000.0,-6472000.0,0.0,9623000.0,-145786000.0,0.0,164423000.0,0.0,75407000.0,75407000.0,75407000.0,0.0,0.0,0.065,142135000.0,116327000.0,25682000.0,0.0,6.435,49.608,49.317,515247000.0,0.0,113.43,3.239,3.222,3879000.0,89770000.0,1155014000.0,1155014000.0,0.0,0.108,0.138,0.276,0.106,8078000.0,79589000.0,1.0,32978545.0,32808000.0,33330000.0,35.205,729993000.0,3872000.0,46593000.0,19217000.0,22.25,134742000.0
54,CMG,MRT,2007-12-31,2007-12-31,2007-12-31,2021-07-23,0.0,722115000.0,669389000.0,201844000.0,520271000.0,1.622,17.205,-140545000.0,151176000.0,151176000.0,843213000.0,70563000.0,2.754,0.285,0.0,0.0,0.0,0.0,0.0,43595000.0,0.0,0.0,0.0,114298000.0,157893000.0,0.145,157893000.0,114298000.0,114002000.0,2.16,2.13,2.16,562110000.0,523917250.0,562110000.0,4671896513.0,41.0,29.589,6378000.0,0.195,1.0,242569000.0,0.223,21939000.0,296000.0,475699000.0,421943000.0,4332000.0,20000000.0,20000000.0,0.0,160005000.0,73301000.0,86704000.0,4839553513.0,-2466000.0,-5668000.0,3863000.0,-71000.0,0.0,16824000.0,-166213000.0,-20000000.0,146923000.0,0.0,70563000.0,70563000.0,70563000.0,0.0,0.0,0.065,134386000.0,108183000.0,19880000.0,0.0,8.61,68.585,68.088,494930000.0,0.0,147.07,4.457,4.425,5373000.0,72486000.0,1085782000.0,1085782000.0,0.0,0.105,0.135,0.271,0.105,7801000.0,75038000.0,1.0,32906463.0,32672000.0,33146000.0,33.233,700176000.0,11966000.0,43439000.0,16483000.0,21.43,128543000.0
55,CMG,MRT,2007-09-30,2007-09-30,2007-09-30,2021-07-23,7000.0,683367000.0,639912250.0,188649000.0,494718000.0,1.589,16.412,-132999000.0,167657000.0,167657000.0,793252000.0,63866000.0,2.685,0.273,0.0,0.0,0.0,0.0,0.0,41172000.0,0.0,0.0,0.0,102807000.0,143979000.0,0.142,143979000.0,102807000.0,102510000.0,1.95,1.93,1.95,536767000.0,501879000.0,536767000.0,3722601278.0,36.0,25.855,2682000.0,0.082,1.0,223339000.0,0.22,21939000.0,297000.0,423515000.0,395925000.0,4404000.0,48000.0,48000.0,0.0,146600000.0,70256000.0,76344000.0,3878818278.0,10092000.0,-5668000.0,2707000.0,-72000.0,0.0,13078000.0,-138667000.0,0.0,135681000.0,0.0,63866000.0,63866000.0,63866000.0,0.0,0.0,0.063,127116000.0,96223000.0,24958000.0,0.0,7.226,60.734,60.579,469295000.0,0.0,118.13,3.816,3.801,5869000.0,53397000.0,1016591000.0,1016591000.0,0.0,0.1,0.127,0.26,0.101,7519000.0,71048000.0,1.0,32835167.0,32706000.0,33171000.0,31.083,661428000.0,2038000.0,38644000.0,10513000.0,20.223,118393000.0
56,CMG,MRT,2007-06-30,2007-06-30,2007-06-30,2021-07-23,7000.0,645833000.0,612376500.0,176412000.0,469421000.0,1.537,15.643,-123023000.0,156217000.0,156217000.0,738646000.0,55064000.0,2.931,0.265,0.0,0.0,0.0,0.0,0.0,38681000.0,0.0,0.0,0.0,89682000.0,128363000.0,0.136,128363000.0,89682000.0,89391000.0,1.68,1.67,1.68,510631000.0,481228750.0,510631000.0,2637431758.0,29.0,20.547,-2457000.0,-0.075,1.0,202774000.0,0.215,21939000.0,291000.0,407483000.0,375513500.0,4418000.0,48000.0,48000.0,0.0,135202000.0,60194000.0,75008000.0,2796333758.0,14173000.0,-5668000.0,2393000.0,568000.0,0.0,22298000.0,-128691000.0,0.0,120566000.0,0.0,55064000.0,55064000.0,55064000.0,0.0,0.0,0.058,120094000.0,82680000.0,19923000.0,0.0,5.476,50.783,50.762,444259000.0,0.0,85.28,2.97,2.957,6270000.0,32793000.0,941420000.0,941420000.0,0.0,0.09,0.114,0.239,0.095,6217000.0,67492000.0,1.0,32790030.0,32642000.0,33065000.0,28.841,623894000.0,1512000.0,34327000.0,17311000.0,19.113,116218000.0
57,CMG,MRT,2007-03-31,2007-03-31,2007-03-31,2021-07-23,7000.0,626241000.0,584681500.0,177444000.0,448797000.0,1.491,14.932,-115220000.0,158902000.0,158902000.0,688573000.0,45875000.0,2.66,0.288,0.0,0.0,0.0,0.0,0.0,36414000.0,0.0,0.0,0.0,74962000.0,111376000.0,0.128,111376000.0,74962000.0,74680000.0,1.4,1.4,1.4,486161000.0,460984250.0,486161000.0,1873697266.0,25.0,16.823,-4070000.0,-0.125,1.0,183437000.0,0.21,19556000.0,282000.0,381075000.0,356482000.0,4142000.0,0.0,0.0,0.0,140080000.0,66708000.0,73372000.0,2027339266.0,25438000.0,-562000.0,2267000.0,6971000.0,0.0,30070000.0,-115782000.0,0.0,111150000.0,0.0,45875000.0,45875000.0,45875000.0,0.0,0.0,0.053,115569000.0,67868000.0,19651000.0,0.0,4.17,44.193,44.357,426048000.0,0.0,62.1,2.325,2.319,5380000.0,12812000.0,872010000.0,872010000.0,0.0,0.078,0.1,0.21,0.086,5241000.0,67026000.0,1.0,32646365.0,32558000.0,32953000.0,26.783,606685000.0,1228000.0,28805000.0,25049000.0,18.634,110736000.0
58,CMG,MRT,2006-12-31,2006-12-31,2006-12-31,2021-07-23,7000.0,604208000.0,556518250.0,178837000.0,425371000.0,1.479,14.788,-97312000.0,153642000.0,153642000.0,650681000.0,41423000.0,2.922,0.275,0.0,0.0,0.0,0.0,0.0,34253000.0,0.0,0.0,0.0,68526000.0,102779000.0,0.125,102779000.0,68526000.0,68255000.0,1.29,1.28,1.29,473957000.0,441414000.0,473957000.0,1702166305.0,25.0,16.561,6285000.0,0.196,1.0,172249000.0,0.209,17738000.0,271000.0,371627000.0,340802750.0,3505000.0,0.0,0.0,0.0,130251000.0,61201000.0,69050000.0,1859731305.0,153581000.0,0.0,136085000.0,2822000.0,0.0,147296000.0,-97312000.0,0.0,103597000.0,0.0,41423000.0,41423000.0,41423000.0,0.0,0.0,0.05,110297000.0,61952000.0,19567000.0,0.0,3.924,44.896,44.186,404740000.0,0.0,57.0,2.26,2.22,13648000.0,2972000.0,822930000.0,822930000.0,0.0,0.074,0.094,0.201,0.083,5193000.0,65284000.0,1.0,32626865.0,32051000.0,32465000.0,25.676,586470000.0,930000.0,26832000.0,20203000.0,18.298,117636000.0
59,CMG,MRT,2006-09-30,2006-09-30,2006-09-30,2021-07-23,9000.0,573224000.0,503590000.0,172716000.0,400508000.0,1.542,13.975,-92213000.0,157565000.0,157565000.0,616776000.0,34844000.0,3.081,0.262,0.0,0.0,0.0,0.0,0.0,32622000.0,0.0,0.0,0.0,58811000.0,91433000.0,0.118,91433000.0,58811000.0,58487000.0,1.11,1.11,1.11,454166000.0,400263250.0,454166000.0,1470823998.0,25.0,16.086,6138000.0,0.189,1.0,159748000.0,0.206,17738000.0,324000.0,341869000.0,331074500.0,3393000.0,0.0,0.0,0.0,119058000.0,56052000.0,63006000.0,1612867998.0,155607000.0,0.0,135658000.0,-1606000.0,0.0,149469000.0,-92213000.0,0.0,98351000.0,0.0,34844000.0,34844000.0,34844000.0,0.0,0.0,0.045,105557000.0,54191000.0,18818000.0,0.0,3.551,46.288,44.748,379891000.0,0.0,49.67,2.077,2.079,3059000.0,-7869000.0,776524000.0,776524000.0,0.0,0.069,0.087,0.178,0.076,4421000.0,63385000.0,1.0,32471673.0,32499000.0,32885000.0,23.894,555486000.0,1664000.0,23643000.0,19495000.0,17.092,116664000.0
60,CMG,MRT,2006-06-30,2006-06-30,2006-06-30,2021-07-23,9000.0,535053000.0,,155060000.0,379993000.0,,13.236,-81509000.0,142044000.0,142044000.0,585553000.0,28125000.0,3.531,0.245,0.0,0.0,0.0,0.0,0.0,31152000.0,0.0,0.0,0.0,48442000.0,79594000.0,0.109,79594000.0,48442000.0,47938000.0,0.94,0.94,0.94,429653000.0,,429653000.0,1844402630.0,38.0,23.173,14084000.0,0.434,1.0,144381000.0,0.198,17738000.0,504000.0,331357000.0,,3040000.0,0.0,0.0,0.0,105400000.0,43914000.0,61486000.0,1977866630.0,135887000.0,0.0,134717000.0,-17297000.0,0.0,121803000.0,-81509000.0,0.0,95593000.0,0.0,28125000.0,28125000.0,28125000.0,0.0,0.0,0.039,98544000.0,45837000.0,12944000.0,0.0,4.603,70.324,64.84,359627000.0,0.0,60.95,2.71,2.711,1967000.0,-19671000.0,729934000.0,729934000.0,0.0,,,,0.066,4243000.0,59930000.0,1.0,32450642.0,32462000.0,32903000.0,22.486,517315000.0,1267000.0,19813000.0,22088000.0,15.936,111146000.0
61,CMG,MRT,2006-03-31,2006-03-31,2006-03-31,2021-07-23,9000.0,513588000.0,,147312000.0,366276000.0,,13.293,-78614000.0,133464000.0,133464000.0,550316000.0,43058000.0,3.346,0.259,0.0,0.0,0.0,0.0,0.0,29572000.0,0.0,0.0,0.0,40271000.0,69843000.0,0.103,69843000.0,40271000.0,39496000.0,1.59,1.59,1.59,407880000.0,,407880000.0,1802196886.0,45.0,25.804,11004000.0,0.359,1.0,130978000.0,0.192,17738000.0,775000.0,318358000.0,,3049000.0,0.0,0.0,0.0,105708000.0,44028000.0,61680000.0,1802257886.0,131291000.0,0.0,134172000.0,-9290000.0,0.0,120287000.0,-78614000.0,0.0,89618000.0,0.0,43058000.0,43058000.0,43058000.0,0.0,0.0,0.063,91690000.0,39288000.0,12518000.0,0.0,4.419,41.857,34.836,345790000.0,0.0,55.39,2.645,2.495,2773000.0,-30463000.0,681294000.0,681294000.0,0.0,,,,0.059,3323000.0,56013000.0,1.0,32537604.0,30683000.0,31078000.0,22.204,495850000.0,1047000.0,-3562000.0,24097000.0,16.16,103284000.0
62,CMG,MRT,2005-12-31,2005-12-31,2005-12-31,2021-07-23,9000.0,392495000.0,361074000.0,17824000.0,374671000.0,1.738,11.771,-83036000.0,61000.0,61000.0,511621000.0,37696000.0,0.425,0.269,0.0,0.0,0.0,0.0,0.0,28026000.0,0.0,,0.0,31030000.0,59056000.0,0.094,59056000.0,31030000.0,30240000.0,1.43,1.43,1.43,309354000.0,285960000.0,309354000.0,,,,-5605000.0,-0.213,1.0,116074000.0,0.185,17738000.0,790000.0,332714000.0,300756000.0,2625000.0,0.0,0.0,0.0,83141000.0,41982000.0,41159000.0,,61000.0,0.0,0.0,-1736000.0,0.0,5666000.0,-83036000.0,0.0,77431000.0,0.0,37696000.0,37696000.0,37696000.0,0.0,0.0,0.06,85080000.0,30994000.0,13188000.0,0.0,,,,340694000.0,0.0,,,,4181000.0,-38451000.0,627695000.0,627695000.0,0.0,0.104,0.132,0.103,0.049,2103000.0,51964000.0,1.0,32494619.0,26281000.0,26374000.0,23.884,374757000.0,15932000.0,-7456000.0,0.0,14.26,-24158000.0
63,CMG,MRT,2005-09-30,2005-09-30,2005-09-30,2021-07-23,,,,,,,,-76714000.0,,,479102000.0,29718000.0,,,,,,,,26387000.0,,,0.0,19566000.0,45953000.0,0.079,45953000.0,19566000.0,18903000.0,1.38,1.38,1.38,,,,,,,-15546000.0,-0.592,1.0,102748000.0,0.177,,663000.0,,,,,,,,,,,1958000.0,0.0,0.0,17504000.0,0.0,17504000.0,-76714000.0,0.0,61168000.0,0.0,29718000.0,29718000.0,29718000.0,0.0,0.0,0.051,83244000.0,19504000.0,,0.0,,,,,0.0,,,,,,581850000.0,581850000.0,0.0,,,,0.034,1686000.0,52859000.0,1.0,32494619.0,26281000.0,26344000.0,22.14,,,-10815000.0,,,
64,CMG,MRT,2005-06-30,2005-06-30,2005-06-30,2021-07-23,,,,,,,,,,,,,,,,,,,,,,,0.0,,,,,,,,,,,,,,,,,,1.0,,,,,,,,,,,,,,,,,,,,,,,,,,,,,,,,,,,,,,,,,,,,,,,,,,,,,,1.0,,26281000.0,,,,,,,,
65,CMG,MRT,2005-03-31,2005-03-31,2005-03-31,2021-07-23,,,,,,,,,,,,,,,,,,,,,,,0.0,,,,,,,,,,,,,,,,,,1.0,,,,,,,,,,,,,,,,,,,,,,,,,,,,,,,,,,,,,,,,,,,,,,,,,,,,,,1.0,,26281000.0,,,,,,,,
66,CMG,MRT,2004-12-31,2004-12-31,2004-12-31,2021-07-23,9000.0,329653000.0,,10332000.0,319321000.0,,10.315,-95615000.0,380000.0,380000.0,394106000.0,6126000.0,0.267,0.256,4431000.0,4431000.0,0.0,4431000.0,0.0,21802000.0,0.0,,0.0,6317000.0,28119000.0,0.06,28119000.0,6317000.0,6126000.0,0.24,0.24,0.24,262566000.0,,262566000.0,,,,-55943000.0,-2.198,1.0,76615000.0,0.163,26243000.0,191000.0,268798000.0,,2256000.0,0.0,0.0,0.0,67087000.0,38663000.0,28424000.0,,0.0,0.0,64923000.0,-8980000.0,0.0,55943000.0,-95615000.0,0.0,39672000.0,0.0,6126000.0,6126000.0,6126000.0,0.0,0.0,0.013,70509000.0,6106000.0,13494000.0,0.0,,,,289873000.0,0.0,,,,3222000.0,-76147000.0,470721000.0,470721000.0,0.0,,,,0.013,193000.0,44837000.0,1.0,,25454000.0,25520000.0,18.493,303410000.0,0.0,0.0,0.0,11.92,-28331000.0
67,CMG,MRT,2003-12-31,2003-12-31,2003-12-31,2021-07-23,,,,,,,,-86107000.0,,,268041000.0,-7714000.0,,,,,,,,15090000.0,,,0.0,-7686000.0,7404000.0,0.023,7404000.0,-7686000.0,-7714000.0,-0.34,-0.34,-0.34,,,,,,,-64038000.0,-2.861,1.0,47479000.0,0.15,,28000.0,,,,,,,,,,,0.0,0.0,37968000.0,26070000.0,0.0,64038000.0,-86107000.0,0.0,22069000.0,0.0,-7714000.0,-7714000.0,-7714000.0,0.0,0.0,-0.024,55414000.0,-7935000.0,,0.0,,,,,0.0,,,,,,315520000.0,315520000.0,0.0,,,,-0.024,0.0,34189000.0,1.0,,22384000.0,22384000.0,14.096,,,0.0,,,
68,CMG,MRT,2003-09-30,2003-09-30,2003-09-30,2021-07-23,0.0,249014000.0,,7833000.0,241181000.0,,,,497000.0,497000.0,,,0.205,0.3,12688000.0,12688000.0,0.0,12688000.0,0.0,,0.0,,,,,,,,,,,,191508000.0,,191508000.0,,,,,,1.0,,,26243000.0,,196696000.0,,1466000.0,0.0,0.0,0.0,57506000.0,38266000.0,19240000.0,,,,,,,,,,,,,,,,,,,,11557000.0,,,,,211877000.0,,,,,2605000.0,-82273000.0,,,,,,,,,,1.0,,,,,222771000.0,0.0,,0.0,,-30433000.0
69,CMG,MRT,2002-12-31,2002-12-31,2002-12-31,2021-07-23,,,,,,,,-48601000.0,,,182703000.0,-17289000.0,,,,,,,,11260000.0,,,0.0,-17188000.0,-5928000.0,-0.029,-5928000.0,-17188000.0,-17289000.0,-0.44,-0.44,-0.44,,,,,,,-42630000.0,-1.084,1.0,21942000.0,0.107,,101000.0,,,,,,,,,,,0.0,0.0,54846000.0,-12216000.0,0.0,42630000.0,-48601000.0,0.0,5971000.0,0.0,-17289000.0,-17289000.0,-17289000.0,0.0,0.0,-0.084,39574000.0,-17632000.0,,0.0,,,,,0.0,,,,,,204645000.0,204645000.0,0.0,,,,-0.084,0.0,25803000.0,1.0,,39324552.0,39324552.0,5.204,,,0.0,,,
