None,ticker,dimension,calendardate,datekey,reportperiod,lastupdated,accoci,assets,assetsavg,assetsc,assetsnc,assetturnover,bvps,capex,cashneq,cashnequsd,cor,consolinc,currentratio,de,debt,debtc,debtnc,debtusd,deferredrev,depamor,deposits,divyield,dps,ebit,ebitda,ebitdamargin,ebitdausd,ebitusd,ebt,eps,epsdil,epsusd,equity,equityavg,equityusd,ev,evebit,evebitda,fcf,fcfps,fxusd,gp,grossmargin,intangibles,intexp,invcap,invcapavg,inventory,investments,investmentsc,investmentsnc,liabilities,liabilitiesc,liabilitiesnc,marketcap,ncf,ncfbus,ncfcommon,ncfdebt,ncfdiv,ncff,ncfi,ncfinv,ncfo,ncfx,netinc,netinccmn,netinccmnusd,netincdis,netincnci,netmargin,opex,opinc,payables,payoutratio,pb,pe,pe1,ppnenet,prefdivis,price,ps,ps1,receivables,retearn,revenue,revenueusd,rnd,roa,roe,roic,ros,sbcomp,sgna,sharefactor,sharesbas,shareswa,shareswadil,sps,tangibles,taxassets,taxexp,taxliabilities,tbvps,workingcapital
0,CAT,MRY,2020-12-31,2020-12-31,2020-12-31,2021-09-07,-888000000.0,78324000000.0,76881250000.0,39464000000.0,38860000000.0,0.543,28.263,-1343000000.0,9352000000.0,9352000000.0,29671000000.0,3003000000.0,1.535,4.093,37163000000.0,11164000000.0,25999000000.0,37163000000.0,0.0,2432000000.0,1108000000.0,0.023,4.12,4518000000.0,6950000000.0,0.166,6950000000.0,4518000000.0,4004000000.0,5.51,5.46,5.51,15378000000.0,14597000000.0,15378000000.0,127694872672.0,28.0,18.373,4984000000.0,9.16,1.0,12077000000.0,0.289,7702000000.0,514000000.0,72716000000.0,72728500000.0,11402000000.0,0.0,0.0,0.0,62946000000.0,25717000000.0,37229000000.0,98883872672.0,1074000000.0,-86000000.0,-901000000.0,-610000000.0,-2243000000.0,-3755000000.0,-1485000000.0,10000000.0,6327000000.0,-13000000.0,2998000000.0,2998000000.0,2998000000.0,0.0,5000000.0,0.072,7524000000.0,4553000000.0,6128000000.0,0.748,6.43,32.983,33.034,12401000000.0,0.0,182.02,2.369,2.372,30187000000.0,35167000000.0,41748000000.0,41748000000.0,1415000000.0,0.039,0.205,0.062,0.108,0.0,4642000000.0,1.0,543258283.0,544100000.0,548600000.0,76.729,70622000000.0,1523000000.0,1006000000.0,0.0,129.796,13747000000.0
1,CAT,MRY,2019-12-31,2019-12-31,2019-12-31,2021-09-07,-1567000000.0,78453000000.0,78589750000.0,39193000000.0,39260000000.0,0.685,26.049,-1516000000.0,8284000000.0,8284000000.0,37384000000.0,6094000000.0,1.472,4.363,37657000000.0,11376000000.0,26281000000.0,37657000000.0,0.0,2577000000.0,1187000000.0,0.026,3.78,8260000000.0,10837000000.0,0.201,10837000000.0,8260000000.0,7839000000.0,10.85,10.74,10.85,14629000000.0,14994500000.0,14629000000.0,111616590592.0,14.0,10.3,5396000000.0,9.608,1.0,16416000000.0,0.305,7761000000.0,421000000.0,73444000000.0,72703750000.0,11266000000.0,0.0,0.0,0.0,63824000000.0,26621000000.0,37203000000.0,81616590592.0,402000000.0,-6000000.0,-3809000000.0,1406000000.0,-2132000000.0,-4538000000.0,-1928000000.0,-382000000.0,6912000000.0,-44000000.0,6093000000.0,6093000000.0,6093000000.0,0.0,1000000.0,0.113,8126000000.0,8290000000.0,5957000000.0,0.348,5.579,13.395,13.611,12904000000.0,0.0,147.68,1.517,1.542,31748000000.0,34437000000.0,53800000000.0,53800000000.0,1693000000.0,0.078,0.406,0.114,0.154,0.0,5162000000.0,1.0,552658387.0,561600000.0,567500000.0,95.798,70692000000.0,1411000000.0,1746000000.0,0.0,125.876,12572000000.0
2,CAT,MRY,2018-12-31,2018-12-31,2018-12-31,2021-09-07,-1684000000.0,78509000000.0,78429750000.0,38603000000.0,39906000000.0,0.698,23.808,-1980000000.0,7857000000.0,7857000000.0,37719000000.0,6148000000.0,1.368,4.576,36553000000.0,11553000000.0,25000000000.0,36553000000.0,0.0,2766000000.0,1243000000.0,0.026,3.28,8249000000.0,11015000000.0,0.201,11015000000.0,8249000000.0,7845000000.0,10.39,10.26,10.39,14080000000.0,15046000000.0,14080000000.0,102750859767.0,12.0,9.328,4578000000.0,7.741,1.0,17003000000.0,0.311,8114000000.0,404000000.0,70873000000.0,70505000000.0,11529000000.0,0.0,0.0,0.0,64429000000.0,28218000000.0,36211000000.0,74984859767.0,-430000000.0,-376000000.0,-3485000000.0,1840000000.0,-1951000000.0,-3650000000.0,-3212000000.0,-869000000.0,6558000000.0,-126000000.0,6147000000.0,6147000000.0,6147000000.0,0.0,1000000.0,0.112,8710000000.0,8293000000.0,7051000000.0,0.316,5.326,12.199,12.23,13574000000.0,0.0,127.07,1.37,1.373,31899000000.0,30427000000.0,54722000000.0,54722000000.0,1850000000.0,0.078,0.409,0.117,0.151,0.0,5478000000.0,1.0,590106711.0,591400000.0,599400000.0,92.53,70395000000.0,1439000000.0,1698000000.0,0.0,119.031,10385000000.0
3,CAT,MRY,2017-12-31,2017-12-31,2017-12-31,2021-09-07,-1192000000.0,76962000000.0,77895250000.0,36244000000.0,40718000000.0,0.584,23.261,-1172000000.0,8261000000.0,8261000000.0,31906000000.0,759000000.0,1.346,4.591,34878000000.0,11031000000.0,23847000000.0,34878000000.0,0.0,2877000000.0,1426000000.0,0.02,3.1,4624000000.0,7501000000.0,0.165,7501000000.0,4624000000.0,4093000000.0,1.27,1.26,1.27,13766000000.0,14300500000.0,13766000000.0,120082633852.0,26.0,16.009,4534000000.0,7.661,1.0,13556000000.0,0.298,8311000000.0,531000000.0,68337000000.0,69576250000.0,10018000000.0,0.0,0.0,0.0,63196000000.0,26931000000.0,36265000000.0,93749633852.0,1121000000.0,41000000.0,566000000.0,-2383000000.0,-1831000000.0,-3657000000.0,-966000000.0,76000000.0,5706000000.0,38000000.0,754000000.0,754000000.0,754000000.0,0.0,5000000.0,0.017,9096000000.0,4460000000.0,6487000000.0,2.441,6.81,124.336,124.079,14155000000.0,0.0,157.58,2.062,2.051,30725000000.0,26301000000.0,45462000000.0,45462000000.0,1842000000.0,0.01,0.053,0.066,0.102,0.0,4999000000.0,1.0,594933582.0,591800000.0,599300000.0,76.82,68651000000.0,1693000000.0,3339000000.0,0.0,116.004,9313000000.0
4,CAT,MRY,2016-12-31,2016-12-31,2016-12-31,2021-09-07,-2039000000.0,74704000000.0,76928250000.0,31967000000.0,42737000000.0,0.501,22.613,-2029000000.0,7168000000.0,7168000000.0,28640000000.0,-59000000.0,1.223,4.654,36783000000.0,13965000000.0,22818000000.0,36783000000.0,0.0,3034000000.0,1167000000.0,0.033,3.08,630000000.0,3664000000.0,0.095,3664000000.0,630000000.0,125000000.0,-0.11,-0.11,-0.11,13213000000.0,14941500000.0,13213000000.0,85256631533.0,135.0,23.269,3610000000.0,6.178,1.0,9897000000.0,0.257,8369000000.0,505000000.0,69818000000.0,72803500000.0,8614000000.0,0.0,0.0,0.0,61491000000.0,26132000000.0,35359000000.0,54259631533.0,688000000.0,-191000000.0,-23000000.0,-1313000000.0,-1799000000.0,-3143000000.0,-1780000000.0,460000000.0,5639000000.0,-28000000.0,-67000000.0,-67000000.0,-67000000.0,0.0,8000000.0,-0.002,8735000000.0,1162000000.0,4614000000.0,-28.0,4.107,-809.845,-843.091,15322000000.0,0.0,92.74,1.408,1.406,29088000000.0,27377000000.0,38537000000.0,38537000000.0,1853000000.0,-0.001,-0.004,0.009,0.016,0.0,4383000000.0,1.0,585072585.0,584300000.0,584300000.0,65.954,66335000000.0,2790000000.0,192000000.0,0.0,113.529,5835000000.0
5,CAT,MRY,2015-12-31,2015-12-31,2015-12-31,2021-09-07,-2035000000.0,78342000000.0,80510750000.0,33508000000.0,44834000000.0,0.584,24.918,-2501000000.0,6460000000.0,6460000000.0,34133000000.0,2523000000.0,1.277,4.285,38013000000.0,12844000000.0,25169000000.0,38013000000.0,0.0,3046000000.0,1146000000.0,0.043,2.94,3935000000.0,6981000000.0,0.148,6981000000.0,3935000000.0,3428000000.0,4.23,4.18,4.23,14809000000.0,16189750000.0,14809000000.0,71065609116.0,18.0,10.18,4198000000.0,7.064,1.0,12878000000.0,0.274,9436000000.0,507000000.0,74217000000.0,76234500000.0,9700000000.0,0.0,0.0,0.0,63457000000.0,26242000000.0,37215000000.0,39568609116.0,-881000000.0,-222000000.0,-1992000000.0,-138000000.0,-1757000000.0,-3894000000.0,-3517000000.0,-680000000.0,6699000000.0,-169000000.0,2512000000.0,2512000000.0,2512000000.0,0.0,11000000.0,0.053,9093000000.0,3785000000.0,5023000000.0,0.695,2.672,15.752,16.066,16090000000.0,0.0,67.96,0.842,0.859,30507000000.0,29246000000.0,47011000000.0,47011000000.0,2119000000.0,0.031,0.155,0.052,0.084,0.0,4951000000.0,1.0,582233801.0,594300000.0,601300000.0,79.103,68906000000.0,2489000000.0,916000000.0,0.0,115.945,7266000000.0
6,CAT,MRY,2014-12-31,2014-12-31,2014-12-31,2021-09-07,-6431000000.0,84681000000.0,85348250000.0,38867000000.0,45814000000.0,0.647,27.132,-2475000000.0,7341000000.0,7341000000.0,41342000000.0,2468000000.0,1.394,4.052,39285000000.0,11501000000.0,27784000000.0,39285000000.0,0.0,3163000000.0,1697000000.0,0.028,2.6,3628000000.0,6791000000.0,0.123,6791000000.0,3628000000.0,3144000000.0,3.97,3.9,3.97,16746000000.0,19182500000.0,16746000000.0,88612158937.0,24.0,13.048,5582000000.0,9.044,1.0,13842000000.0,0.251,9770000000.0,484000000.0,78978000000.0,79613500000.0,12205000000.0,257000000.0,0.0,257000000.0,67855000000.0,27877000000.0,39978000000.0,55412158937.0,1260000000.0,169000000.0,-3999000000.0,2444000000.0,-1620000000.0,-2996000000.0,-3627000000.0,-1275000000.0,8057000000.0,-174000000.0,2452000000.0,2452000000.0,2452000000.0,0.0,16000000.0,0.044,10528000000.0,3314000000.0,6515000000.0,0.655,3.309,22.599,23.055,16577000000.0,0.0,91.53,1.004,1.024,32772000000.0,33887000000.0,55184000000.0,55184000000.0,2380000000.0,0.029,0.128,0.046,0.066,0.0,6529000000.0,1.0,605398874.0,617200000.0,628900000.0,89.41,74911000000.0,3143000000.0,692000000.0,0.0,121.372,10990000000.0
7,CAT,MRY,2013-12-31,2013-12-31,2013-12-31,2021-09-07,-3898000000.0,84896000000.0,87071500000.0,38335000000.0,46561000000.0,0.639,32.255,-3602000000.0,6081000000.0,6081000000.0,41454000000.0,3803000000.0,1.404,3.076,37750000000.0,11031000000.0,26719000000.0,37750000000.0,0.0,3087000000.0,2360000000.0,0.019,1.72,5573000000.0,8660000000.0,0.156,8660000000.0,5573000000.0,5108000000.0,5.87,5.75,5.87,20811000000.0,18704000000.0,20811000000.0,90967487543.0,16.0,10.504,6589000000.0,10.212,1.0,14202000000.0,0.255,10552000000.0,465000000.0,78716000000.0,80810000000.0,12625000000.0,272000000.0,0.0,272000000.0,64018000000.0,27297000000.0,36721000000.0,57787487543.0,591000000.0,170000000.0,-1872000000.0,-1611000000.0,-1111000000.0,-4511000000.0,-5046000000.0,-1588000000.0,10191000000.0,-43000000.0,3789000000.0,3789000000.0,3789000000.0,0.0,14000000.0,0.068,8574000000.0,5628000000.0,6560000000.0,0.293,2.777,15.251,15.47,17075000000.0,0.0,90.81,1.038,1.053,33499000000.0,31854000000.0,55656000000.0,55656000000.0,2046000000.0,0.044,0.203,0.069,0.1,0.0,5547000000.0,1.0,636355991.0,645200000.0,658600000.0,86.262,74344000000.0,2147000000.0,1319000000.0,0.0,115.226,11038000000.0
8,CAT,MRY,2012-12-31,2012-12-31,2012-12-31,2021-09-07,-6433000000.0,88970000000.0,88064250000.0,42138000000.0,46832000000.0,0.748,26.865,-3959000000.0,5490000000.0,5490000000.0,47852000000.0,5722000000.0,1.433,4.072,40143000000.0,12391000000.0,27752000000.0,40143000000.0,0.0,2813000000.0,2638000000.0,0.028,2.48,8676000000.0,11489000000.0,0.174,11489000000.0,8676000000.0,8209000000.0,8.71,8.48,8.71,17532000000.0,16577750000.0,17532000000.0,92761015447.0,11.0,8.074,1225000000.0,1.877,1.0,18023000000.0,0.274,10958000000.0,467000000.0,83250000000.0,80418000000.0,15547000000.0,272000000.0,0.0,272000000.0,71388000000.0,29415000000.0,41973000000.0,58598015447.0,2433000000.0,581000000.0,52000000.0,5434000000.0,-1617000000.0,3606000000.0,-6190000000.0,-2979000000.0,5184000000.0,-167000000.0,5681000000.0,5681000000.0,5681000000.0,0.0,41000000.0,0.086,9450000000.0,8573000000.0,6753000000.0,0.285,3.342,10.315,10.288,16461000000.0,0.0,89.609,0.89,0.888,33911000000.0,29558000000.0,65875000000.0,65875000000.0,2466000000.0,0.065,0.343,0.108,0.132,0.0,5919000000.0,1.0,653933672.0,652600000.0,669600000.0,100.942,78012000000.0,3558000000.0,2528000000.0,0.0,119.54,12723000000.0
9,CAT,MRY,2011-12-31,2011-12-31,2011-12-31,2021-09-07,-6328000000.0,81218000000.0,74745750000.0,37900000000.0,43318000000.0,0.805,19.974,-2570000000.0,3057000000.0,3057000000.0,44404000000.0,4981000000.0,1.337,5.264,34592000000.0,9648000000.0,24944000000.0,34592000000.0,0.0,2527000000.0,2487000000.0,0.02,1.8,7044000000.0,9571000000.0,0.159,9571000000.0,7044000000.0,6648000000.0,7.64,7.4,7.64,12883000000.0,13266250000.0,12883000000.0,89643805431.0,13.0,9.366,4387000000.0,6.802,1.0,15734000000.0,0.262,11448000000.0,396000000.0,72948000000.0,69797000000.0,14544000000.0,133000000.0,0.0,133000000.0,67816000000.0,28357000000.0,39459000000.0,58583805431.0,-535000000.0,-7808000000.0,123000000.0,4877000000.0,-1159000000.0,4019000000.0,-11427000000.0,-1009000000.0,6957000000.0,-84000000.0,4928000000.0,4928000000.0,4928000000.0,0.0,53000000.0,0.082,8581000000.0,7153000000.0,8161000000.0,0.236,4.547,11.888,11.859,14395000000.0,0.0,90.6,0.974,0.972,30803000000.0,25219000000.0,60138000000.0,60138000000.0,2297000000.0,0.066,0.371,0.101,0.117,0.0,5203000000.0,1.0,646620369.0,645000000.0,666100000.0,93.237,69770000000.0,3737000000.0,1720000000.0,0.0,108.171,9543000000.0
10,CAT,MRY,2010-12-31,2010-12-31,2010-12-31,2021-09-07,-4051000000.0,64020000000.0,60822750000.0,31810000000.0,32210000000.0,0.7,17.14,-1117000000.0,3592000000.0,3592000000.0,31281000000.0,2758000000.0,1.445,4.868,28418000000.0,7981000000.0,20437000000.0,28418000000.0,0.0,2296000000.0,1831000000.0,0.018,1.72,4011000000.0,6307000000.0,0.148,6307000000.0,4011000000.0,3668000000.0,4.28,4.15,4.28,10824000000.0,9697000000.0,10824000000.0,85789264342.0,21.0,13.602,3892000000.0,6.163,1.0,11307000000.0,0.265,3419000000.0,343000000.0,63407000000.0,63455750000.0,9587000000.0,164000000.0,0.0,164000000.0,52695000000.0,22020000000.0,30675000000.0,59446264342.0,-1275000000.0,-1126000000.0,296000000.0,-3846000000.0,-1084000000.0,-4613000000.0,-1595000000.0,516000000.0,5009000000.0,-76000000.0,2700000000.0,2700000000.0,2700000000.0,0.0,58000000.0,0.063,7344000000.0,3963000000.0,5856000000.0,0.402,5.492,22.017,21.883,12539000000.0,0.0,93.66,1.396,1.389,28849000000.0,21384000000.0,42588000000.0,42588000000.0,1905000000.0,0.044,0.278,0.063,0.094,0.0,4248000000.0,1.0,634702801.0,631500000.0,650400000.0,67.439,60601000000.0,3424000000.0,968000000.0,0.0,95.964,9790000000.0
11,CAT,MRY,2009-12-31,2009-12-31,2009-12-31,2021-09-07,-3764000000.0,60038000000.0,61852000000.0,27217000000.0,32821000000.0,0.524,14.207,-1230000000.0,4867000000.0,4867000000.0,24931000000.0,827000000.0,1.434,5.805,31631000000.0,9784000000.0,21847000000.0,31631000000.0,0.0,2336000000.0,1217000000.0,0.029,1.68,1014000000.0,3350000000.0,0.103,3350000000.0,1014000000.0,625000000.0,1.45,1.43,1.45,8740000000.0,7556250000.0,8740000000.0,63417243473.0,63.0,18.931,5269000000.0,8.565,1.0,7465000000.0,0.23,2734000000.0,389000000.0,65093000000.0,68310500000.0,6360000000.0,105000000.0,0.0,105000000.0,50738000000.0,18975000000.0,31763000000.0,35489243473.0,2131000000.0,-19000000.0,89000000.0,-4280000000.0,-1029000000.0,-5215000000.0,846000000.0,2223000000.0,6499000000.0,1000000.0,895000000.0,895000000.0,895000000.0,0.0,-68000000.0,0.028,6888000000.0,577000000.0,2993000000.0,1.159,4.061,39.653,39.303,12386000000.0,0.0,56.99,1.095,1.082,27162000000.0,19711000000.0,32396000000.0,32396000000.0,1421000000.0,0.014,0.118,0.015,0.031,0.0,3645000000.0,1.0,622727557.0,615200000.0,626000000.0,52.659,57304000000.0,3930000000.0,-270000000.0,0.0,93.147,8242000000.0
12,CAT,MRY,2008-12-31,2008-12-31,2008-12-31,2021-09-07,-5579000000.0,67782000000.0,62667000000.0,31885000000.0,35897000000.0,0.819,9.971,-2904000000.0,2736000000.0,2736000000.0,39568000000.0,3585000000.0,1.244,10.033,35535000000.0,12701000000.0,22834000000.0,35535000000.0,0.0,1980000000.0,1898000000.0,0.035,1.56,4784000000.0,6764000000.0,0.132,6764000000.0,4784000000.0,4510000000.0,5.83,5.66,5.83,6087000000.0,8605000000.0,6087000000.0,58972455499.0,12.0,8.719,1768000000.0,2.896,1.0,11756000000.0,0.229,2772000000.0,274000000.0,72184000000.0,65148750000.0,8781000000.0,94000000.0,0.0,94000000.0,61068000000.0,25625000000.0,35443000000.0,26946455499.0,1614000000.0,-117000000.0,-1703000000.0,5565000000.0,-953000000.0,2955000000.0,-6171000000.0,-3347000000.0,4672000000.0,158000000.0,3557000000.0,3557000000.0,3557000000.0,0.0,28000000.0,0.069,7308000000.0,4448000000.0,4827000000.0,0.268,4.427,7.576,7.662,12524000000.0,0.0,44.67,0.525,0.531,33871000000.0,19826000000.0,51324000000.0,51324000000.0,1728000000.0,0.057,0.413,0.073,0.093,0.0,4399000000.0,1.0,603233837.0,610500000.0,627900000.0,84.069,65010000000.0,4534000000.0,953000000.0,0.0,106.486,6260000000.0
13,CAT,MRY,2007-12-31,2007-12-31,2007-12-31,2021-09-07,-1808000000.0,56132000000.0,54171250000.0,25477000000.0,30655000000.0,0.83,13.919,-2632000000.0,1122000000.0,1122000000.0,33758000000.0,3578000000.0,1.145,5.306,28429000000.0,10600000000.0,17829000000.0,28429000000.0,0.0,1797000000.0,1442000000.0,0.018,1.32,5314000000.0,7111000000.0,0.158,7111000000.0,5314000000.0,5026000000.0,5.55,5.37,5.55,8883000000.0,8203500000.0,8883000000.0,72690275450.0,14.0,10.222,5323000000.0,8.341,1.0,11200000000.0,0.249,2438000000.0,288000000.0,58756000000.0,57893000000.0,7204000000.0,598000000.0,0.0,598000000.0,47136000000.0,22245000000.0,24891000000.0,46145275450.0,592000000.0,-229000000.0,-2133000000.0,-146000000.0,-845000000.0,-2989000000.0,-4408000000.0,-2298000000.0,7955000000.0,34000000.0,3541000000.0,3541000000.0,3541000000.0,0.0,37000000.0,0.079,6279000000.0,4921000000.0,4723000000.0,0.238,5.195,13.032,13.074,9997000000.0,0.0,72.56,1.026,1.03,29899000000.0,17398000000.0,44958000000.0,44958000000.0,1404000000.0,0.065,0.432,0.092,0.118,0.0,3821000000.0,1.0,635960246.0,638200000.0,659500000.0,70.445,53694000000.0,2369000000.0,1485000000.0,0.0,84.134,3232000000.0
14,CAT,MRY,2006-12-31,2006-12-31,2006-12-31,2021-09-07,-2847000000.0,51449000000.0,49948500000.0,23663000000.0,27786000000.0,0.831,10.413,-2103000000.0,530000000.0,530000000.0,30572000000.0,3537000000.0,1.194,6.501,27296000000.0,9616000000.0,17680000000.0,27296000000.0,0.0,1602000000.0,921000000.0,0.018,1.1,5216000000.0,6818000000.0,0.164,6818000000.0,5216000000.0,4942000000.0,5.37,5.17,5.37,6859000000.0,8370500000.0,6859000000.0,66755279290.0,13.0,9.791,3696000000.0,5.611,1.0,10945000000.0,0.264,2291000000.0,274000000.0,56102000000.0,54156000000.0,6351000000.0,562000000.0,0.0,562000000.0,44590000000.0,19822000000.0,24768000000.0,39897279290.0,-578000000.0,-513000000.0,-2794000000.0,758000000.0,-726000000.0,-2593000000.0,-3796000000.0,-1503000000.0,5799000000.0,12000000.0,3537000000.0,3537000000.0,3537000000.0,0.0,0.0,0.085,6024000000.0,4921000000.0,4085000000.0,0.205,5.817,11.28,11.421,8851000000.0,0.0,61.33,0.961,0.973,27802000000.0,14593000000.0,41517000000.0,41517000000.0,1347000000.0,0.071,0.423,0.096,0.126,0.0,3706000000.0,1.0,650534474.0,658700000.0,683800000.0,63.029,49158000000.0,2682000000.0,1405000000.0,0.0,74.629,3841000000.0
15,CAT,MRY,2005-12-31,2005-12-31,2005-12-31,2021-09-07,-598000000.0,47553000000.0,45647000000.0,23185000000.0,24368000000.0,0.796,12.429,-1778000000.0,1108000000.0,1108000000.0,27326000000.0,2854000000.0,1.199,4.64,25745000000.0,10068000000.0,15677000000.0,25745000000.0,0.0,1477000000.0,454000000.0,0.016,0.91,4234000000.0,5711000000.0,0.157,5711000000.0,4234000000.0,3974000000.0,4.21,4.04,4.21,8432000000.0,8069000000.0,8432000000.0,63360644641.0,15.0,11.094,1335000000.0,1.968,1.0,9013000000.0,0.248,1875000000.0,260000000.0,50983000000.0,50284000000.0,5224000000.0,565000000.0,0.0,565000000.0,39121000000.0,19332000000.0,19789000000.0,39295644641.0,663000000.0,-13000000.0,-1202000000.0,2973000000.0,-618000000.0,1153000000.0,-3525000000.0,-2458000000.0,3113000000.0,-78000000.0,2854000000.0,2854000000.0,2854000000.0,0.0,0.0,0.079,5229000000.0,3784000000.0,3412000000.0,0.216,4.66,13.769,13.722,7988000000.0,0.0,57.77,1.081,1.078,25686000000.0,11808000000.0,36339000000.0,36339000000.0,1084000000.0,0.063,0.354,0.084,0.117,0.0,3190000000.0,1.0,680208493.0,678400000.0,705800000.0,53.566,45678000000.0,1112000000.0,1120000000.0,0.0,67.332,3853000000.0
16,CAT,MRY,2004-12-31,2004-12-31,2004-12-31,2021-09-07,-424000000.0,43095000000.0,40016250000.0,19464000000.0,23631000000.0,0.757,10.909,-1628000000.0,445000000.0,445000000.0,23021000000.0,2035000000.0,1.223,4.771,23525000000.0,7688000000.0,15837000000.0,23525000000.0,0.0,1397000000.0,503000000.0,0.016,0.78,2996000000.0,4393000000.0,0.145,4393000000.0,2996000000.0,2766000000.0,2.97,2.88,2.97,7467000000.0,6858000000.0,7467000000.0,55129918070.0,18.0,12.549,-5619000000.0,-8.209,1.0,7285000000.0,0.24,1765000000.0,230000000.0,48491000000.0,45845000000.0,4675000000.0,517000000.0,0.0,517000000.0,35628000000.0,15919000000.0,19709000000.0,33273918070.0,103000000.0,0.0,-222000000.0,2630000000.0,-534000000.0,1874000000.0,2077000000.0,3507000000.0,-3991000000.0,143000000.0,2035000000.0,2035000000.0,2035000000.0,0.0,0.0,0.067,4601000000.0,2684000000.0,3524000000.0,0.263,4.456,16.351,16.416,7682000000.0,0.0,48.755,1.098,1.101,23312000000.0,9937000000.0,30306000000.0,30306000000.0,928000000.0,0.051,0.297,0.065,0.099,0.0,2926000000.0,1.0,682471912.0,684500000.0,707400000.0,44.275,41330000000.0,1072000000.0,731000000.0,1005000000.0,60.38,3545000000.0
17,CAT,MRY,2003-12-31,2003-12-31,2003-12-31,2021-09-07,-517000000.0,36711000000.0,34884000000.0,16267000000.0,20444000000.0,0.654,8.804,-1004000000.0,342000000.0,342000000.0,17471000000.0,1099000000.0,1.317,5.04,20284000000.0,5738000000.0,14546000000.0,20284000000.0,0.0,1347000000.0,253000000.0,0.017,0.71,1743000000.0,3090000000.0,0.135,3090000000.0,1743000000.0,1497000000.0,1.59,1.56,1.59,6078000000.0,5984750000.0,6078000000.0,47157892363.0,27.0,15.261,-6615000000.0,-9.581,1.0,5336000000.0,0.234,1637000000.0,246000000.0,42669000000.0,40411250000.0,3047000000.0,800000000.0,0.0,800000000.0,30633000000.0,12347000000.0,18286000000.0,28827892363.0,33000000.0,-268000000.0,-248000000.0,1484000000.0,-491000000.0,745000000.0,4884000000.0,6077000000.0,-5611000000.0,15000000.0,1099000000.0,1099000000.0,1099000000.0,0.0,0.0,0.048,3666000000.0,1670000000.0,2259000000.0,0.447,4.743,26.231,26.107,7251000000.0,0.0,41.51,1.264,1.257,18992000000.0,8450000000.0,22807000000.0,22807000000.0,669000000.0,0.032,0.184,0.043,0.076,0.0,2322000000.0,1.0,694480664.0,690400000.0,702700000.0,33.034,35074000000.0,1323000000.0,398000000.0,784000000.0,50.802,3920000000.0
18,CAT,MRY,2002-12-31,2002-12-31,2002-12-31,2021-09-07,-742000000.0,32705000000.0,32240000000.0,14480000000.0,18225000000.0,0.625,7.953,-1212000000.0,309000000.0,309000000.0,15667000000.0,798000000.0,1.235,4.977,17861000000.0,6087000000.0,11774000000.0,17861000000.0,0.0,1220000000.0,259000000.0,0.031,0.7,1389000000.0,2609000000.0,0.129,2609000000.0,1389000000.0,1110000000.0,1.16,1.15,1.16,5472000000.0,5720250000.0,5472000000.0,33049986044.0,24.0,12.668,-5174000000.0,-7.52,1.0,4485000000.0,0.223,1683000000.0,279000000.0,36849000000.0,37279750000.0,2763000000.0,747000000.0,0.0,747000000.0,27233000000.0,11725000000.0,15508000000.0,15735986044.0,-91000000.0,-294000000.0,10000000.0,696000000.0,-481000000.0,225000000.0,3620000000.0,5166000000.0,-3962000000.0,26000000.0,798000000.0,798000000.0,798000000.0,0.0,0.0,0.04,3161000000.0,1324000000.0,1790000000.0,0.603,2.876,19.719,19.707,7009000000.0,0.0,22.86,0.781,0.78,16183000000.0,7849000000.0,20152000000.0,20152000000.0,656000000.0,0.025,0.14,0.037,0.069,0.0,2094000000.0,1.0,688363344.0,688000000.0,693800000.0,29.291,31022000000.0,1492000000.0,312000000.0,471000000.0,45.09,2755000000.0
19,CAT,MRY,2001-12-31,2001-12-31,2001-12-31,2021-09-07,-269000000.0,30585000000.0,29997500000.0,13339000000.0,17246000000.0,0.682,8.172,-1612000000.0,400000000.0,400000000.0,15836000000.0,805000000.0,1.284,4.451,16602000000.0,5311000000.0,11291000000.0,16602000000.0,0.0,1169000000.0,0.0,0.026,0.69,1457000000.0,2626000000.0,0.128,2626000000.0,1457000000.0,1172000000.0,1.175,1.16,1.175,5611000000.0,5705500000.0,5611000000.0,33865174697.0,23.0,12.896,375000000.0,0.546,1.0,4614000000.0,0.226,1671000000.0,285000000.0,34729000000.0,34914750000.0,2925000000.0,787000000.0,0.0,787000000.0,24974000000.0,10387000000.0,14587000000.0,17935174697.0,66000000.0,-405000000.0,-37000000.0,1529000000.0,-474000000.0,1018000000.0,-2927000000.0,-838000000.0,1987000000.0,-12000000.0,805000000.0,805000000.0,805000000.0,0.0,0.0,0.039,3303000000.0,1311000000.0,2123000000.0,0.587,3.196,22.28,22.234,6603000000.0,0.0,26.125,0.877,0.877,14763000000.0,7533000000.0,20450000000.0,20450000000.0,696000000.0,0.027,0.141,0.042,0.071,0.0,2140000000.0,1.0,686513864.0,686600000.0,694200000.0,29.784,28914000000.0,1361000000.0,367000000.0,387000000.0,42.112,2952000000.0
20,CAT,MRY,2000-12-31,2000-12-31,2000-12-31,2021-09-07,23000000.0,28464000000.0,27787750000.0,12521000000.0,15943000000.0,0.726,8.074,-1330000000.0,334000000.0,334000000.0,15185000000.0,1053000000.0,1.445,4.083,15067000000.0,3733000000.0,11334000000.0,15067000000.0,0.0,1063000000.0,0.0,0.028,0.665,1792000000.0,2855000000.0,0.142,2855000000.0,1792000000.0,1500000000.0,1.52,1.51,1.52,5600000000.0,5524750000.0,5600000000.0,30524961716.0,17.0,10.692,729000000.0,1.051,1.0,4990000000.0,0.247,1507000000.0,292000000.0,33022000000.0,32111500000.0,2692000000.0,551000000.0,0.0,551000000.0,22864000000.0,8668000000.0,14196000000.0,16262961716.0,-214000000.0,-115000000.0,-408000000.0,1413000000.0,-462000000.0,543000000.0,-2753000000.0,-1197000000.0,2059000000.0,-63000000.0,1053000000.0,1053000000.0,1053000000.0,0.0,0.0,0.052,3253000000.0,1737000000.0,2339000000.0,0.438,2.904,15.444,15.562,5951000000.0,0.0,23.655,0.806,0.813,14250000000.0,7205000000.0,20175000000.0,20175000000.0,649000000.0,0.038,0.191,0.056,0.089,0.0,2367000000.0,1.0,687506308.0,693600000.0,697800000.0,29.087,26957000000.0,1304000000.0,447000000.0,405000000.0,38.865,3853000000.0
21,CAT,MRY,1999-12-31,1999-12-31,1999-12-31,2021-09-07,78000000.0,26711000000.0,26411000000.0,11810000000.0,14901000000.0,0.746,7.689,-1188000000.0,548000000.0,548000000.0,15041000000.0,946000000.0,1.431,3.888,13802000000.0,3874000000.0,9928000000.0,13802000000.0,0.0,977000000.0,0.0,0.027,0.625,1670000000.0,2647000000.0,0.134,2647000000.0,1670000000.0,1401000000.0,1.33,1.315,1.33,5465000000.0,5355500000.0,5465000000.0,29997955162.0,18.0,11.333,1402000000.0,1.972,1.0,4661000000.0,0.237,1543000000.0,269000000.0,30168000000.0,30205500000.0,2594000000.0,553000000.0,0.0,553000000.0,21246000000.0,8254000000.0,12992000000.0,16685955162.0,188000000.0,-302000000.0,-249000000.0,1355000000.0,-445000000.0,661000000.0,-3040000000.0,-1526000000.0,2590000000.0,-23000000.0,946000000.0,946000000.0,946000000.0,0.0,0.0,0.048,3167000000.0,1494000000.0,2003000000.0,0.47,3.053,17.638,17.692,5380000000.0,0.0,23.53,0.847,0.849,13122000000.0,6617000000.0,19702000000.0,19702000000.0,626000000.0,0.036,0.177,0.055,0.085,0.0,2347000000.0,1.0,709135366.0,710800000.0,718800000.0,27.718,25168000000.0,1359000000.0,455000000.0,551000000.0,35.408,3556000000.0
22,CAT,MRY,1998-12-31,1998-12-31,1998-12-31,2021-09-07,1000000.0,25128000000.0,24736250000.0,11459000000.0,13669000000.0,0.848,7.152,-1128000000.0,360000000.0,360000000.0,15520000000.0,1513000000.0,1.515,3.897,12452000000.0,3048000000.0,9404000000.0,12452000000.0,0.0,865000000.0,0.0,0.024,0.55,2442000000.0,3307000000.0,0.158,3307000000.0,2442000000.0,2178000000.0,2.085,2.055,2.085,5131000000.0,5110750000.0,5131000000.0,28495656694.0,12.0,8.617,646000000.0,0.901,1.0,5457000000.0,0.26,1241000000.0,264000000.0,28414000000.0,27579750000.0,2842000000.0,773000000.0,0.0,773000000.0,19997000000.0,7565000000.0,12432000000.0,16499656694.0,68000000.0,-1428000000.0,-561000000.0,3825000000.0,-400000000.0,2864000000.0,-4576000000.0,-2197000000.0,1774000000.0,6000000.0,1513000000.0,1513000000.0,1513000000.0,0.0,0.0,0.072,3204000000.0,2253000000.0,2250000000.0,0.264,3.216,10.905,11.031,4866000000.0,0.0,23.0,0.787,0.787,12319000000.0,6123000000.0,20977000000.0,20977000000.0,643000000.0,0.061,0.296,0.089,0.116,0.0,2561000000.0,1.0,717376378.0,717376378.0,,29.241,23887000000.0,1429000000.0,665000000.0,453000000.0,33.298,3894000000.0
23,CAT,MRY,1997-12-31,1997-12-31,1997-12-31,2021-09-07,95000000.0,20756000000.0,20250750000.0,9814000000.0,10942000000.0,0.935,6.284,-968000000.0,292000000.0,292000000.0,13735000000.0,1665000000.0,1.618,3.436,8568000000.0,1626000000.0,6942000000.0,8568000000.0,0.0,738000000.0,0.0,0.019,0.45,2680000000.0,3418000000.0,0.181,3418000000.0,2680000000.0,2461000000.0,2.22,2.185,2.22,4679000000.0,4561750000.0,4679000000.0,26099860864.0,10.0,7.636,1128000000.0,1.515,1.0,5190000000.0,0.274,228000000.0,219000000.0,22737000000.0,21531750000.0,2603000000.0,751000000.0,0.0,751000000.0,16077000000.0,6067000000.0,10010000000.0,18055860864.0,-195000000.0,-59000000.0,-695000000.0,1305000000.0,-338000000.0,272000000.0,-2541000000.0,-1206000000.0,2096000000.0,-22000000.0,1665000000.0,1665000000.0,1665000000.0,0.0,0.0,0.088,2760000000.0,2430000000.0,2218000000.0,0.203,3.859,10.844,10.923,4058000000.0,0.0,24.25,0.954,0.954,10006000000.0,5026000000.0,18925000000.0,18925000000.0,528000000.0,0.082,0.365,0.124,0.142,0.0,2232000000.0,1.0,744571582.0,744571582.0,,25.417,20528000000.0,1468000000.0,796000000.0,545000000.0,27.57,3747000000.0
24,CAT,MRY,1996-12-31,1996-12-31,1996-12-31,2021-09-07,162000000.0,18728000000.0,17779000000.0,8783000000.0,9945000000.0,0.929,5.406,-636000000.0,487000000.0,487000000.0,12127000000.0,1361000000.0,1.36,3.55,7459000000.0,2372000000.0,5087000000.0,7459000000.0,0.0,696000000.0,0.0,0.02,0.375,2168000000.0,2864000000.0,0.173,2864000000.0,2168000000.0,1974000000.0,1.77,1.75,1.77,4116000000.0,3752000000.0,4116000000.0,,,,1146000000.0,1.505,1.0,4395000000.0,0.266,233000000.0,194000000.0,19009000000.0,17691000000.0,2222000000.0,701000000.0,0.0,701000000.0,14612000000.0,6458000000.0,8154000000.0,14323921028.0,-151000000.0,-612000000.0,-293000000.0,1015000000.0,-289000000.0,433000000.0,-2384000000.0,-970000000.0,1782000000.0,18000000.0,1361000000.0,1361000000.0,1361000000.0,0.0,0.0,0.082,2403000000.0,1992000000.0,2858000000.0,0.212,3.48,10.525,10.629,3767000000.0,0.0,18.812,0.867,0.867,8730000000.0,3904000000.0,16522000000.0,16522000000.0,410000000.0,0.077,0.363,0.123,0.131,0.0,1993000000.0,1.0,761404440.0,761404440.0,,21.699,18495000000.0,1945000000.0,613000000.0,190000000.0,24.291,2325000000.0
25,CAT,MRY,1995-12-31,1995-12-31,1995-12-31,2021-09-07,215000000.0,16830000000.0,16540000000.0,7647000000.0,9183000000.0,0.972,,-560000000.0,638000000.0,638000000.0,12290000000.0,1136000000.0,1.264,3.968,6400000000.0,2436000000.0,3964000000.0,6400000000.0,0.0,682000000.0,0.0,0.02,0.3,1828000000.0,2510000000.0,0.156,2510000000.0,1828000000.0,1637000000.0,1.43,1.42,1.43,3388000000.0,3149500000.0,3388000000.0,,,,1630000000.0,,1.0,3782000000.0,0.235,170000000.0,191000000.0,16373000000.0,16186000000.0,1921000000.0,476000000.0,0.0,476000000.0,13442000000.0,6049000000.0,7393000000.0,,219000000.0,-21000000.0,-416000000.0,447000000.0,-239000000.0,-208000000.0,-1749000000.0,-820000000.0,2190000000.0,-14000000.0,1136000000.0,1136000000.0,1136000000.0,0.0,0.0,0.071,2098000000.0,1684000000.0,2579000000.0,0.21,,,10.271,3644000000.0,0.0,14.688,,,7477000000.0,2840000000.0,16072000000.0,16072000000.0,375000000.0,0.069,0.361,0.113,0.114,0.0,1723000000.0,1.0,,,,,16660000000.0,1930000000.0,501000000.0,127000000.0,,1598000000.0
26,CAT,MRY,1994-12-31,1994-12-31,1994-12-31,2021-09-07,205000000.0,16250000000.0,,7409000000.0,8841000000.0,,,-606000000.0,419000000.0,419000000.0,10834000000.0,955000000.0,1.348,4.582,5903000000.0,1633000000.0,4270000000.0,5903000000.0,0.0,683000000.0,0.0,0.008,0.113,1519000000.0,2202000000.0,0.154,2202000000.0,1519000000.0,1309000000.0,1.175,,1.175,2911000000.0,,2911000000.0,,,,1151000000.0,,1.0,3494000000.0,0.244,237000000.0,210000000.0,15999000000.0,,1835000000.0,455000000.0,0.0,455000000.0,13339000000.0,5498000000.0,7841000000.0,,336000000.0,0.0,-228000000.0,411000000.0,-91000000.0,92000000.0,-1512000000.0,-843000000.0,1757000000.0,-1000000.0,955000000.0,955000000.0,955000000.0,0.0,0.0,0.067,1850000000.0,1644000000.0,2624000000.0,0.096,,,11.73,3776000000.0,0.0,13.783,,,7084000000.0,1961000000.0,14328000000.0,14328000000.0,311000000.0,,,,0.106,0.0,1539000000.0,1.0,,,,,16013000000.0,2108000000.0,354000000.0,167000000.0,,1911000000.0
0,CAT,MRQ,2021-06-30,2021-06-30,2021-06-30,2021-09-07,-1154000000.0,81697000000.0,,42946000000.0,38751000000.0,,30.814,-269000000.0,10831000000.0,10831000000.0,8997000000.0,1414000000.0,1.561,3.84,37585000000.0,11381000000.0,26204000000.0,37585000000.0,0.0,587000000.0,1157000000.0,0.019,1.03,2003000000.0,2590000000.0,0.201,2590000000.0,2003000000.0,1883000000.0,2.58,2.56,2.58,16880000000.0,,16880000000.0,146047777034.0,23.0,16.98,1849000000.0,3.375,1.0,3892000000.0,0.302,7548000000.0,120000000.0,73395000000.0,,12672000000.0,0.0,0.0,0.0,64817000000.0,27508000000.0,37309000000.0,119209777034.0,-509000000.0,-12000000.0,-193000000.0,-645000000.0,-564000000.0,-1402000000.0,-1240000000.0,-944000000.0,2118000000.0,15000000.0,1413000000.0,1413000000.0,1413000000.0,0.0,1000000.0,0.11,2103000000.0,1789000000.0,6921000000.0,0.399,7.062,27.149,27.035,12014000000.0,0.0,217.63,2.598,2.598,31159000000.0,36934000000.0,12889000000.0,12889000000.0,446000000.0,,,,,0.0,1364000000.0,1.0,547763530.0,547800000.0,552200000.0,23.529,74149000000.0,1455000000.0,470000000.0,0.0,135.358,15438000000.0
1,CAT,MRQ,2021-03-31,2021-03-31,2021-03-31,2021-09-07,-1290000000.0,80729000000.0,,42581000000.0,38148000000.0,,30.412,-195000000.0,11342000000.0,11342000000.0,8137000000.0,1531000000.0,1.602,3.858,38180000000.0,11824000000.0,26356000000.0,38180000000.0,0.0,586000000.0,1168000000.0,0.018,1.03,2147000000.0,2733000000.0,0.23,2733000000.0,2147000000.0,2005000000.0,2.8,2.77,2.8,16617000000.0,,16617000000.0,153370129545.0,30.0,20.617,1733000000.0,3.172,1.0,3750000000.0,0.315,7589000000.0,142000000.0,73400000000.0,,12149000000.0,0.0,0.0,0.0,64112000000.0,26578000000.0,37534000000.0,125559129545.0,1985000000.0,-358000000.0,65000000.0,1045000000.0,-562000000.0,546000000.0,-477000000.0,124000000.0,1928000000.0,-12000000.0,1530000000.0,1530000000.0,1530000000.0,0.0,1000000.0,0.129,1936000000.0,1814000000.0,6694000000.0,0.368,7.556,36.542,36.688,12132000000.0,0.0,231.87,2.92,2.946,30369000000.0,36697000000.0,11887000000.0,11887000000.0,374000000.0,,,,,0.0,1239000000.0,1.0,541506575.0,546400000.0,551400000.0,21.755,73140000000.0,1391000000.0,475000000.0,0.0,133.858,16003000000.0
2,CAT,MRQ,2020-12-31,2020-12-31,2020-12-31,2021-09-07,-888000000.0,78324000000.0,,39464000000.0,38860000000.0,,28.232,-402000000.0,9352000000.0,9352000000.0,7912000000.0,780000000.0,1.535,4.093,37163000000.0,11164000000.0,25999000000.0,37163000000.0,0.0,617000000.0,1108000000.0,0.023,1.03,1077000000.0,1694000000.0,0.151,1694000000.0,1077000000.0,947000000.0,1.43,1.41,1.43,15378000000.0,,15378000000.0,127694872672.0,28.0,18.373,1670000000.0,3.066,1.0,3323000000.0,0.296,7702000000.0,130000000.0,72716000000.0,,11402000000.0,0.0,0.0,0.0,62946000000.0,25717000000.0,37229000000.0,98883872672.0,47000000.0,-6000000.0,119000000.0,-1101000000.0,-560000000.0,-1542000000.0,-526000000.0,-132000000.0,2072000000.0,43000000.0,780000000.0,780000000.0,780000000.0,0.0,0.0,0.069,1943000000.0,1380000000.0,6128000000.0,0.72,6.43,32.983,33.034,12401000000.0,0.0,182.02,2.369,2.372,30187000000.0,35167000000.0,11235000000.0,11235000000.0,374000000.0,,,,,0.0,1216000000.0,1.0,543258283.0,544700000.0,551000000.0,20.626,70622000000.0,1523000000.0,167000000.0,0.0,129.653,13747000000.0
3,CAT,MRQ,2020-09-30,2020-09-30,2020-09-30,2021-09-07,-1448000000.0,76741000000.0,,38534000000.0,38207000000.0,,27.568,-325000000.0,9315000000.0,9315000000.0,7056000000.0,671000000.0,1.543,4.118,38126000000.0,12019000000.0,26107000000.0,38126000000.0,0.0,593000000.0,1209000000.0,0.028,1.03,991000000.0,1584000000.0,0.16,1584000000.0,991000000.0,855000000.0,1.24,1.23,1.24,14994000000.0,,14994000000.0,110603705661.0,22.0,14.975,1409000000.0,2.591,1.0,2825000000.0,0.286,7667000000.0,136000000.0,72907000000.0,,11453000000.0,0.0,0.0,0.0,61747000000.0,24978000000.0,36769000000.0,80765705661.0,528000000.0,-44000000.0,120000000.0,-562000000.0,-558000000.0,-1000000000.0,-216000000.0,240000000.0,1734000000.0,10000000.0,668000000.0,668000000.0,668000000.0,0.0,3000000.0,0.068,1840000000.0,985000000.0,5193000000.0,0.831,5.387,24.356,24.451,12232000000.0,0.0,149.15,1.85,1.858,29293000000.0,35508000000.0,9881000000.0,9881000000.0,344000000.0,,,,,0.0,1126000000.0,1.0,541506575.0,543900000.0,547800000.0,18.167,69074000000.0,1440000000.0,187000000.0,0.0,126.998,13556000000.0
4,CAT,MRQ,2020-06-30,2020-06-30,2020-06-30,2021-09-07,-1815000000.0,76566000000.0,,37862000000.0,38704000000.0,,25.409,-284000000.0,8784000000.0,8784000000.0,7262000000.0,459000000.0,1.501,4.558,38622000000.0,11715000000.0,26907000000.0,38622000000.0,0.0,608000000.0,1227000000.0,0.033,1.03,820000000.0,1428000000.0,0.143,1428000000.0,820000000.0,685000000.0,0.85,0.85,0.85,13777000000.0,,13777000000.0,98526865888.0,16.0,11.507,1107000000.0,2.042,1.0,2735000000.0,0.274,7612000000.0,135000000.0,73561000000.0,,11371000000.0,0.0,0.0,0.0,62789000000.0,25231000000.0,37558000000.0,68556865888.0,1661000000.0,-1000000.0,-74000000.0,1418000000.0,-558000000.0,786000000.0,-530000000.0,-217000000.0,1391000000.0,14000000.0,458000000.0,458000000.0,458000000.0,0.0,1000000.0,0.046,1951000000.0,784000000.0,5083000000.0,1.212,4.976,16.552,16.733,12357000000.0,0.0,126.5,1.473,1.474,29642000000.0,34841000000.0,9997000000.0,9997000000.0,341000000.0,,,,,0.0,1179000000.0,1.0,541951509.0,542200000.0,545300000.0,18.438,68954000000.0,1459000000.0,227000000.0,0.0,127.174,12631000000.0
5,CAT,MRQ,2020-03-31,2020-03-31,2020-03-31,2021-09-07,-2012000000.0,75894000000.0,,37586000000.0,38308000000.0,,26.041,-332000000.0,7123000000.0,7123000000.0,7441000000.0,1093000000.0,1.417,4.33,37093000000.0,12724000000.0,24369000000.0,37093000000.0,0.0,614000000.0,1295000000.0,0.034,1.03,1630000000.0,2244000000.0,0.211,2244000000.0,1630000000.0,1517000000.0,2.0,1.98,2.0,14239000000.0,,14239000000.0,94655849724.0,13.0,9.401,798000000.0,1.459,1.0,3194000000.0,0.3,7618000000.0,113000000.0,71730000000.0,,11748000000.0,0.0,0.0,0.0,61655000000.0,26516000000.0,35139000000.0,65282849724.0,-1162000000.0,-35000000.0,-1066000000.0,-365000000.0,-567000000.0,-1999000000.0,-213000000.0,119000000.0,1130000000.0,-80000000.0,1092000000.0,1092000000.0,1092000000.0,0.0,1000000.0,0.103,1790000000.0,1404000000.0,5769000000.0,0.515,4.585,12.308,12.138,12488000000.0,0.0,116.04,1.281,1.245,30171000000.0,35504000000.0,10635000000.0,10635000000.0,356000000.0,,,,,0.0,1121000000.0,1.0,562589191.0,546800000.0,551100000.0,19.45,68276000000.0,1426000000.0,425000000.0,0.0,124.865,11070000000.0
6,CAT,MRQ,2019-12-31,2019-12-31,2019-12-31,2021-09-07,-1567000000.0,78453000000.0,,39193000000.0,39260000000.0,,26.56,-472000000.0,8284000000.0,8284000000.0,9300000000.0,1097000000.0,1.472,4.363,37657000000.0,11376000000.0,26281000000.0,37657000000.0,0.0,644000000.0,1187000000.0,0.026,1.03,1486000000.0,2130000000.0,0.162,2130000000.0,1486000000.0,1374000000.0,2.01,1.99,2.01,14629000000.0,,14629000000.0,111616590592.0,14.0,10.3,1962000000.0,3.562,1.0,3844000000.0,0.292,7761000000.0,112000000.0,73444000000.0,,11266000000.0,0.0,0.0,0.0,63824000000.0,26621000000.0,37203000000.0,81616590592.0,356000000.0,-3000000.0,-585000000.0,-353000000.0,-568000000.0,-1507000000.0,-574000000.0,-112000000.0,2434000000.0,3000000.0,1098000000.0,1098000000.0,1098000000.0,0.0,-1000000.0,0.084,1994000000.0,1850000000.0,5957000000.0,0.512,5.579,13.395,13.611,12904000000.0,0.0,147.68,1.517,1.542,31748000000.0,34437000000.0,13144000000.0,13144000000.0,386000000.0,,,,,0.0,1283000000.0,1.0,552658387.0,550800000.0,557600000.0,23.863,70692000000.0,1411000000.0,276000000.0,0.0,128.344,12572000000.0
7,CAT,MRQ,2019-09-30,2019-09-30,2019-09-30,2021-09-07,-1783000000.0,77993000000.0,,39160000000.0,38833000000.0,,26.527,-241000000.0,7906000000.0,7906000000.0,8758000000.0,1494000000.0,1.44,4.202,37906000000.0,12318000000.0,25588000000.0,37906000000.0,0.0,645000000.0,1309000000.0,0.029,1.03,2115000000.0,2760000000.0,0.216,2760000000.0,2115000000.0,2012000000.0,2.7,2.67,2.7,14993000000.0,,14993000000.0,99909640715.0,12.0,9.186,528000000.0,0.934,1.0,4000000000.0,0.314,7772000000.0,103000000.0,73020000000.0,,12180000000.0,0.0,0.0,0.0,63000000000.0,27201000000.0,35799000000.0,71060640715.0,477000000.0,0.0,-1158000000.0,1756000000.0,-578000000.0,20000000.0,-275000000.0,-37000000.0,769000000.0,-37000000.0,1494000000.0,1494000000.0,1494000000.0,0.0,0.0,0.117,1980000000.0,2020000000.0,6141000000.0,0.381,4.74,11.759,11.838,12842000000.0,0.0,126.31,1.292,1.298,31072000000.0,34477000000.0,12758000000.0,12758000000.0,431000000.0,,,,,0.0,1251000000.0,1.0,562589191.0,565200000.0,570800000.0,22.573,70221000000.0,1372000000.0,518000000.0,0.0,124.241,11959000000.0
8,CAT,MRQ,2019-06-30,2019-06-30,2019-06-30,2021-09-07,-1499000000.0,79187000000.0,,39789000000.0,39398000000.0,,26.203,-465000000.0,7429000000.0,7429000000.0,10133000000.0,1619000000.0,1.435,4.322,36278000000.0,11514000000.0,24764000000.0,36278000000.0,0.0,647000000.0,1263000000.0,0.025,0.86,2288000000.0,2935000000.0,0.203,2935000000.0,2288000000.0,2185000000.0,2.85,2.83,2.85,14878000000.0,,14878000000.0,106571303469.0,13.0,9.637,2123000000.0,3.739,1.0,4299000000.0,0.298,7944000000.0,103000000.0,72357000000.0,,12007000000.0,0.0,0.0,0.0,64309000000.0,27735000000.0,36574000000.0,77917303469.0,301000000.0,-1000000.0,-1310000000.0,427000000.0,-492000000.0,-1376000000.0,-898000000.0,-430000000.0,2588000000.0,-13000000.0,1620000000.0,1620000000.0,1620000000.0,0.0,-1000000.0,0.112,2086000000.0,2213000000.0,7022000000.0,0.302,5.237,12.415,12.515,13172000000.0,0.0,136.29,1.398,1.388,32150000000.0,32981000000.0,14432000000.0,14432000000.0,441000000.0,,,,,0.0,1309000000.0,1.0,571702278.0,567800000.0,573100000.0,25.417,71243000000.0,1473000000.0,565000000.0,0.0,125.472,12054000000.0
9,CAT,MRQ,2019-03-31,2019-03-31,2019-03-31,2021-09-07,-1588000000.0,78726000000.0,,39126000000.0,39600000000.0,,27.041,-338000000.0,7128000000.0,7128000000.0,9193000000.0,1884000000.0,1.429,4.086,35782000000.0,11542000000.0,24240000000.0,35782000000.0,0.0,641000000.0,1354000000.0,0.025,0.86,2371000000.0,3012000000.0,0.224,3012000000.0,2371000000.0,2268000000.0,3.29,3.25,3.29,15478000000.0,,15478000000.0,109221146820.0,13.0,9.833,783000000.0,1.368,1.0,4273000000.0,0.317,7998000000.0,103000000.0,71994000000.0,,12340000000.0,0.0,0.0,0.0,63248000000.0,27388000000.0,35860000000.0,80525146820.0,-732000000.0,-2000000.0,-756000000.0,-424000000.0,-494000000.0,-1675000000.0,-181000000.0,197000000.0,1121000000.0,3000000.0,1881000000.0,1881000000.0,1881000000.0,0.0,3000000.0,0.14,2066000000.0,2207000000.0,7198000000.0,0.261,5.203,12.655,12.43,13259000000.0,0.0,135.49,1.455,1.402,31716000000.0,32435000000.0,13466000000.0,13466000000.0,435000000.0,,,,,0.0,1319000000.0,1.0,594325388.0,572400000.0,578800000.0,23.526,70728000000.0,1378000000.0,387000000.0,0.0,123.564,11738000000.0
10,CAT,MRQ,2018-12-31,2018-12-31,2018-12-31,2021-09-07,-1684000000.0,78509000000.0,,38603000000.0,39906000000.0,,23.808,-583000000.0,7857000000.0,7857000000.0,10176000000.0,1049000000.0,1.368,4.576,36553000000.0,11553000000.0,25000000000.0,36553000000.0,0.0,701000000.0,1243000000.0,0.026,0.86,1468000000.0,2169000000.0,0.151,2169000000.0,1468000000.0,1369000000.0,1.83,1.82,1.83,14080000000.0,,14080000000.0,102750859767.0,12.0,9.328,1500000000.0,2.536,1.0,4166000000.0,0.29,8114000000.0,99000000.0,70873000000.0,,11529000000.0,0.0,0.0,0.0,64429000000.0,28218000000.0,36211000000.0,74984859767.0,-156000000.0,-33000000.0,-1777000000.0,874000000.0,-507000000.0,-1432000000.0,-798000000.0,-171000000.0,2083000000.0,-9000000.0,1048000000.0,1048000000.0,1048000000.0,0.0,1000000.0,0.073,2283000000.0,1883000000.0,7051000000.0,0.47,5.326,12.199,12.23,13574000000.0,0.0,127.07,1.37,1.373,31899000000.0,30427000000.0,14342000000.0,14342000000.0,466000000.0,,,,,0.0,1463000000.0,1.0,590106711.0,591400000.0,599400000.0,24.251,70395000000.0,1439000000.0,321000000.0,0.0,119.031,10385000000.0
11,CAT,MRQ,2018-09-30,2018-09-30,2018-09-30,2021-09-07,-1568000000.0,78209000000.0,,38454000000.0,39755000000.0,,26.837,-408000000.0,8007000000.0,8007000000.0,9207000000.0,1727000000.0,1.477,3.922,35773000000.0,10332000000.0,25441000000.0,35773000000.0,0.0,698000000.0,1491000000.0,0.021,0.86,2244000000.0,2942000000.0,0.218,2942000000.0,2244000000.0,2142000000.0,2.92,2.88,2.92,15890000000.0,,15890000000.0,118143678416.0,15.0,10.881,984000000.0,1.662,1.0,4303000000.0,0.319,8209000000.0,102000000.0,71733000000.0,,11814000000.0,0.0,0.0,0.0,62319000000.0,26033000000.0,36286000000.0,90628678416.0,-648000000.0,-7000000.0,-714000000.0,-392000000.0,-511000000.0,-1645000000.0,-346000000.0,66000000.0,1392000000.0,-49000000.0,1727000000.0,1727000000.0,1727000000.0,0.0,0.0,0.128,2168000000.0,2135000000.0,6788000000.0,0.295,5.704,23.85,24.014,13607000000.0,0.0,152.49,1.701,1.695,31171000000.0,30384000000.0,13510000000.0,13510000000.0,479000000.0,,,,,0.0,1299000000.0,1.0,594325388.0,592100000.0,599400000.0,22.817,70000000000.0,1288000000.0,415000000.0,0.0,118.223,12421000000.0
12,CAT,MRQ,2018-06-30,2018-06-30,2018-06-30,2021-09-07,-1496000000.0,78987000000.0,,38641000000.0,40346000000.0,,25.062,-490000000.0,8654000000.0,8654000000.0,9604000000.0,1705000000.0,1.365,4.286,36169000000.0,12470000000.0,23699000000.0,36169000000.0,0.0,686000000.0,1378000000.0,0.023,0.78,2299000000.0,2985000000.0,0.213,2985000000.0,2299000000.0,2197000000.0,2.86,2.82,2.86,14942000000.0,,14942000000.0,108544757783.0,15.0,10.553,1658000000.0,2.781,1.0,4407000000.0,0.315,8288000000.0,102000000.0,69914000000.0,,11255000000.0,0.0,0.0,0.0,64045000000.0,28300000000.0,35745000000.0,81117757783.0,767000000.0,-8000000.0,-643000000.0,1075000000.0,-466000000.0,-35000000.0,-1268000000.0,-775000000.0,2148000000.0,-78000000.0,1707000000.0,1707000000.0,1707000000.0,0.0,-2000000.0,0.122,2240000000.0,2167000000.0,6831000000.0,0.273,5.429,25.9,25.99,13752000000.0,0.0,135.67,1.585,1.58,31299000000.0,28657000000.0,14011000000.0,14011000000.0,462000000.0,,,,,0.0,1440000000.0,1.0,597904900.0,596200000.0,604200000.0,23.501,70699000000.0,1626000000.0,490000000.0,0.0,118.583,10341000000.0
13,CAT,MRQ,2018-03-31,2018-03-31,2018-03-31,2021-09-07,-1016000000.0,78014000000.0,,37357000000.0,40657000000.0,,25.538,-499000000.0,7888000000.0,7888000000.0,8732000000.0,1667000000.0,1.363,4.108,35315000000.0,12150000000.0,23165000000.0,35315000000.0,0.0,681000000.0,1399000000.0,0.021,0.78,2238000000.0,2919000000.0,0.227,2919000000.0,2238000000.0,2137000000.0,2.78,2.74,2.78,15272000000.0,,15272000000.0,113714570085.0,18.0,12.221,436000000.0,0.729,1.0,4127000000.0,0.321,8539000000.0,101000000.0,69500000000.0,,10947000000.0,0.0,0.0,0.0,62742000000.0,27402000000.0,35340000000.0,87097570085.0,-393000000.0,-328000000.0,-351000000.0,283000000.0,-467000000.0,-538000000.0,-800000000.0,11000000.0,935000000.0,10000000.0,1665000000.0,1665000000.0,1665000000.0,0.0,2000000.0,0.129,2019000000.0,2108000000.0,6938000000.0,0.281,5.703,39.11,39.618,13912000000.0,0.0,147.38,1.796,1.817,31029000000.0,27929000000.0,12859000000.0,12859000000.0,443000000.0,,,,,0.0,1276000000.0,1.0,590972792.0,598000000.0,608000000.0,21.503,69475000000.0,1687000000.0,472000000.0,0.0,116.179,9955000000.0
14,CAT,MRQ,2017-12-31,2017-12-31,2017-12-31,2021-09-07,-1192000000.0,76962000000.0,,36244000000.0,40718000000.0,,23.261,-399000000.0,8261000000.0,8261000000.0,9127000000.0,-1299000000.0,1.346,4.591,34878000000.0,11031000000.0,23847000000.0,34878000000.0,0.0,724000000.0,1426000000.0,0.02,0.78,1288000000.0,2012000000.0,0.156,2012000000.0,1288000000.0,1119000000.0,-2.21,-2.18,-2.21,13766000000.0,,13766000000.0,120082633852.0,26.0,16.009,142000000.0,0.24,1.0,3769000000.0,0.292,8311000000.0,169000000.0,68337000000.0,,10018000000.0,0.0,0.0,0.0,63196000000.0,26931000000.0,36265000000.0,93749633852.0,-1337000000.0,-5000000.0,213000000.0,-1090000000.0,-464000000.0,-1343000000.0,-533000000.0,-145000000.0,541000000.0,-2000000.0,-1299000000.0,-1299000000.0,-1299000000.0,0.0,0.0,-0.101,2382000000.0,1387000000.0,6487000000.0,-0.353,6.81,124.336,124.079,14155000000.0,0.0,157.58,2.062,2.051,30725000000.0,26301000000.0,12896000000.0,12896000000.0,498000000.0,,,,,0.0,1380000000.0,1.0,594933582.0,591800000.0,599300000.0,21.791,68651000000.0,1693000000.0,2418000000.0,0.0,116.004,9313000000.0
15,CAT,MRQ,2017-09-30,2017-09-30,2017-09-30,2021-09-07,-1233000000.0,78560000000.0,,37185000000.0,41375000000.0,,26.475,-212000000.0,9591000000.0,9591000000.0,7841000000.0,1061000000.0,1.436,4.005,35924000000.0,11089000000.0,24835000000.0,35924000000.0,0.0,723000000.0,1510000000.0,0.025,0.78,1647000000.0,2370000000.0,0.208,2370000000.0,1647000000.0,1529000000.0,1.79,1.77,1.79,15697000000.0,,15697000000.0,100660216890.0,48.0,19.984,1029000000.0,1.736,1.0,3572000000.0,0.313,8371000000.0,118000000.0,70619000000.0,,10212000000.0,0.0,0.0,0.0,62863000000.0,25903000000.0,36960000000.0,73700216890.0,-626000000.0,-24000000.0,270000000.0,-1428000000.0,-461000000.0,-1620000000.0,-274000000.0,-86000000.0,1241000000.0,27000000.0,1059000000.0,1059000000.0,1059000000.0,0.0,2000000.0,0.093,2063000000.0,1509000000.0,6113000000.0,0.436,4.695,83.56,83.698,14187000000.0,0.0,124.71,1.749,1.755,29836000000.0,28530000000.0,11413000000.0,11413000000.0,461000000.0,,,,,0.0,1254000000.0,1.0,590972792.0,592900000.0,600100000.0,19.249,70189000000.0,2845000000.0,470000000.0,0.0,118.383,11282000000.0
16,CAT,MRQ,2017-06-30,2017-06-30,2017-06-30,2021-09-07,-1471000000.0,78510000000.0,,36991000000.0,41519000000.0,,23.855,-286000000.0,10232000000.0,10232000000.0,7978000000.0,803000000.0,1.315,4.576,37192000000.0,13377000000.0,23815000000.0,37192000000.0,0.0,720000000.0,1533000000.0,0.029,0.77,1284000000.0,2004000000.0,0.177,2004000000.0,1284000000.0,1163000000.0,1.36,1.35,1.36,14079000000.0,,14079000000.0,92113644498.0,96.0,23.421,2096000000.0,3.551,1.0,3353000000.0,0.296,8374000000.0,121000000.0,68963000000.0,,9388000000.0,0.0,0.0,0.0,64431000000.0,28133000000.0,36298000000.0,63303644498.0,748000000.0,88000000.0,102000000.0,-1220000000.0,-454000000.0,-1572000000.0,-66000000.0,116000000.0,2382000000.0,4000000.0,802000000.0,802000000.0,802000000.0,0.0,1000000.0,0.071,2169000000.0,1184000000.0,5778000000.0,0.566,4.496,597.204,597.0,14420000000.0,0.0,107.46,1.587,1.59,29732000000.0,27471000000.0,11331000000.0,11331000000.0,458000000.0,,,,,0.0,1304000000.0,1.0,589090308.0,590200000.0,595400000.0,19.199,70136000000.0,2866000000.0,361000000.0,0.0,118.834,8858000000.0
17,CAT,MRQ,2017-03-31,2017-03-31,2017-03-31,2021-09-07,-1827000000.0,77549000000.0,,35548000000.0,42001000000.0,,23.251,-275000000.0,9472000000.0,9472000000.0,6960000000.0,194000000.0,1.286,4.677,38282000000.0,14557000000.0,23725000000.0,38282000000.0,0.0,710000000.0,1383000000.0,0.033,0.77,405000000.0,1115000000.0,0.114,1115000000.0,405000000.0,282000000.0,0.33,0.32,0.33,13660000000.0,,13660000000.0,83808284350.0,154.0,23.628,1267000000.0,2.157,1.0,2862000000.0,0.291,8338000000.0,123000000.0,70386000000.0,,9082000000.0,0.0,0.0,0.0,63889000000.0,27635000000.0,36254000000.0,54193284350.0,2336000000.0,-18000000.0,-19000000.0,1355000000.0,-452000000.0,878000000.0,-93000000.0,191000000.0,1542000000.0,9000000.0,192000000.0,192000000.0,192000000.0,0.0,2000000.0,0.02,2482000000.0,380000000.0,5302000000.0,2.333,3.967,-371.187,-386.5,14727000000.0,0.0,92.76,1.393,1.401,29587000000.0,27584000000.0,9822000000.0,9822000000.0,425000000.0,,,,,0.0,1061000000.0,1.0,584231181.0,587500000.0,593200000.0,16.718,69211000000.0,2940000000.0,90000000.0,0.0,117.806,7913000000.0
18,CAT,MRQ,2016-12-31,2016-12-31,2016-12-31,2021-09-07,-2039000000.0,74704000000.0,,31967000000.0,42737000000.0,,22.613,-401000000.0,7168000000.0,7168000000.0,7425000000.0,-1167000000.0,1.223,4.654,36783000000.0,13965000000.0,22818000000.0,36783000000.0,0.0,779000000.0,1167000000.0,0.033,0.77,-1231000000.0,-452000000.0,-0.047,-452000000.0,-1231000000.0,-1351000000.0,-1.99,-1.98,-1.99,13213000000.0,,13213000000.0,85256631533.0,135.0,23.269,1263000000.0,2.162,1.0,2149000000.0,0.224,8369000000.0,120000000.0,69818000000.0,,8614000000.0,0.0,0.0,0.0,61491000000.0,26132000000.0,35359000000.0,54259631533.0,1035000000.0,-119000000.0,31000000.0,-30000000.0,-451000000.0,-450000000.0,-162000000.0,383000000.0,1664000000.0,-17000000.0,-1171000000.0,-1171000000.0,-1171000000.0,0.0,4000000.0,-0.122,2747000000.0,-598000000.0,4614000000.0,-0.387,4.107,-809.845,-843.091,15322000000.0,0.0,92.74,1.408,1.406,29088000000.0,27377000000.0,9574000000.0,9574000000.0,424000000.0,,,,,0.0,1180000000.0,1.0,585072585.0,584300000.0,584300000.0,16.385,66335000000.0,2790000000.0,-180000000.0,0.0,113.529,5835000000.0
19,CAT,MRQ,2016-09-30,2016-09-30,2016-09-30,2021-09-07,-1527000000.0,76402000000.0,,31999000000.0,44403000000.0,,26.757,-406000000.0,6113000000.0,6113000000.0,6674000000.0,283000000.0,1.265,3.879,37110000000.0,13488000000.0,23622000000.0,37110000000.0,0.0,761000000.0,1161000000.0,0.035,0.77,505000000.0,1266000000.0,0.138,1266000000.0,505000000.0,379000000.0,0.48,0.48,0.48,15645000000.0,,15645000000.0,83421201937.0,48.0,17.511,765000000.0,1.308,1.0,2486000000.0,0.271,9178000000.0,126000000.0,72931000000.0,,9478000000.0,0.0,0.0,0.0,60687000000.0,25290000000.0,35397000000.0,51862201937.0,-651000000.0,-34000000.0,-7000000.0,-1184000000.0,-450000000.0,-1649000000.0,-161000000.0,260000000.0,1171000000.0,-12000000.0,283000000.0,283000000.0,283000000.0,0.0,0.0,0.031,2005000000.0,481000000.0,4713000000.0,1.604,3.315,51.349,50.153,15680000000.0,0.0,88.77,1.297,1.298,29453000000.0,29450000000.0,9160000000.0,9160000000.0,453000000.0,,,,,0.0,992000000.0,1.0,584231181.0,584700000.0,589600000.0,15.666,67224000000.0,2579000000.0,96000000.0,0.0,114.972,6709000000.0
20,CAT,MRQ,2016-06-30,2016-06-30,2016-06-30,2021-09-07,-1633000000.0,78300000000.0,,33606000000.0,44694000000.0,,26.078,-655000000.0,6764000000.0,6764000000.0,7567000000.0,553000000.0,1.236,4.136,38323000000.0,14343000000.0,23980000000.0,38323000000.0,0.0,754000000.0,1259000000.0,0.041,0.77,864000000.0,1618000000.0,0.156,1618000000.0,864000000.0,734000000.0,0.94,0.93,0.94,15232000000.0,,15232000000.0,76740089634.0,36.0,14.872,1659000000.0,2.84,1.0,2775000000.0,0.268,9329000000.0,130000000.0,73347000000.0,,9458000000.0,0.0,0.0,0.0,62997000000.0,27183000000.0,35814000000.0,44263089634.0,878000000.0,-26000000.0,-2000000.0,-90000000.0,-450000000.0,-541000000.0,-885000000.0,-213000000.0,2314000000.0,-10000000.0,550000000.0,550000000.0,550000000.0,0.0,3000000.0,0.053,1990000000.0,785000000.0,5104000000.0,0.819,2.906,34.419,33.844,15916000000.0,0.0,75.81,1.059,1.059,30396000000.0,29167000000.0,10342000000.0,10342000000.0,468000000.0,,,,,0.0,1123000000.0,1.0,583868746.0,584100000.0,588600000.0,17.706,68971000000.0,2536000000.0,184000000.0,0.0,118.081,6423000000.0
21,CAT,MRQ,2016-03-31,2016-03-31,2016-03-31,2021-09-07,-1493000000.0,78307000000.0,,33748000000.0,44559000000.0,,26.898,-567000000.0,5886000000.0,5886000000.0,6974000000.0,272000000.0,1.287,3.99,38363000000.0,13893000000.0,24470000000.0,38363000000.0,0.0,740000000.0,1328000000.0,0.039,0.77,492000000.0,1232000000.0,0.13,1232000000.0,492000000.0,363000000.0,0.46,0.46,0.46,15676000000.0,,15676000000.0,77758494841.0,31.0,13.973,-77000000.0,-0.132,1.0,2487000000.0,0.263,9451000000.0,129000000.0,75118000000.0,,9849000000.0,0.0,0.0,0.0,62554000000.0,26215000000.0,36339000000.0,46125494841.0,-574000000.0,-12000000.0,-45000000.0,-9000000.0,-448000000.0,-503000000.0,-572000000.0,30000000.0,490000000.0,11000000.0,271000000.0,271000000.0,271000000.0,0.0,1000000.0,0.029,1993000000.0,494000000.0,5101000000.0,1.674,2.942,29.991,29.103,15935000000.0,0.0,76.54,1.054,1.019,30852000000.0,29517000000.0,9461000000.0,9461000000.0,508000000.0,,,,,0.0,1088000000.0,1.0,602632543.0,582800000.0,587700000.0,16.234,68856000000.0,2486000000.0,92000000.0,0.0,118.147,7533000000.0
22,CAT,MRQ,2015-12-31,2015-12-31,2015-12-31,2021-09-07,-2035000000.0,78342000000.0,,33508000000.0,44834000000.0,,24.918,-777000000.0,6460000000.0,6460000000.0,8387000000.0,-90000000.0,1.277,4.285,38013000000.0,12844000000.0,25169000000.0,38013000000.0,0.0,774000000.0,1146000000.0,0.043,0.77,-126000000.0,648000000.0,0.059,648000000.0,-126000000.0,-252000000.0,-0.11,-0.1,-0.11,14809000000.0,,14809000000.0,71065609116.0,18.0,10.18,1058000000.0,1.78,1.0,2643000000.0,0.24,9436000000.0,126000000.0,74217000000.0,,9700000000.0,0.0,0.0,0.0,63457000000.0,26242000000.0,37215000000.0,39568609116.0,414000000.0,-256000000.0,-1000000.0,630000000.0,-448000000.0,161000000.0,-1544000000.0,-473000000.0,1835000000.0,-38000000.0,-94000000.0,-94000000.0,-94000000.0,0.0,4000000.0,-0.009,2818000000.0,-175000000.0,5023000000.0,-7.0,2.672,15.752,16.066,16090000000.0,0.0,67.96,0.842,0.859,30507000000.0,29246000000.0,11030000000.0,11030000000.0,572000000.0,,,,,0.0,1255000000.0,1.0,582233801.0,594300000.0,601300000.0,18.56,68906000000.0,2489000000.0,-158000000.0,0.0,115.945,7266000000.0
23,CAT,MRQ,2015-09-30,2015-09-30,2015-09-30,2021-09-07,-6843000000.0,78969000000.0,,35280000000.0,43689000000.0,,27.016,-620000000.0,6046000000.0,6046000000.0,8014000000.0,562000000.0,1.366,3.963,37543000000.0,12335000000.0,25208000000.0,37543000000.0,0.0,758000000.0,1610000000.0,0.044,0.77,904000000.0,1662000000.0,0.152,1662000000.0,904000000.0,777000000.0,0.95,0.94,0.95,15896000000.0,,15896000000.0,69887063010.0,22.0,11.166,886000000.0,1.506,1.0,2948000000.0,0.269,9387000000.0,127000000.0,75246000000.0,,11150000000.0,231000000.0,0.0,231000000.0,63001000000.0,25833000000.0,37168000000.0,39388063010.0,-1775000000.0,-71000000.0,-1499000000.0,-342000000.0,-463000000.0,-2302000000.0,-882000000.0,-190000000.0,1506000000.0,-97000000.0,559000000.0,559000000.0,559000000.0,0.0,3000000.0,0.051,2023000000.0,925000000.0,5206000000.0,0.811,2.478,18.579,18.257,15955000000.0,0.0,65.36,0.784,0.766,30462000000.0,35191000000.0,10962000000.0,10962000000.0,513000000.0,,,,,0.0,1129000000.0,1.0,602632543.0,588400000.0,594800000.0,18.63,69582000000.0,3005000000.0,218000000.0,0.0,118.256,9447000000.0
24,CAT,MRQ,2015-06-30,2015-06-30,2015-06-30,2021-09-07,-6729000000.0,82242000000.0,,38227000000.0,44015000000.0,,28.336,-445000000.0,7821000000.0,7821000000.0,8822000000.0,803000000.0,1.493,3.808,38320000000.0,10875000000.0,27445000000.0,38320000000.0,0.0,761000000.0,1754000000.0,0.033,0.7,1262000000.0,2023000000.0,0.164,2023000000.0,1262000000.0,1137000000.0,1.33,1.31,1.33,17092000000.0,,17092000000.0,82413055496.0,22.0,11.937,1643000000.0,2.724,1.0,3495000000.0,0.284,9413000000.0,125000000.0,77722000000.0,,11681000000.0,229000000.0,0.0,229000000.0,65081000000.0,25606000000.0,39475000000.0,51201055496.0,258000000.0,-33000000.0,-124000000.0,-586000000.0,-422000000.0,-1131000000.0,-707000000.0,-192000000.0,2088000000.0,8000000.0,802000000.0,802000000.0,802000000.0,0.0,1000000.0,0.065,2162000000.0,1333000000.0,5862000000.0,0.526,2.996,19.861,19.772,16136000000.0,0.0,84.82,0.969,0.969,31413000000.0,34823000000.0,12317000000.0,12317000000.0,510000000.0,,,,,0.0,1318000000.0,1.0,603643663.0,603200000.0,610700000.0,20.419,72829000000.0,2914000000.0,335000000.0,0.0,120.738,12621000000.0
25,CAT,MRQ,2015-03-31,2015-03-31,2015-03-31,2021-09-07,-7101000000.0,82490000000.0,,38491000000.0,43999000000.0,,28.041,-659000000.0,7563000000.0,7563000000.0,8910000000.0,1248000000.0,1.449,3.859,38775000000.0,11972000000.0,26803000000.0,38775000000.0,0.0,753000000.0,1636000000.0,0.034,0.7,1895000000.0,2648000000.0,0.208,2648000000.0,1895000000.0,1766000000.0,2.06,2.03,2.06,16962000000.0,,16962000000.0,82190563558.0,20.0,11.403,611000000.0,1.01,1.0,3792000000.0,0.299,9383000000.0,129000000.0,77753000000.0,,12099000000.0,230000000.0,0.0,230000000.0,65452000000.0,26566000000.0,38886000000.0,50246563558.0,222000000.0,138000000.0,-368000000.0,160000000.0,-424000000.0,-622000000.0,-384000000.0,175000000.0,1270000000.0,-42000000.0,1245000000.0,1245000000.0,1245000000.0,0.0,3000000.0,0.098,2090000000.0,1702000000.0,6328000000.0,0.34,2.962,18.107,17.55,16277000000.0,0.0,80.03,0.92,0.886,31588000000.0,34998000000.0,12702000000.0,12702000000.0,524000000.0,,,,,0.0,1249000000.0,1.0,627846602.0,604900000.0,612700000.0,20.999,73107000000.0,2780000000.0,521000000.0,0.0,120.858,11925000000.0
26,CAT,MRQ,2014-12-31,2014-12-31,2014-12-31,2021-09-07,-6431000000.0,84681000000.0,,38867000000.0,45814000000.0,,27.132,-774000000.0,7341000000.0,7341000000.0,11604000000.0,-480000000.0,1.394,4.052,39285000000.0,11501000000.0,27784000000.0,39285000000.0,0.0,795000000.0,1697000000.0,0.028,0.7,-869000000.0,-74000000.0,-0.005,-74000000.0,-869000000.0,-995000000.0,-0.76,-0.74,-0.76,16746000000.0,,16746000000.0,88612158937.0,24.0,13.048,1097000000.0,1.777,1.0,2640000000.0,0.185,9770000000.0,126000000.0,78978000000.0,,12205000000.0,257000000.0,0.0,257000000.0,67855000000.0,27877000000.0,39978000000.0,55412158937.0,1259000000.0,-9000000.0,21000000.0,443000000.0,-423000000.0,63000000.0,-624000000.0,193000000.0,1871000000.0,-51000000.0,-486000000.0,-486000000.0,-486000000.0,0.0,6000000.0,-0.034,3591000000.0,-951000000.0,6515000000.0,-0.921,3.309,22.599,23.055,16577000000.0,0.0,91.53,1.004,1.024,32772000000.0,33887000000.0,14244000000.0,14244000000.0,823000000.0,,,,,0.0,2354000000.0,1.0,605398874.0,617200000.0,628900000.0,23.078,74911000000.0,3143000000.0,-509000000.0,0.0,121.372,10990000000.0
27,CAT,MRQ,2014-09-30,2014-09-30,2014-09-30,2021-09-07,-4357000000.0,84488000000.0,,39042000000.0,45446000000.0,,30.782,-608000000.0,6082000000.0,6082000000.0,9791000000.0,1021000000.0,1.415,3.485,39282000000.0,11102000000.0,28180000000.0,39282000000.0,0.0,798000000.0,2165000000.0,0.025,0.7,1509000000.0,2307000000.0,0.17,2307000000.0,1509000000.0,1381000000.0,1.66,1.63,1.66,18823000000.0,,18823000000.0,94491648996.0,16.0,10.297,1444000000.0,2.361,1.0,3758000000.0,0.277,10011000000.0,128000000.0,80088000000.0,,13328000000.0,265000000.0,0.0,265000000.0,65592000000.0,27589000000.0,38003000000.0,62175648996.0,-1845000000.0,54000000.0,-2476000000.0,-355000000.0,-440000000.0,-3240000000.0,-621000000.0,-80000000.0,2052000000.0,-36000000.0,1017000000.0,1017000000.0,1017000000.0,0.0,4000000.0,0.075,2366000000.0,1392000000.0,6778000000.0,0.422,3.303,15.777,15.719,16431000000.0,0.0,99.03,1.123,1.094,33176000000.0,33977000000.0,13549000000.0,13549000000.0,533000000.0,,,,,0.0,1446000000.0,1.0,627846602.0,611500000.0,622800000.0,22.157,74477000000.0,2131000000.0,364000000.0,0.0,121.794,11453000000.0
28,CAT,MRQ,2014-06-30,2014-06-30,2014-06-30,2021-09-07,-3683000000.0,87827000000.0,,41276000000.0,46551000000.0,,33.3,-538000000.0,7927000000.0,7927000000.0,10350000000.0,1002000000.0,1.388,3.208,40243000000.0,12936000000.0,27307000000.0,40243000000.0,0.0,789000000.0,2344000000.0,0.022,0.6,1538000000.0,2327000000.0,0.164,2327000000.0,1538000000.0,1418000000.0,1.6,1.57,1.6,20856000000.0,,20856000000.0,100581498022.0,17.0,11.15,1699000000.0,2.713,1.0,3800000000.0,0.269,10367000000.0,120000000.0,80035000000.0,,13055000000.0,259000000.0,0.0,259000000.0,66904000000.0,29741000000.0,37163000000.0,67835498022.0,2582000000.0,116000000.0,102000000.0,2042000000.0,-374000000.0,1832000000.0,-1434000000.0,-999000000.0,2237000000.0,-53000000.0,999000000.0,999000000.0,999000000.0,0.0,3000000.0,0.071,2325000000.0,1475000000.0,6860000000.0,0.375,3.253,17.529,17.757,16690000000.0,0.0,108.67,1.229,1.233,34190000000.0,32961000000.0,14150000000.0,14150000000.0,516000000.0,,,,,0.0,1437000000.0,1.0,624233901.0,626300000.0,638300000.0,22.593,77460000000.0,2200000000.0,419000000.0,0.0,123.679,11535000000.0
29,CAT,MRQ,2014-03-31,2014-03-31,2014-03-31,2021-09-07,-3801000000.0,84397000000.0,,37968000000.0,46429000000.0,,32.4,-555000000.0,5345000000.0,5345000000.0,9597000000.0,925000000.0,1.391,3.153,38091000000.0,11290000000.0,26801000000.0,38091000000.0,0.0,781000000.0,2500000000.0,0.023,0.6,1450000000.0,2231000000.0,0.168,2231000000.0,1450000000.0,1340000000.0,1.47,1.44,1.47,20305000000.0,,20305000000.0,96022509307.0,17.0,10.762,1342000000.0,2.141,1.0,3644000000.0,0.275,10495000000.0,110000000.0,79353000000.0,,12888000000.0,266000000.0,0.0,266000000.0,64028000000.0,27295000000.0,36733000000.0,64353509307.0,-736000000.0,8000000.0,-1646000000.0,314000000.0,-383000000.0,-1651000000.0,-948000000.0,-389000000.0,1897000000.0,-34000000.0,922000000.0,922000000.0,922000000.0,0.0,3000000.0,0.07,2246000000.0,1398000000.0,6731000000.0,0.408,3.169,16.798,16.562,16716000000.0,0.0,99.37,1.156,1.118,33889000000.0,32775000000.0,13241000000.0,13241000000.0,508000000.0,,,,,0.0,1292000000.0,1.0,647615068.0,626700000.0,639300000.0,21.128,73902000000.0,2101000000.0,418000000.0,0.0,117.922,10673000000.0
30,CAT,MRQ,2013-12-31,2013-12-31,2013-12-31,2021-09-07,-3898000000.0,84896000000.0,,38335000000.0,46561000000.0,,32.255,-1032000000.0,6081000000.0,6081000000.0,10716000000.0,1006000000.0,1.404,3.076,37750000000.0,11031000000.0,26719000000.0,37750000000.0,0.0,824000000.0,2360000000.0,0.019,0.6,1488000000.0,2312000000.0,0.161,2312000000.0,1488000000.0,1379000000.0,1.57,1.54,1.57,20811000000.0,,20811000000.0,90967487543.0,16.0,10.504,1548000000.0,2.399,1.0,3686000000.0,0.256,10552000000.0,109000000.0,78716000000.0,,12625000000.0,272000000.0,0.0,272000000.0,64018000000.0,27297000000.0,36721000000.0,57787487543.0,-276000000.0,195000000.0,51000000.0,-1576000000.0,-381000000.0,-1883000000.0,-968000000.0,-134000000.0,2580000000.0,-5000000.0,1003000000.0,1003000000.0,1003000000.0,0.0,3000000.0,0.07,2234000000.0,1452000000.0,6560000000.0,0.382,2.777,15.251,15.47,17075000000.0,0.0,90.81,1.038,1.053,33499000000.0,31854000000.0,14402000000.0,14402000000.0,467000000.0,,,,,0.0,1417000000.0,1.0,636355991.0,645200000.0,658600000.0,22.322,74344000000.0,2147000000.0,376000000.0,0.0,115.226,11038000000.0
31,CAT,MRQ,2013-09-30,2013-09-30,2013-09-30,2021-09-07,-6247000000.0,87272000000.0,,40088000000.0,47184000000.0,,28.328,-731000000.0,6357000000.0,6357000000.0,9952000000.0,950000000.0,1.377,3.815,39537000000.0,13522000000.0,26015000000.0,39537000000.0,0.0,779000000.0,2699000000.0,0.026,0.6,1372000000.0,2151000000.0,0.16,2151000000.0,1372000000.0,1256000000.0,1.48,1.45,1.48,18110000000.0,,18110000000.0,87452096671.0,17.0,10.774,2287000000.0,3.577,1.0,3471000000.0,0.259,10686000000.0,116000000.0,80647000000.0,,13392000000.0,278000000.0,0.0,278000000.0,69095000000.0,29119000000.0,39976000000.0,54011096671.0,247000000.0,-99000000.0,-979000000.0,-135000000.0,-388000000.0,-1496000000.0,-1278000000.0,-487000000.0,3018000000.0,3000000.0,946000000.0,946000000.0,946000000.0,0.0,4000000.0,0.07,2070000000.0,1401000000.0,6280000000.0,0.405,2.982,15.507,15.531,16588000000.0,0.0,83.4,0.942,0.93,33724000000.0,31614000000.0,13423000000.0,13423000000.0,469000000.0,,,,,0.0,1319000000.0,1.0,647615068.0,639300000.0,651900000.0,20.996,76586000000.0,3526000000.0,310000000.0,0.0,119.797,10969000000.0
32,CAT,MRQ,2013-06-30,2013-06-30,2013-06-30,2021-09-07,-6698000000.0,87375000000.0,,40805000000.0,46570000000.0,,27.113,-783000000.0,6110000000.0,6110000000.0,10958000000.0,965000000.0,1.364,3.955,39551000000.0,13871000000.0,25680000000.0,39551000000.0,0.0,761000000.0,2738000000.0,0.025,0.52,1467000000.0,2228000000.0,0.152,2228000000.0,1467000000.0,1347000000.0,1.48,1.45,1.48,17621000000.0,,17621000000.0,88739933196.0,14.0,9.576,2386000000.0,3.671,1.0,3663000000.0,0.251,10578000000.0,120000000.0,80319000000.0,,13889000000.0,288000000.0,0.0,288000000.0,69697000000.0,29919000000.0,39778000000.0,54235933196.0,128000000.0,-24000000.0,-952000000.0,-404000000.0,-342000000.0,-1677000000.0,-1341000000.0,-512000000.0,3169000000.0,-23000000.0,960000000.0,960000000.0,960000000.0,0.0,5000000.0,0.066,2106000000.0,1557000000.0,6343000000.0,0.351,3.078,12.804,12.71,16352000000.0,0.0,82.49,0.899,0.888,33812000000.0,30668000000.0,14621000000.0,14621000000.0,548000000.0,,,,,0.0,1421000000.0,1.0,657484946.0,649900000.0,662700000.0,22.497,76797000000.0,3693000000.0,387000000.0,0.0,118.167,10886000000.0
33,CAT,MRQ,2013-03-31,2013-03-31,2013-03-31,2021-09-07,-6669000000.0,88743000000.0,,42145000000.0,46598000000.0,,27.848,-1056000000.0,5982000000.0,5982000000.0,9828000000.0,882000000.0,1.455,3.854,40486000000.0,13246000000.0,27240000000.0,40486000000.0,0.0,723000000.0,2920000000.0,0.023,0.0,1246000000.0,1969000000.0,0.149,1969000000.0,1246000000.0,1126000000.0,1.34,1.31,1.34,18274000000.0,,18274000000.0,91467778491.0,12.0,8.787,368000000.0,0.561,1.0,3382000000.0,0.256,10715000000.0,120000000.0,83558000000.0,,15074000000.0,270000000.0,0.0,270000000.0,70425000000.0,28974000000.0,41451000000.0,56814778491.0,492000000.0,98000000.0,8000000.0,504000000.0,0.0,545000000.0,-1459000000.0,-455000000.0,1424000000.0,-18000000.0,880000000.0,880000000.0,880000000.0,0.0,2000000.0,0.067,2164000000.0,1218000000.0,6221000000.0,0.0,3.109,11.42,11.428,16276000000.0,0.0,86.97,0.9,0.904,34164000000.0,30438000000.0,13210000000.0,13210000000.0,562000000.0,,,,,0.0,1390000000.0,1.0,653268696.0,656200000.0,671600000.0,20.131,78028000000.0,3598000000.0,246000000.0,0.0,118.909,13171000000.0
34,CAT,MRQ,2012-12-31,2012-12-31,2012-12-31,2021-09-07,-6433000000.0,88970000000.0,,42138000000.0,46832000000.0,,26.865,-1273000000.0,5490000000.0,5490000000.0,12097000000.0,700000000.0,1.433,4.072,40143000000.0,12391000000.0,27752000000.0,40143000000.0,0.0,743000000.0,2638000000.0,0.028,1.04,1026000000.0,1769000000.0,0.11,1769000000.0,1026000000.0,911000000.0,1.07,1.03,1.07,17532000000.0,,17532000000.0,92761015447.0,11.0,8.074,693000000.0,1.062,1.0,3978000000.0,0.247,10958000000.0,115000000.0,83250000000.0,,15547000000.0,272000000.0,0.0,272000000.0,71388000000.0,29415000000.0,41973000000.0,58598015447.0,-199000000.0,114000000.0,11000000.0,363000000.0,-680000000.0,-285000000.0,-1838000000.0,-764000000.0,1966000000.0,-42000000.0,697000000.0,697000000.0,697000000.0,0.0,3000000.0,0.043,2940000000.0,1038000000.0,6753000000.0,0.972,3.342,10.315,10.288,16461000000.0,0.0,89.609,0.89,0.888,33911000000.0,29558000000.0,16075000000.0,16075000000.0,613000000.0,,,,,0.0,1591000000.0,1.0,653933672.0,652600000.0,669600000.0,24.632,78012000000.0,3558000000.0,214000000.0,0.0,119.54,12723000000.0
35,CAT,MRQ,2012-09-30,2012-09-30,2012-09-30,2021-09-07,-5988000000.0,90541000000.0,,44639000000.0,45902000000.0,,27.362,-934000000.0,5689000000.0,5689000000.0,11836000000.0,1702000000.0,1.406,4.06,39852000000.0,13326000000.0,26526000000.0,39852000000.0,0.0,720000000.0,3035000000.0,0.022,0.52,2581000000.0,3301000000.0,0.201,3301000000.0,2581000000.0,2452000000.0,2.6,2.54,2.6,17884000000.0,,17884000000.0,90420238604.0,9.0,7.242,306000000.0,0.468,1.0,4609000000.0,0.28,11538000000.0,129000000.0,81420000000.0,,17550000000.0,199000000.0,0.0,199000000.0,72605000000.0,31746000000.0,40859000000.0,56207238604.0,586000000.0,676000000.0,16000000.0,504000000.0,-339000000.0,190000000.0,-848000000.0,-634000000.0,1240000000.0,4000000.0,1699000000.0,1699000000.0,1699000000.0,0.0,3000000.0,0.103,2013000000.0,2596000000.0,7978000000.0,0.2,3.143,8.606,8.57,15509000000.0,0.0,86.04,0.838,0.839,33257000000.0,29541000000.0,16445000000.0,16445000000.0,634000000.0,,,,,0.0,1471000000.0,1.0,653268696.0,653600000.0,668700000.0,25.161,79003000000.0,3506000000.0,753000000.0,0.0,120.874,12893000000.0
36,CAT,MRQ,2012-06-30,2012-06-30,2012-06-30,2021-09-07,-6150000000.0,88838000000.0,,44294000000.0,44544000000.0,,24.393,-868000000.0,5103000000.0,5103000000.0,12478000000.0,1709000000.0,1.416,4.575,39316000000.0,12055000000.0,27261000000.0,39316000000.0,0.0,689000000.0,3132000000.0,0.022,0.46,2681000000.0,3370000000.0,0.194,3370000000.0,2681000000.0,2571000000.0,2.6,2.54,2.6,15926000000.0,,15926000000.0,88479012787.0,10.0,7.648,795000000.0,1.218,1.0,4896000000.0,0.282,11556000000.0,110000000.0,80222000000.0,,17344000000.0,124000000.0,0.0,124000000.0,72857000000.0,31273000000.0,41584000000.0,55390012787.0,2239000000.0,-146000000.0,18000000.0,3422000000.0,-300000000.0,2710000000.0,-1968000000.0,-954000000.0,1663000000.0,-166000000.0,1699000000.0,1699000000.0,1699000000.0,0.0,10000000.0,0.098,2280000000.0,2616000000.0,8470000000.0,0.177,3.478,9.273,9.229,14928000000.0,0.0,84.91,0.835,0.836,32584000000.0,27842000000.0,17374000000.0,17374000000.0,632000000.0,,,,,0.0,1517000000.0,1.0,652337920.0,652900000.0,669600000.0,26.611,77282000000.0,3717000000.0,872000000.0,0.0,118.367,13021000000.0
37,CAT,MRQ,2012-03-31,2012-03-31,2012-03-31,2021-09-07,-6033000000.0,83908000000.0,,40209000000.0,43699000000.0,,23.029,-884000000.0,2864000000.0,2864000000.0,11441000000.0,1611000000.0,1.394,4.572,35953000000.0,10762000000.0,25191000000.0,35953000000.0,0.0,661000000.0,2921000000.0,0.017,0.46,2388000000.0,3049000000.0,0.191,3049000000.0,2388000000.0,2275000000.0,2.44,2.37,2.44,14969000000.0,,14969000000.0,100353984619.0,13.0,9.818,-569000000.0,-0.875,1.0,4540000000.0,0.284,11368000000.0,113000000.0,76780000000.0,,16511000000.0,139000000.0,0.0,139000000.0,68437000000.0,28849000000.0,39588000000.0,68818984619.0,-193000000.0,-63000000.0,7000000.0,1145000000.0,-298000000.0,991000000.0,-1536000000.0,-627000000.0,315000000.0,37000000.0,1586000000.0,1586000000.0,1586000000.0,0.0,25000000.0,0.099,2217000000.0,2323000000.0,8360000000.0,0.189,4.597,13.012,13.038,14571000000.0,0.0,106.52,1.089,1.096,31632000000.0,26815000000.0,15981000000.0,15981000000.0,587000000.0,,,,,0.0,1340000000.0,1.0,646066322.0,650000000.0,670200000.0,24.586,72540000000.0,3583000000.0,689000000.0,0.0,111.6,11360000000.0
38,CAT,MRQ,2011-12-31,2011-12-31,2011-12-31,2021-09-07,-6328000000.0,81218000000.0,,37900000000.0,43318000000.0,,19.974,-993000000.0,3057000000.0,3057000000.0,12966000000.0,1562000000.0,1.337,5.264,34592000000.0,9648000000.0,24944000000.0,34592000000.0,0.0,695000000.0,2487000000.0,0.02,0.46,2070000000.0,2765000000.0,0.16,2765000000.0,2070000000.0,1963000000.0,2.4,2.33,2.4,12883000000.0,,12883000000.0,89643805431.0,13.0,9.366,449000000.0,0.696,1.0,4277000000.0,0.248,11448000000.0,107000000.0,72948000000.0,,14544000000.0,133000000.0,0.0,133000000.0,67816000000.0,28357000000.0,39459000000.0,58583805431.0,-172000000.0,-416000000.0,13000000.0,679000000.0,-297000000.0,407000000.0,-1977000000.0,-491000000.0,1442000000.0,-44000000.0,1547000000.0,1547000000.0,1547000000.0,0.0,15000000.0,0.09,2317000000.0,1960000000.0,8161000000.0,0.192,4.547,11.888,11.859,14395000000.0,0.0,90.6,0.974,0.972,30803000000.0,25219000000.0,17243000000.0,17243000000.0,604000000.0,,,,,0.0,1487000000.0,1.0,646620369.0,645000000.0,666100000.0,26.733,69770000000.0,3737000000.0,416000000.0,0.0,108.171,9543000000.0
39,CAT,MRQ,2011-09-30,2011-09-30,2011-09-30,2021-09-07,-4019000000.0,77767000000.0,,36864000000.0,40903000000.0,,21.902,-694000000.0,3229000000.0,3229000000.0,11666000000.0,1154000000.0,1.462,4.453,34289000000.0,7508000000.0,26781000000.0,34289000000.0,0.0,658000000.0,2745000000.0,0.024,0.46,1727000000.0,2385000000.0,0.152,2385000000.0,1727000000.0,1615000000.0,1.76,1.71,1.76,14162000000.0,,14162000000.0,71372537216.0,11.0,8.207,1527000000.0,2.362,1.0,4050000000.0,0.258,12307000000.0,112000000.0,71302000000.0,,14412000000.0,121000000.0,0.0,121000000.0,63063000000.0,25218000000.0,37845000000.0,47705537216.0,-7486000000.0,-7345000000.0,14000000.0,-1042000000.0,-297000000.0,-1316000000.0,-8264000000.0,-300000000.0,2221000000.0,-127000000.0,1141000000.0,1141000000.0,1141000000.0,0.0,13000000.0,0.073,2291000000.0,1759000000.0,7524000000.0,0.261,3.369,10.969,10.891,13397000000.0,0.0,73.84,0.856,0.857,30034000000.0,24251000000.0,15716000000.0,15716000000.0,584000000.0,,,,,0.0,1360000000.0,1.0,646066322.0,646600000.0,666000000.0,24.306,65460000000.0,1928000000.0,474000000.0,0.0,101.237,11646000000.0
40,CAT,MRQ,2011-06-30,2011-06-30,2011-06-30,2021-09-07,-3544000000.0,73611000000.0,,40755000000.0,32856000000.0,,20.745,-425000000.0,10715000000.0,10715000000.0,10512000000.0,1022000000.0,1.734,4.459,34382000000.0,8456000000.0,25926000000.0,34382000000.0,0.0,599000000.0,1823000000.0,0.017,0.44,1423000000.0,2022000000.0,0.142,2022000000.0,1423000000.0,1333000000.0,1.57,1.52,1.57,13391000000.0,,13391000000.0,93325362049.0,16.0,11.595,2104000000.0,3.259,1.0,3718000000.0,0.261,3385000000.0,90000000.0,70383000000.0,,11359000000.0,123000000.0,0.0,123000000.0,59715000000.0,23510000000.0,36205000000.0,68608362049.0,5846000000.0,-60000000.0,38000000.0,4250000000.0,-284000000.0,4038000000.0,-752000000.0,-199000000.0,2529000000.0,31000000.0,1015000000.0,1015000000.0,1015000000.0,0.0,7000000.0,0.071,2117000000.0,1601000000.0,6858000000.0,0.28,5.123,17.152,16.979,12430000000.0,0.0,106.46,1.342,1.344,29997000000.0,23081000000.0,14230000000.0,14230000000.0,584000000.0,,,,,0.0,1257000000.0,1.0,644452020.0,645500000.0,667200000.0,22.045,70226000000.0,3366000000.0,318000000.0,0.0,108.793,17245000000.0
41,CAT,MRQ,2011-03-31,2011-03-31,2011-03-31,2021-09-07,-3724000000.0,66387000000.0,,34608000000.0,31779000000.0,,19.69,-458000000.0,4869000000.0,4869000000.0,9260000000.0,1243000000.0,1.495,4.217,29586000000.0,9691000000.0,19895000000.0,29586000000.0,0.0,575000000.0,1728000000.0,0.016,0.44,1824000000.0,2399000000.0,0.185,2399000000.0,1824000000.0,1737000000.0,1.91,1.84,1.91,12629000000.0,,12629000000.0,95029102742.0,18.0,12.527,307000000.0,0.479,1.0,3689000000.0,0.285,3402000000.0,87000000.0,64555000000.0,,10676000000.0,140000000.0,0.0,140000000.0,53256000000.0,23147000000.0,30109000000.0,70203102742.0,1277000000.0,13000000.0,58000000.0,990000000.0,-281000000.0,890000000.0,-434000000.0,-19000000.0,765000000.0,56000000.0,1225000000.0,1225000000.0,1225000000.0,0.0,18000000.0,0.095,1856000000.0,1833000000.0,5990000000.0,0.23,5.559,19.015,19.132,12219000000.0,0.0,111.35,1.484,1.51,29348000000.0,22640000000.0,12949000000.0,12949000000.0,525000000.0,,,,,0.0,1099000000.0,1.0,630472409.0,641400000.0,664900000.0,20.189,62985000000.0,3307000000.0,512000000.0,0.0,98.199,11461000000.0
42,CAT,MRQ,2010-12-31,2010-12-31,2010-12-31,2021-09-07,-4051000000.0,64020000000.0,,31810000000.0,32210000000.0,,17.14,-553000000.0,3592000000.0,3592000000.0,9569000000.0,988000000.0,1.445,4.868,28418000000.0,7981000000.0,20437000000.0,28418000000.0,0.0,615000000.0,1831000000.0,0.018,0.44,1276000000.0,1891000000.0,0.148,1891000000.0,1276000000.0,1201000000.0,1.54,1.48,1.54,10824000000.0,,10824000000.0,85789264342.0,21.0,13.602,1509000000.0,2.39,1.0,3238000000.0,0.253,3419000000.0,75000000.0,63407000000.0,,9587000000.0,164000000.0,0.0,164000000.0,52695000000.0,22020000000.0,30675000000.0,59446264342.0,1327000000.0,-15000000.0,103000000.0,-228000000.0,-280000000.0,-341000000.0,-378000000.0,188000000.0,2062000000.0,-16000000.0,968000000.0,968000000.0,968000000.0,0.0,20000000.0,0.076,1947000000.0,1291000000.0,5856000000.0,0.286,5.492,22.017,21.883,12539000000.0,0.0,93.66,1.396,1.389,28849000000.0,21384000000.0,12807000000.0,12807000000.0,543000000.0,,,,,0.0,1109000000.0,1.0,634702801.0,631500000.0,650400000.0,20.28,60601000000.0,3424000000.0,233000000.0,0.0,95.964,9790000000.0
43,CAT,MRQ,2010-09-30,2010-09-30,2010-09-30,2021-09-07,-4412000000.0,61642000000.0,,28577000000.0,33065000000.0,,15.55,-295000000.0,2265000000.0,2265000000.0,7979000000.0,801000000.0,1.416,5.216,28608000000.0,8271000000.0,20337000000.0,28608000000.0,0.0,565000000.0,1470000000.0,0.022,0.44,1172000000.0,1737000000.0,0.156,1737000000.0,1172000000.0,1087000000.0,1.25,1.22,1.25,9837000000.0,,9837000000.0,75161569140.0,25.0,14.054,741000000.0,1.171,1.0,3155000000.0,0.283,3458000000.0,85000000.0,64349000000.0,,9006000000.0,160000000.0,0.0,160000000.0,51310000000.0,20178000000.0,31132000000.0,49605569140.0,-1332000000.0,-941000000.0,109000000.0,-1262000000.0,-277000000.0,-1486000000.0,-942000000.0,170000000.0,1036000000.0,60000000.0,792000000.0,792000000.0,792000000.0,0.0,9000000.0,0.071,1968000000.0,1187000000.0,4970000000.0,0.352,5.043,25.257,25.218,12065000000.0,0.0,78.68,1.317,1.321,28250000000.0,20955000000.0,11134000000.0,11134000000.0,510000000.0,,,,,0.0,1148000000.0,1.0,630472409.0,632600000.0,651600000.0,17.6,58184000000.0,3916000000.0,295000000.0,0.0,91.976,8399000000.0
44,CAT,MRQ,2010-06-30,2010-06-30,2010-06-30,2021-09-07,-4045000000.0,58793000000.0,,27376000000.0,31417000000.0,,14.584,-84000000.0,3597000000.0,3597000000.0,7606000000.0,733000000.0,1.384,5.344,29153000000.0,8927000000.0,20226000000.0,29153000000.0,0.0,562000000.0,1404000000.0,0.028,0.42,997000000.0,1559000000.0,0.15,1559000000.0,997000000.0,916000000.0,1.12,1.09,1.12,9185000000.0,,9185000000.0,64340665818.0,30.0,14.21,1111000000.0,1.764,1.0,2803000000.0,0.269,2777000000.0,81000000.0,61788000000.0,,7339000000.0,154000000.0,0.0,154000000.0,49089000000.0,19784000000.0,29305000000.0,37708665818.0,59000000.0,-67000000.0,58000000.0,-669000000.0,-265000000.0,-850000000.0,-220000000.0,-42000000.0,1195000000.0,-66000000.0,707000000.0,707000000.0,707000000.0,0.0,26000000.0,0.068,1826000000.0,977000000.0,3975000000.0,0.375,4.105,23.927,23.837,11763000000.0,0.0,60.07,1.114,1.118,27169000000.0,20133000000.0,10409000000.0,10409000000.0,450000000.0,,,,,0.0,1059000000.0,1.0,627745394.0,629800000.0,647000000.0,16.527,56016000000.0,3505000000.0,209000000.0,0.0,88.943,7592000000.0
45,CAT,MRQ,2010-03-31,2010-03-31,2010-03-31,2021-09-07,-3886000000.0,58836000000.0,,26412000000.0,32424000000.0,,14.275,-185000000.0,3538000000.0,3538000000.0,6127000000.0,236000000.0,1.434,5.52,30170000000.0,8622000000.0,21548000000.0,30170000000.0,0.0,554000000.0,1367000000.0,0.027,0.42,566000000.0,1120000000.0,0.136,1120000000.0,566000000.0,464000000.0,0.37,0.36,0.37,8942000000.0,,8942000000.0,65812299115.0,39.0,16.343,531000000.0,0.848,1.0,2111000000.0,0.256,2772000000.0,102000000.0,64279000000.0,,6990000000.0,133000000.0,0.0,133000000.0,49362000000.0,18417000000.0,30945000000.0,39048299115.0,-1329000000.0,-103000000.0,26000000.0,-1687000000.0,-262000000.0,-1936000000.0,-55000000.0,200000000.0,716000000.0,-54000000.0,233000000.0,233000000.0,233000000.0,0.0,3000000.0,0.028,1603000000.0,508000000.0,3431000000.0,1.135,4.367,31.491,31.269,12057000000.0,0.0,62.85,1.243,1.253,27070000000.0,19941000000.0,8238000000.0,8238000000.0,402000000.0,,,,,0.0,932000000.0,1.0,621293542.0,626400000.0,643500000.0,13.151,56064000000.0,3711000000.0,231000000.0,0.0,89.502,7995000000.0
46,CAT,MRQ,2009-12-31,2009-12-31,2009-12-31,2021-09-07,-3764000000.0,60038000000.0,,27217000000.0,32821000000.0,,14.207,-531000000.0,4867000000.0,4867000000.0,6090000000.0,206000000.0,1.434,5.805,31631000000.0,9784000000.0,21847000000.0,31631000000.0,0.0,703000000.0,1217000000.0,0.029,0.42,229000000.0,932000000.0,0.118,932000000.0,229000000.0,141000000.0,0.38,0.38,0.38,8740000000.0,,8740000000.0,63417243473.0,63.0,18.931,1450000000.0,2.357,1.0,1808000000.0,0.229,2734000000.0,88000000.0,65093000000.0,,6360000000.0,105000000.0,0.0,105000000.0,50738000000.0,18975000000.0,31763000000.0,35489243473.0,679000000.0,-10000000.0,39000000.0,-647000000.0,-263000000.0,-868000000.0,-434000000.0,146000000.0,1981000000.0,0.0,232000000.0,232000000.0,232000000.0,0.0,-26000000.0,0.029,1680000000.0,128000000.0,2993000000.0,1.105,4.061,39.653,39.303,12386000000.0,0.0,56.99,1.095,1.082,27162000000.0,19711000000.0,7898000000.0,7898000000.0,355000000.0,,,,,0.0,942000000.0,1.0,622727557.0,615200000.0,626000000.0,12.838,57304000000.0,3930000000.0,-91000000.0,0.0,93.147,8242000000.0
47,CAT,MRQ,2009-09-30,2009-09-30,2009-09-30,2021-09-07,-4740000000.0,60838000000.0,,26223000000.0,34615000000.0,,12.815,-269000000.0,4188000000.0,4188000000.0,5511000000.0,392000000.0,1.46,6.56,32116000000.0,9047000000.0,23069000000.0,32116000000.0,0.0,561000000.0,1283000000.0,0.033,0.42,356000000.0,917000000.0,0.126,917000000.0,356000000.0,265000000.0,0.65,0.64,0.65,7976000000.0,,7976000000.0,61195997511.0,50.0,18.1,1446000000.0,2.323,1.0,1787000000.0,0.245,2746000000.0,91000000.0,68063000000.0,,6815000000.0,101000000.0,0.0,101000000.0,52325000000.0,17957000000.0,34368000000.0,31890997511.0,197000000.0,-9000000.0,19000000.0,-1727000000.0,-261000000.0,-1963000000.0,432000000.0,746000000.0,1715000000.0,13000000.0,404000000.0,404000000.0,404000000.0,0.0,-12000000.0,0.055,1510000000.0,277000000.0,2714000000.0,0.646,3.998,24.087,23.546,12250000000.0,0.0,51.33,0.852,0.854,27631000000.0,20026000000.0,7298000000.0,7298000000.0,327000000.0,,,,,0.0,907000000.0,1.0,621293542.0,622400000.0,635500000.0,11.726,58092000000.0,4546000000.0,-139000000.0,0.0,93.335,8266000000.0
48,CAT,MRQ,2009-06-30,2009-06-30,2009-06-30,2021-09-07,-4906000000.0,62092000000.0,,27383000000.0,34709000000.0,,11.891,-193000000.0,3991000000.0,3991000000.0,6024000000.0,360000000.0,1.405,7.455,33296000000.0,9738000000.0,23558000000.0,33296000000.0,0.0,538000000.0,1546000000.0,0.051,0.42,520000000.0,1058000000.0,0.133,1058000000.0,520000000.0,411000000.0,0.61,0.6,0.61,7275000000.0,,7275000000.0,51205487860.0,23.0,11.944,1715000000.0,2.803,1.0,1951000000.0,0.245,2749000000.0,109000000.0,69158000000.0,,7160000000.0,92000000.0,0.0,92000000.0,54236000000.0,19490000000.0,34746000000.0,19880487860.0,425000000.0,0.0,31000000.0,-1624000000.0,-252000000.0,-1849000000.0,345000000.0,614000000.0,1908000000.0,21000000.0,371000000.0,371000000.0,371000000.0,0.0,-11000000.0,0.047,1604000000.0,347000000.0,2682000000.0,0.689,2.733,11.119,11.162,12226000000.0,0.0,33.04,0.461,0.469,28949000000.0,19579000000.0,7975000000.0,7975000000.0,351000000.0,,,,,0.0,914000000.0,1.0,601709681.0,611800000.0,619800000.0,13.035,59343000000.0,4417000000.0,40000000.0,0.0,96.997,7893000000.0
49,CAT,MRQ,2009-03-31,2009-03-31,2009-03-31,2021-09-07,-5332000000.0,64440000000.0,,29672000000.0,34768000000.0,,10.354,-237000000.0,3566000000.0,3566000000.0,7306000000.0,-131000000.0,1.343,9.238,34891000000.0,11425000000.0,23466000000.0,34891000000.0,0.0,534000000.0,1700000000.0,0.058,0.42,-91000000.0,443000000.0,0.048,443000000.0,-91000000.0,-192000000.0,-0.19,-0.19,-0.19,6234000000.0,,6234000000.0,49818704449.0,15.0,9.366,658000000.0,1.093,1.0,1919000000.0,0.208,2748000000.0,101000000.0,70928000000.0,,7992000000.0,92000000.0,0.0,92000000.0,57591000000.0,22089000000.0,35502000000.0,17019704449.0,830000000.0,0.0,0.0,-282000000.0,-253000000.0,-535000000.0,503000000.0,717000000.0,895000000.0,-33000000.0,-112000000.0,-112000000.0,-112000000.0,0.0,-19000000.0,-0.012,2094000000.0,-175000000.0,3340000000.0,-2.211,2.73,6.746,6.737,12342000000.0,0.0,27.96,0.349,0.345,30698000000.0,19694000000.0,9225000000.0,9225000000.0,388000000.0,,,,,0.0,882000000.0,1.0,608716182.0,602100000.0,602100000.0,15.321,61692000000.0,4519000000.0,-80000000.0,0.0,102.461,7583000000.0
50,CAT,MRQ,2008-12-31,2008-12-31,2008-12-31,2021-09-07,-5579000000.0,67782000000.0,,31885000000.0,35897000000.0,,9.971,-1214000000.0,2736000000.0,2736000000.0,10365000000.0,663000000.0,1.244,10.033,35535000000.0,12701000000.0,22834000000.0,35535000000.0,0.0,527000000.0,1898000000.0,0.035,0.42,436000000.0,963000000.0,0.075,963000000.0,436000000.0,365000000.0,1.11,1.08,1.11,6087000000.0,,6087000000.0,58972455499.0,12.0,8.719,178000000.0,0.292,1.0,2558000000.0,0.198,2772000000.0,71000000.0,72184000000.0,,8781000000.0,94000000.0,0.0,94000000.0,61068000000.0,25625000000.0,35443000000.0,26946455499.0,598000000.0,22000000.0,-77000000.0,787000000.0,-253000000.0,458000000.0,-1424000000.0,-313000000.0,1392000000.0,172000000.0,661000000.0,661000000.0,661000000.0,0.0,2000000.0,0.051,2101000000.0,457000000.0,4827000000.0,0.378,4.427,7.576,7.662,12524000000.0,0.0,44.67,0.525,0.531,33871000000.0,19826000000.0,12923000000.0,12923000000.0,507000000.0,,,,,0.0,1305000000.0,1.0,603233837.0,610500000.0,627900000.0,21.168,65010000000.0,4534000000.0,-296000000.0,0.0,106.486,6260000000.0
51,CAT,MRQ,2008-09-30,2008-09-30,2008-09-30,2021-09-07,-1912000000.0,64229000000.0,,30524000000.0,33705000000.0,,15.89,-626000000.0,2138000000.0,2138000000.0,9995000000.0,876000000.0,1.116,5.611,34164000000.0,14370000000.0,19794000000.0,34164000000.0,0.0,501000000.0,1946000000.0,0.025,0.42,1322000000.0,1823000000.0,0.14,1823000000.0,1322000000.0,1263000000.0,1.43,1.39,1.43,9645000000.0,,9645000000.0,66493484447.0,12.0,8.678,749000000.0,1.234,1.0,2986000000.0,0.23,2770000000.0,59000000.0,66125000000.0,,9290000000.0,100000000.0,0.0,100000000.0,54120000000.0,27360000000.0,26760000000.0,36279484447.0,1356000000.0,-28000000.0,-342000000.0,2543000000.0,-256000000.0,1937000000.0,-1916000000.0,-1322000000.0,1375000000.0,-40000000.0,868000000.0,868000000.0,868000000.0,0.0,8000000.0,0.067,1813000000.0,1173000000.0,5149000000.0,0.294,3.761,9.372,9.506,11817000000.0,0.0,59.6,0.718,0.716,33383000000.0,19673000000.0,12981000000.0,12981000000.0,437000000.0,,,,,0.0,1061000000.0,1.0,608716182.0,607000000.0,624800000.0,21.386,61459000000.0,2176000000.0,395000000.0,0.0,101.25,3164000000.0
52,CAT,MRQ,2008-06-30,2008-06-30,2008-06-30,2021-09-07,-1615000000.0,60453000000.0,,27858000000.0,32595000000.0,,15.416,-541000000.0,782000000.0,782000000.0,10315000000.0,1114000000.0,1.055,5.384,30996000000.0,13353000000.0,17643000000.0,30996000000.0,0.0,480000000.0,1814000000.0,0.02,0.36,1610000000.0,2090000000.0,0.153,2090000000.0,1610000000.0,1540000000.0,1.8,1.74,1.8,9470000000.0,,9470000000.0,74410276517.0,13.0,9.686,658000000.0,1.071,1.0,3309000000.0,0.243,2486000000.0,70000000.0,61787000000.0,,8303000000.0,641000000.0,0.0,641000000.0,50983000000.0,26394000000.0,24589000000.0,45382276517.0,5000000.0,-92000000.0,-581000000.0,1281000000.0,-221000000.0,519000000.0,-1710000000.0,-941000000.0,1199000000.0,-3000000.0,1106000000.0,1106000000.0,1106000000.0,0.0,8000000.0,0.081,1784000000.0,1525000000.0,5357000000.0,0.2,4.792,11.548,11.736,10394000000.0,0.0,73.82,0.926,0.925,32822000000.0,18918000000.0,13624000000.0,13624000000.0,415000000.0,,,,,0.0,1074000000.0,1.0,614769392.0,614300000.0,635500000.0,22.178,57967000000.0,2389000000.0,434000000.0,0.0,94.363,1464000000.0
53,CAT,MRQ,2008-03-31,2008-03-31,2008-03-31,2021-09-07,-1710000000.0,58204000000.0,,26907000000.0,31297000000.0,,14.928,-523000000.0,777000000.0,777000000.0,8893000000.0,932000000.0,1.107,5.314,29805000000.0,12151000000.0,17654000000.0,29805000000.0,0.0,472000000.0,1651000000.0,0.018,0.36,1416000000.0,1888000000.0,0.16,1888000000.0,1416000000.0,1342000000.0,1.49,1.45,1.49,9218000000.0,,9218000000.0,77346459120.0,14.0,10.571,183000000.0,0.296,1.0,2903000000.0,0.246,2417000000.0,74000000.0,60499000000.0,,8082000000.0,563000000.0,0.0,563000000.0,48986000000.0,24316000000.0,24670000000.0,50039459120.0,-345000000.0,-19000000.0,-703000000.0,954000000.0,-223000000.0,41000000.0,-1121000000.0,-771000000.0,706000000.0,29000000.0,922000000.0,922000000.0,922000000.0,0.0,10000000.0,0.078,1610000000.0,1293000000.0,5156000000.0,0.242,5.428,13.721,13.568,10050000000.0,0.0,78.29,1.071,1.034,31530000000.0,18289000000.0,11796000000.0,11796000000.0,369000000.0,,,,,0.0,959000000.0,1.0,639155181.0,617500000.0,637900000.0,19.103,55787000000.0,2253000000.0,420000000.0,0.0,90.343,2591000000.0
54,CAT,MRQ,2007-12-31,2007-12-31,2007-12-31,2021-09-07,-1808000000.0,56132000000.0,,25477000000.0,30655000000.0,,13.919,-994000000.0,1122000000.0,1122000000.0,9213000000.0,1012000000.0,1.145,5.306,28429000000.0,10600000000.0,17829000000.0,28429000000.0,0.0,496000000.0,1442000000.0,0.018,0.36,1365000000.0,1861000000.0,0.153,1861000000.0,1365000000.0,1305000000.0,1.55,1.5,1.55,8883000000.0,,8883000000.0,72690275450.0,14.0,10.222,1531000000.0,2.399,1.0,2931000000.0,0.241,2438000000.0,60000000.0,58756000000.0,,7204000000.0,598000000.0,0.0,598000000.0,47136000000.0,22245000000.0,24891000000.0,46145275450.0,212000000.0,-99000000.0,-959000000.0,645000000.0,-228000000.0,-550000000.0,-1797000000.0,-1119000000.0,2525000000.0,34000000.0,975000000.0,975000000.0,975000000.0,0.0,37000000.0,0.08,1676000000.0,1255000000.0,4723000000.0,0.232,5.195,13.032,13.074,9997000000.0,0.0,72.56,1.026,1.03,29899000000.0,17398000000.0,12144000000.0,12144000000.0,357000000.0,,,,,0.0,1025000000.0,1.0,635960246.0,638200000.0,659500000.0,19.029,53694000000.0,2369000000.0,330000000.0,0.0,84.134,3232000000.0
55,CAT,MRQ,2007-09-30,2007-09-30,2007-09-30,2021-09-07,-2481000000.0,54799000000.0,,24922000000.0,29877000000.0,,13.486,-643000000.0,910000000.0,910000000.0,8559000000.0,927000000.0,1.183,5.366,27455000000.0,10302000000.0,17153000000.0,27455000000.0,0.0,452000000.0,1435000000.0,0.016,0.36,1391000000.0,1843000000.0,0.161,1843000000.0,1391000000.0,1322000000.0,1.45,1.4,1.45,8608000000.0,,8608000000.0,77122940846.0,15.0,11.285,1551000000.0,2.43,1.0,2883000000.0,0.252,2393000000.0,69000000.0,57878000000.0,,7187000000.0,551000000.0,0.0,551000000.0,46191000000.0,21073000000.0,25118000000.0,50128940846.0,348000000.0,44000000.0,-380000000.0,-683000000.0,-231000000.0,-1248000000.0,-590000000.0,-42000000.0,2194000000.0,-8000000.0,927000000.0,927000000.0,927000000.0,0.0,0.0,0.081,1570000000.0,1313000000.0,4426000000.0,0.248,5.824,14.539,14.632,9436000000.0,0.0,78.43,1.144,1.143,28781000000.0,16877000000.0,11442000000.0,11442000000.0,357000000.0,,,,,0.0,938000000.0,1.0,639155181.0,638300000.0,660000000.0,17.926,52406000000.0,2846000000.0,395000000.0,0.0,82.102,3849000000.0
56,CAT,MRQ,2007-06-30,2007-06-30,2007-06-30,2021-09-07,-2621000000.0,53506000000.0,,24130000000.0,29376000000.0,,12.226,-597000000.0,562000000.0,562000000.0,8579000000.0,823000000.0,1.218,5.833,27556000000.0,9601000000.0,17955000000.0,27556000000.0,0.0,437000000.0,1275000000.0,0.015,0.3,1288000000.0,1725000000.0,0.152,1725000000.0,1288000000.0,1208000000.0,1.28,1.24,1.28,7831000000.0,,7831000000.0,76891998892.0,16.0,11.679,1290000000.0,2.014,1.0,2777000000.0,0.245,2404000000.0,80000000.0,58291000000.0,,7106000000.0,551000000.0,0.0,551000000.0,45675000000.0,19805000000.0,25870000000.0,50142998892.0,-45000000.0,-21000000.0,-356000000.0,-62000000.0,-193000000.0,-540000000.0,-1394000000.0,-921000000.0,1887000000.0,2000000.0,823000000.0,823000000.0,823000000.0,0.0,0.0,0.072,1564000000.0,1213000000.0,4130000000.0,0.234,6.403,15.241,15.383,9127000000.0,0.0,78.3,1.169,1.169,28073000000.0,15951000000.0,11356000000.0,11356000000.0,350000000.0,,,,,0.0,968000000.0,1.0,640395899.0,640500000.0,662800000.0,17.73,51102000000.0,3166000000.0,385000000.0,0.0,79.785,4325000000.0
57,CAT,MRQ,2007-03-31,2007-03-31,2007-03-31,2021-09-07,-2787000000.0,52248000000.0,,23958000000.0,28290000000.0,,11.635,-398000000.0,607000000.0,607000000.0,7407000000.0,816000000.0,1.201,5.974,27356000000.0,10339000000.0,17017000000.0,27356000000.0,0.0,412000000.0,1081000000.0,0.017,0.3,1270000000.0,1682000000.0,0.168,1682000000.0,1270000000.0,1191000000.0,1.27,1.23,1.27,7492000000.0,,7492000000.0,70720820145.0,14.0,10.367,951000000.0,1.477,1.0,2609000000.0,0.26,2400000000.0,79000000.0,56647000000.0,,7131000000.0,554000000.0,0.0,554000000.0,44756000000.0,19950000000.0,24806000000.0,43954820145.0,77000000.0,-153000000.0,-438000000.0,-46000000.0,-193000000.0,-651000000.0,-627000000.0,-216000000.0,1349000000.0,6000000.0,816000000.0,816000000.0,816000000.0,0.0,0.0,0.081,1469000000.0,1140000000.0,4044000000.0,0.236,5.867,12.512,12.436,8892000000.0,0.0,67.03,1.043,1.024,27220000000.0,15550000000.0,10016000000.0,10016000000.0,340000000.0,,,,,0.0,890000000.0,1.0,655748473.0,643900000.0,665200000.0,15.555,49848000000.0,2968000000.0,375000000.0,0.0,77.416,4008000000.0
58,CAT,MRQ,2006-12-31,2006-12-31,2006-12-31,2021-09-07,-2847000000.0,51449000000.0,,23663000000.0,27786000000.0,,10.413,-840000000.0,530000000.0,530000000.0,8240000000.0,882000000.0,1.194,6.501,27296000000.0,9616000000.0,17680000000.0,27296000000.0,0.0,382000000.0,921000000.0,0.018,0.3,1202000000.0,1584000000.0,0.144,1584000000.0,1202000000.0,1134000000.0,1.36,1.31,1.36,6859000000.0,,6859000000.0,66755279290.0,13.0,9.791,1393000000.0,2.115,1.0,2763000000.0,0.251,2291000000.0,68000000.0,56102000000.0,,6351000000.0,562000000.0,0.0,562000000.0,44590000000.0,19822000000.0,24768000000.0,39897279290.0,-23000000.0,-1000000.0,-319000000.0,-259000000.0,-195000000.0,-763000000.0,-1511000000.0,-792000000.0,2233000000.0,18000000.0,882000000.0,882000000.0,882000000.0,0.0,0.0,0.08,1617000000.0,1146000000.0,4085000000.0,0.221,5.817,11.28,11.421,8851000000.0,0.0,61.33,0.961,0.973,27802000000.0,14593000000.0,11003000000.0,11003000000.0,368000000.0,,,,,0.0,1016000000.0,1.0,650534474.0,658700000.0,683800000.0,16.704,49158000000.0,2682000000.0,252000000.0,0.0,74.629,3841000000.0
59,CAT,MRQ,2006-09-30,2006-09-30,2006-09-30,2021-09-07,-482000000.0,50483000000.0,,24096000000.0,26387000000.0,,13.821,-498000000.0,553000000.0,553000000.0,7876000000.0,769000000.0,1.29,4.592,27411000000.0,9266000000.0,18145000000.0,27411000000.0,0.0,418000000.0,742000000.0,0.016,0.3,1175000000.0,1593000000.0,0.151,1593000000.0,1175000000.0,1103000000.0,1.18,1.14,1.18,9028000000.0,,9028000000.0,69792249523.0,13.0,10.3,1147000000.0,1.756,1.0,2641000000.0,0.251,2523000000.0,72000000.0,56133000000.0,,6411000000.0,606000000.0,0.0,606000000.0,41455000000.0,18685000000.0,22770000000.0,43148249523.0,-95000000.0,-93000000.0,-413000000.0,15000000.0,-196000000.0,-582000000.0,-1136000000.0,-579000000.0,1645000000.0,-22000000.0,769000000.0,769000000.0,769000000.0,0.0,0.0,0.073,1563000000.0,1078000000.0,3857000000.0,0.254,4.779,12.325,12.486,8424000000.0,0.0,65.8,1.074,1.07,26542000000.0,14100000000.0,10517000000.0,10517000000.0,329000000.0,,,,,0.0,988000000.0,1.0,655748473.0,653200000.0,677200000.0,16.101,47960000000.0,1389000000.0,334000000.0,1800000000.0,73.423,5411000000.0
60,CAT,MRQ,2006-06-30,2006-06-30,2006-06-30,2021-09-07,-477000000.0,49905000000.0,,24331000000.0,25574000000.0,,13.039,-488000000.0,648000000.0,648000000.0,7672000000.0,1046000000.0,1.152,4.781,27292000000.0,11353000000.0,15939000000.0,27292000000.0,0.0,402000000.0,677000000.0,0.013,0.25,1561000000.0,1963000000.0,0.185,1963000000.0,1561000000.0,1495000000.0,1.58,1.52,1.58,8633000000.0,,8633000000.0,74936043592.0,15.0,11.371,926000000.0,1.399,1.0,2933000000.0,0.277,2489000000.0,66000000.0,52933000000.0,,6254000000.0,571000000.0,0.0,571000000.0,41272000000.0,21127000000.0,20145000000.0,49874043592.0,-158000000.0,-415000000.0,-1577000000.0,942000000.0,-167000000.0,-756000000.0,-834000000.0,19000000.0,1414000000.0,18000000.0,1046000000.0,1046000000.0,1046000000.0,0.0,0.0,0.099,1454000000.0,1479000000.0,3936000000.0,0.158,5.777,14.673,14.69,8281000000.0,0.0,74.48,1.291,1.276,26671000000.0,13330000000.0,10605000000.0,10605000000.0,343000000.0,,,,,0.0,881000000.0,1.0,669630016.0,662100000.0,688500000.0,16.017,47416000000.0,1060000000.0,449000000.0,1600000000.0,71.615,3204000000.0
61,CAT,MRQ,2006-03-31,2006-03-31,2006-03-31,2021-09-07,-556000000.0,47957000000.0,,23634000000.0,24323000000.0,,13.336,-277000000.0,806000000.0,806000000.0,6784000000.0,840000000.0,1.2,4.351,25868000000.0,10498000000.0,15370000000.0,25868000000.0,0.0,400000000.0,520000000.0,0.013,0.25,1278000000.0,1678000000.0,0.179,1678000000.0,1278000000.0,1210000000.0,1.25,1.2,1.25,8962000000.0,,8962000000.0,72811974996.0,16.0,11.861,230000000.0,0.342,1.0,2608000000.0,0.278,1864000000.0,68000000.0,51456000000.0,,5858000000.0,546000000.0,0.0,546000000.0,38995000000.0,19699000000.0,19296000000.0,48174974996.0,-302000000.0,-4000000.0,-485000000.0,60000000.0,-168000000.0,-492000000.0,-315000000.0,-151000000.0,507000000.0,-2000000.0,840000000.0,840000000.0,840000000.0,0.0,0.0,0.089,1390000000.0,1218000000.0,3661000000.0,0.2,5.375,15.475,15.577,7884000000.0,0.0,71.81,1.288,1.291,25990000000.0,12648000000.0,9392000000.0,9392000000.0,307000000.0,,,,,0.0,821000000.0,1.0,670867219.0,672000000.0,699100000.0,13.976,46093000000.0,1105000000.0,370000000.0,1637000000.0,68.591,3935000000.0
62,CAT,MRQ,2005-12-31,2005-12-31,2005-12-31,2021-09-07,-598000000.0,47553000000.0,,23185000000.0,24368000000.0,,12.429,-551000000.0,1108000000.0,1108000000.0,7123000000.0,846000000.0,1.199,4.64,25745000000.0,10068000000.0,15677000000.0,25745000000.0,0.0,364000000.0,454000000.0,0.016,0.25,1178000000.0,1542000000.0,0.16,1542000000.0,1178000000.0,1116000000.0,1.26,1.21,1.26,8432000000.0,,8432000000.0,63360644641.0,15.0,11.094,432000000.0,0.637,1.0,2540000000.0,0.263,1875000000.0,62000000.0,50983000000.0,,5224000000.0,565000000.0,0.0,565000000.0,39121000000.0,19332000000.0,19789000000.0,39295644641.0,141000000.0,-1000000.0,-575000000.0,854000000.0,-169000000.0,110000000.0,-861000000.0,-888000000.0,983000000.0,-91000000.0,846000000.0,846000000.0,846000000.0,0.0,0.0,0.088,1473000000.0,1067000000.0,3412000000.0,0.198,4.66,13.769,13.722,7988000000.0,0.0,57.77,1.081,1.078,25686000000.0,11808000000.0,9663000000.0,9663000000.0,290000000.0,,,,,0.0,882000000.0,1.0,680208493.0,678400000.0,705800000.0,14.244,45678000000.0,1112000000.0,270000000.0,0.0,67.332,3853000000.0
63,CAT,MRQ,2005-09-30,2005-09-30,2005-09-30,2021-09-07,-688000000.0,45865000000.0,,21362000000.0,24503000000.0,,12.363,-521000000.0,967000000.0,967000000.0,6744000000.0,667000000.0,1.133,4.465,25032000000.0,10048000000.0,14984000000.0,25032000000.0,0.0,369000000.0,554000000.0,0.015,0.25,1038000000.0,1407000000.0,0.157,1407000000.0,1038000000.0,970000000.0,0.98,0.94,0.98,8392000000.0,,8392000000.0,63488677538.0,17.0,11.984,613000000.0,0.903,1.0,2233000000.0,0.249,1913000000.0,68000000.0,49164000000.0,,5469000000.0,563000000.0,0.0,563000000.0,37473000000.0,18853000000.0,18620000000.0,39760677538.0,218000000.0,-4000000.0,-66000000.0,465000000.0,-169000000.0,230000000.0,-1145000000.0,-657000000.0,1134000000.0,-1000000.0,667000000.0,667000000.0,667000000.0,0.0,0.0,0.074,1293000000.0,940000000.0,3425000000.0,0.255,4.738,15.538,15.688,7817000000.0,0.0,58.75,1.128,1.131,24273000000.0,11298000000.0,8977000000.0,8977000000.0,285000000.0,,,,,0.0,775000000.0,1.0,676777490.0,678800000.0,710700000.0,13.225,43952000000.0,1288000000.0,303000000.0,1392000000.0,64.75,2509000000.0
64,CAT,MRQ,2005-06-30,2005-06-30,2005-06-30,2021-09-07,-666000000.0,44823000000.0,,20994000000.0,23829000000.0,,11.359,-434000000.0,749000000.0,749000000.0,7074000000.0,760000000.0,1.221,4.817,24477000000.0,8620000000.0,15857000000.0,24477000000.0,0.0,372000000.0,536000000.0,0.017,0.205,1140000000.0,1512000000.0,0.162,1512000000.0,1140000000.0,1075000000.0,1.12,1.08,1.12,7705000000.0,,7705000000.0,56483907751.0,16.0,11.335,383000000.0,0.565,1.0,2286000000.0,0.244,1919000000.0,65000000.0,49436000000.0,,5349000000.0,555000000.0,0.0,555000000.0,37118000000.0,17196000000.0,19922000000.0,32566907751.0,232000000.0,-9000000.0,-358000000.0,503000000.0,-139000000.0,6000000.0,-576000000.0,-198000000.0,817000000.0,-15000000.0,760000000.0,760000000.0,760000000.0,0.0,0.0,0.081,1265000000.0,1021000000.0,3495000000.0,0.183,4.227,13.626,13.635,7593000000.0,0.0,47.655,0.959,0.952,23843000000.0,10632000000.0,9360000000.0,9360000000.0,268000000.0,,,,,0.0,789000000.0,1.0,683389104.0,678300000.0,705100000.0,13.799,42904000000.0,1252000000.0,315000000.0,1287000000.0,63.252,3798000000.0
65,CAT,MRQ,2005-03-31,2005-03-31,2005-03-31,2021-09-07,-525000000.0,44347000000.0,,20224000000.0,24123000000.0,,11.324,-272000000.0,517000000.0,517000000.0,6385000000.0,581000000.0,1.368,4.724,24434000000.0,6525000000.0,17909000000.0,24434000000.0,0.0,372000000.0,631000000.0,0.017,0.205,878000000.0,1250000000.0,0.15,1250000000.0,878000000.0,813000000.0,0.85,0.81,0.85,7747000000.0,,7747000000.0,54438154617.0,17.0,11.687,-93000000.0,-0.136,1.0,1954000000.0,0.234,1924000000.0,65000000.0,51553000000.0,,5230000000.0,558000000.0,0.0,558000000.0,36600000000.0,14787000000.0,21813000000.0,31358154617.0,72000000.0,1000000.0,-203000000.0,1151000000.0,-141000000.0,807000000.0,-943000000.0,-715000000.0,179000000.0,29000000.0,581000000.0,581000000.0,581000000.0,0.0,0.0,0.07,1198000000.0,756000000.0,3978000000.0,0.241,4.048,14.28,14.265,7551000000.0,0.0,45.72,0.975,0.972,23785000000.0,10518000000.0,8339000000.0,8339000000.0,241000000.0,,,,,0.0,744000000.0,1.0,685873898.0,684100000.0,713300000.0,12.19,42423000000.0,1132000000.0,232000000.0,1103000000.0,62.013,5437000000.0
66,CAT,MRQ,2004-12-31,2004-12-31,2004-12-31,2021-09-07,-424000000.0,43095000000.0,,19464000000.0,23631000000.0,,10.909,-660000000.0,445000000.0,445000000.0,6642000000.0,551000000.0,1.223,4.771,23525000000.0,7688000000.0,15837000000.0,23525000000.0,0.0,342000000.0,503000000.0,0.016,0.205,787000000.0,1129000000.0,0.132,1129000000.0,787000000.0,733000000.0,0.795,0.785,0.795,7467000000.0,,7467000000.0,55129918070.0,18.0,12.549,426000000.0,0.622,1.0,1942000000.0,0.226,1765000000.0,54000000.0,48491000000.0,,4675000000.0,517000000.0,0.0,517000000.0,35628000000.0,15919000000.0,19709000000.0,33273918070.0,28000000.0,284000000.0,41000000.0,150000000.0,-139000000.0,52000000.0,-1194000000.0,-1056000000.0,1086000000.0,84000000.0,551000000.0,551000000.0,551000000.0,0.0,0.0,0.064,1259000000.0,683000000.0,3524000000.0,0.258,4.456,16.351,16.416,7682000000.0,0.0,48.755,1.098,1.101,23312000000.0,9937000000.0,8584000000.0,8584000000.0,243000000.0,,,,,0.0,808000000.0,1.0,682471912.0,684500000.0,707400000.0,12.541,41330000000.0,1072000000.0,182000000.0,1005000000.0,60.38,3545000000.0
67,CAT,MRQ,2004-09-30,2004-09-30,2004-09-30,2021-09-07,-540000000.0,40394000000.0,,19636000000.0,20758000000.0,,10.271,-421000000.0,417000000.0,417000000.0,5875000000.0,498000000.0,1.42,4.753,22273000000.0,6519000000.0,15754000000.0,22273000000.0,0.0,352000000.0,0.0,0.019,0.205,740000000.0,1092000000.0,0.143,1092000000.0,740000000.0,680000000.0,0.73,0.7,0.73,7021000000.0,,7021000000.0,48519803076.0,18.0,11.745,-901000000.0,-1.318,1.0,1784000000.0,0.233,1811000000.0,60000000.0,46613000000.0,,4509000000.0,839000000.0,0.0,839000000.0,33373000000.0,13826000000.0,19547000000.0,27572803076.0,-50000000.0,-279000000.0,-120000000.0,684000000.0,-141000000.0,423000000.0,-6000000.0,724000000.0,-480000000.0,13000000.0,498000000.0,498000000.0,498000000.0,0.0,0.0,0.065,1121000000.0,663000000.0,3934000000.0,0.281,3.927,15.042,15.009,7303000000.0,0.0,40.225,0.977,0.974,21335000000.0,9667000000.0,7659000000.0,7659000000.0,240000000.0,,,,,0.0,701000000.0,1.0,685464340.0,683600000.0,706000000.0,11.204,38583000000.0,1135000000.0,182000000.0,794000000.0,56.441,5810000000.0
68,CAT,MRQ,2004-06-30,2004-06-30,2004-06-30,2021-09-07,-549000000.0,38718000000.0,,18726000000.0,19992000000.0,,9.652,-348000000.0,467000000.0,467000000.0,5684000000.0,566000000.0,1.405,4.857,21414000000.0,6433000000.0,14981000000.0,21414000000.0,0.0,353000000.0,0.0,0.018,0.185,834000000.0,1187000000.0,0.157,1187000000.0,834000000.0,775000000.0,0.83,0.8,0.83,6610000000.0,,6610000000.0,47702705287.0,20.0,12.796,-2742000000.0,-4.004,1.0,1899000000.0,0.25,1630000000.0,59000000.0,44710000000.0,,4097000000.0,820000000.0,0.0,820000000.0,32108000000.0,13325000000.0,18783000000.0,27160705287.0,99000000.0,8000000.0,38000000.0,681000000.0,-127000000.0,592000000.0,1888000000.0,2232000000.0,-2394000000.0,13000000.0,566000000.0,566000000.0,566000000.0,0.0,0.0,0.075,1129000000.0,770000000.0,3664000000.0,0.223,4.109,17.444,17.498,7140000000.0,0.0,39.72,1.04,1.041,20338000000.0,9146000000.0,7583000000.0,7583000000.0,214000000.0,,,,,0.0,744000000.0,1.0,683804262.0,684800000.0,709500000.0,11.073,37088000000.0,1137000000.0,209000000.0,738000000.0,54.159,5401000000.0
69,CAT,MRQ,2004-03-31,2004-03-31,2004-03-31,2021-09-07,-500000000.0,37858000000.0,,17866000000.0,19992000000.0,,9.244,-199000000.0,368000000.0,368000000.0,4820000000.0,420000000.0,1.353,4.977,20910000000.0,6340000000.0,14570000000.0,20910000000.0,0.0,350000000.0,0.0,0.018,0.185,635000000.0,985000000.0,0.152,985000000.0,635000000.0,578000000.0,0.615,0.595,0.615,6334000000.0,,6334000000.0,46655264503.0,22.0,13.334,-2402000000.0,-3.506,1.0,1660000000.0,0.256,1634000000.0,57000000.0,43566000000.0,,3678000000.0,817000000.0,0.0,817000000.0,31524000000.0,13200000000.0,18324000000.0,27181264503.0,26000000.0,-13000000.0,-181000000.0,1115000000.0,-127000000.0,807000000.0,1389000000.0,1607000000.0,-2203000000.0,33000000.0,420000000.0,420000000.0,420000000.0,0.0,0.0,0.065,1092000000.0,568000000.0,3309000000.0,0.301,4.291,19.555,19.572,7153000000.0,0.0,39.535,1.111,1.107,19821000000.0,8862000000.0,6480000000.0,6480000000.0,231000000.0,,,,,0.0,673000000.0,1.0,687524080.0,685200000.0,711400000.0,9.457,36224000000.0,1314000000.0,158000000.0,803000000.0,52.866,4666000000.0
70,CAT,MRQ,2003-12-31,2003-12-31,2003-12-31,2021-09-07,-517000000.0,36711000000.0,,16267000000.0,20444000000.0,,8.804,-322000000.0,342000000.0,342000000.0,5015000000.0,349000000.0,1.317,5.04,20284000000.0,5738000000.0,14546000000.0,20284000000.0,0.0,339000000.0,253000000.0,0.017,0.185,528000000.0,867000000.0,0.133,867000000.0,528000000.0,474000000.0,0.505,0.49,0.505,6078000000.0,,6078000000.0,47157892363.0,27.0,15.261,-7340000000.0,-10.632,1.0,1494000000.0,0.23,1637000000.0,54000000.0,42669000000.0,,3047000000.0,800000000.0,0.0,800000000.0,30633000000.0,12347000000.0,18286000000.0,28827892363.0,-55000000.0,-242000000.0,-329000000.0,1031000000.0,-130000000.0,572000000.0,6376000000.0,6806000000.0,-7018000000.0,15000000.0,349000000.0,349000000.0,349000000.0,0.0,0.0,0.054,1013000000.0,481000000.0,2259000000.0,0.366,4.743,26.231,26.107,7251000000.0,0.0,41.51,1.264,1.257,18992000000.0,8450000000.0,6509000000.0,6509000000.0,175000000.0,,,,,0.0,521000000.0,1.0,694480664.0,690400000.0,702700000.0,9.428,35074000000.0,1323000000.0,125000000.0,784000000.0,50.802,3920000000.0
71,CAT,MRQ,2003-09-30,2003-09-30,2003-09-30,2021-09-07,-530000000.0,35067000000.0,,16011000000.0,19056000000.0,,9.085,-236000000.0,397000000.0,397000000.0,4259000000.0,222000000.0,1.45,4.573,18727000000.0,5556000000.0,13171000000.0,18727000000.0,0.0,337000000.0,0.0,0.02,0.175,352000000.0,689000000.0,0.124,689000000.0,352000000.0,291000000.0,0.32,0.31,0.32,6292000000.0,,6292000000.0,41580121737.0,24.0,13.736,194000000.0,0.28,1.0,1286000000.0,0.232,1675000000.0,61000000.0,40679000000.0,,3057000000.0,752000000.0,0.0,752000000.0,28775000000.0,11043000000.0,17732000000.0,23753121737.0,88000000.0,-14000000.0,63000000.0,459000000.0,-121000000.0,401000000.0,-711000000.0,-506000000.0,430000000.0,-32000000.0,222000000.0,222000000.0,222000000.0,0.0,0.0,0.04,901000000.0,385000000.0,2497000000.0,0.547,3.775,22.515,22.497,7083000000.0,0.0,34.42,1.096,1.1,17660000000.0,8357000000.0,5545000000.0,5545000000.0,173000000.0,,,,,0.0,627000000.0,1.0,690096506.0,692600000.0,712200000.0,8.006,33392000000.0,1288000000.0,69000000.0,700000000.0,48.213,4968000000.0
72,CAT,MRQ,2003-06-30,2003-06-30,2003-06-30,2021-09-07,-591000000.0,34220000000.0,,15489000000.0,18731000000.0,,8.602,-259000000.0,309000000.0,309000000.0,4447000000.0,399000000.0,1.387,4.771,18136000000.0,5572000000.0,12564000000.0,18136000000.0,0.0,339000000.0,0.0,0.025,0.175,619000000.0,958000000.0,0.161,958000000.0,619000000.0,554000000.0,0.58,0.575,0.58,5930000000.0,,5930000000.0,37101243627.0,22.0,12.367,500000000.0,0.725,1.0,1485000000.0,0.25,1681000000.0,65000000.0,39199000000.0,,2949000000.0,784000000.0,0.0,784000000.0,28290000000.0,11167000000.0,17123000000.0,19172243627.0,-18000000.0,5000000.0,18000000.0,-301000000.0,-120000000.0,-403000000.0,-415000000.0,-101000000.0,759000000.0,41000000.0,399000000.0,399000000.0,399000000.0,0.0,0.0,0.067,903000000.0,582000000.0,2516000000.0,0.302,3.233,18.329,18.309,7034000000.0,0.0,27.83,0.904,0.905,17167000000.0,8136000000.0,5932000000.0,5932000000.0,169000000.0,,,,,0.0,604000000.0,1.0,688905628.0,689400000.0,696800000.0,8.605,32539000000.0,1537000000.0,155000000.0,737000000.0,47.199,4322000000.0
73,CAT,MRQ,2003-03-31,2003-03-31,2003-03-31,2021-09-07,-708000000.0,33538000000.0,,15070000000.0,18468000000.0,,8.189,-187000000.0,327000000.0,327000000.0,3750000000.0,129000000.0,1.41,4.948,18256000000.0,5512000000.0,12744000000.0,18256000000.0,0.0,332000000.0,0.0,0.028,0.175,244000000.0,576000000.0,0.119,576000000.0,244000000.0,178000000.0,0.185,0.185,0.185,5639000000.0,,5639000000.0,34311349296.0,24.0,12.689,31000000.0,0.045,1.0,1071000000.0,0.222,1681000000.0,66000000.0,39098000000.0,,3064000000.0,792000000.0,0.0,792000000.0,27899000000.0,10688000000.0,17211000000.0,16937349296.0,18000000.0,-17000000.0,0.0,295000000.0,-120000000.0,175000000.0,-366000000.0,-122000000.0,218000000.0,-9000000.0,129000000.0,129000000.0,129000000.0,0.0,0.0,0.027,849000000.0,222000000.0,2375000000.0,0.946,3.004,19.997,20.0,6998000000.0,0.0,24.6,0.824,0.824,16570000000.0,7978000000.0,4821000000.0,4821000000.0,152000000.0,,,,,0.0,570000000.0,1.0,688510134.0,688632000.0,693652000.0,7.001,31857000000.0,1557000000.0,49000000.0,540000000.0,46.261,4382000000.0
74,CAT,MRQ,2002-12-31,2002-12-31,2002-12-31,2021-09-07,-742000000.0,32705000000.0,,14480000000.0,18225000000.0,,7.953,-312000000.0,309000000.0,309000000.0,4297000000.0,305000000.0,1.235,4.977,17861000000.0,6087000000.0,11774000000.0,17861000000.0,0.0,310000000.0,259000000.0,0.031,0.175,494000000.0,804000000.0,0.15,804000000.0,494000000.0,421000000.0,0.445,0.44,0.445,5472000000.0,,5472000000.0,33049986044.0,24.0,12.668,-5634000000.0,-8.189,1.0,1080000000.0,0.201,1683000000.0,73000000.0,36849000000.0,,2763000000.0,747000000.0,0.0,747000000.0,27233000000.0,11725000000.0,15508000000.0,15735986044.0,-136000000.0,-4000000.0,2000000.0,-222000000.0,-120000000.0,-340000000.0,5527000000.0,5842000000.0,-5322000000.0,-1000000.0,305000000.0,305000000.0,305000000.0,0.0,0.0,0.057,643000000.0,437000000.0,1790000000.0,0.393,2.876,19.719,19.707,7009000000.0,0.0,22.86,0.781,0.78,16183000000.0,7849000000.0,5377000000.0,5377000000.0,132000000.0,,,,,0.0,405000000.0,1.0,688363344.0,688000000.0,693800000.0,7.815,31022000000.0,1492000000.0,116000000.0,471000000.0,45.09,2755000000.0
75,CAT,MRQ,2002-09-30,2002-09-30,2002-09-30,2021-09-07,-170000000.0,32374000000.0,,14785000000.0,17589000000.0,,8.684,-295000000.0,445000000.0,445000000.0,3933000000.0,213000000.0,1.408,4.416,17759000000.0,5324000000.0,12435000000.0,17759000000.0,0.0,312000000.0,0.0,0.038,0.175,350000000.0,662000000.0,0.13,662000000.0,350000000.0,284000000.0,0.31,0.305,0.31,5978000000.0,,5978000000.0,30797382178.0,26.0,12.822,337000000.0,0.49,1.0,1142000000.0,0.225,1706000000.0,66000000.0,37478000000.0,,3084000000.0,751000000.0,0.0,751000000.0,26396000000.0,10504000000.0,15892000000.0,12809382178.0,160000000.0,-17000000.0,0.0,-496000000.0,-120000000.0,-616000000.0,118000000.0,437000000.0,632000000.0,26000000.0,213000000.0,213000000.0,213000000.0,0.0,0.0,0.042,818000000.0,324000000.0,2410000000.0,0.565,2.143,19.408,19.385,6810000000.0,0.0,18.61,0.645,0.645,15911000000.0,7785000000.0,5075000000.0,5075000000.0,167000000.0,,,,,0.0,538000000.0,1.0,688306404.0,688400000.0,692400000.0,7.372,30668000000.0,1275000000.0,71000000.0,399000000.0,44.55,4281000000.0
76,CAT,MRQ,2002-06-30,2002-06-30,2002-06-30,2021-09-07,-168000000.0,32734000000.0,,14846000000.0,17888000000.0,,8.369,-342000000.0,285000000.0,285000000.0,4109000000.0,200000000.0,1.41,4.685,18273000000.0,5291000000.0,12982000000.0,18273000000.0,0.0,302000000.0,0.0,0.029,0.175,360000000.0,662000000.0,0.125,662000000.0,360000000.0,289000000.0,0.29,0.29,0.29,5758000000.0,,5758000000.0,33698478939.0,28.0,14.053,283000000.0,0.411,1.0,1182000000.0,0.223,1685000000.0,71000000.0,38508000000.0,,3114000000.0,763000000.0,0.0,763000000.0,26976000000.0,10529000000.0,16447000000.0,16833478939.0,-17000000.0,-11000000.0,2000000.0,795000000.0,-121000000.0,676000000.0,-1326000000.0,-978000000.0,625000000.0,8000000.0,200000000.0,200000000.0,200000000.0,0.0,0.0,0.038,789000000.0,393000000.0,2403000000.0,0.603,2.923,25.818,25.763,6779000000.0,0.0,24.475,0.848,0.848,16506000000.0,7573000000.0,5291000000.0,5291000000.0,186000000.0,,,,,0.0,502000000.0,1.0,687782592.0,688000000.0,696400000.0,7.69,31049000000.0,1300000000.0,89000000.0,393000000.0,45.129,4317000000.0
77,CAT,MRQ,2002-03-31,2002-03-31,2002-03-31,2021-09-07,-294000000.0,31147000000.0,,13883000000.0,17264000000.0,,8.255,-263000000.0,302000000.0,302000000.0,3328000000.0,80000000.0,1.382,4.49,17167000000.0,5233000000.0,11934000000.0,17167000000.0,0.0,296000000.0,0.0,0.024,0.175,185000000.0,481000000.0,0.109,481000000.0,185000000.0,116000000.0,0.115,0.115,0.115,5673000000.0,,5673000000.0,35722950841.0,27.0,14.272,-160000000.0,-0.233,1.0,1081000000.0,0.245,1683000000.0,69000000.0,36284000000.0,,3214000000.0,750000000.0,0.0,750000000.0,25474000000.0,10045000000.0,15429000000.0,19520950841.0,-98000000.0,-262000000.0,6000000.0,619000000.0,-120000000.0,505000000.0,-699000000.0,-135000000.0,103000000.0,-7000000.0,80000000.0,80000000.0,80000000.0,0.0,0.0,0.018,911000000.0,170000000.0,2182000000.0,1.522,3.441,27.0,26.943,6622000000.0,0.0,28.425,0.974,0.974,15014000000.0,7613000000.0,4409000000.0,4409000000.0,171000000.0,,,,,0.0,649000000.0,1.0,686752888.0,687200000.0,695400000.0,6.416,29464000000.0,1338000000.0,36000000.0,381000000.0,42.875,3838000000.0
78,CAT,MRQ,2001-12-31,2001-12-31,2001-12-31,2021-09-07,-269000000.0,30585000000.0,,13339000000.0,17246000000.0,,8.172,-582000000.0,400000000.0,400000000.0,4232000000.0,167000000.0,1.284,4.451,16602000000.0,5311000000.0,11291000000.0,16602000000.0,0.0,297000000.0,0.0,0.026,0.175,300000000.0,597000000.0,0.117,597000000.0,300000000.0,237000000.0,0.245,0.24,0.245,5611000000.0,,5611000000.0,33865174697.0,23.0,12.896,-98000000.0,-0.143,1.0,864000000.0,0.17,1671000000.0,63000000.0,34729000000.0,,2925000000.0,787000000.0,0.0,787000000.0,24974000000.0,10387000000.0,14587000000.0,17935174697.0,168000000.0,-9000000.0,1000000.0,478000000.0,-120000000.0,359000000.0,-661000000.0,-70000000.0,484000000.0,-14000000.0,167000000.0,167000000.0,167000000.0,0.0,0.0,0.033,661000000.0,203000000.0,2123000000.0,0.714,3.196,22.28,22.234,6603000000.0,0.0,26.125,0.877,0.877,14763000000.0,7533000000.0,5096000000.0,5096000000.0,190000000.0,,,,,0.0,226000000.0,1.0,686513864.0,686600000.0,694200000.0,7.422,28914000000.0,1361000000.0,70000000.0,387000000.0,42.112,2952000000.0
79,CAT,MRQ,2001-09-30,2001-09-30,2001-09-30,2021-09-07,-73000000.0,29903000000.0,,13435000000.0,16468000000.0,,8.56,-406000000.0,232000000.0,232000000.0,3830000000.0,205000000.0,1.438,4.088,16162000000.0,4463000000.0,11699000000.0,16162000000.0,0.0,290000000.0,0.0,0.031,0.175,368000000.0,658000000.0,0.13,658000000.0,368000000.0,299000000.0,0.3,0.295,0.3,5877000000.0,,5877000000.0,31865154528.0,20.0,11.537,314000000.0,0.457,1.0,1226000000.0,0.242,1485000000.0,69000000.0,35008000000.0,,2922000000.0,787000000.0,0.0,787000000.0,24026000000.0,9340000000.0,14686000000.0,15383154528.0,-40000000.0,-1000000.0,-9000000.0,-744000000.0,-120000000.0,-873000000.0,42000000.0,437000000.0,720000000.0,71000000.0,205000000.0,205000000.0,205000000.0,0.0,0.0,0.041,885000000.0,341000000.0,2171000000.0,0.583,2.618,17.054,17.034,6311000000.0,0.0,22.4,0.752,0.751,14773000000.0,7606000000.0,5056000000.0,5056000000.0,167000000.0,,,,,0.0,638000000.0,1.0,686747970.0,686600000.0,695000000.0,7.364,28418000000.0,1301000000.0,94000000.0,558000000.0,41.389,4095000000.0
80,CAT,MRQ,2001-06-30,2001-06-30,2001-06-30,2021-09-07,-97000000.0,30277000000.0,,13744000000.0,16533000000.0,,8.242,-382000000.0,272000000.0,272000000.0,4130000000.0,271000000.0,1.427,4.35,16754000000.0,4722000000.0,12032000000.0,16754000000.0,0.0,293000000.0,0.0,0.027,0.17,474000000.0,767000000.0,0.14,767000000.0,474000000.0,399000000.0,0.395,0.39,0.395,5659000000.0,,5659000000.0,32969045583.0,21.0,12.206,85000000.0,0.124,1.0,1358000000.0,0.247,1502000000.0,75000000.0,35626000000.0,,2846000000.0,837000000.0,0.0,837000000.0,24618000000.0,9631000000.0,14987000000.0,17180045583.0,25000000.0,-17000000.0,-11000000.0,776000000.0,-117000000.0,648000000.0,-1060000000.0,-582000000.0,467000000.0,-30000000.0,271000000.0,271000000.0,271000000.0,0.0,0.0,0.049,900000000.0,458000000.0,2329000000.0,0.43,3.036,18.817,18.816,6158000000.0,0.0,25.025,0.851,0.851,15347000000.0,7402000000.0,5488000000.0,5488000000.0,172000000.0,,,,,0.0,655000000.0,1.0,686515308.0,686600000.0,695600000.0,7.993,28775000000.0,1234000000.0,128000000.0,503000000.0,41.909,4113000000.0
81,CAT,MRQ,2001-03-31,2001-03-31,2001-03-31,2021-09-07,-54000000.0,29225000000.0,,13000000000.0,16225000000.0,,8.265,-242000000.0,247000000.0,247000000.0,3644000000.0,162000000.0,1.408,4.15,16036000000.0,4694000000.0,11342000000.0,16036000000.0,0.0,289000000.0,0.0,0.03,0.17,315000000.0,604000000.0,0.126,604000000.0,315000000.0,237000000.0,0.235,0.235,0.235,5675000000.0,,5675000000.0,29972950428.0,18.0,10.935,74000000.0,0.108,1.0,1166000000.0,0.242,1482000000.0,78000000.0,34296000000.0,,2964000000.0,875000000.0,0.0,875000000.0,23550000000.0,9236000000.0,14314000000.0,15239950428.0,-87000000.0,-378000000.0,-18000000.0,1019000000.0,-117000000.0,884000000.0,-1248000000.0,-623000000.0,316000000.0,-39000000.0,162000000.0,162000000.0,162000000.0,0.0,0.0,0.034,857000000.0,309000000.0,2234000000.0,0.723,2.685,15.925,15.964,5993000000.0,0.0,22.19,0.759,0.759,14548000000.0,7367000000.0,4810000000.0,4810000000.0,167000000.0,,,,,0.0,621000000.0,1.0,686793620.0,686600000.0,693200000.0,7.006,27743000000.0,1232000000.0,75000000.0,466000000.0,40.406,3764000000.0
82,CAT,MRQ,2000-12-31,2000-12-31,2000-12-31,2021-09-07,23000000.0,28464000000.0,,12521000000.0,15943000000.0,,8.074,-484000000.0,334000000.0,334000000.0,3807000000.0,264000000.0,1.445,4.083,15067000000.0,3733000000.0,11334000000.0,15067000000.0,0.0,265000000.0,0.0,0.028,0.17,468000000.0,733000000.0,0.143,733000000.0,468000000.0,392000000.0,0.385,0.385,0.385,5600000000.0,,5600000000.0,30524961716.0,17.0,10.692,-85000000.0,-0.123,1.0,1307000000.0,0.256,1507000000.0,76000000.0,33022000000.0,,2692000000.0,551000000.0,0.0,551000000.0,22864000000.0,8668000000.0,14196000000.0,16262961716.0,-64000000.0,-30000000.0,-14000000.0,241000000.0,-117000000.0,110000000.0,-541000000.0,29000000.0,399000000.0,-32000000.0,264000000.0,264000000.0,264000000.0,0.0,0.0,0.052,846000000.0,461000000.0,2339000000.0,0.442,2.904,15.444,15.562,5951000000.0,0.0,23.655,0.806,0.813,14250000000.0,7205000000.0,5114000000.0,5114000000.0,176000000.0,,,,,0.0,605000000.0,1.0,687506308.0,693600000.0,,7.373,26957000000.0,1304000000.0,128000000.0,405000000.0,38.865,3853000000.0
83,CAT,MRQ,2000-09-30,2000-09-30,2000-09-30,2021-09-07,-16000000.0,27840000000.0,,12440000000.0,15400000000.0,,8.048,-309000000.0,398000000.0,398000000.0,3657000000.0,216000000.0,1.534,4.021,14660000000.0,3516000000.0,11144000000.0,14660000000.0,0.0,265000000.0,0.0,0.042,0.17,332000000.0,597000000.0,0.125,597000000.0,332000000.0,261000000.0,0.315,0.31,0.315,5545000000.0,,5545000000.0,24984150213.0,14.0,8.856,153000000.0,0.222,1.0,1122000000.0,0.235,1488000000.0,71000000.0,32507000000.0,,2644000000.0,518000000.0,0.0,518000000.0,22295000000.0,8107000000.0,14188000000.0,10717150213.0,-71000000.0,-7000000.0,-71000000.0,106000000.0,-117000000.0,-82000000.0,-436000000.0,-142000000.0,462000000.0,-15000000.0,216000000.0,216000000.0,216000000.0,0.0,0.0,0.045,811000000.0,311000000.0,2263000000.0,0.54,1.933,10.425,10.58,5273000000.0,0.0,15.5,0.534,0.532,14146000000.0,7175000000.0,4779000000.0,4779000000.0,161000000.0,,,,,0.0,590000000.0,1.0,691429046.0,689000000.0,692600000.0,6.936,26352000000.0,1344000000.0,45000000.0,606000000.0,38.247,4333000000.0
84,CAT,MRQ,2000-06-30,2000-06-30,2000-06-30,2021-09-07,42000000.0,27884000000.0,,12358000000.0,15526000000.0,,7.862,-349000000.0,469000000.0,469000000.0,4010000000.0,315000000.0,1.455,4.109,14736000000.0,3883000000.0,10853000000.0,14736000000.0,0.0,267000000.0,0.0,0.038,0.163,540000000.0,807000000.0,0.15,807000000.0,540000000.0,466000000.0,0.455,0.45,0.455,5458000000.0,,5458000000.0,25297207585.0,14.0,8.867,939000000.0,1.353,1.0,1353000000.0,0.252,1508000000.0,74000000.0,32148000000.0,,2555000000.0,559000000.0,0.0,559000000.0,22426000000.0,8495000000.0,13931000000.0,11810207585.0,33000000.0,-74000000.0,-112000000.0,863000000.0,-113000000.0,638000000.0,-1874000000.0,-1428000000.0,1288000000.0,-19000000.0,315000000.0,315000000.0,315000000.0,0.0,0.0,0.059,804000000.0,549000000.0,2266000000.0,0.358,2.164,11.455,11.603,5253000000.0,0.0,16.94,0.59,0.588,14239000000.0,6959000000.0,5363000000.0,5363000000.0,157000000.0,,,,,0.0,589000000.0,1.0,697178724.0,694200000.0,698800000.0,7.725,26376000000.0,1362000000.0,151000000.0,629000000.0,37.995,3863000000.0
85,CAT,MRQ,2000-03-31,2000-03-31,2000-03-31,2021-09-07,52000000.0,26963000000.0,,11970000000.0,14993000000.0,,7.768,-188000000.0,436000000.0,436000000.0,3711000000.0,258000000.0,1.467,3.906,13923000000.0,3705000000.0,10218000000.0,13923000000.0,0.0,266000000.0,0.0,0.032,0.163,452000000.0,718000000.0,0.146,718000000.0,452000000.0,381000000.0,0.365,0.365,0.365,5496000000.0,,5496000000.0,27206999627.0,16.0,9.84,-278000000.0,-0.393,1.0,1208000000.0,0.246,1519000000.0,71000000.0,30769000000.0,,2659000000.0,553000000.0,0.0,553000000.0,21467000000.0,8162000000.0,13305000000.0,13952999627.0,-112000000.0,-4000000.0,-211000000.0,203000000.0,-115000000.0,-123000000.0,98000000.0,344000000.0,-90000000.0,3000000.0,258000000.0,258000000.0,258000000.0,0.0,0.0,0.052,792000000.0,416000000.0,2192000000.0,0.447,2.539,13.967,14.036,5181000000.0,0.0,19.72,0.706,0.706,13470000000.0,6875000000.0,4919000000.0,4919000000.0,155000000.0,,,,,0.0,583000000.0,1.0,707555762.0,707555762.0,,6.952,25444000000.0,1356000000.0,123000000.0,668000000.0,35.96,3808000000.0
86,CAT,MRQ,1999-12-31,1999-12-31,1999-12-31,2021-09-07,78000000.0,26711000000.0,,11810000000.0,14901000000.0,,7.689,-600000000.0,548000000.0,548000000.0,3843000000.0,239000000.0,1.431,3.888,13802000000.0,3874000000.0,9928000000.0,13802000000.0,0.0,275000000.0,0.0,0.027,0.163,424000000.0,699000000.0,0.139,699000000.0,424000000.0,358000000.0,0.33,0.335,0.33,5465000000.0,,5465000000.0,29997955162.0,18.0,11.333,244000000.0,0.343,1.0,1176000000.0,0.234,1543000000.0,66000000.0,30168000000.0,,2594000000.0,553000000.0,0.0,553000000.0,21246000000.0,8254000000.0,12992000000.0,16685955162.0,265000000.0,-20000000.0,-41000000.0,321000000.0,-115000000.0,165000000.0,-729000000.0,-244000000.0,844000000.0,-15000000.0,239000000.0,239000000.0,239000000.0,0.0,0.0,0.048,808000000.0,368000000.0,2003000000.0,0.494,3.053,17.638,17.692,5380000000.0,0.0,23.53,0.847,0.849,13122000000.0,6617000000.0,5019000000.0,5019000000.0,168000000.0,,,,,0.0,446000000.0,1.0,709135366.0,710800000.0,,7.061,25168000000.0,1359000000.0,119000000.0,551000000.0,35.408,3556000000.0
87,CAT,MRQ,1999-09-30,1999-09-30,1999-09-30,2021-09-07,-19000000.0,26459000000.0,,11977000000.0,14482000000.0,,7.591,-228000000.0,283000000.0,283000000.0,3612000000.0,219000000.0,1.576,3.902,13595000000.0,3248000000.0,10347000000.0,13595000000.0,0.0,235000000.0,0.0,0.022,0.163,394000000.0,629000000.0,0.133,629000000.0,394000000.0,323000000.0,0.31,0.305,0.31,5398000000.0,,5398000000.0,33164862561.0,19.0,12.62,899000000.0,1.264,1.0,1103000000.0,0.234,1563000000.0,71000000.0,30608000000.0,,2719000000.0,518000000.0,0.0,518000000.0,21061000000.0,7600000000.0,13461000000.0,19487862561.0,-42000000.0,-31000000.0,-67000000.0,-529000000.0,-116000000.0,-712000000.0,-483000000.0,35000000.0,1127000000.0,26000000.0,219000000.0,219000000.0,219000000.0,0.0,0.0,0.046,767000000.0,336000000.0,2102000000.0,0.526,3.61,19.333,19.232,4936000000.0,0.0,27.405,0.97,0.97,13231000000.0,6608000000.0,4715000000.0,4715000000.0,151000000.0,,,,,0.0,616000000.0,1.0,711106096.0,711106096.0,,6.631,24896000000.0,1488000000.0,104000000.0,561000000.0,35.01,4377000000.0
88,CAT,MRQ,1999-06-30,1999-06-30,1999-06-30,2021-09-07,-17000000.0,26755000000.0,,12252000000.0,14503000000.0,,7.372,-198000000.0,325000000.0,325000000.0,3879000000.0,283000000.0,1.493,4.1,14002000000.0,3896000000.0,10106000000.0,14002000000.0,0.0,235000000.0,0.0,0.02,0.15,484000000.0,719000000.0,0.141,719000000.0,484000000.0,419000000.0,0.4,0.39,0.4,5246000000.0,,5246000000.0,34034358160.0,18.0,12.313,482000000.0,0.677,1.0,1222000000.0,0.24,1578000000.0,65000000.0,30647000000.0,,2772000000.0,602000000.0,0.0,602000000.0,21509000000.0,8207000000.0,13302000000.0,21349358160.0,81000000.0,-218000000.0,-63000000.0,1091000000.0,-107000000.0,921000000.0,-1513000000.0,-1187000000.0,680000000.0,-7000000.0,283000000.0,283000000.0,283000000.0,0.0,0.0,0.055,784000000.0,438000000.0,2060000000.0,0.375,4.07,18.977,18.987,4913000000.0,0.0,30.0,1.039,1.039,13633000000.0,6389000000.0,5101000000.0,5101000000.0,152000000.0,,,,,0.0,632000000.0,1.0,711645272.0,711645272.0,,7.168,25177000000.0,1579000000.0,136000000.0,569000000.0,35.379,4045000000.0
89,CAT,MRQ,1999-03-31,1999-03-31,1999-03-31,2021-09-07,50000000.0,25719000000.0,,11903000000.0,13816000000.0,,7.437,-162000000.0,244000000.0,244000000.0,3707000000.0,205000000.0,1.532,3.841,12929000000.0,3420000000.0,9509000000.0,12929000000.0,0.0,232000000.0,0.0,0.025,0.15,368000000.0,600000000.0,0.123,600000000.0,368000000.0,301000000.0,0.29,0.285,0.29,5313000000.0,,5313000000.0,28501692429.0,13.0,9.485,-223000000.0,-0.312,1.0,1160000000.0,0.238,1235000000.0,67000000.0,29399000000.0,,2892000000.0,835000000.0,0.0,835000000.0,20406000000.0,7770000000.0,12636000000.0,16409692429.0,-116000000.0,-33000000.0,-78000000.0,472000000.0,-107000000.0,287000000.0,-315000000.0,-130000000.0,-61000000.0,-27000000.0,205000000.0,205000000.0,205000000.0,0.0,0.0,0.042,808000000.0,352000000.0,2123000000.0,0.517,3.089,12.74,12.832,4852000000.0,0.0,22.97,0.78,0.78,12867000000.0,6328000000.0,4867000000.0,4867000000.0,155000000.0,,,,,0.0,653000000.0,1.0,714396710.0,714396710.0,,6.813,24484000000.0,1493000000.0,96000000.0,576000000.0,34.272,4133000000.0
90,CAT,MRQ,1998-12-31,1998-12-31,1998-12-31,2021-09-07,1000000.0,25128000000.0,,11459000000.0,13669000000.0,,7.152,-458000000.0,360000000.0,360000000.0,4103000000.0,301000000.0,1.515,3.897,12452000000.0,3048000000.0,9404000000.0,12452000000.0,0.0,213000000.0,0.0,0.024,0.15,467000000.0,680000000.0,0.126,680000000.0,467000000.0,401000000.0,0.425,0.415,0.425,5131000000.0,,5131000000.0,28495656694.0,12.0,8.617,-28000000.0,-0.039,1.0,1303000000.0,0.241,1241000000.0,66000000.0,28414000000.0,,2842000000.0,773000000.0,0.0,773000000.0,19997000000.0,7565000000.0,12432000000.0,16499656694.0,125000000.0,-102000000.0,-75000000.0,232000000.0,-107000000.0,50000000.0,-377000000.0,-29000000.0,430000000.0,22000000.0,301000000.0,301000000.0,301000000.0,0.0,0.0,0.056,869000000.0,434000000.0,2250000000.0,0.353,3.216,10.905,11.031,4866000000.0,0.0,23.0,0.787,0.787,12319000000.0,6123000000.0,5406000000.0,5406000000.0,160000000.0,,,,,0.0,709000000.0,1.0,717376378.0,717376378.0,,7.536,23887000000.0,1429000000.0,100000000.0,453000000.0,33.298,3894000000.0
91,CAT,MRQ,1998-09-30,1998-09-30,1998-09-30,2021-09-07,52000000.0,25134000000.0,,11786000000.0,13348000000.0,,7.087,-256000000.0,235000000.0,235000000.0,3883000000.0,336000000.0,1.592,3.862,12231000000.0,2505000000.0,9726000000.0,12231000000.0,0.0,223000000.0,0.0,0.024,0.15,542000000.0,765000000.0,0.148,765000000.0,542000000.0,474000000.0,0.465,0.46,0.465,5170000000.0,,5170000000.0,28261555804.0,10.0,8.02,714000000.0,0.979,1.0,1290000000.0,0.249,1236000000.0,68000000.0,28489000000.0,,3116000000.0,769000000.0,0.0,769000000.0,19964000000.0,7405000000.0,12559000000.0,16231555804.0,14000000.0,-2000000.0,-290000000.0,-95000000.0,-110000000.0,-495000000.0,-467000000.0,-293000000.0,970000000.0,6000000.0,336000000.0,336000000.0,336000000.0,0.0,0.0,0.065,794000000.0,496000000.0,3678000000.0,0.323,3.14,9.76,9.802,4517000000.0,0.0,22.25,0.782,0.782,12346000000.0,6037000000.0,5173000000.0,5173000000.0,163000000.0,,,,,0.0,631000000.0,1.0,729508126.0,729508126.0,,7.091,23898000000.0,1970000000.0,138000000.0,216000000.0,32.759,4381000000.0
92,CAT,MRQ,1998-06-30,1998-06-30,1998-06-30,2021-09-07,62000000.0,25106000000.0,,11686000000.0,13420000000.0,,7.001,-241000000.0,221000000.0,221000000.0,4099000000.0,446000000.0,1.522,3.891,12251000000.0,2787000000.0,9464000000.0,12251000000.0,0.0,225000000.0,0.0,0.019,0.125,735000000.0,960000000.0,0.171,960000000.0,735000000.0,666000000.0,0.61,0.6,0.61,5133000000.0,,5133000000.0,29638194571.0,11.0,8.344,25000000.0,0.034,1.0,1505000000.0,0.269,1253000000.0,69000000.0,28204000000.0,,3132000000.0,805000000.0,0.0,805000000.0,19973000000.0,7679000000.0,12294000000.0,19397194571.0,-85000000.0,-221000000.0,-112000000.0,1837000000.0,-91000000.0,1634000000.0,-1967000000.0,-1449000000.0,266000000.0,-18000000.0,446000000.0,446000000.0,446000000.0,0.0,0.0,0.08,799000000.0,706000000.0,3587000000.0,0.205,3.779,11.33,11.403,4444000000.0,0.0,26.455,0.961,0.961,12234000000.0,5701000000.0,5604000000.0,5604000000.0,165000000.0,,,,,0.0,634000000.0,1.0,733214688.0,733214688.0,,7.643,23853000000.0,1998000000.0,220000000.0,276000000.0,32.532,4007000000.0
93,CAT,MRQ,1998-03-31,1998-03-31,1998-03-31,2021-09-07,73000000.0,23577000000.0,,10876000000.0,12701000000.0,,6.827,-173000000.0,306000000.0,306000000.0,3435000000.0,430000000.0,1.462,3.707,10547000000.0,2231000000.0,8316000000.0,10547000000.0,0.0,204000000.0,0.0,0.017,0.125,698000000.0,902000000.0,0.188,902000000.0,698000000.0,637000000.0,0.585,0.575,0.585,5009000000.0,,5009000000.0,28475034758.0,10.0,8.161,-65000000.0,-0.089,1.0,1359000000.0,0.283,1169000000.0,61000000.0,25212000000.0,,3091000000.0,814000000.0,0.0,814000000.0,18568000000.0,7437000000.0,11131000000.0,20199034758.0,14000000.0,-1103000000.0,-84000000.0,1851000000.0,-92000000.0,1675000000.0,-1765000000.0,-426000000.0,108000000.0,-4000000.0,430000000.0,430000000.0,430000000.0,0.0,0.0,0.09,742000000.0,617000000.0,3790000000.0,0.214,4.033,11.875,12.048,4376000000.0,0.0,27.53,1.038,1.038,10875000000.0,5456000000.0,4794000000.0,4794000000.0,155000000.0,,,,,0.0,587000000.0,1.0,733709944.0,733709944.0,,6.534,22408000000.0,1965000000.0,207000000.0,507000000.0,30.541,3439000000.0
94,CAT,MRQ,1997-12-31,1997-12-31,1997-12-31,2021-09-07,95000000.0,20756000000.0,,9814000000.0,10942000000.0,,6.284,-433000000.0,292000000.0,292000000.0,3766000000.0,451000000.0,1.618,3.436,8568000000.0,1626000000.0,6942000000.0,8568000000.0,0.0,173000000.0,0.0,0.019,0.125,724000000.0,897000000.0,0.173,897000000.0,724000000.0,668000000.0,0.61,0.6,0.61,4679000000.0,,4679000000.0,26099860864.0,10.0,7.636,1000000.0,0.001,1.0,1427000000.0,0.275,228000000.0,56000000.0,22737000000.0,,2603000000.0,751000000.0,0.0,751000000.0,16077000000.0,6067000000.0,10010000000.0,18055860864.0,-495000000.0,-34000000.0,-235000000.0,-221000000.0,-93000000.0,-549000000.0,-374000000.0,121000000.0,434000000.0,-6000000.0,451000000.0,451000000.0,451000000.0,0.0,0.0,0.087,770000000.0,657000000.0,2218000000.0,0.205,3.859,10.844,10.923,4058000000.0,0.0,24.25,0.954,0.954,10006000000.0,5026000000.0,5193000000.0,5193000000.0,144000000.0,,,,,0.0,626000000.0,1.0,744571582.0,744571582.0,,6.974,20528000000.0,1468000000.0,217000000.0,545000000.0,27.57,3747000000.0
95,CAT,MRQ,1997-09-30,1997-09-30,1997-09-30,2021-09-07,135000000.0,20758000000.0,,10196000000.0,10562000000.0,,6.224,-226000000.0,787000000.0,787000000.0,3374000000.0,385000000.0,1.559,3.43,8831000000.0,2186000000.0,6645000000.0,8831000000.0,0.0,189000000.0,0.0,0.016,0.125,604000000.0,793000000.0,0.172,793000000.0,604000000.0,551000000.0,0.515,0.505,0.515,4686000000.0,,4686000000.0,28151918896.0,11.0,8.599,593000000.0,0.788,1.0,1226000000.0,0.267,224000000.0,53000000.0,22040000000.0,,2621000000.0,715000000.0,0.0,715000000.0,16072000000.0,6538000000.0,9534000000.0,20326918896.0,230000000.0,-3000000.0,-249000000.0,484000000.0,-94000000.0,141000000.0,-726000000.0,-486000000.0,819000000.0,-4000000.0,385000000.0,385000000.0,385000000.0,0.0,0.0,0.084,693000000.0,533000000.0,3173000000.0,0.243,4.338,12.744,,3819000000.0,0.0,27.0,1.117,1.117,9871000000.0,4759000000.0,4600000000.0,4600000000.0,132000000.0,,,,,0.0,561000000.0,1.0,752848848.0,752848848.0,,6.11,20534000000.0,1881000000.0,166000000.0,197000000.0,27.275,3658000000.0
96,CAT,MRQ,1997-06-30,1997-06-30,1997-06-30,2021-09-07,104000000.0,20197000000.0,,9819000000.0,10378000000.0,,5.977,-191000000.0,557000000.0,557000000.0,3535000000.0,435000000.0,1.511,3.472,8382000000.0,2115000000.0,6267000000.0,8382000000.0,0.0,187000000.0,0.0,0.015,0.1,710000000.0,897000000.0,0.184,897000000.0,710000000.0,652000000.0,0.575,0.565,0.575,4516000000.0,,4516000000.0,27562571309.0,11.0,8.744,312000000.0,0.413,1.0,1335000000.0,0.274,223000000.0,58000000.0,21301000000.0,,2526000000.0,695000000.0,0.0,695000000.0,15681000000.0,6498000000.0,9183000000.0,20287571309.0,39000000.0,-9000000.0,-81000000.0,623000000.0,-75000000.0,467000000.0,-941000000.0,-544000000.0,503000000.0,10000000.0,435000000.0,435000000.0,435000000.0,0.0,0.0,0.089,682000000.0,653000000.0,3098000000.0,0.174,4.492,13.347,,3786000000.0,0.0,26.85,1.151,1.151,9618000000.0,4375000000.0,4870000000.0,4870000000.0,135000000.0,,,,,0.0,547000000.0,1.0,755589248.0,755589248.0,,6.445,19974000000.0,1950000000.0,217000000.0,263000000.0,26.435,3321000000.0
97,CAT,MRQ,1997-03-31,1997-03-31,1997-03-31,2021-09-07,140000000.0,19292000000.0,,9079000000.0,10213000000.0,,5.734,-118000000.0,518000000.0,518000000.0,3060000000.0,394000000.0,1.444,3.419,7793000000.0,2190000000.0,5603000000.0,7793000000.0,0.0,189000000.0,0.0,0.019,0.1,642000000.0,831000000.0,0.195,831000000.0,642000000.0,590000000.0,0.52,0.515,0.52,4366000000.0,,4366000000.0,22247676578.0,10.0,7.335,222000000.0,0.292,1.0,1202000000.0,0.282,229000000.0,52000000.0,20049000000.0,,2478000000.0,697000000.0,0.0,697000000.0,14926000000.0,6289000000.0,8637000000.0,15275676578.0,31000000.0,-13000000.0,-130000000.0,419000000.0,-76000000.0,213000000.0,-500000000.0,-297000000.0,340000000.0,-22000000.0,394000000.0,394000000.0,394000000.0,0.0,0.0,0.092,615000000.0,587000000.0,2904000000.0,0.192,3.499,10.47,,3765000000.0,0.0,20.062,0.902,0.902,9028000000.0,4298000000.0,4262000000.0,4262000000.0,117000000.0,,,,,0.0,498000000.0,1.0,761404440.0,761404440.0,,5.598,19063000000.0,1893000000.0,196000000.0,346000000.0,25.037,2790000000.0
98,CAT,MRQ,1996-12-31,1996-12-31,1996-12-31,2021-09-07,162000000.0,18728000000.0,,8783000000.0,9945000000.0,,5.406,-285000000.0,487000000.0,487000000.0,3250000000.0,381000000.0,1.36,3.55,7459000000.0,2372000000.0,5087000000.0,7459000000.0,0.0,173000000.0,0.0,0.02,0.1,580000000.0,753000000.0,0.169,753000000.0,580000000.0,532000000.0,,,,4116000000.0,,4116000000.0,,,,211000000.0,0.277,1.0,1215000000.0,0.272,233000000.0,48000000.0,19009000000.0,,2222000000.0,701000000.0,0.0,701000000.0,14612000000.0,6458000000.0,8154000000.0,14323921028.0,-272000000.0,-287000000.0,-87000000.0,-49000000.0,-76000000.0,-212000000.0,-586000000.0,54000000.0,496000000.0,30000000.0,381000000.0,381000000.0,381000000.0,0.0,0.0,0.085,693000000.0,522000000.0,2858000000.0,,3.48,10.525,10.629,3767000000.0,0.0,18.812,0.867,0.867,8730000000.0,3904000000.0,4465000000.0,4465000000.0,111000000.0,,,,,0.0,582000000.0,1.0,761404440.0,761404440.0,,5.864,18495000000.0,1945000000.0,151000000.0,190000000.0,24.291,2325000000.0
99,CAT,MRQ,1996-09-30,1996-09-30,1996-09-30,2021-09-07,,,,,,,,-160000000.0,,,2982000000.0,310000000.0,,,,,,,,175000000.0,,0.019,0.1,496000000.0,671000000.0,0.166,671000000.0,496000000.0,448000000.0,,,,,,,,,,298000000.0,,1.0,1051000000.0,0.261,,48000000.0,,,,,,,,,,,126000000.0,-137000000.0,-108000000.0,518000000.0,-77000000.0,333000000.0,-662000000.0,-359000000.0,458000000.0,-3000000.0,310000000.0,310000000.0,310000000.0,0.0,0.0,0.077,595000000.0,456000000.0,,,,,,,0.0,18.845,,,,,4033000000.0,4033000000.0,104000000.0,,,,,0.0,491000000.0,1.0,,,,,,,138000000.0,,,
100,CAT,MRQ,1996-06-30,1996-06-30,1996-06-30,2021-09-07,,,,,,,,-129000000.0,,,3046000000.0,374000000.0,,,,,,,,174000000.0,,0.021,0.087,604000000.0,778000000.0,0.186,778000000.0,604000000.0,555000000.0,,,,,,,,,,435000000.0,,1.0,1134000000.0,0.271,,49000000.0,,,,,,,,,,,28000000.0,-112000000.0,-71000000.0,390000000.0,-68000000.0,251000000.0,-787000000.0,-536000000.0,564000000.0,0.0,374000000.0,374000000.0,374000000.0,0.0,0.0,0.089,568000000.0,566000000.0,,,,,,,0.0,16.812,,,,,4180000000.0,4180000000.0,97000000.0,,,,,0.0,471000000.0,1.0,,,,,,,181000000.0,,,
101,CAT,MRQ,1996-03-31,1996-03-31,1996-03-31,2021-09-07,,,,,,,,-62000000.0,,,2849000000.0,296000000.0,,,,,,,,174000000.0,,0.019,0.087,488000000.0,662000000.0,0.172,662000000.0,488000000.0,439000000.0,,,,,,,,,,202000000.0,,1.0,995000000.0,0.259,,49000000.0,,,,,,,,,,,-33000000.0,-76000000.0,-27000000.0,156000000.0,-68000000.0,61000000.0,-349000000.0,-129000000.0,264000000.0,-9000000.0,296000000.0,296000000.0,296000000.0,0.0,0.0,0.077,547000000.0,448000000.0,,,,,,,0.0,17.375,,,,,3844000000.0,3844000000.0,98000000.0,,,,,0.0,449000000.0,1.0,,,,,,,143000000.0,,,
102,CAT,MRQ,1995-12-31,1995-12-31,1995-12-31,2021-09-07,215000000.0,16830000000.0,,7647000000.0,9183000000.0,,,,638000000.0,638000000.0,,,1.264,3.968,6400000000.0,2436000000.0,3964000000.0,6400000000.0,0.0,,0.0,0.02,0.087,,,,,,,,,,3388000000.0,,3388000000.0,,,,,,1.0,,,170000000.0,,16373000000.0,,1921000000.0,476000000.0,0.0,476000000.0,13442000000.0,6049000000.0,7393000000.0,,,,,,,,,,,,,,,,,,,,2579000000.0,,,,10.271,3644000000.0,,14.688,,,7477000000.0,2840000000.0,,,,,,,,,,1.0,,,,,16660000000.0,1930000000.0,,127000000.0,,1598000000.0
103,CAT,MRQ,1994-12-31,1994-12-31,1994-12-31,2021-09-07,205000000.0,16250000000.0,,7409000000.0,8841000000.0,,,,419000000.0,419000000.0,,,1.348,4.582,5903000000.0,1633000000.0,4270000000.0,5903000000.0,0.0,,0.0,0.008,0.037,,,,,,,,,,2911000000.0,,2911000000.0,,,,,,1.0,,,237000000.0,,15999000000.0,,1835000000.0,455000000.0,0.0,455000000.0,13339000000.0,5498000000.0,7841000000.0,,,,,,,,,,,,,,,,,,,,2624000000.0,,,,11.73,3776000000.0,,13.783,,,7084000000.0,1961000000.0,,,,,,,,,,1.0,,,,,16013000000.0,2108000000.0,,167000000.0,,1911000000.0
0,CAT,MRT,2021-06-30,2021-06-30,2021-06-30,2021-09-07,-1154000000.0,81697000000.0,79372750000.0,42946000000.0,38751000000.0,0.578,30.814,-1191000000.0,10831000000.0,10831000000.0,32102000000.0,4396000000.0,1.561,3.84,37585000000.0,11381000000.0,26204000000.0,37585000000.0,0.0,2383000000.0,1157000000.0,0.019,4.12,6218000000.0,8601000000.0,0.187,8601000000.0,6218000000.0,5690000000.0,8.05,7.97,8.05,16880000000.0,15967250000.0,16880000000.0,146047777034.0,23.0,16.98,6661000000.0,12.16,1.0,13790000000.0,0.3,7548000000.0,528000000.0,73395000000.0,73104500000.0,12672000000.0,0.0,0.0,0.0,64817000000.0,27508000000.0,37309000000.0,119209777034.0,2051000000.0,-420000000.0,111000000.0,-1263000000.0,-2244000000.0,-3398000000.0,-2459000000.0,-712000000.0,7852000000.0,56000000.0,4391000000.0,4391000000.0,4391000000.0,0.0,5000000.0,0.096,7822000000.0,5968000000.0,6921000000.0,0.512,7.062,27.149,27.035,12014000000.0,0.0,217.63,2.598,2.598,31159000000.0,36934000000.0,45892000000.0,45892000000.0,1538000000.0,0.055,0.275,0.085,0.135,0.0,4945000000.0,1.0,547763530.0,547800000.0,552200000.0,83.775,74149000000.0,1455000000.0,1299000000.0,0.0,135.358,15438000000.0
1,CAT,MRT,2021-03-31,2021-03-31,2021-03-31,2021-09-07,-1290000000.0,80729000000.0,78090000000.0,42581000000.0,38148000000.0,0.551,30.412,-1206000000.0,11342000000.0,11342000000.0,30367000000.0,3441000000.0,1.602,3.858,38180000000.0,11824000000.0,26356000000.0,38180000000.0,0.0,2404000000.0,1168000000.0,0.018,4.12,5035000000.0,7439000000.0,0.173,7439000000.0,5035000000.0,4492000000.0,6.32,6.26,6.32,16617000000.0,15191500000.0,16617000000.0,153370129545.0,30.0,20.617,5919000000.0,10.833,1.0,12633000000.0,0.294,7589000000.0,543000000.0,73400000000.0,73146000000.0,12149000000.0,0.0,0.0,0.0,64112000000.0,26578000000.0,37534000000.0,125559129545.0,4221000000.0,-409000000.0,230000000.0,800000000.0,-2238000000.0,-1210000000.0,-1749000000.0,15000000.0,7125000000.0,55000000.0,3436000000.0,3436000000.0,3436000000.0,0.0,5000000.0,0.08,7670000000.0,4963000000.0,6694000000.0,0.652,7.556,36.542,36.688,12132000000.0,0.0,231.87,2.92,2.946,30369000000.0,36697000000.0,43000000000.0,43000000000.0,1433000000.0,0.044,0.226,0.069,0.117,0.0,4760000000.0,1.0,541506575.0,546400000.0,551400000.0,78.697,73140000000.0,1391000000.0,1056000000.0,0.0,133.858,16003000000.0
2,CAT,MRT,2020-12-31,2020-12-31,2020-12-31,2021-09-07,-888000000.0,78324000000.0,76881250000.0,39464000000.0,38860000000.0,0.543,28.263,-1343000000.0,9352000000.0,9352000000.0,29671000000.0,3003000000.0,1.535,4.093,37163000000.0,11164000000.0,25999000000.0,37163000000.0,0.0,2432000000.0,1108000000.0,0.023,4.12,4518000000.0,6950000000.0,0.166,6950000000.0,4518000000.0,4004000000.0,5.51,5.46,5.51,15378000000.0,14597000000.0,15378000000.0,127694872672.0,28.0,18.373,4984000000.0,9.16,1.0,12077000000.0,0.289,7702000000.0,514000000.0,72716000000.0,72728500000.0,11402000000.0,0.0,0.0,0.0,62946000000.0,25717000000.0,37229000000.0,98883872672.0,1074000000.0,-86000000.0,-901000000.0,-610000000.0,-2243000000.0,-3755000000.0,-1485000000.0,10000000.0,6327000000.0,-13000000.0,2998000000.0,2998000000.0,2998000000.0,0.0,5000000.0,0.072,7524000000.0,4553000000.0,6128000000.0,0.748,6.43,32.983,33.034,12401000000.0,0.0,182.02,2.369,2.372,30187000000.0,35167000000.0,41748000000.0,41748000000.0,1415000000.0,0.039,0.205,0.062,0.108,0.0,4642000000.0,1.0,543258283.0,544100000.0,548600000.0,76.729,70622000000.0,1523000000.0,1006000000.0,0.0,129.796,13747000000.0
3,CAT,MRT,2020-09-30,2020-09-30,2020-09-30,2021-09-07,-1448000000.0,76741000000.0,76913500000.0,38534000000.0,38207000000.0,0.568,27.568,-1413000000.0,9315000000.0,9315000000.0,31059000000.0,3320000000.0,1.543,4.118,38126000000.0,12019000000.0,26107000000.0,38126000000.0,0.0,2459000000.0,1209000000.0,0.028,4.12,4927000000.0,7386000000.0,0.169,7386000000.0,4927000000.0,4431000000.0,6.1,6.05,6.1,14994000000.0,14409750000.0,14994000000.0,110603705661.0,22.0,14.975,5276000000.0,9.7,1.0,12598000000.0,0.289,7667000000.0,496000000.0,72907000000.0,72910500000.0,11453000000.0,0.0,0.0,0.0,61747000000.0,24978000000.0,36769000000.0,80765705661.0,1383000000.0,-83000000.0,-1605000000.0,138000000.0,-2251000000.0,-3720000000.0,-1533000000.0,30000000.0,6689000000.0,-53000000.0,3316000000.0,3316000000.0,3316000000.0,0.0,4000000.0,0.076,7575000000.0,5023000000.0,5193000000.0,0.675,5.387,24.356,24.451,12232000000.0,0.0,149.15,1.85,1.858,29293000000.0,35508000000.0,43657000000.0,43657000000.0,1427000000.0,0.043,0.23,0.068,0.113,0.0,4709000000.0,1.0,541506575.0,543900000.0,547800000.0,80.267,69074000000.0,1440000000.0,1115000000.0,0.0,126.998,13556000000.0
4,CAT,MRT,2020-06-30,2020-06-30,2020-06-30,2021-09-07,-1815000000.0,76566000000.0,77226500000.0,37862000000.0,38704000000.0,0.603,25.409,-1329000000.0,8784000000.0,8784000000.0,32761000000.0,4143000000.0,1.501,4.558,38622000000.0,11715000000.0,26907000000.0,38622000000.0,0.0,2511000000.0,1227000000.0,0.033,4.12,6051000000.0,8562000000.0,0.184,8562000000.0,6051000000.0,5588000000.0,7.56,7.49,7.56,13777000000.0,14409500000.0,13777000000.0,98526865888.0,16.0,11.507,4395000000.0,8.106,1.0,13773000000.0,0.296,7612000000.0,463000000.0,73561000000.0,72938750000.0,11371000000.0,0.0,0.0,0.0,62789000000.0,25231000000.0,37558000000.0,68556865888.0,1332000000.0,-39000000.0,-2883000000.0,2456000000.0,-2271000000.0,-2700000000.0,-1592000000.0,-247000000.0,5724000000.0,-100000000.0,4142000000.0,4142000000.0,4142000000.0,0.0,1000000.0,0.089,7715000000.0,6058000000.0,5083000000.0,0.545,4.976,16.552,16.733,12357000000.0,0.0,126.5,1.473,1.474,29642000000.0,34841000000.0,46534000000.0,46534000000.0,1514000000.0,0.054,0.287,0.083,0.13,0.0,4834000000.0,1.0,541951509.0,542200000.0,545300000.0,85.824,68954000000.0,1459000000.0,1446000000.0,0.0,127.174,12631000000.0
5,CAT,MRT,2020-03-31,2020-03-31,2020-03-31,2021-09-07,-2012000000.0,75894000000.0,77881750000.0,37586000000.0,38308000000.0,0.654,26.041,-1510000000.0,7123000000.0,7123000000.0,35632000000.0,5303000000.0,1.417,4.33,37093000000.0,12724000000.0,24369000000.0,37093000000.0,0.0,2550000000.0,1295000000.0,0.034,3.95,7519000000.0,10069000000.0,0.198,10069000000.0,7519000000.0,7088000000.0,9.56,9.47,9.56,14239000000.0,14684750000.0,14239000000.0,94655849724.0,13.0,9.401,5411000000.0,9.896,1.0,15337000000.0,0.301,7618000000.0,431000000.0,71730000000.0,72637750000.0,11748000000.0,0.0,0.0,0.0,61655000000.0,26516000000.0,35139000000.0,65282849724.0,-28000000.0,-39000000.0,-4119000000.0,1465000000.0,-2205000000.0,-4862000000.0,-1960000000.0,-460000000.0,6921000000.0,-127000000.0,5304000000.0,5304000000.0,5304000000.0,0.0,-1000000.0,0.104,7850000000.0,7487000000.0,5769000000.0,0.413,4.585,12.308,12.138,12488000000.0,0.0,116.04,1.281,1.245,30171000000.0,35504000000.0,50969000000.0,50969000000.0,1614000000.0,0.068,0.361,0.104,0.148,0.0,4964000000.0,1.0,562589191.0,546800000.0,551100000.0,93.213,68276000000.0,1426000000.0,1784000000.0,0.0,124.865,11070000000.0
6,CAT,MRT,2019-12-31,2019-12-31,2019-12-31,2021-09-07,-1567000000.0,78453000000.0,78589750000.0,39193000000.0,39260000000.0,0.685,26.049,-1516000000.0,8284000000.0,8284000000.0,37384000000.0,6094000000.0,1.472,4.363,37657000000.0,11376000000.0,26281000000.0,37657000000.0,0.0,2577000000.0,1187000000.0,0.026,3.78,8260000000.0,10837000000.0,0.201,10837000000.0,8260000000.0,7839000000.0,10.85,10.74,10.85,14629000000.0,14994500000.0,14629000000.0,111616590592.0,14.0,10.3,5396000000.0,9.608,1.0,16416000000.0,0.305,7761000000.0,421000000.0,73444000000.0,72703750000.0,11266000000.0,0.0,0.0,0.0,63824000000.0,26621000000.0,37203000000.0,81616590592.0,402000000.0,-6000000.0,-3809000000.0,1406000000.0,-2132000000.0,-4538000000.0,-1928000000.0,-382000000.0,6912000000.0,-44000000.0,6093000000.0,6093000000.0,6093000000.0,0.0,1000000.0,0.113,8126000000.0,8290000000.0,5957000000.0,0.348,5.579,13.395,13.611,12904000000.0,0.0,147.68,1.517,1.542,31748000000.0,34437000000.0,53800000000.0,53800000000.0,1693000000.0,0.078,0.406,0.114,0.154,0.0,5162000000.0,1.0,552658387.0,561600000.0,567500000.0,95.798,70692000000.0,1411000000.0,1746000000.0,0.0,125.876,12572000000.0
7,CAT,MRT,2019-09-30,2019-09-30,2019-09-30,2021-09-07,-1783000000.0,77993000000.0,78603750000.0,39160000000.0,38833000000.0,0.7,26.527,-1627000000.0,7906000000.0,7906000000.0,38260000000.0,6046000000.0,1.44,4.202,37906000000.0,12318000000.0,25588000000.0,37906000000.0,0.0,2634000000.0,1309000000.0,0.029,3.61,8242000000.0,10876000000.0,0.198,10876000000.0,8242000000.0,7834000000.0,10.67,10.57,10.67,14993000000.0,14857250000.0,14993000000.0,99909640715.0,12.0,9.186,4934000000.0,8.73,1.0,16738000000.0,0.304,7772000000.0,408000000.0,73020000000.0,72061000000.0,12180000000.0,0.0,0.0,0.0,63000000000.0,27201000000.0,35799000000.0,71060640715.0,-110000000.0,-36000000.0,-5001000000.0,2633000000.0,-2071000000.0,-4463000000.0,-2152000000.0,-441000000.0,6561000000.0,-56000000.0,6043000000.0,6043000000.0,6043000000.0,0.0,3000000.0,0.11,8415000000.0,8323000000.0,6141000000.0,0.338,4.74,11.759,11.838,12842000000.0,0.0,126.31,1.292,1.298,31072000000.0,34477000000.0,54998000000.0,54998000000.0,1773000000.0,0.077,0.407,0.114,0.15,0.0,5342000000.0,1.0,562589191.0,565200000.0,570800000.0,97.307,70221000000.0,1372000000.0,1791000000.0,0.0,124.241,11959000000.0
8,CAT,MRT,2019-06-30,2019-06-30,2019-06-30,2021-09-07,-1499000000.0,79187000000.0,78657750000.0,39789000000.0,39398000000.0,0.709,26.203,-1794000000.0,7429000000.0,7429000000.0,38709000000.0,6279000000.0,1.435,4.322,36278000000.0,11514000000.0,24764000000.0,36278000000.0,0.0,2687000000.0,1263000000.0,0.025,3.44,8371000000.0,11058000000.0,0.198,11058000000.0,8371000000.0,7964000000.0,10.89,10.78,10.89,14878000000.0,15081500000.0,14878000000.0,106571303469.0,13.0,9.637,5390000000.0,9.493,1.0,17041000000.0,0.306,7944000000.0,407000000.0,72357000000.0,71739250000.0,12007000000.0,0.0,0.0,0.0,64309000000.0,27735000000.0,36574000000.0,77917303469.0,-1235000000.0,-43000000.0,-4557000000.0,485000000.0,-2004000000.0,-6128000000.0,-2223000000.0,-338000000.0,7184000000.0,-68000000.0,6276000000.0,6276000000.0,6276000000.0,0.0,3000000.0,0.113,8603000000.0,8438000000.0,7022000000.0,0.316,5.237,12.415,12.515,13172000000.0,0.0,136.29,1.398,1.388,32150000000.0,32981000000.0,55750000000.0,55750000000.0,1821000000.0,0.08,0.416,0.117,0.15,0.0,5390000000.0,1.0,571702278.0,567800000.0,573100000.0,98.186,71243000000.0,1473000000.0,1688000000.0,0.0,125.472,12054000000.0
9,CAT,MRT,2019-03-31,2019-03-31,2019-03-31,2021-09-07,-1588000000.0,78726000000.0,78607750000.0,39126000000.0,39600000000.0,0.704,27.041,-1819000000.0,7128000000.0,7128000000.0,38180000000.0,6365000000.0,1.429,4.086,35782000000.0,11542000000.0,24240000000.0,35782000000.0,0.0,2726000000.0,1354000000.0,0.025,3.36,8382000000.0,11108000000.0,0.201,11108000000.0,8382000000.0,7976000000.0,10.9,10.77,10.9,15478000000.0,15097500000.0,15478000000.0,109221146820.0,13.0,9.833,4925000000.0,8.604,1.0,17149000000.0,0.31,7998000000.0,406000000.0,71994000000.0,71128500000.0,12340000000.0,0.0,0.0,0.0,63248000000.0,27388000000.0,35860000000.0,80525146820.0,-769000000.0,-50000000.0,-3890000000.0,1133000000.0,-1978000000.0,-4787000000.0,-2593000000.0,-683000000.0,6744000000.0,-133000000.0,6363000000.0,6363000000.0,6363000000.0,0.0,2000000.0,0.115,8757000000.0,8392000000.0,7198000000.0,0.308,5.203,12.655,12.43,13259000000.0,0.0,135.49,1.455,1.402,31716000000.0,32435000000.0,55329000000.0,55329000000.0,1842000000.0,0.081,0.421,0.118,0.151,0.0,5521000000.0,1.0,594325388.0,572400000.0,578800000.0,96.661,70728000000.0,1378000000.0,1613000000.0,0.0,123.564,11738000000.0
10,CAT,MRT,2018-12-31,2018-12-31,2018-12-31,2021-09-07,-1684000000.0,78509000000.0,78429750000.0,38603000000.0,39906000000.0,0.698,23.808,-1980000000.0,7857000000.0,7857000000.0,37719000000.0,6148000000.0,1.368,4.576,36553000000.0,11553000000.0,25000000000.0,36553000000.0,0.0,2766000000.0,1243000000.0,0.026,3.28,8249000000.0,11015000000.0,0.201,11015000000.0,8249000000.0,7845000000.0,10.39,10.26,10.39,14080000000.0,15046000000.0,14080000000.0,102750859767.0,12.0,9.328,4578000000.0,7.741,1.0,17003000000.0,0.311,8114000000.0,404000000.0,70873000000.0,70505000000.0,11529000000.0,0.0,0.0,0.0,64429000000.0,28218000000.0,36211000000.0,74984859767.0,-430000000.0,-376000000.0,-3485000000.0,1840000000.0,-1951000000.0,-3650000000.0,-3212000000.0,-869000000.0,6558000000.0,-126000000.0,6147000000.0,6147000000.0,6147000000.0,0.0,1000000.0,0.112,8710000000.0,8293000000.0,7051000000.0,0.316,5.326,12.199,12.23,13574000000.0,0.0,127.07,1.37,1.373,31899000000.0,30427000000.0,54722000000.0,54722000000.0,1850000000.0,0.078,0.409,0.117,0.151,0.0,5478000000.0,1.0,590106711.0,591400000.0,599400000.0,92.53,70395000000.0,1439000000.0,1698000000.0,0.0,119.031,10385000000.0
11,CAT,MRT,2018-09-30,2018-09-30,2018-09-30,2021-09-07,-1568000000.0,78209000000.0,78043000000.0,38454000000.0,39755000000.0,0.683,26.837,-1796000000.0,8007000000.0,8007000000.0,36670000000.0,3800000000.0,1.477,3.922,35773000000.0,10332000000.0,25441000000.0,35773000000.0,0.0,2789000000.0,1491000000.0,0.021,3.2,8069000000.0,10858000000.0,0.204,10858000000.0,8069000000.0,7595000000.0,6.35,6.26,6.35,15890000000.0,14967500000.0,15890000000.0,118143678416.0,15.0,10.881,3220000000.0,5.438,1.0,16606000000.0,0.312,8209000000.0,474000000.0,71733000000.0,69871000000.0,11814000000.0,0.0,0.0,0.0,62319000000.0,26033000000.0,36286000000.0,90628678416.0,-1611000000.0,-348000000.0,-1495000000.0,-124000000.0,-1908000000.0,-3561000000.0,-2947000000.0,-843000000.0,5016000000.0,-119000000.0,3800000000.0,3800000000.0,3800000000.0,0.0,0.0,0.071,8809000000.0,7797000000.0,6788000000.0,0.504,5.704,23.85,24.014,13607000000.0,0.0,152.49,1.701,1.695,31171000000.0,30384000000.0,53276000000.0,53276000000.0,1882000000.0,0.049,0.254,0.115,0.151,0.0,5395000000.0,1.0,594325388.0,592100000.0,599400000.0,89.978,70000000000.0,1288000000.0,3795000000.0,0.0,118.223,12421000000.0
12,CAT,MRT,2018-06-30,2018-06-30,2018-06-30,2021-09-07,-1496000000.0,78987000000.0,78130750000.0,38641000000.0,40346000000.0,0.655,25.062,-1600000000.0,8654000000.0,8654000000.0,35304000000.0,3134000000.0,1.365,4.286,36169000000.0,12470000000.0,23699000000.0,36169000000.0,0.0,2814000000.0,1378000000.0,0.023,3.12,7472000000.0,10286000000.0,0.201,10286000000.0,7472000000.0,6982000000.0,5.22,5.15,5.22,14942000000.0,14919250000.0,14942000000.0,108544757783.0,15.0,10.553,3265000000.0,5.476,1.0,15875000000.0,0.31,8288000000.0,490000000.0,69914000000.0,69592500000.0,11255000000.0,0.0,0.0,0.0,64045000000.0,28300000000.0,35745000000.0,81117757783.0,-1589000000.0,-365000000.0,-511000000.0,-1160000000.0,-1858000000.0,-3536000000.0,-2875000000.0,-995000000.0,4865000000.0,-43000000.0,3132000000.0,3132000000.0,3132000000.0,0.0,2000000.0,0.061,8704000000.0,7171000000.0,6831000000.0,0.598,5.429,25.9,25.99,13752000000.0,0.0,135.67,1.585,1.58,31299000000.0,28657000000.0,51179000000.0,51179000000.0,1864000000.0,0.04,0.21,0.107,0.146,0.0,5350000000.0,1.0,597904900.0,596200000.0,604200000.0,85.842,70699000000.0,1626000000.0,3850000000.0,0.0,118.583,10341000000.0
13,CAT,MRT,2018-03-31,2018-03-31,2018-03-31,2021-09-07,-1016000000.0,78014000000.0,78011500000.0,37357000000.0,40657000000.0,0.622,25.538,-1396000000.0,7888000000.0,7888000000.0,33678000000.0,2232000000.0,1.363,4.108,35315000000.0,12150000000.0,23165000000.0,35315000000.0,0.0,2848000000.0,1399000000.0,0.021,3.11,6457000000.0,9305000000.0,0.192,9305000000.0,6457000000.0,5948000000.0,3.72,3.68,3.72,15272000000.0,14703500000.0,15272000000.0,113714570085.0,18.0,12.221,3703000000.0,6.192,1.0,14821000000.0,0.306,8539000000.0,509000000.0,69500000000.0,69354750000.0,10947000000.0,0.0,0.0,0.0,62742000000.0,27402000000.0,35340000000.0,87097570085.0,-1608000000.0,-269000000.0,234000000.0,-3455000000.0,-1846000000.0,-5073000000.0,-1673000000.0,-104000000.0,5099000000.0,39000000.0,2227000000.0,2227000000.0,2227000000.0,0.0,5000000.0,0.046,8633000000.0,6188000000.0,6938000000.0,0.836,5.703,39.11,39.618,13912000000.0,0.0,147.38,1.796,1.817,31029000000.0,27929000000.0,48499000000.0,48499000000.0,1860000000.0,0.029,0.151,0.093,0.133,0.0,5214000000.0,1.0,590972792.0,598000000.0,608000000.0,81.102,69475000000.0,1687000000.0,3721000000.0,0.0,116.179,9955000000.0
14,CAT,MRT,2017-12-31,2017-12-31,2017-12-31,2021-09-07,-1192000000.0,76962000000.0,77895250000.0,36244000000.0,40718000000.0,0.584,23.261,-1172000000.0,8261000000.0,8261000000.0,31906000000.0,759000000.0,1.346,4.591,34878000000.0,11031000000.0,23847000000.0,34878000000.0,0.0,2877000000.0,1426000000.0,0.02,3.1,4624000000.0,7501000000.0,0.165,7501000000.0,4624000000.0,4093000000.0,1.27,1.26,1.27,13766000000.0,14300500000.0,13766000000.0,120082633852.0,26.0,16.009,4534000000.0,7.661,1.0,13556000000.0,0.298,8311000000.0,531000000.0,68337000000.0,69576250000.0,10018000000.0,0.0,0.0,0.0,63196000000.0,26931000000.0,36265000000.0,93749633852.0,1121000000.0,41000000.0,566000000.0,-2383000000.0,-1831000000.0,-3657000000.0,-966000000.0,76000000.0,5706000000.0,38000000.0,754000000.0,754000000.0,754000000.0,0.0,5000000.0,0.017,9096000000.0,4460000000.0,6487000000.0,2.441,6.81,124.336,124.079,14155000000.0,0.0,157.58,2.062,2.051,30725000000.0,26301000000.0,45462000000.0,45462000000.0,1842000000.0,0.01,0.053,0.066,0.102,0.0,4999000000.0,1.0,594933582.0,591800000.0,599300000.0,76.82,68651000000.0,1693000000.0,3339000000.0,0.0,116.004,9313000000.0
15,CAT,MRT,2017-09-30,2017-09-30,2017-09-30,2021-09-07,-1233000000.0,78560000000.0,77330750000.0,37185000000.0,41375000000.0,0.545,26.475,-1174000000.0,9591000000.0,9591000000.0,30204000000.0,891000000.0,1.436,4.005,35924000000.0,11089000000.0,24835000000.0,35924000000.0,0.0,2932000000.0,1510000000.0,0.025,3.09,2105000000.0,5037000000.0,0.12,5037000000.0,2105000000.0,1623000000.0,1.49,1.46,1.49,15697000000.0,14162250000.0,15697000000.0,100660216890.0,48.0,19.984,5655000000.0,9.538,1.0,11936000000.0,0.283,8371000000.0,482000000.0,70619000000.0,69946500000.0,10212000000.0,0.0,0.0,0.0,62863000000.0,25903000000.0,36960000000.0,73700216890.0,3493000000.0,-73000000.0,384000000.0,-1323000000.0,-1818000000.0,-2764000000.0,-595000000.0,604000000.0,6829000000.0,23000000.0,882000000.0,882000000.0,882000000.0,0.0,9000000.0,0.021,9461000000.0,2475000000.0,6113000000.0,2.074,4.695,83.56,83.698,14187000000.0,0.0,124.71,1.749,1.755,29836000000.0,28530000000.0,42140000000.0,42140000000.0,1768000000.0,0.011,0.062,0.03,0.05,0.0,4799000000.0,1.0,590972792.0,592900000.0,600100000.0,71.074,70189000000.0,2845000000.0,741000000.0,0.0,118.383,11282000000.0
16,CAT,MRT,2017-06-30,2017-06-30,2017-06-30,2021-09-07,-1471000000.0,78510000000.0,76791250000.0,36991000000.0,41519000000.0,0.519,23.855,-1368000000.0,10232000000.0,10232000000.0,29037000000.0,113000000.0,1.315,4.576,37192000000.0,13377000000.0,23815000000.0,37192000000.0,0.0,2970000000.0,1533000000.0,0.029,3.08,963000000.0,3933000000.0,0.099,3933000000.0,963000000.0,473000000.0,0.18,0.17,0.18,14079000000.0,14149250000.0,14079000000.0,92113644498.0,96.0,23.421,5391000000.0,9.134,1.0,10850000000.0,0.272,8374000000.0,490000000.0,68963000000.0,70524500000.0,9388000000.0,0.0,0.0,0.0,64431000000.0,28133000000.0,36298000000.0,63303644498.0,3468000000.0,-83000000.0,107000000.0,-1079000000.0,-1807000000.0,-2793000000.0,-482000000.0,950000000.0,6759000000.0,-16000000.0,106000000.0,106000000.0,106000000.0,0.0,7000000.0,0.003,9403000000.0,1447000000.0,5778000000.0,17.111,4.496,597.204,597.0,14420000000.0,0.0,107.46,1.587,1.59,29732000000.0,27471000000.0,39887000000.0,39887000000.0,1760000000.0,0.001,0.007,0.014,0.024,0.0,4537000000.0,1.0,589090308.0,590200000.0,595400000.0,67.582,70136000000.0,2866000000.0,367000000.0,0.0,118.834,8858000000.0
17,CAT,MRT,2017-03-31,2017-03-31,2017-03-31,2021-09-07,-1827000000.0,77549000000.0,76738750000.0,35548000000.0,42001000000.0,0.507,23.251,-1737000000.0,9472000000.0,9472000000.0,28626000000.0,-137000000.0,1.286,4.677,38282000000.0,14557000000.0,23725000000.0,38282000000.0,0.0,3004000000.0,1383000000.0,0.033,3.08,543000000.0,3547000000.0,0.091,3547000000.0,543000000.0,44000000.0,-0.24,-0.25,-0.24,13660000000.0,14437500000.0,13660000000.0,83808284350.0,154.0,23.628,4954000000.0,8.432,1.0,10272000000.0,0.264,8338000000.0,499000000.0,70386000000.0,71620500000.0,9082000000.0,0.0,0.0,0.0,63889000000.0,27635000000.0,36254000000.0,54193284350.0,3598000000.0,-197000000.0,3000000.0,51000000.0,-1803000000.0,-1762000000.0,-1301000000.0,621000000.0,6691000000.0,-30000000.0,-146000000.0,-146000000.0,-146000000.0,0.0,9000000.0,-0.004,9224000000.0,1048000000.0,5302000000.0,-12.833,3.967,-371.187,-386.5,14727000000.0,0.0,92.76,1.393,1.401,29587000000.0,27584000000.0,38898000000.0,38898000000.0,1770000000.0,-0.002,-0.01,0.008,0.014,0.0,4356000000.0,1.0,584231181.0,587500000.0,593200000.0,66.209,69211000000.0,2940000000.0,190000000.0,0.0,117.806,7913000000.0
18,CAT,MRT,2016-12-31,2016-12-31,2016-12-31,2021-09-07,-2039000000.0,74704000000.0,76928250000.0,31967000000.0,42737000000.0,0.501,22.613,-2029000000.0,7168000000.0,7168000000.0,28640000000.0,-59000000.0,1.223,4.654,36783000000.0,13965000000.0,22818000000.0,36783000000.0,0.0,3034000000.0,1167000000.0,0.033,3.08,630000000.0,3664000000.0,0.095,3664000000.0,630000000.0,125000000.0,-0.11,-0.11,-0.11,13213000000.0,14941500000.0,13213000000.0,85256631533.0,135.0,23.269,3610000000.0,6.178,1.0,9897000000.0,0.257,8369000000.0,505000000.0,69818000000.0,72803500000.0,8614000000.0,0.0,0.0,0.0,61491000000.0,26132000000.0,35359000000.0,54259631533.0,688000000.0,-191000000.0,-23000000.0,-1313000000.0,-1799000000.0,-3143000000.0,-1780000000.0,460000000.0,5639000000.0,-28000000.0,-67000000.0,-67000000.0,-67000000.0,0.0,8000000.0,-0.002,8735000000.0,1162000000.0,4614000000.0,-28.0,4.107,-809.845,-843.091,15322000000.0,0.0,92.74,1.408,1.406,29088000000.0,27377000000.0,38537000000.0,38537000000.0,1853000000.0,-0.001,-0.004,0.009,0.016,0.0,4383000000.0,1.0,585072585.0,584300000.0,584300000.0,65.954,66335000000.0,2790000000.0,192000000.0,0.0,113.529,5835000000.0
19,CAT,MRT,2016-09-30,2016-09-30,2016-09-30,2021-09-07,-1527000000.0,76402000000.0,77837750000.0,31999000000.0,44403000000.0,0.514,26.757,-2405000000.0,6113000000.0,6113000000.0,29602000000.0,1018000000.0,1.265,3.879,37110000000.0,13488000000.0,23622000000.0,37110000000.0,0.0,3029000000.0,1161000000.0,0.035,3.08,1735000000.0,4764000000.0,0.119,4764000000.0,1735000000.0,1224000000.0,1.77,1.77,1.77,15645000000.0,15340500000.0,15645000000.0,83421201937.0,48.0,17.511,3405000000.0,5.823,1.0,10391000000.0,0.26,9178000000.0,511000000.0,72931000000.0,73903250000.0,9478000000.0,0.0,0.0,0.0,60687000000.0,25290000000.0,35397000000.0,51862201937.0,67000000.0,-328000000.0,-55000000.0,-653000000.0,-1796000000.0,-2532000000.0,-3162000000.0,-396000000.0,5810000000.0,-49000000.0,1010000000.0,1010000000.0,1010000000.0,0.0,8000000.0,0.025,8806000000.0,1585000000.0,4713000000.0,1.74,3.315,51.349,50.153,15680000000.0,0.0,88.77,1.297,1.298,29453000000.0,29450000000.0,39993000000.0,39993000000.0,2001000000.0,0.013,0.066,0.023,0.043,0.0,4458000000.0,1.0,584231181.0,584700000.0,589600000.0,68.399,67224000000.0,2579000000.0,214000000.0,0.0,114.972,6709000000.0
20,CAT,MRT,2016-06-30,2016-06-30,2016-06-30,2021-09-07,-1633000000.0,78300000000.0,78479500000.0,33606000000.0,44694000000.0,0.533,26.078,-2619000000.0,6764000000.0,6764000000.0,30942000000.0,1297000000.0,1.236,4.136,38323000000.0,14343000000.0,23980000000.0,38323000000.0,0.0,3026000000.0,1259000000.0,0.041,3.08,2134000000.0,5160000000.0,0.123,5160000000.0,2134000000.0,1622000000.0,2.24,2.23,2.24,15232000000.0,15403250000.0,15232000000.0,76740089634.0,36.0,14.872,3526000000.0,6.037,1.0,10853000000.0,0.26,9329000000.0,512000000.0,73347000000.0,74482000000.0,9458000000.0,0.0,0.0,0.0,62997000000.0,27183000000.0,35814000000.0,44263089634.0,-1057000000.0,-365000000.0,-1547000000.0,189000000.0,-1809000000.0,-3185000000.0,-3883000000.0,-846000000.0,6145000000.0,-134000000.0,1286000000.0,1286000000.0,1286000000.0,0.0,11000000.0,0.031,8824000000.0,2029000000.0,5104000000.0,1.375,2.906,34.419,33.844,15916000000.0,0.0,75.81,1.059,1.059,30396000000.0,29167000000.0,41795000000.0,41795000000.0,2061000000.0,0.016,0.083,0.029,0.051,0.0,4595000000.0,1.0,583868746.0,584100000.0,588600000.0,71.555,68971000000.0,2536000000.0,336000000.0,0.0,118.081,6423000000.0
21,CAT,MRT,2016-03-31,2016-03-31,2016-03-31,2021-09-07,-1493000000.0,78307000000.0,79465000000.0,33748000000.0,44559000000.0,0.551,26.898,-2409000000.0,5886000000.0,5886000000.0,32197000000.0,1547000000.0,1.287,3.99,38363000000.0,13893000000.0,24470000000.0,38363000000.0,0.0,3033000000.0,1328000000.0,0.039,3.01,2532000000.0,5565000000.0,0.127,5565000000.0,2532000000.0,2025000000.0,2.63,2.61,2.63,15676000000.0,15868250000.0,15676000000.0,77758494841.0,31.0,13.973,3510000000.0,6.023,1.0,11573000000.0,0.264,9451000000.0,507000000.0,75118000000.0,75575750000.0,9849000000.0,0.0,0.0,0.0,62554000000.0,26215000000.0,36339000000.0,46125494841.0,-1677000000.0,-372000000.0,-1669000000.0,-307000000.0,-1781000000.0,-3775000000.0,-3705000000.0,-825000000.0,5919000000.0,-116000000.0,1538000000.0,1538000000.0,1538000000.0,0.0,9000000.0,0.035,8996000000.0,2577000000.0,5101000000.0,1.144,2.942,29.991,29.103,15935000000.0,0.0,76.54,1.054,1.019,30852000000.0,29517000000.0,43770000000.0,43770000000.0,2103000000.0,0.019,0.097,0.034,0.058,0.0,4790000000.0,1.0,602632543.0,582800000.0,587700000.0,75.103,68856000000.0,2486000000.0,487000000.0,0.0,118.147,7533000000.0
22,CAT,MRT,2015-12-31,2015-12-31,2015-12-31,2021-09-07,-2035000000.0,78342000000.0,80510750000.0,33508000000.0,44834000000.0,0.584,24.918,-2501000000.0,6460000000.0,6460000000.0,34133000000.0,2523000000.0,1.277,4.285,38013000000.0,12844000000.0,25169000000.0,38013000000.0,0.0,3046000000.0,1146000000.0,0.043,2.94,3935000000.0,6981000000.0,0.148,6981000000.0,3935000000.0,3428000000.0,4.23,4.18,4.23,14809000000.0,16189750000.0,14809000000.0,71065609116.0,18.0,10.18,4198000000.0,7.064,1.0,12878000000.0,0.274,9436000000.0,507000000.0,74217000000.0,76234500000.0,9700000000.0,0.0,0.0,0.0,63457000000.0,26242000000.0,37215000000.0,39568609116.0,-881000000.0,-222000000.0,-1992000000.0,-138000000.0,-1757000000.0,-3894000000.0,-3517000000.0,-680000000.0,6699000000.0,-169000000.0,2512000000.0,2512000000.0,2512000000.0,0.0,11000000.0,0.053,9093000000.0,3785000000.0,5023000000.0,0.695,2.672,15.752,16.066,16090000000.0,0.0,67.96,0.842,0.859,30507000000.0,29246000000.0,47011000000.0,47011000000.0,2119000000.0,0.031,0.155,0.052,0.084,0.0,4951000000.0,1.0,582233801.0,594300000.0,601300000.0,79.103,68906000000.0,2489000000.0,916000000.0,0.0,115.945,7266000000.0
23,CAT,MRT,2015-09-30,2015-09-30,2015-09-30,2021-09-07,-6843000000.0,78969000000.0,82095500000.0,35280000000.0,43689000000.0,0.612,27.016,-2498000000.0,6046000000.0,6046000000.0,37350000000.0,2133000000.0,1.366,3.963,37543000000.0,12335000000.0,25208000000.0,37543000000.0,0.0,3067000000.0,1610000000.0,0.044,2.87,3192000000.0,6259000000.0,0.125,6259000000.0,3192000000.0,2685000000.0,3.58,3.54,3.58,15896000000.0,16674000000.0,15896000000.0,69887063010.0,22.0,11.166,4237000000.0,7.201,1.0,12875000000.0,0.256,9387000000.0,507000000.0,75246000000.0,77424750000.0,11150000000.0,231000000.0,0.0,231000000.0,63001000000.0,25833000000.0,37168000000.0,39388063010.0,-36000000.0,25000000.0,-1970000000.0,-325000000.0,-1732000000.0,-3992000000.0,-2597000000.0,-14000000.0,6735000000.0,-182000000.0,2120000000.0,2120000000.0,2120000000.0,0.0,13000000.0,0.042,9866000000.0,3009000000.0,5206000000.0,0.802,2.478,18.579,18.257,15955000000.0,0.0,65.36,0.784,0.766,30462000000.0,35191000000.0,50225000000.0,50225000000.0,2370000000.0,0.026,0.127,0.041,0.064,0.0,6050000000.0,1.0,602632543.0,588400000.0,594800000.0,85.359,69582000000.0,3005000000.0,565000000.0,0.0,118.256,9447000000.0
24,CAT,MRT,2015-06-30,2015-06-30,2015-06-30,2021-09-07,-6729000000.0,82242000000.0,83475250000.0,38227000000.0,44015000000.0,0.633,28.336,-2486000000.0,7821000000.0,7821000000.0,39127000000.0,2592000000.0,1.493,3.808,38320000000.0,10875000000.0,27445000000.0,38320000000.0,0.0,3107000000.0,1754000000.0,0.033,2.8,3797000000.0,6904000000.0,0.131,6904000000.0,3797000000.0,3289000000.0,4.29,4.23,4.29,17092000000.0,17405750000.0,17092000000.0,82413055496.0,22.0,11.937,4795000000.0,7.949,1.0,13685000000.0,0.259,9413000000.0,508000000.0,77722000000.0,78635250000.0,11681000000.0,229000000.0,0.0,229000000.0,65081000000.0,25606000000.0,39475000000.0,51201055496.0,-106000000.0,150000000.0,-2947000000.0,-338000000.0,-1709000000.0,-4930000000.0,-2336000000.0,96000000.0,7281000000.0,-121000000.0,2578000000.0,2578000000.0,2578000000.0,0.0,14000000.0,0.049,10209000000.0,3476000000.0,5862000000.0,0.653,2.996,19.861,19.772,16136000000.0,0.0,84.82,0.969,0.969,31413000000.0,34823000000.0,52812000000.0,52812000000.0,2390000000.0,0.031,0.148,0.048,0.072,0.0,6367000000.0,1.0,603643663.0,603200000.0,610700000.0,87.553,72829000000.0,2914000000.0,711000000.0,0.0,120.738,12621000000.0
25,CAT,MRT,2015-03-31,2015-03-31,2015-03-31,2021-09-07,-7101000000.0,82490000000.0,84871500000.0,38491000000.0,43999000000.0,0.644,28.041,-2579000000.0,7563000000.0,7563000000.0,40655000000.0,2791000000.0,1.449,3.859,38775000000.0,11972000000.0,26803000000.0,38775000000.0,0.0,3135000000.0,1636000000.0,0.034,2.7,4073000000.0,7208000000.0,0.132,7208000000.0,4073000000.0,3570000000.0,4.56,4.49,4.56,16962000000.0,18346750000.0,16962000000.0,82190563558.0,20.0,11.403,4851000000.0,8.02,1.0,13990000000.0,0.256,9383000000.0,503000000.0,77753000000.0,79213500000.0,12099000000.0,230000000.0,0.0,230000000.0,65452000000.0,26566000000.0,38886000000.0,50246563558.0,2218000000.0,299000000.0,-2721000000.0,2290000000.0,-1661000000.0,-1967000000.0,-3063000000.0,-711000000.0,7430000000.0,-182000000.0,2775000000.0,2775000000.0,2775000000.0,0.0,16000000.0,0.051,10372000000.0,3618000000.0,6328000000.0,0.592,2.962,18.107,17.55,16277000000.0,0.0,80.03,0.92,0.886,31588000000.0,34998000000.0,54645000000.0,54645000000.0,2396000000.0,0.033,0.151,0.051,0.075,0.0,6486000000.0,1.0,627846602.0,604900000.0,612700000.0,90.337,73107000000.0,2780000000.0,795000000.0,0.0,120.858,11925000000.0
26,CAT,MRT,2014-12-31,2014-12-31,2014-12-31,2021-09-07,-6431000000.0,84681000000.0,85348250000.0,38867000000.0,45814000000.0,0.647,27.132,-2475000000.0,7341000000.0,7341000000.0,41342000000.0,2468000000.0,1.394,4.052,39285000000.0,11501000000.0,27784000000.0,39285000000.0,0.0,3163000000.0,1697000000.0,0.028,2.6,3628000000.0,6791000000.0,0.123,6791000000.0,3628000000.0,3144000000.0,3.97,3.9,3.97,16746000000.0,19182500000.0,16746000000.0,88612158937.0,24.0,13.048,5582000000.0,9.044,1.0,13842000000.0,0.251,9770000000.0,484000000.0,78978000000.0,79613500000.0,12205000000.0,257000000.0,0.0,257000000.0,67855000000.0,27877000000.0,39978000000.0,55412158937.0,1260000000.0,169000000.0,-3999000000.0,2444000000.0,-1620000000.0,-2996000000.0,-3627000000.0,-1275000000.0,8057000000.0,-174000000.0,2452000000.0,2452000000.0,2452000000.0,0.0,16000000.0,0.044,10528000000.0,3314000000.0,6515000000.0,0.655,3.309,22.599,23.055,16577000000.0,0.0,91.53,1.004,1.024,32772000000.0,33887000000.0,55184000000.0,55184000000.0,2380000000.0,0.029,0.128,0.046,0.066,0.0,6529000000.0,1.0,605398874.0,617200000.0,628900000.0,89.41,74911000000.0,3143000000.0,692000000.0,0.0,121.372,10990000000.0
27,CAT,MRT,2014-09-30,2014-09-30,2014-09-30,2021-09-07,-4357000000.0,84488000000.0,85402000000.0,39042000000.0,45446000000.0,0.648,30.782,-2733000000.0,6082000000.0,6082000000.0,40454000000.0,3954000000.0,1.415,3.485,39282000000.0,11102000000.0,28180000000.0,39282000000.0,0.0,3192000000.0,2165000000.0,0.025,2.5,5985000000.0,9177000000.0,0.166,9177000000.0,5985000000.0,5518000000.0,6.3,6.18,6.3,18823000000.0,20198750000.0,18823000000.0,94491648996.0,16.0,10.297,6033000000.0,9.866,1.0,14888000000.0,0.269,10011000000.0,467000000.0,80088000000.0,79548000000.0,13328000000.0,265000000.0,0.0,265000000.0,65592000000.0,27589000000.0,38003000000.0,62175648996.0,-275000000.0,373000000.0,-3969000000.0,425000000.0,-1578000000.0,-4942000000.0,-3971000000.0,-1602000000.0,8766000000.0,-128000000.0,3941000000.0,3941000000.0,3941000000.0,0.0,13000000.0,0.071,9171000000.0,5717000000.0,6778000000.0,0.397,3.303,15.777,15.719,16431000000.0,0.0,99.03,1.123,1.094,33176000000.0,33977000000.0,55342000000.0,55342000000.0,2024000000.0,0.046,0.195,0.075,0.108,0.0,5592000000.0,1.0,627846602.0,611500000.0,622800000.0,90.502,74477000000.0,2131000000.0,1577000000.0,0.0,121.794,11453000000.0
28,CAT,MRT,2014-06-30,2014-06-30,2014-06-30,2021-09-07,-3683000000.0,87827000000.0,86098000000.0,41276000000.0,46551000000.0,0.641,33.3,-2856000000.0,7927000000.0,7927000000.0,40615000000.0,3883000000.0,1.388,3.208,40243000000.0,12936000000.0,27307000000.0,40243000000.0,0.0,3173000000.0,2344000000.0,0.022,2.4,5848000000.0,9021000000.0,0.163,9021000000.0,5848000000.0,5393000000.0,6.12,6.0,6.12,20856000000.0,20020500000.0,20856000000.0,100581498022.0,17.0,11.15,6876000000.0,10.979,1.0,14601000000.0,0.264,10367000000.0,455000000.0,80035000000.0,79687750000.0,13055000000.0,259000000.0,0.0,259000000.0,66904000000.0,29741000000.0,37163000000.0,67835498022.0,1817000000.0,220000000.0,-2472000000.0,645000000.0,-1526000000.0,-3198000000.0,-4628000000.0,-2009000000.0,9732000000.0,-89000000.0,3870000000.0,3870000000.0,3870000000.0,0.0,13000000.0,0.07,8875000000.0,5726000000.0,6860000000.0,0.392,3.253,17.529,17.757,16690000000.0,0.0,108.67,1.229,1.233,34190000000.0,32961000000.0,55216000000.0,55216000000.0,1960000000.0,0.045,0.193,0.073,0.106,0.0,5465000000.0,1.0,624233901.0,626300000.0,638300000.0,88.162,77460000000.0,2200000000.0,1523000000.0,0.0,123.679,11535000000.0
29,CAT,MRT,2014-03-31,2014-03-31,2014-03-31,2021-09-07,-3801000000.0,84397000000.0,85985000000.0,37968000000.0,46429000000.0,0.648,32.4,-3101000000.0,5345000000.0,5345000000.0,41223000000.0,3846000000.0,1.391,3.153,38091000000.0,11290000000.0,26801000000.0,38091000000.0,0.0,3145000000.0,2500000000.0,0.023,2.32,5777000000.0,8922000000.0,0.16,8922000000.0,5777000000.0,5322000000.0,6.0,5.88,6.0,20305000000.0,19211750000.0,20305000000.0,96022509307.0,17.0,10.762,7563000000.0,12.068,1.0,14464000000.0,0.26,10495000000.0,455000000.0,79353000000.0,79758750000.0,12888000000.0,266000000.0,0.0,266000000.0,64028000000.0,27295000000.0,36733000000.0,64353509307.0,-637000000.0,80000000.0,-3526000000.0,-1801000000.0,-1494000000.0,-6707000000.0,-4535000000.0,-1522000000.0,10664000000.0,-59000000.0,3831000000.0,3831000000.0,3831000000.0,0.0,15000000.0,0.069,8656000000.0,5808000000.0,6731000000.0,0.387,3.169,16.798,16.562,16716000000.0,0.0,99.37,1.156,1.118,33889000000.0,32775000000.0,55687000000.0,55687000000.0,1992000000.0,0.045,0.199,0.072,0.104,0.0,5449000000.0,1.0,647615068.0,626700000.0,639300000.0,88.858,73902000000.0,2101000000.0,1491000000.0,0.0,117.922,10673000000.0
30,CAT,MRT,2013-12-31,2013-12-31,2013-12-31,2021-09-07,-3898000000.0,84896000000.0,87071500000.0,38335000000.0,46561000000.0,0.639,32.255,-3602000000.0,6081000000.0,6081000000.0,41454000000.0,3803000000.0,1.404,3.076,37750000000.0,11031000000.0,26719000000.0,37750000000.0,0.0,3087000000.0,2360000000.0,0.019,1.72,5573000000.0,8660000000.0,0.156,8660000000.0,5573000000.0,5108000000.0,5.87,5.75,5.87,20811000000.0,18704000000.0,20811000000.0,90967487543.0,16.0,10.504,6589000000.0,10.212,1.0,14202000000.0,0.255,10552000000.0,465000000.0,78716000000.0,80810000000.0,12625000000.0,272000000.0,0.0,272000000.0,64018000000.0,27297000000.0,36721000000.0,57787487543.0,591000000.0,170000000.0,-1872000000.0,-1611000000.0,-1111000000.0,-4511000000.0,-5046000000.0,-1588000000.0,10191000000.0,-43000000.0,3789000000.0,3789000000.0,3789000000.0,0.0,14000000.0,0.068,8574000000.0,5628000000.0,6560000000.0,0.293,2.777,15.251,15.47,17075000000.0,0.0,90.81,1.038,1.053,33499000000.0,31854000000.0,55656000000.0,55656000000.0,2046000000.0,0.044,0.203,0.069,0.1,0.0,5547000000.0,1.0,636355991.0,645200000.0,658600000.0,86.262,74344000000.0,2147000000.0,1319000000.0,0.0,115.226,11038000000.0
31,CAT,MRT,2013-09-30,2013-09-30,2013-09-30,2021-09-07,-6247000000.0,87272000000.0,88090000000.0,40088000000.0,47184000000.0,0.651,28.328,-3843000000.0,6357000000.0,6357000000.0,42835000000.0,3497000000.0,1.377,3.815,39537000000.0,13522000000.0,26015000000.0,39537000000.0,0.0,3006000000.0,2699000000.0,0.026,2.16,5111000000.0,8117000000.0,0.142,8117000000.0,5111000000.0,4640000000.0,5.37,5.24,5.37,18110000000.0,17884250000.0,18110000000.0,87452096671.0,17.0,10.774,5734000000.0,8.969,1.0,14494000000.0,0.253,10686000000.0,471000000.0,80647000000.0,81943500000.0,13392000000.0,278000000.0,0.0,278000000.0,69095000000.0,29119000000.0,39976000000.0,54011096671.0,668000000.0,89000000.0,-1912000000.0,328000000.0,-1410000000.0,-2913000000.0,-5916000000.0,-2218000000.0,9577000000.0,-80000000.0,3483000000.0,3483000000.0,3483000000.0,0.0,14000000.0,0.061,9280000000.0,5214000000.0,6280000000.0,0.402,2.982,15.507,15.531,16588000000.0,0.0,83.4,0.942,0.93,33724000000.0,31614000000.0,57329000000.0,57329000000.0,2192000000.0,0.04,0.195,0.062,0.089,0.0,5721000000.0,1.0,647615068.0,639300000.0,651900000.0,89.675,76586000000.0,3526000000.0,1157000000.0,0.0,119.797,10969000000.0
32,CAT,MRT,2013-06-30,2013-06-30,2013-06-30,2021-09-07,-6698000000.0,87375000000.0,88907250000.0,40805000000.0,46570000000.0,0.679,27.113,-4046000000.0,6110000000.0,6110000000.0,44719000000.0,4249000000.0,1.364,3.955,39551000000.0,13871000000.0,25680000000.0,39551000000.0,0.0,2947000000.0,2738000000.0,0.025,2.08,6320000000.0,9267000000.0,0.154,9267000000.0,6320000000.0,5836000000.0,6.49,6.33,6.49,17621000000.0,17827750000.0,17621000000.0,88739933196.0,14.0,9.576,3753000000.0,5.775,1.0,15632000000.0,0.259,10578000000.0,484000000.0,80319000000.0,82136750000.0,13889000000.0,288000000.0,0.0,288000000.0,69697000000.0,29919000000.0,39778000000.0,54235933196.0,1007000000.0,864000000.0,-917000000.0,967000000.0,-1361000000.0,-1227000000.0,-5486000000.0,-2365000000.0,7799000000.0,-79000000.0,4236000000.0,4236000000.0,4236000000.0,0.0,13000000.0,0.07,9223000000.0,6409000000.0,6343000000.0,0.32,3.078,12.804,12.71,16352000000.0,0.0,82.49,0.899,0.888,33812000000.0,30668000000.0,60351000000.0,60351000000.0,2357000000.0,0.048,0.238,0.077,0.105,0.0,5873000000.0,1.0,657484946.0,649900000.0,662700000.0,92.862,76797000000.0,3693000000.0,1600000000.0,0.0,118.167,10886000000.0
33,CAT,MRT,2013-03-31,2013-03-31,2013-03-31,2021-09-07,-6669000000.0,88743000000.0,89273000000.0,42145000000.0,46598000000.0,0.707,27.848,-4131000000.0,5982000000.0,5982000000.0,46239000000.0,4993000000.0,1.455,3.854,40486000000.0,13246000000.0,27240000000.0,40486000000.0,0.0,2875000000.0,2920000000.0,0.023,2.02,7534000000.0,10409000000.0,0.165,10409000000.0,7534000000.0,7060000000.0,7.61,7.42,7.61,18274000000.0,17404000000.0,18274000000.0,91467778491.0,12.0,8.787,2162000000.0,3.295,1.0,16865000000.0,0.267,10715000000.0,474000000.0,83558000000.0,82112500000.0,15074000000.0,270000000.0,0.0,270000000.0,70425000000.0,28974000000.0,41451000000.0,56814778491.0,3118000000.0,742000000.0,53000000.0,4793000000.0,-1319000000.0,3160000000.0,-6113000000.0,-2807000000.0,6293000000.0,-222000000.0,4975000000.0,4975000000.0,4975000000.0,0.0,18000000.0,0.079,9397000000.0,7468000000.0,6221000000.0,0.265,3.109,11.42,11.428,16276000000.0,0.0,86.97,0.9,0.904,34164000000.0,30438000000.0,63104000000.0,63104000000.0,2441000000.0,0.056,0.286,0.092,0.119,0.0,5969000000.0,1.0,653268696.0,656200000.0,671600000.0,96.166,78028000000.0,3598000000.0,2085000000.0,0.0,118.909,13171000000.0
34,CAT,MRT,2012-12-31,2012-12-31,2012-12-31,2021-09-07,-6433000000.0,88970000000.0,88064250000.0,42138000000.0,46832000000.0,0.748,26.865,-3959000000.0,5490000000.0,5490000000.0,47852000000.0,5722000000.0,1.433,4.072,40143000000.0,12391000000.0,27752000000.0,40143000000.0,0.0,2813000000.0,2638000000.0,0.028,2.48,8676000000.0,11489000000.0,0.174,11489000000.0,8676000000.0,8209000000.0,8.71,8.48,8.71,17532000000.0,16577750000.0,17532000000.0,92761015447.0,11.0,8.074,1225000000.0,1.877,1.0,18023000000.0,0.274,10958000000.0,467000000.0,83250000000.0,80418000000.0,15547000000.0,272000000.0,0.0,272000000.0,71388000000.0,29415000000.0,41973000000.0,58598015447.0,2433000000.0,581000000.0,52000000.0,5434000000.0,-1617000000.0,3606000000.0,-6190000000.0,-2979000000.0,5184000000.0,-167000000.0,5681000000.0,5681000000.0,5681000000.0,0.0,41000000.0,0.086,9450000000.0,8573000000.0,6753000000.0,0.285,3.342,10.315,10.288,16461000000.0,0.0,89.609,0.89,0.888,33911000000.0,29558000000.0,65875000000.0,65875000000.0,2466000000.0,0.065,0.343,0.108,0.132,0.0,5919000000.0,1.0,653933672.0,652600000.0,669600000.0,100.942,78012000000.0,3558000000.0,2528000000.0,0.0,119.54,12723000000.0
35,CAT,MRT,2012-09-30,2012-09-30,2012-09-30,2021-09-07,-5988000000.0,90541000000.0,86126250000.0,44639000000.0,45902000000.0,0.778,27.362,-3679000000.0,5689000000.0,5689000000.0,48721000000.0,6584000000.0,1.406,4.06,39852000000.0,13326000000.0,26526000000.0,39852000000.0,0.0,2765000000.0,3035000000.0,0.022,1.9,9720000000.0,12485000000.0,0.186,12485000000.0,9720000000.0,9261000000.0,10.04,9.78,10.04,17884000000.0,15415500000.0,17884000000.0,90420238604.0,9.0,7.242,981000000.0,1.501,1.0,18322000000.0,0.273,11538000000.0,459000000.0,81420000000.0,77842500000.0,17550000000.0,199000000.0,0.0,199000000.0,72605000000.0,31746000000.0,40859000000.0,56207238604.0,2460000000.0,51000000.0,54000000.0,5750000000.0,-1234000000.0,4298000000.0,-6329000000.0,-2706000000.0,4660000000.0,-169000000.0,6531000000.0,6531000000.0,6531000000.0,0.0,53000000.0,0.097,8827000000.0,9495000000.0,7978000000.0,0.189,3.143,8.606,8.57,15509000000.0,0.0,86.04,0.838,0.839,33257000000.0,29541000000.0,67043000000.0,67043000000.0,2457000000.0,0.076,0.424,0.125,0.145,0.0,5815000000.0,1.0,653268696.0,653600000.0,668700000.0,102.575,79003000000.0,3506000000.0,2730000000.0,0.0,120.874,12893000000.0
36,CAT,MRT,2012-06-30,2012-06-30,2012-06-30,2021-09-07,-6150000000.0,88838000000.0,82932750000.0,44294000000.0,44544000000.0,0.8,24.393,-3439000000.0,5103000000.0,5103000000.0,48551000000.0,6036000000.0,1.416,4.575,39316000000.0,12055000000.0,27261000000.0,39316000000.0,0.0,2703000000.0,3132000000.0,0.022,1.84,8866000000.0,11569000000.0,0.174,11569000000.0,8866000000.0,8424000000.0,9.2,8.95,9.2,15926000000.0,14485000000.0,15926000000.0,88479012787.0,10.0,7.648,2202000000.0,3.373,1.0,17763000000.0,0.268,11556000000.0,442000000.0,80222000000.0,75313000000.0,17344000000.0,124000000.0,0.0,124000000.0,72857000000.0,31273000000.0,41584000000.0,55390012787.0,-5612000000.0,-7970000000.0,52000000.0,4204000000.0,-1192000000.0,2792000000.0,-13745000000.0,-2372000000.0,5641000000.0,-300000000.0,5973000000.0,5973000000.0,5973000000.0,0.0,63000000.0,0.09,9105000000.0,8658000000.0,8470000000.0,0.2,3.478,9.273,9.229,14928000000.0,0.0,84.91,0.835,0.836,32584000000.0,27842000000.0,66314000000.0,66314000000.0,2407000000.0,0.072,0.412,0.118,0.134,0.0,5704000000.0,1.0,652337920.0,652900000.0,669600000.0,101.568,77282000000.0,3717000000.0,2451000000.0,0.0,118.367,13021000000.0
37,CAT,MRT,2012-03-31,2012-03-31,2012-03-31,2021-09-07,-6033000000.0,83908000000.0,79126000000.0,40209000000.0,43699000000.0,0.798,23.029,-2996000000.0,2864000000.0,2864000000.0,46585000000.0,5349000000.0,1.394,4.572,35953000000.0,10762000000.0,25191000000.0,35953000000.0,0.0,2613000000.0,2921000000.0,0.017,1.82,7608000000.0,10221000000.0,0.162,10221000000.0,7608000000.0,7186000000.0,8.17,7.93,8.17,14969000000.0,13851250000.0,14969000000.0,100353984619.0,13.0,9.818,3511000000.0,5.402,1.0,16585000000.0,0.263,11368000000.0,422000000.0,76780000000.0,72853250000.0,16511000000.0,139000000.0,0.0,139000000.0,68437000000.0,28849000000.0,39588000000.0,68818984619.0,-2005000000.0,-7884000000.0,72000000.0,5032000000.0,-1176000000.0,4120000000.0,-12529000000.0,-1617000000.0,6507000000.0,-103000000.0,5289000000.0,5289000000.0,5289000000.0,0.0,60000000.0,0.084,8942000000.0,7643000000.0,8360000000.0,0.223,4.597,13.012,13.038,14571000000.0,0.0,106.52,1.089,1.096,31632000000.0,26815000000.0,63170000000.0,63170000000.0,2359000000.0,0.067,0.382,0.104,0.12,0.0,5444000000.0,1.0,646066322.0,650000000.0,670200000.0,97.185,72540000000.0,3583000000.0,1897000000.0,0.0,111.6,11360000000.0
38,CAT,MRT,2011-12-31,2011-12-31,2011-12-31,2021-09-07,-6328000000.0,81218000000.0,74745750000.0,37900000000.0,43318000000.0,0.805,19.974,-2570000000.0,3057000000.0,3057000000.0,44404000000.0,4981000000.0,1.337,5.264,34592000000.0,9648000000.0,24944000000.0,34592000000.0,0.0,2527000000.0,2487000000.0,0.02,1.8,7044000000.0,9571000000.0,0.159,9571000000.0,7044000000.0,6648000000.0,7.64,7.4,7.64,12883000000.0,13266250000.0,12883000000.0,89643805431.0,13.0,9.366,4387000000.0,6.802,1.0,15734000000.0,0.262,11448000000.0,396000000.0,72948000000.0,69797000000.0,14544000000.0,133000000.0,0.0,133000000.0,67816000000.0,28357000000.0,39459000000.0,58583805431.0,-535000000.0,-7808000000.0,123000000.0,4877000000.0,-1159000000.0,4019000000.0,-11427000000.0,-1009000000.0,6957000000.0,-84000000.0,4928000000.0,4928000000.0,4928000000.0,0.0,53000000.0,0.082,8581000000.0,7153000000.0,8161000000.0,0.236,4.547,11.888,11.859,14395000000.0,0.0,90.6,0.974,0.972,30803000000.0,25219000000.0,60138000000.0,60138000000.0,2297000000.0,0.066,0.371,0.101,0.117,0.0,5203000000.0,1.0,646620369.0,645000000.0,666100000.0,93.237,69770000000.0,3737000000.0,1720000000.0,0.0,108.171,9543000000.0
39,CAT,MRT,2011-09-30,2011-09-30,2011-09-30,2021-09-07,-4019000000.0,77767000000.0,70446250000.0,36864000000.0,40903000000.0,0.791,21.902,-2130000000.0,3229000000.0,3229000000.0,41007000000.0,4407000000.0,1.462,4.453,34289000000.0,7508000000.0,26781000000.0,34289000000.0,0.0,2447000000.0,2745000000.0,0.024,1.78,6250000000.0,8697000000.0,0.156,8697000000.0,6250000000.0,5886000000.0,6.78,6.55,6.78,14162000000.0,12751500000.0,14162000000.0,71372537216.0,11.0,8.207,5447000000.0,8.424,1.0,14695000000.0,0.264,12307000000.0,364000000.0,71302000000.0,67411750000.0,14412000000.0,121000000.0,0.0,121000000.0,63063000000.0,25218000000.0,37845000000.0,47705537216.0,964000000.0,-7407000000.0,213000000.0,3970000000.0,-1142000000.0,3271000000.0,-9828000000.0,-330000000.0,7577000000.0,-56000000.0,4349000000.0,4349000000.0,4349000000.0,0.0,58000000.0,0.078,8211000000.0,6484000000.0,7524000000.0,0.263,3.369,10.969,10.891,13397000000.0,0.0,73.84,0.856,0.857,30034000000.0,24251000000.0,55702000000.0,55702000000.0,2236000000.0,0.062,0.341,0.093,0.112,0.0,4825000000.0,1.0,646066322.0,646600000.0,666000000.0,86.146,65460000000.0,1928000000.0,1537000000.0,0.0,101.237,11646000000.0
40,CAT,MRT,2011-06-30,2011-06-30,2011-06-30,2021-09-07,-3544000000.0,73611000000.0,66415000000.0,40755000000.0,32856000000.0,0.77,20.745,-1731000000.0,10715000000.0,10715000000.0,37320000000.0,4054000000.0,1.734,4.459,34382000000.0,8456000000.0,25926000000.0,34382000000.0,0.0,2354000000.0,1823000000.0,0.017,1.76,5695000000.0,8049000000.0,0.157,8049000000.0,5695000000.0,5358000000.0,6.27,6.06,6.27,13391000000.0,11670250000.0,13391000000.0,93325362049.0,16.0,11.595,4661000000.0,7.221,1.0,13800000000.0,0.27,3385000000.0,337000000.0,70383000000.0,65673500000.0,11359000000.0,123000000.0,0.0,123000000.0,59715000000.0,23510000000.0,36205000000.0,68608362049.0,7118000000.0,-1003000000.0,308000000.0,3750000000.0,-1122000000.0,3101000000.0,-2506000000.0,140000000.0,6392000000.0,131000000.0,4000000000.0,4000000000.0,4000000000.0,0.0,54000000.0,0.078,7888000000.0,5912000000.0,6858000000.0,0.281,5.123,17.152,16.979,12430000000.0,0.0,106.46,1.342,1.344,29997000000.0,23081000000.0,51120000000.0,51120000000.0,2162000000.0,0.06,0.343,0.087,0.111,0.0,4613000000.0,1.0,644452020.0,645500000.0,667200000.0,79.194,70226000000.0,3366000000.0,1358000000.0,0.0,108.793,17245000000.0
41,CAT,MRT,2011-03-31,2011-03-31,2011-03-31,2021-09-07,-3724000000.0,66387000000.0,62710500000.0,34608000000.0,31779000000.0,0.754,19.69,-1390000000.0,4869000000.0,4869000000.0,34414000000.0,3765000000.0,1.495,4.217,29586000000.0,9691000000.0,19895000000.0,29586000000.0,0.0,2317000000.0,1728000000.0,0.016,1.74,5269000000.0,7586000000.0,0.16,7586000000.0,5269000000.0,4941000000.0,5.82,5.63,5.82,12629000000.0,10618750000.0,12629000000.0,95029102742.0,18.0,12.527,3668000000.0,5.719,1.0,12885000000.0,0.272,3402000000.0,328000000.0,64555000000.0,63524750000.0,10676000000.0,140000000.0,0.0,140000000.0,53256000000.0,23147000000.0,30109000000.0,70203102742.0,1331000000.0,-1010000000.0,328000000.0,-1169000000.0,-1103000000.0,-1787000000.0,-1974000000.0,297000000.0,5058000000.0,34000000.0,3692000000.0,3692000000.0,3692000000.0,0.0,73000000.0,0.078,7597000000.0,5288000000.0,5990000000.0,0.299,5.559,19.015,19.132,12219000000.0,0.0,111.35,1.484,1.51,29348000000.0,22640000000.0,47299000000.0,47299000000.0,2028000000.0,0.059,0.348,0.083,0.111,0.0,4415000000.0,1.0,630472409.0,641400000.0,664900000.0,73.743,62985000000.0,3307000000.0,1249000000.0,0.0,98.199,11461000000.0
42,CAT,MRT,2010-12-31,2010-12-31,2010-12-31,2021-09-07,-4051000000.0,64020000000.0,60822750000.0,31810000000.0,32210000000.0,0.7,17.14,-1117000000.0,3592000000.0,3592000000.0,31281000000.0,2758000000.0,1.445,4.868,28418000000.0,7981000000.0,20437000000.0,28418000000.0,0.0,2296000000.0,1831000000.0,0.018,1.72,4011000000.0,6307000000.0,0.148,6307000000.0,4011000000.0,3668000000.0,4.28,4.15,4.28,10824000000.0,9697000000.0,10824000000.0,85789264342.0,21.0,13.602,3892000000.0,6.163,1.0,11307000000.0,0.265,3419000000.0,343000000.0,63407000000.0,63455750000.0,9587000000.0,164000000.0,0.0,164000000.0,52695000000.0,22020000000.0,30675000000.0,59446264342.0,-1275000000.0,-1126000000.0,296000000.0,-3846000000.0,-1084000000.0,-4613000000.0,-1595000000.0,516000000.0,5009000000.0,-76000000.0,2700000000.0,2700000000.0,2700000000.0,0.0,58000000.0,0.063,7344000000.0,3963000000.0,5856000000.0,0.402,5.492,22.017,21.883,12539000000.0,0.0,93.66,1.396,1.389,28849000000.0,21384000000.0,42588000000.0,42588000000.0,1905000000.0,0.044,0.278,0.063,0.094,0.0,4248000000.0,1.0,634702801.0,631500000.0,650400000.0,67.439,60601000000.0,3424000000.0,968000000.0,0.0,95.964,9790000000.0
43,CAT,MRT,2010-09-30,2010-09-30,2010-09-30,2021-09-07,-4412000000.0,61642000000.0,59827250000.0,28577000000.0,33065000000.0,0.63,15.55,-1095000000.0,2265000000.0,2265000000.0,27802000000.0,1976000000.0,1.416,5.216,28608000000.0,8271000000.0,20337000000.0,28608000000.0,0.0,2384000000.0,1470000000.0,0.022,1.7,2964000000.0,5348000000.0,0.142,5348000000.0,2964000000.0,2608000000.0,3.12,3.05,3.12,9837000000.0,9176000000.0,9837000000.0,75161569140.0,25.0,14.054,3833000000.0,6.059,1.0,9877000000.0,0.262,3458000000.0,356000000.0,64349000000.0,63877250000.0,9006000000.0,160000000.0,0.0,160000000.0,51310000000.0,20178000000.0,31132000000.0,49605569140.0,-1923000000.0,-1121000000.0,232000000.0,-4265000000.0,-1067000000.0,-5140000000.0,-1651000000.0,474000000.0,4928000000.0,-60000000.0,1964000000.0,1964000000.0,1964000000.0,0.0,12000000.0,0.052,7077000000.0,2800000000.0,4970000000.0,0.545,5.043,25.257,25.218,12065000000.0,0.0,78.68,1.317,1.321,28250000000.0,20955000000.0,37679000000.0,37679000000.0,1717000000.0,0.033,0.214,0.046,0.079,0.0,4081000000.0,1.0,630472409.0,632600000.0,651600000.0,59.562,58184000000.0,3916000000.0,644000000.0,0.0,91.976,8399000000.0
44,CAT,MRT,2010-06-30,2010-06-30,2010-06-30,2021-09-07,-4045000000.0,58793000000.0,59626250000.0,27376000000.0,31417000000.0,0.568,14.584,-1069000000.0,3597000000.0,3597000000.0,25334000000.0,1567000000.0,1.384,5.344,29153000000.0,8927000000.0,20226000000.0,29153000000.0,0.0,2380000000.0,1404000000.0,0.028,1.68,2148000000.0,4528000000.0,0.134,4528000000.0,2148000000.0,1786000000.0,2.52,2.47,2.52,9185000000.0,8710750000.0,9185000000.0,64340665818.0,30.0,14.21,4538000000.0,7.205,1.0,8509000000.0,0.251,2777000000.0,362000000.0,61788000000.0,64805750000.0,7339000000.0,154000000.0,0.0,154000000.0,49089000000.0,19784000000.0,29305000000.0,37708665818.0,-394000000.0,-189000000.0,142000000.0,-4730000000.0,-1051000000.0,-5617000000.0,-277000000.0,1050000000.0,5607000000.0,-107000000.0,1576000000.0,1576000000.0,1576000000.0,0.0,-9000000.0,0.047,6619000000.0,1890000000.0,3975000000.0,0.667,4.105,23.927,23.837,11763000000.0,0.0,60.07,1.114,1.118,27169000000.0,20133000000.0,33843000000.0,33843000000.0,1534000000.0,0.026,0.181,0.033,0.063,0.0,3840000000.0,1.0,627745394.0,629800000.0,647000000.0,53.736,56016000000.0,3505000000.0,210000000.0,0.0,88.943,7592000000.0
45,CAT,MRT,2010-03-31,2010-03-31,2010-03-31,2021-09-07,-3886000000.0,58836000000.0,60451000000.0,26412000000.0,32424000000.0,0.52,14.275,-1178000000.0,3538000000.0,3538000000.0,23752000000.0,1194000000.0,1.434,5.52,30170000000.0,8622000000.0,21548000000.0,30170000000.0,0.0,2356000000.0,1367000000.0,0.027,1.68,1671000000.0,4027000000.0,0.128,4027000000.0,1671000000.0,1281000000.0,2.01,1.98,2.01,8942000000.0,8233250000.0,8942000000.0,65812299115.0,39.0,16.343,5142000000.0,8.209,1.0,7657000000.0,0.244,2772000000.0,390000000.0,64279000000.0,66648250000.0,6990000000.0,133000000.0,0.0,133000000.0,49362000000.0,18417000000.0,30945000000.0,39048299115.0,-28000000.0,-122000000.0,115000000.0,-5685000000.0,-1038000000.0,-6616000000.0,288000000.0,1706000000.0,6320000000.0,-20000000.0,1240000000.0,1240000000.0,1240000000.0,0.0,-46000000.0,0.039,6397000000.0,1260000000.0,3431000000.0,0.836,4.367,31.491,31.269,12057000000.0,0.0,62.85,1.243,1.253,27070000000.0,19941000000.0,31409000000.0,31409000000.0,1435000000.0,0.021,0.151,0.025,0.053,0.0,3695000000.0,1.0,621293542.0,626400000.0,643500000.0,50.142,56064000000.0,3711000000.0,41000000.0,0.0,89.502,7995000000.0
46,CAT,MRT,2009-12-31,2009-12-31,2009-12-31,2021-09-07,-3764000000.0,60038000000.0,61852000000.0,27217000000.0,32821000000.0,0.524,14.207,-1230000000.0,4867000000.0,4867000000.0,24931000000.0,827000000.0,1.434,5.805,31631000000.0,9784000000.0,21847000000.0,31631000000.0,0.0,2336000000.0,1217000000.0,0.029,1.68,1014000000.0,3350000000.0,0.103,3350000000.0,1014000000.0,625000000.0,1.45,1.43,1.45,8740000000.0,7556250000.0,8740000000.0,63417243473.0,63.0,18.931,5269000000.0,8.565,1.0,7465000000.0,0.23,2734000000.0,389000000.0,65093000000.0,68310500000.0,6360000000.0,105000000.0,0.0,105000000.0,50738000000.0,18975000000.0,31763000000.0,35489243473.0,2131000000.0,-19000000.0,89000000.0,-4280000000.0,-1029000000.0,-5215000000.0,846000000.0,2223000000.0,6499000000.0,1000000.0,895000000.0,895000000.0,895000000.0,0.0,-68000000.0,0.028,6888000000.0,577000000.0,2993000000.0,1.159,4.061,39.653,39.303,12386000000.0,0.0,56.99,1.095,1.082,27162000000.0,19711000000.0,32396000000.0,32396000000.0,1421000000.0,0.014,0.118,0.015,0.031,0.0,3645000000.0,1.0,622727557.0,615200000.0,626000000.0,52.659,57304000000.0,3930000000.0,-270000000.0,0.0,93.147,8242000000.0
47,CAT,MRT,2009-09-30,2009-09-30,2009-09-30,2021-09-07,-4740000000.0,60838000000.0,63788000000.0,26223000000.0,34615000000.0,0.587,12.815,-1913000000.0,4188000000.0,4188000000.0,29206000000.0,1284000000.0,1.46,6.56,32116000000.0,9047000000.0,23069000000.0,32116000000.0,0.0,2160000000.0,1283000000.0,0.033,1.68,1221000000.0,3381000000.0,0.09,3381000000.0,1221000000.0,849000000.0,2.18,2.13,2.18,7976000000.0,6893000000.0,7976000000.0,61195997511.0,50.0,18.1,3997000000.0,6.422,1.0,8215000000.0,0.22,2746000000.0,372000000.0,68063000000.0,70083250000.0,6815000000.0,101000000.0,0.0,101000000.0,52325000000.0,17957000000.0,34368000000.0,31890997511.0,2050000000.0,13000000.0,-27000000.0,-2846000000.0,-1019000000.0,-3889000000.0,-144000000.0,1764000000.0,5910000000.0,173000000.0,1324000000.0,1324000000.0,1324000000.0,0.0,-40000000.0,0.035,7309000000.0,906000000.0,2714000000.0,0.771,3.998,24.087,23.546,12250000000.0,0.0,51.33,0.852,0.854,27631000000.0,20026000000.0,37421000000.0,37421000000.0,1573000000.0,0.021,0.192,0.017,0.033,0.0,4008000000.0,1.0,621293542.0,622400000.0,635500000.0,60.124,58092000000.0,4546000000.0,-475000000.0,0.0,93.335,8266000000.0
48,CAT,MRT,2009-06-30,2009-06-30,2009-06-30,2021-09-07,-4906000000.0,62092000000.0,64635750000.0,27383000000.0,34709000000.0,0.667,11.891,-2270000000.0,3991000000.0,3991000000.0,33690000000.0,1768000000.0,1.405,7.455,33296000000.0,9738000000.0,23558000000.0,33296000000.0,0.0,2100000000.0,1546000000.0,0.051,1.68,2187000000.0,4287000000.0,0.099,4287000000.0,2187000000.0,1847000000.0,2.96,2.88,2.96,7275000000.0,7310250000.0,7275000000.0,51205487860.0,23.0,11.944,3300000000.0,5.394,1.0,9414000000.0,0.218,2749000000.0,340000000.0,69158000000.0,69598750000.0,7160000000.0,92000000.0,0.0,92000000.0,54236000000.0,19490000000.0,34746000000.0,19880487860.0,3209000000.0,-6000000.0,-388000000.0,1424000000.0,-1014000000.0,11000000.0,-2492000000.0,-304000000.0,5570000000.0,120000000.0,1788000000.0,1788000000.0,1788000000.0,0.0,-20000000.0,0.041,7612000000.0,1802000000.0,2682000000.0,0.568,2.733,11.119,11.162,12226000000.0,0.0,33.04,0.461,0.469,28949000000.0,19579000000.0,43104000000.0,43104000000.0,1683000000.0,0.028,0.245,0.031,0.051,0.0,4162000000.0,1.0,601709681.0,611800000.0,619800000.0,70.454,59343000000.0,4417000000.0,59000000.0,0.0,96.997,7893000000.0
49,CAT,MRT,2009-03-31,2009-03-31,2009-03-31,2021-09-07,-5332000000.0,64440000000.0,64226000000.0,29672000000.0,34768000000.0,0.759,10.354,-2618000000.0,3566000000.0,3566000000.0,37981000000.0,2522000000.0,1.343,9.238,34891000000.0,11425000000.0,23466000000.0,34891000000.0,0.0,2042000000.0,1700000000.0,0.058,1.62,3277000000.0,5319000000.0,0.109,5319000000.0,3277000000.0,2976000000.0,4.15,4.02,4.15,6234000000.0,7859000000.0,6234000000.0,49818704449.0,15.0,9.366,2243000000.0,3.725,1.0,10772000000.0,0.221,2748000000.0,301000000.0,70928000000.0,67756000000.0,7992000000.0,92000000.0,0.0,92000000.0,57591000000.0,22089000000.0,35502000000.0,17019704449.0,2789000000.0,-98000000.0,-1000000000.0,4329000000.0,-983000000.0,2379000000.0,-4547000000.0,-1859000000.0,4861000000.0,96000000.0,2523000000.0,2523000000.0,2523000000.0,0.0,-1000000.0,0.052,7792000000.0,2980000000.0,3340000000.0,0.39,2.73,6.746,6.737,12342000000.0,0.0,27.96,0.349,0.345,30698000000.0,19694000000.0,48753000000.0,48753000000.0,1747000000.0,0.039,0.321,0.048,0.067,0.0,4322000000.0,1.0,608716182.0,602100000.0,602100000.0,80.972,61692000000.0,4519000000.0,453000000.0,0.0,102.461,7583000000.0
50,CAT,MRT,2008-12-31,2008-12-31,2008-12-31,2021-09-07,-5579000000.0,67782000000.0,62667000000.0,31885000000.0,35897000000.0,0.819,9.971,-2904000000.0,2736000000.0,2736000000.0,39568000000.0,3585000000.0,1.244,10.033,35535000000.0,12701000000.0,22834000000.0,35535000000.0,0.0,1980000000.0,1898000000.0,0.035,1.56,4784000000.0,6764000000.0,0.132,6764000000.0,4784000000.0,4510000000.0,5.83,5.66,5.83,6087000000.0,8605000000.0,6087000000.0,58972455499.0,12.0,8.719,1768000000.0,2.896,1.0,11756000000.0,0.229,2772000000.0,274000000.0,72184000000.0,65148750000.0,8781000000.0,94000000.0,0.0,94000000.0,61068000000.0,25625000000.0,35443000000.0,26946455499.0,1614000000.0,-117000000.0,-1703000000.0,5565000000.0,-953000000.0,2955000000.0,-6171000000.0,-3347000000.0,4672000000.0,158000000.0,3557000000.0,3557000000.0,3557000000.0,0.0,28000000.0,0.069,7308000000.0,4448000000.0,4827000000.0,0.268,4.427,7.576,7.662,12524000000.0,0.0,44.67,0.525,0.531,33871000000.0,19826000000.0,51324000000.0,51324000000.0,1728000000.0,0.057,0.413,0.073,0.093,0.0,4399000000.0,1.0,603233837.0,610500000.0,627900000.0,84.069,65010000000.0,4534000000.0,953000000.0,0.0,106.486,6260000000.0
51,CAT,MRT,2008-09-30,2008-09-30,2008-09-30,2021-09-07,-1912000000.0,64229000000.0,59754500000.0,30524000000.0,33705000000.0,0.846,15.89,-2684000000.0,2138000000.0,2138000000.0,38416000000.0,3934000000.0,1.116,5.611,34164000000.0,14370000000.0,19794000000.0,34164000000.0,0.0,1949000000.0,1946000000.0,0.025,1.5,5713000000.0,7662000000.0,0.152,7662000000.0,5713000000.0,5450000000.0,6.27,6.08,6.27,9645000000.0,9304000000.0,9645000000.0,66493484447.0,12.0,8.678,3121000000.0,5.142,1.0,12129000000.0,0.24,2770000000.0,263000000.0,66125000000.0,61791750000.0,9290000000.0,100000000.0,0.0,100000000.0,54120000000.0,27360000000.0,26760000000.0,36279484447.0,1228000000.0,-238000000.0,-2585000000.0,5423000000.0,-928000000.0,1947000000.0,-6544000000.0,-4153000000.0,5805000000.0,20000000.0,3871000000.0,3871000000.0,3871000000.0,0.0,63000000.0,0.077,6883000000.0,5246000000.0,5149000000.0,0.239,3.761,9.372,9.506,11817000000.0,0.0,59.6,0.718,0.716,33383000000.0,19673000000.0,50545000000.0,50545000000.0,1578000000.0,0.065,0.416,0.092,0.113,0.0,4119000000.0,1.0,608716182.0,607000000.0,624800000.0,83.27,61459000000.0,2176000000.0,1579000000.0,0.0,101.25,3164000000.0
52,CAT,MRT,2008-06-30,2008-06-30,2008-06-30,2021-09-07,-1615000000.0,60453000000.0,57397000000.0,27858000000.0,32595000000.0,0.854,15.416,-2701000000.0,782000000.0,782000000.0,36980000000.0,3985000000.0,1.055,5.384,30996000000.0,13353000000.0,17643000000.0,30996000000.0,0.0,1900000000.0,1814000000.0,0.02,1.44,5782000000.0,7682000000.0,0.157,7682000000.0,5782000000.0,5509000000.0,6.29,6.09,6.29,9470000000.0,9044750000.0,9470000000.0,74410276517.0,13.0,9.686,3923000000.0,6.386,1.0,12026000000.0,0.245,2486000000.0,273000000.0,61787000000.0,59730000000.0,8303000000.0,641000000.0,0.0,641000000.0,50983000000.0,26394000000.0,24589000000.0,45382276517.0,220000000.0,-166000000.0,-2623000000.0,2197000000.0,-903000000.0,-1238000000.0,-5218000000.0,-2873000000.0,6624000000.0,52000000.0,3930000000.0,3930000000.0,3930000000.0,0.0,55000000.0,0.08,6640000000.0,5386000000.0,5357000000.0,0.229,4.792,11.548,11.736,10394000000.0,0.0,73.82,0.926,0.925,32822000000.0,18918000000.0,49006000000.0,49006000000.0,1498000000.0,0.068,0.435,0.097,0.118,0.0,3996000000.0,1.0,614769392.0,614300000.0,635500000.0,79.775,57967000000.0,2389000000.0,1579000000.0,0.0,94.363,1464000000.0
53,CAT,MRT,2008-03-31,2008-03-31,2008-03-31,2021-09-07,-1710000000.0,58204000000.0,55660250000.0,26907000000.0,31297000000.0,0.84,14.928,-2757000000.0,777000000.0,777000000.0,35244000000.0,3694000000.0,1.107,5.314,29805000000.0,12151000000.0,17654000000.0,29805000000.0,0.0,1857000000.0,1651000000.0,0.018,1.38,5460000000.0,7317000000.0,0.157,7317000000.0,5460000000.0,5177000000.0,5.77,5.59,5.77,9218000000.0,8635000000.0,9218000000.0,77346459120.0,14.0,10.571,4555000000.0,7.377,1.0,11494000000.0,0.246,2417000000.0,283000000.0,60499000000.0,58856000000.0,8082000000.0,563000000.0,0.0,563000000.0,48986000000.0,24316000000.0,24670000000.0,50039459120.0,170000000.0,-95000000.0,-2398000000.0,854000000.0,-875000000.0,-2297000000.0,-4902000000.0,-2853000000.0,7312000000.0,57000000.0,3647000000.0,3647000000.0,3647000000.0,0.0,47000000.0,0.078,6420000000.0,5074000000.0,5156000000.0,0.239,5.428,13.721,13.568,10050000000.0,0.0,78.29,1.071,1.034,31530000000.0,18289000000.0,46738000000.0,46738000000.0,1433000000.0,0.066,0.422,0.093,0.117,0.0,3890000000.0,1.0,639155181.0,617500000.0,637900000.0,75.689,55787000000.0,2253000000.0,1530000000.0,0.0,90.343,2591000000.0
54,CAT,MRT,2007-12-31,2007-12-31,2007-12-31,2021-09-07,-1808000000.0,56132000000.0,54171250000.0,25477000000.0,30655000000.0,0.83,13.919,-2632000000.0,1122000000.0,1122000000.0,33758000000.0,3578000000.0,1.145,5.306,28429000000.0,10600000000.0,17829000000.0,28429000000.0,0.0,1797000000.0,1442000000.0,0.018,1.32,5314000000.0,7111000000.0,0.158,7111000000.0,5314000000.0,5026000000.0,5.55,5.37,5.55,8883000000.0,8203500000.0,8883000000.0,72690275450.0,14.0,10.222,5323000000.0,8.341,1.0,11200000000.0,0.249,2438000000.0,288000000.0,58756000000.0,57893000000.0,7204000000.0,598000000.0,0.0,598000000.0,47136000000.0,22245000000.0,24891000000.0,46145275450.0,592000000.0,-229000000.0,-2133000000.0,-146000000.0,-845000000.0,-2989000000.0,-4408000000.0,-2298000000.0,7955000000.0,34000000.0,3541000000.0,3541000000.0,3541000000.0,0.0,37000000.0,0.079,6279000000.0,4921000000.0,4723000000.0,0.238,5.195,13.032,13.074,9997000000.0,0.0,72.56,1.026,1.03,29899000000.0,17398000000.0,44958000000.0,44958000000.0,1404000000.0,0.065,0.432,0.092,0.118,0.0,3821000000.0,1.0,635960246.0,638200000.0,659500000.0,70.445,53694000000.0,2369000000.0,1485000000.0,0.0,84.134,3232000000.0
55,CAT,MRT,2007-09-30,2007-09-30,2007-09-30,2021-09-07,-2481000000.0,54799000000.0,53000500000.0,24922000000.0,29877000000.0,0.827,13.486,-2478000000.0,910000000.0,910000000.0,32785000000.0,3448000000.0,1.183,5.366,27455000000.0,10302000000.0,17153000000.0,27455000000.0,0.0,1683000000.0,1435000000.0,0.016,1.26,5151000000.0,6834000000.0,0.156,6834000000.0,5151000000.0,4855000000.0,5.36,5.18,5.36,8608000000.0,7697500000.0,8608000000.0,77122940846.0,15.0,11.285,5185000000.0,8.123,1.0,11032000000.0,0.252,2393000000.0,296000000.0,57878000000.0,57229500000.0,7187000000.0,551000000.0,0.0,551000000.0,46191000000.0,21073000000.0,25118000000.0,50128940846.0,357000000.0,-131000000.0,-1493000000.0,-1050000000.0,-812000000.0,-3202000000.0,-4122000000.0,-1971000000.0,7663000000.0,18000000.0,3448000000.0,3448000000.0,3448000000.0,0.0,0.0,0.079,6220000000.0,4812000000.0,4426000000.0,0.235,5.824,14.539,14.632,9436000000.0,0.0,78.43,1.144,1.143,28781000000.0,16877000000.0,43817000000.0,43817000000.0,1415000000.0,0.065,0.448,0.09,0.118,0.0,3812000000.0,1.0,639155181.0,638300000.0,660000000.0,68.646,52406000000.0,2846000000.0,1407000000.0,0.0,82.102,3849000000.0
56,CAT,MRT,2007-06-30,2007-06-30,2007-06-30,2021-09-07,-2621000000.0,53506000000.0,51921500000.0,24130000000.0,29376000000.0,0.826,12.226,-2333000000.0,562000000.0,562000000.0,32102000000.0,3290000000.0,1.218,5.833,27556000000.0,9601000000.0,17955000000.0,27556000000.0,0.0,1649000000.0,1275000000.0,0.015,1.2,4935000000.0,6584000000.0,0.154,6584000000.0,4935000000.0,4636000000.0,5.09,4.92,5.09,7831000000.0,7802500000.0,7831000000.0,76891998892.0,16.0,11.679,4781000000.0,7.464,1.0,10790000000.0,0.252,2404000000.0,299000000.0,58291000000.0,56793250000.0,7106000000.0,551000000.0,0.0,551000000.0,45675000000.0,19805000000.0,25870000000.0,50142998892.0,-86000000.0,-268000000.0,-1526000000.0,-352000000.0,-777000000.0,-2536000000.0,-4668000000.0,-2508000000.0,7114000000.0,4000000.0,3290000000.0,3290000000.0,3290000000.0,0.0,0.0,0.077,6213000000.0,4577000000.0,4130000000.0,0.236,6.403,15.241,15.383,9127000000.0,0.0,78.3,1.169,1.169,28073000000.0,15951000000.0,42892000000.0,42892000000.0,1387000000.0,0.063,0.422,0.087,0.115,0.0,3862000000.0,1.0,640395899.0,640500000.0,662800000.0,66.966,51102000000.0,3166000000.0,1346000000.0,0.0,79.785,4325000000.0
57,CAT,MRT,2007-03-31,2007-03-31,2007-03-31,2021-09-07,-2787000000.0,52248000000.0,51021250000.0,23958000000.0,28290000000.0,0.826,11.635,-2224000000.0,607000000.0,607000000.0,31195000000.0,3513000000.0,1.201,5.974,27356000000.0,10339000000.0,17017000000.0,27356000000.0,0.0,1614000000.0,1081000000.0,0.017,1.15,5208000000.0,6822000000.0,0.162,6822000000.0,5208000000.0,4923000000.0,5.39,5.2,5.39,7492000000.0,8003000000.0,7492000000.0,70720820145.0,14.0,10.367,4417000000.0,6.86,1.0,10946000000.0,0.26,2400000000.0,285000000.0,56647000000.0,55453750000.0,7131000000.0,554000000.0,0.0,554000000.0,44756000000.0,19950000000.0,24806000000.0,43954820145.0,-199000000.0,-662000000.0,-2747000000.0,652000000.0,-751000000.0,-2752000000.0,-4108000000.0,-1568000000.0,6641000000.0,20000000.0,3513000000.0,3513000000.0,3513000000.0,0.0,0.0,0.083,6103000000.0,4843000000.0,4044000000.0,0.213,5.867,12.512,12.436,8892000000.0,0.0,67.03,1.043,1.024,27220000000.0,15550000000.0,42141000000.0,42141000000.0,1380000000.0,0.069,0.439,0.094,0.124,0.0,3775000000.0,1.0,655748473.0,643900000.0,665200000.0,65.446,49848000000.0,2968000000.0,1410000000.0,0.0,77.416,4008000000.0
58,CAT,MRT,2006-12-31,2006-12-31,2006-12-31,2021-09-07,-2847000000.0,51449000000.0,49948500000.0,23663000000.0,27786000000.0,0.831,10.413,-2103000000.0,530000000.0,530000000.0,30572000000.0,3537000000.0,1.194,6.501,27296000000.0,9616000000.0,17680000000.0,27296000000.0,0.0,1602000000.0,921000000.0,0.018,1.1,5216000000.0,6818000000.0,0.164,6818000000.0,5216000000.0,4942000000.0,5.37,5.17,5.37,6859000000.0,8370500000.0,6859000000.0,66755279290.0,13.0,9.791,3696000000.0,5.611,1.0,10945000000.0,0.264,2291000000.0,274000000.0,56102000000.0,54156000000.0,6351000000.0,562000000.0,0.0,562000000.0,44590000000.0,19822000000.0,24768000000.0,39897279290.0,-578000000.0,-513000000.0,-2794000000.0,758000000.0,-726000000.0,-2593000000.0,-3796000000.0,-1503000000.0,5799000000.0,12000000.0,3537000000.0,3537000000.0,3537000000.0,0.0,0.0,0.085,6024000000.0,4921000000.0,4085000000.0,0.205,5.817,11.28,11.421,8851000000.0,0.0,61.33,0.961,0.973,27802000000.0,14593000000.0,41517000000.0,41517000000.0,1347000000.0,0.071,0.423,0.096,0.126,0.0,3706000000.0,1.0,650534474.0,658700000.0,683800000.0,63.029,49158000000.0,2682000000.0,1405000000.0,0.0,74.629,3841000000.0
59,CAT,MRT,2006-09-30,2006-09-30,2006-09-30,2021-09-07,-482000000.0,50483000000.0,48974500000.0,24096000000.0,26387000000.0,0.82,13.821,-1814000000.0,553000000.0,553000000.0,29455000000.0,3501000000.0,1.29,4.592,27411000000.0,9266000000.0,18145000000.0,27411000000.0,0.0,1584000000.0,742000000.0,0.016,1.05,5192000000.0,6776000000.0,0.169,6776000000.0,5192000000.0,4924000000.0,5.27,5.07,5.27,9028000000.0,8763750000.0,9028000000.0,69792249523.0,13.0,10.3,2735000000.0,4.187,1.0,10722000000.0,0.267,2523000000.0,268000000.0,56133000000.0,52876250000.0,6411000000.0,606000000.0,0.0,606000000.0,41455000000.0,18685000000.0,22770000000.0,43148249523.0,-414000000.0,-513000000.0,-3050000000.0,1871000000.0,-700000000.0,-1720000000.0,-3146000000.0,-1599000000.0,4549000000.0,-97000000.0,3501000000.0,3501000000.0,3501000000.0,0.0,0.0,0.087,5880000000.0,4842000000.0,3857000000.0,0.199,4.779,12.325,12.486,8424000000.0,0.0,65.8,1.074,1.07,26542000000.0,14100000000.0,40177000000.0,40177000000.0,1269000000.0,0.071,0.399,0.098,0.129,0.0,3572000000.0,1.0,655748473.0,653200000.0,677200000.0,61.508,47960000000.0,1389000000.0,1423000000.0,1800000000.0,73.423,5411000000.0
60,CAT,MRT,2006-06-30,2006-06-30,2006-06-30,2021-09-07,-477000000.0,49905000000.0,47820000000.0,24331000000.0,25574000000.0,0.808,13.039,-1837000000.0,648000000.0,648000000.0,28323000000.0,3399000000.0,1.152,4.781,27292000000.0,11353000000.0,15939000000.0,27292000000.0,0.0,1535000000.0,677000000.0,0.013,1.0,5055000000.0,6590000000.0,0.171,6590000000.0,5055000000.0,4791000000.0,5.07,4.87,5.07,8633000000.0,8604750000.0,8633000000.0,74936043592.0,15.0,11.371,2201000000.0,3.324,1.0,10314000000.0,0.267,2489000000.0,264000000.0,52933000000.0,51134000000.0,6254000000.0,571000000.0,0.0,571000000.0,41272000000.0,21127000000.0,20145000000.0,49874043592.0,-101000000.0,-424000000.0,-2703000000.0,2321000000.0,-673000000.0,-908000000.0,-3155000000.0,-1677000000.0,4038000000.0,-76000000.0,3399000000.0,3399000000.0,3399000000.0,0.0,0.0,0.088,5610000000.0,4704000000.0,3936000000.0,0.197,5.777,14.673,14.69,8281000000.0,0.0,74.48,1.291,1.276,26671000000.0,13330000000.0,38637000000.0,38637000000.0,1225000000.0,0.071,0.395,0.099,0.131,0.0,3359000000.0,1.0,669630016.0,662100000.0,688500000.0,58.355,47416000000.0,1060000000.0,1392000000.0,1600000000.0,71.615,3204000000.0
61,CAT,MRT,2006-03-31,2006-03-31,2006-03-31,2021-09-07,-556000000.0,47957000000.0,46549500000.0,23634000000.0,24323000000.0,0.803,13.336,-1783000000.0,806000000.0,806000000.0,27725000000.0,3113000000.0,1.2,4.351,25868000000.0,10498000000.0,15370000000.0,25868000000.0,0.0,1505000000.0,520000000.0,0.013,0.955,4634000000.0,6139000000.0,0.164,6139000000.0,4634000000.0,4371000000.0,4.61,4.43,4.61,8962000000.0,8372750000.0,8962000000.0,72811974996.0,16.0,11.861,1658000000.0,2.467,1.0,9667000000.0,0.259,1864000000.0,263000000.0,51456000000.0,50259750000.0,5858000000.0,546000000.0,0.0,546000000.0,38995000000.0,19699000000.0,19296000000.0,48174974996.0,289000000.0,-18000000.0,-1484000000.0,1882000000.0,-645000000.0,-146000000.0,-2897000000.0,-1894000000.0,3441000000.0,-109000000.0,3113000000.0,3113000000.0,3113000000.0,0.0,0.0,0.083,5421000000.0,4246000000.0,3661000000.0,0.207,5.375,15.475,15.577,7884000000.0,0.0,71.81,1.288,1.291,25990000000.0,12648000000.0,37392000000.0,37392000000.0,1150000000.0,0.067,0.372,0.092,0.124,0.0,3267000000.0,1.0,670867219.0,672000000.0,699100000.0,55.643,46093000000.0,1105000000.0,1258000000.0,1637000000.0,68.591,3935000000.0
62,CAT,MRT,2005-12-31,2005-12-31,2005-12-31,2021-09-07,-598000000.0,47553000000.0,45647000000.0,23185000000.0,24368000000.0,0.796,12.429,-1778000000.0,1108000000.0,1108000000.0,27326000000.0,2854000000.0,1.199,4.64,25745000000.0,10068000000.0,15677000000.0,25745000000.0,0.0,1477000000.0,454000000.0,0.016,0.91,4234000000.0,5711000000.0,0.157,5711000000.0,4234000000.0,3974000000.0,4.21,4.04,4.21,8432000000.0,8069000000.0,8432000000.0,63360644641.0,15.0,11.094,1335000000.0,1.968,1.0,9013000000.0,0.248,1875000000.0,260000000.0,50983000000.0,50284000000.0,5224000000.0,565000000.0,0.0,565000000.0,39121000000.0,19332000000.0,19789000000.0,39295644641.0,663000000.0,-13000000.0,-1202000000.0,2973000000.0,-618000000.0,1153000000.0,-3525000000.0,-2458000000.0,3113000000.0,-78000000.0,2854000000.0,2854000000.0,2854000000.0,0.0,0.0,0.079,5229000000.0,3784000000.0,3412000000.0,0.216,4.66,13.769,13.722,7988000000.0,0.0,57.77,1.081,1.078,25686000000.0,11808000000.0,36339000000.0,36339000000.0,1084000000.0,0.063,0.354,0.084,0.117,0.0,3190000000.0,1.0,680208493.0,678400000.0,705800000.0,53.566,45678000000.0,1112000000.0,1120000000.0,0.0,67.332,3853000000.0
63,CAT,MRT,2005-09-30,2005-09-30,2005-09-30,2021-09-07,-688000000.0,45865000000.0,44532500000.0,21362000000.0,24503000000.0,0.792,12.363,-1887000000.0,967000000.0,967000000.0,26845000000.0,2559000000.0,1.133,4.465,25032000000.0,10048000000.0,14984000000.0,25032000000.0,0.0,1455000000.0,554000000.0,0.015,0.865,3843000000.0,5298000000.0,0.15,5298000000.0,3843000000.0,3591000000.0,3.745,3.615,3.745,8392000000.0,7827750000.0,8392000000.0,63488677538.0,17.0,11.984,1329000000.0,1.958,1.0,8415000000.0,0.239,1913000000.0,252000000.0,49164000000.0,49661000000.0,5469000000.0,563000000.0,0.0,563000000.0,37473000000.0,18853000000.0,18620000000.0,39760677538.0,550000000.0,272000000.0,-586000000.0,2269000000.0,-588000000.0,1095000000.0,-3858000000.0,-2626000000.0,3216000000.0,97000000.0,2559000000.0,2559000000.0,2559000000.0,0.0,0.0,0.073,5015000000.0,3400000000.0,3425000000.0,0.231,4.738,15.538,15.688,7817000000.0,0.0,58.75,1.128,1.131,24273000000.0,11298000000.0,35260000000.0,35260000000.0,1037000000.0,0.057,0.327,0.077,0.109,0.0,3116000000.0,1.0,676777490.0,678800000.0,710700000.0,51.945,43952000000.0,1288000000.0,1032000000.0,1392000000.0,64.75,2509000000.0
64,CAT,MRT,2005-06-30,2005-06-30,2005-06-30,2021-09-07,-666000000.0,44823000000.0,43164750000.0,20994000000.0,23829000000.0,0.786,11.359,-1787000000.0,749000000.0,749000000.0,25976000000.0,2390000000.0,1.221,4.817,24477000000.0,8620000000.0,15857000000.0,24477000000.0,0.0,1438000000.0,536000000.0,0.017,0.82,3545000000.0,4983000000.0,0.147,4983000000.0,3545000000.0,3301000000.0,3.495,3.375,3.495,7705000000.0,7485000000.0,7705000000.0,56483907751.0,16.0,11.335,-185000000.0,-0.273,1.0,7966000000.0,0.235,1919000000.0,244000000.0,49436000000.0,49023250000.0,5349000000.0,555000000.0,0.0,555000000.0,37118000000.0,17196000000.0,19922000000.0,32566907751.0,282000000.0,-3000000.0,-640000000.0,2488000000.0,-560000000.0,1288000000.0,-2719000000.0,-1245000000.0,1602000000.0,111000000.0,2390000000.0,2390000000.0,2390000000.0,0.0,0.0,0.07,4843000000.0,3123000000.0,3495000000.0,0.235,4.227,13.626,13.635,7593000000.0,0.0,47.655,0.959,0.952,23843000000.0,10632000000.0,33942000000.0,33942000000.0,992000000.0,0.055,0.319,0.072,0.104,0.0,3042000000.0,1.0,683389104.0,678300000.0,705100000.0,50.04,42904000000.0,1252000000.0,911000000.0,1287000000.0,63.252,3798000000.0
65,CAT,MRT,2005-03-31,2005-03-31,2005-03-31,2021-09-07,-525000000.0,44347000000.0,41638500000.0,20224000000.0,24123000000.0,0.772,11.324,-1701000000.0,517000000.0,517000000.0,24586000000.0,2196000000.0,1.368,4.724,24434000000.0,6525000000.0,17909000000.0,24434000000.0,0.0,1419000000.0,631000000.0,0.017,0.8,3239000000.0,4658000000.0,0.145,4658000000.0,3239000000.0,3001000000.0,3.205,3.095,3.205,7747000000.0,7211250000.0,7747000000.0,54438154617.0,17.0,11.687,-3310000000.0,-4.838,1.0,7579000000.0,0.236,1924000000.0,238000000.0,51553000000.0,47841750000.0,5230000000.0,558000000.0,0.0,558000000.0,36600000000.0,14787000000.0,21813000000.0,31358154617.0,149000000.0,14000000.0,-244000000.0,2666000000.0,-548000000.0,1874000000.0,-255000000.0,1185000000.0,-1609000000.0,139000000.0,2196000000.0,2196000000.0,2196000000.0,0.0,0.0,0.068,4707000000.0,2872000000.0,3978000000.0,0.25,4.048,14.28,14.265,7551000000.0,0.0,45.72,0.975,0.972,23785000000.0,10518000000.0,32165000000.0,32165000000.0,938000000.0,0.053,0.305,0.068,0.101,0.0,2997000000.0,1.0,685873898.0,684100000.0,713300000.0,47.018,42423000000.0,1132000000.0,805000000.0,1103000000.0,62.013,5437000000.0
66,CAT,MRT,2004-12-31,2004-12-31,2004-12-31,2021-09-07,-424000000.0,43095000000.0,40016250000.0,19464000000.0,23631000000.0,0.757,10.909,-1628000000.0,445000000.0,445000000.0,23021000000.0,2035000000.0,1.223,4.771,23525000000.0,7688000000.0,15837000000.0,23525000000.0,0.0,1397000000.0,503000000.0,0.016,0.78,2996000000.0,4393000000.0,0.145,4393000000.0,2996000000.0,2766000000.0,2.97,2.88,2.97,7467000000.0,6858000000.0,7467000000.0,55129918070.0,18.0,12.549,-5619000000.0,-8.209,1.0,7285000000.0,0.24,1765000000.0,230000000.0,48491000000.0,45845000000.0,4675000000.0,517000000.0,0.0,517000000.0,35628000000.0,15919000000.0,19709000000.0,33273918070.0,103000000.0,0.0,-222000000.0,2630000000.0,-534000000.0,1874000000.0,2077000000.0,3507000000.0,-3991000000.0,143000000.0,2035000000.0,2035000000.0,2035000000.0,0.0,0.0,0.067,4601000000.0,2684000000.0,3524000000.0,0.263,4.456,16.351,16.416,7682000000.0,0.0,48.755,1.098,1.101,23312000000.0,9937000000.0,30306000000.0,30306000000.0,928000000.0,0.051,0.297,0.065,0.099,0.0,2926000000.0,1.0,682471912.0,684500000.0,707400000.0,44.275,41330000000.0,1072000000.0,731000000.0,1005000000.0,60.38,3545000000.0
67,CAT,MRT,2004-09-30,2004-09-30,2004-09-30,2021-09-07,-540000000.0,40394000000.0,38420250000.0,19636000000.0,20758000000.0,0.735,10.271,-1290000000.0,417000000.0,417000000.0,21394000000.0,1833000000.0,1.42,4.753,22273000000.0,6519000000.0,15754000000.0,22273000000.0,0.0,1394000000.0,0.0,0.019,0.76,2737000000.0,4131000000.0,0.146,4131000000.0,2737000000.0,2507000000.0,2.68,2.585,2.68,7021000000.0,6510750000.0,7021000000.0,48519803076.0,18.0,11.745,-13385000000.0,-19.58,1.0,6837000000.0,0.242,1811000000.0,230000000.0,46613000000.0,44389500000.0,4509000000.0,839000000.0,0.0,839000000.0,33373000000.0,13826000000.0,19547000000.0,27572803076.0,20000000.0,-526000000.0,-592000000.0,3511000000.0,-525000000.0,2394000000.0,9647000000.0,11369000000.0,-12095000000.0,74000000.0,1833000000.0,1833000000.0,1833000000.0,0.0,0.0,0.065,4355000000.0,2482000000.0,3934000000.0,0.284,3.927,15.042,15.009,7303000000.0,0.0,40.225,0.977,0.974,21335000000.0,9667000000.0,28231000000.0,28231000000.0,860000000.0,0.048,0.282,0.062,0.097,0.0,2639000000.0,1.0,685464340.0,683600000.0,706000000.0,41.298,38583000000.0,1135000000.0,674000000.0,794000000.0,56.441,5810000000.0
68,CAT,MRT,2004-06-30,2004-06-30,2004-06-30,2021-09-07,-549000000.0,38718000000.0,37088500000.0,18726000000.0,19992000000.0,0.704,9.652,-1105000000.0,467000000.0,467000000.0,19778000000.0,1557000000.0,1.405,4.857,21414000000.0,6433000000.0,14981000000.0,21414000000.0,0.0,1379000000.0,0.0,0.018,0.73,2349000000.0,3728000000.0,0.143,3728000000.0,2349000000.0,2118000000.0,2.27,2.195,2.27,6610000000.0,6328500000.0,6610000000.0,47702705287.0,20.0,12.796,-12290000000.0,-17.947,1.0,6339000000.0,0.243,1630000000.0,231000000.0,44710000000.0,42906000000.0,4097000000.0,820000000.0,0.0,820000000.0,32108000000.0,13325000000.0,18783000000.0,27160705287.0,158000000.0,-261000000.0,-409000000.0,3286000000.0,-505000000.0,2372000000.0,8942000000.0,10139000000.0,-11185000000.0,29000000.0,1557000000.0,1557000000.0,1557000000.0,0.0,0.0,0.06,4135000000.0,2204000000.0,3664000000.0,0.322,4.109,17.444,17.498,7140000000.0,0.0,39.72,1.04,1.041,20338000000.0,9146000000.0,26117000000.0,26117000000.0,793000000.0,0.042,0.246,0.055,0.09,0.0,2565000000.0,1.0,683804262.0,684800000.0,709500000.0,38.138,37088000000.0,1137000000.0,561000000.0,738000000.0,54.159,5401000000.0
69,CAT,MRT,2004-03-31,2004-03-31,2004-03-31,2021-09-07,-500000000.0,37858000000.0,35964000000.0,17866000000.0,19992000000.0,0.68,9.244,-1016000000.0,368000000.0,368000000.0,18541000000.0,1390000000.0,1.353,4.977,20910000000.0,6340000000.0,14570000000.0,20910000000.0,0.0,1365000000.0,0.0,0.018,0.72,2134000000.0,3499000000.0,0.143,3499000000.0,2134000000.0,1897000000.0,2.02,1.97,2.02,6334000000.0,6158500000.0,6334000000.0,46655264503.0,22.0,13.334,-9048000000.0,-13.205,1.0,5925000000.0,0.242,1634000000.0,237000000.0,43566000000.0,41528250000.0,3678000000.0,817000000.0,0.0,817000000.0,31524000000.0,13200000000.0,18324000000.0,27181264503.0,41000000.0,-264000000.0,-429000000.0,2304000000.0,-498000000.0,1377000000.0,6639000000.0,7806000000.0,-8032000000.0,57000000.0,1390000000.0,1390000000.0,1390000000.0,0.0,0.0,0.057,3909000000.0,2016000000.0,3309000000.0,0.356,4.291,19.555,19.572,7153000000.0,0.0,39.535,1.111,1.107,19821000000.0,8862000000.0,24466000000.0,24466000000.0,748000000.0,0.039,0.226,0.051,0.087,0.0,2425000000.0,1.0,687524080.0,685200000.0,711400000.0,35.706,36224000000.0,1314000000.0,507000000.0,803000000.0,52.866,4666000000.0
70,CAT,MRT,2003-12-31,2003-12-31,2003-12-31,2021-09-07,-517000000.0,36711000000.0,34884000000.0,16267000000.0,20444000000.0,0.654,8.804,-1004000000.0,342000000.0,342000000.0,17471000000.0,1099000000.0,1.317,5.04,20284000000.0,5738000000.0,14546000000.0,20284000000.0,0.0,1347000000.0,253000000.0,0.017,0.71,1743000000.0,3090000000.0,0.135,3090000000.0,1743000000.0,1497000000.0,1.59,1.56,1.59,6078000000.0,5984750000.0,6078000000.0,47157892363.0,27.0,15.261,-6615000000.0,-9.581,1.0,5336000000.0,0.234,1637000000.0,246000000.0,42669000000.0,40411250000.0,3047000000.0,800000000.0,0.0,800000000.0,30633000000.0,12347000000.0,18286000000.0,28827892363.0,33000000.0,-268000000.0,-248000000.0,1484000000.0,-491000000.0,745000000.0,4884000000.0,6077000000.0,-5611000000.0,15000000.0,1099000000.0,1099000000.0,1099000000.0,0.0,0.0,0.048,3666000000.0,1670000000.0,2259000000.0,0.447,4.743,26.231,26.107,7251000000.0,0.0,41.51,1.264,1.257,18992000000.0,8450000000.0,22807000000.0,22807000000.0,669000000.0,0.032,0.184,0.043,0.076,0.0,2322000000.0,1.0,694480664.0,690400000.0,702700000.0,33.034,35074000000.0,1323000000.0,398000000.0,784000000.0,50.802,3920000000.0
71,CAT,MRT,2003-09-30,2003-09-30,2003-09-30,2021-09-07,-530000000.0,35067000000.0,33882500000.0,16011000000.0,19056000000.0,0.64,9.085,-994000000.0,397000000.0,397000000.0,16753000000.0,1055000000.0,1.45,4.573,18727000000.0,5556000000.0,13171000000.0,18727000000.0,0.0,1318000000.0,0.0,0.02,0.7,1709000000.0,3027000000.0,0.14,3027000000.0,1709000000.0,1444000000.0,1.53,1.51,1.53,6292000000.0,5833250000.0,6292000000.0,41580121737.0,24.0,13.736,-4909000000.0,-7.088,1.0,4922000000.0,0.227,1675000000.0,265000000.0,40679000000.0,38956250000.0,3057000000.0,752000000.0,0.0,752000000.0,28775000000.0,11043000000.0,17732000000.0,23753121737.0,-48000000.0,-30000000.0,83000000.0,231000000.0,-481000000.0,-167000000.0,4035000000.0,5113000000.0,-3915000000.0,-1000000.0,1055000000.0,1055000000.0,1055000000.0,0.0,0.0,0.049,3296000000.0,1626000000.0,2497000000.0,0.458,3.775,22.515,22.497,7083000000.0,0.0,34.42,1.096,1.1,17660000000.0,8357000000.0,21675000000.0,21675000000.0,626000000.0,0.031,0.181,0.044,0.079,0.0,2206000000.0,1.0,690096506.0,692600000.0,712200000.0,31.295,33392000000.0,1288000000.0,389000000.0,700000000.0,48.213,4968000000.0
72,CAT,MRT,2003-06-30,2003-06-30,2003-06-30,2021-09-07,-591000000.0,34220000000.0,33209250000.0,15489000000.0,18731000000.0,0.639,8.602,-1053000000.0,309000000.0,309000000.0,16427000000.0,1046000000.0,1.387,4.771,18136000000.0,5572000000.0,12564000000.0,18136000000.0,0.0,1293000000.0,0.0,0.025,0.7,1707000000.0,3000000000.0,0.141,3000000000.0,1707000000.0,1437000000.0,1.52,1.505,1.52,5930000000.0,5754750000.0,5930000000.0,37101243627.0,22.0,12.367,-4766000000.0,-6.913,1.0,4778000000.0,0.225,1681000000.0,270000000.0,39199000000.0,38156000000.0,2949000000.0,784000000.0,0.0,784000000.0,28290000000.0,11167000000.0,17123000000.0,19172243627.0,24000000.0,-33000000.0,20000000.0,-724000000.0,-480000000.0,-1184000000.0,4864000000.0,6056000000.0,-3713000000.0,57000000.0,1046000000.0,1046000000.0,1046000000.0,0.0,0.0,0.049,3213000000.0,1565000000.0,2516000000.0,0.461,3.233,18.329,18.309,7034000000.0,0.0,27.83,0.904,0.905,17167000000.0,8136000000.0,21205000000.0,21205000000.0,620000000.0,0.031,0.182,0.045,0.08,0.0,2117000000.0,1.0,688905628.0,689400000.0,696800000.0,30.759,32539000000.0,1537000000.0,391000000.0,737000000.0,47.199,4322000000.0
73,CAT,MRT,2003-03-31,2003-03-31,2003-03-31,2021-09-07,-708000000.0,33538000000.0,32837750000.0,15070000000.0,18468000000.0,0.626,8.189,-1136000000.0,327000000.0,327000000.0,16089000000.0,847000000.0,1.41,4.948,18256000000.0,5512000000.0,12744000000.0,18256000000.0,0.0,1256000000.0,0.0,0.028,0.7,1448000000.0,2704000000.0,0.131,2704000000.0,1448000000.0,1172000000.0,1.23,1.22,1.23,5639000000.0,5711750000.0,5639000000.0,34311349296.0,24.0,12.689,-4983000000.0,-7.236,1.0,4475000000.0,0.218,1681000000.0,276000000.0,39098000000.0,37983250000.0,3064000000.0,792000000.0,0.0,792000000.0,27899000000.0,10688000000.0,17211000000.0,16937349296.0,25000000.0,-49000000.0,4000000.0,372000000.0,-481000000.0,-105000000.0,3953000000.0,5179000000.0,-3847000000.0,24000000.0,847000000.0,847000000.0,847000000.0,0.0,0.0,0.041,3099000000.0,1376000000.0,2375000000.0,0.569,3.004,19.997,20.0,6998000000.0,0.0,24.6,0.824,0.824,16570000000.0,7978000000.0,20564000000.0,20564000000.0,637000000.0,0.026,0.148,0.038,0.07,0.0,2015000000.0,1.0,688510134.0,688632000.0,693652000.0,29.862,31857000000.0,1557000000.0,325000000.0,540000000.0,46.261,4382000000.0
74,CAT,MRT,2002-12-31,2002-12-31,2002-12-31,2021-09-07,-742000000.0,32705000000.0,32240000000.0,14480000000.0,18225000000.0,0.625,7.953,-1212000000.0,309000000.0,309000000.0,15667000000.0,798000000.0,1.235,4.977,17861000000.0,6087000000.0,11774000000.0,17861000000.0,0.0,1220000000.0,259000000.0,0.031,0.7,1389000000.0,2609000000.0,0.129,2609000000.0,1389000000.0,1110000000.0,1.16,1.15,1.16,5472000000.0,5720250000.0,5472000000.0,33049986044.0,24.0,12.668,-5174000000.0,-7.52,1.0,4485000000.0,0.223,1683000000.0,279000000.0,36849000000.0,37279750000.0,2763000000.0,747000000.0,0.0,747000000.0,27233000000.0,11725000000.0,15508000000.0,15735986044.0,-91000000.0,-294000000.0,10000000.0,696000000.0,-481000000.0,225000000.0,3620000000.0,5166000000.0,-3962000000.0,26000000.0,798000000.0,798000000.0,798000000.0,0.0,0.0,0.04,3161000000.0,1324000000.0,1790000000.0,0.603,2.876,19.719,19.707,7009000000.0,0.0,22.86,0.781,0.78,16183000000.0,7849000000.0,20152000000.0,20152000000.0,656000000.0,0.025,0.14,0.037,0.069,0.0,2094000000.0,1.0,688363344.0,688000000.0,693800000.0,29.291,31022000000.0,1492000000.0,312000000.0,471000000.0,45.09,2755000000.0
75,CAT,MRT,2002-09-30,2002-09-30,2002-09-30,2021-09-07,-170000000.0,32374000000.0,31710000000.0,14785000000.0,17589000000.0,0.627,8.684,-1482000000.0,445000000.0,445000000.0,15602000000.0,660000000.0,1.408,4.416,17759000000.0,5324000000.0,12435000000.0,17759000000.0,0.0,1207000000.0,0.0,0.038,0.7,1195000000.0,2402000000.0,0.121,2402000000.0,1195000000.0,926000000.0,0.96,0.95,0.96,5978000000.0,5755000000.0,5978000000.0,30797382178.0,26.0,12.822,362000000.0,0.526,1.0,4269000000.0,0.215,1706000000.0,269000000.0,37478000000.0,36749750000.0,3084000000.0,751000000.0,0.0,751000000.0,26396000000.0,10504000000.0,15892000000.0,12809382178.0,213000000.0,-299000000.0,9000000.0,1396000000.0,-481000000.0,924000000.0,-2568000000.0,-746000000.0,1844000000.0,13000000.0,660000000.0,660000000.0,660000000.0,0.0,0.0,0.033,3179000000.0,1090000000.0,2410000000.0,0.729,2.143,19.408,19.385,6810000000.0,0.0,18.61,0.645,0.645,15911000000.0,7785000000.0,19871000000.0,19871000000.0,714000000.0,0.021,0.115,0.033,0.06,0.0,1915000000.0,1.0,688306404.0,688400000.0,692400000.0,28.865,30668000000.0,1275000000.0,266000000.0,399000000.0,44.55,4281000000.0
76,CAT,MRT,2002-06-30,2002-06-30,2002-06-30,2021-09-07,-168000000.0,32734000000.0,31092250000.0,14846000000.0,17888000000.0,0.638,8.369,-1593000000.0,285000000.0,285000000.0,15499000000.0,652000000.0,1.41,4.685,18273000000.0,5291000000.0,12982000000.0,18273000000.0,0.0,1185000000.0,0.0,0.029,0.7,1213000000.0,2398000000.0,0.121,2398000000.0,1213000000.0,941000000.0,0.95,0.94,0.95,5758000000.0,5729750000.0,5758000000.0,33698478939.0,28.0,14.053,339000000.0,0.493,1.0,4353000000.0,0.219,1685000000.0,272000000.0,38508000000.0,36132250000.0,3114000000.0,763000000.0,0.0,763000000.0,26976000000.0,10529000000.0,16447000000.0,16833478939.0,13000000.0,-283000000.0,0.0,1148000000.0,-481000000.0,667000000.0,-2644000000.0,-746000000.0,1932000000.0,58000000.0,652000000.0,652000000.0,652000000.0,0.0,0.0,0.033,3246000000.0,1107000000.0,2403000000.0,0.737,2.923,25.818,25.763,6779000000.0,0.0,24.475,0.848,0.848,16506000000.0,7573000000.0,19852000000.0,19852000000.0,714000000.0,0.021,0.114,0.034,0.061,0.0,2015000000.0,1.0,687782592.0,688000000.0,696400000.0,28.855,31049000000.0,1300000000.0,289000000.0,393000000.0,45.129,4317000000.0
77,CAT,MRT,2002-03-31,2002-03-31,2002-03-31,2021-09-07,-294000000.0,31147000000.0,30478000000.0,13883000000.0,17264000000.0,0.658,8.255,-1633000000.0,302000000.0,302000000.0,15520000000.0,723000000.0,1.382,4.49,17167000000.0,5233000000.0,11934000000.0,17167000000.0,0.0,1176000000.0,0.0,0.024,0.695,1327000000.0,2503000000.0,0.125,2503000000.0,1327000000.0,1051000000.0,1.055,1.04,1.055,5673000000.0,5705000000.0,5673000000.0,35722950841.0,27.0,14.272,141000000.0,0.205,1.0,4529000000.0,0.226,1683000000.0,276000000.0,36284000000.0,35411750000.0,3214000000.0,750000000.0,0.0,750000000.0,25474000000.0,10045000000.0,15429000000.0,19520950841.0,55000000.0,-289000000.0,-13000000.0,1129000000.0,-477000000.0,639000000.0,-2378000000.0,-350000000.0,1774000000.0,20000000.0,723000000.0,723000000.0,723000000.0,0.0,0.0,0.036,3357000000.0,1172000000.0,2182000000.0,0.659,3.441,27.0,26.943,6622000000.0,0.0,28.425,0.974,0.974,15014000000.0,7613000000.0,20049000000.0,20049000000.0,700000000.0,0.024,0.127,0.037,0.066,0.0,2168000000.0,1.0,686752888.0,687200000.0,695400000.0,29.175,29464000000.0,1338000000.0,328000000.0,381000000.0,42.875,3838000000.0
78,CAT,MRT,2001-12-31,2001-12-31,2001-12-31,2021-09-07,-269000000.0,30585000000.0,29997500000.0,13339000000.0,17246000000.0,0.682,8.172,-1612000000.0,400000000.0,400000000.0,15836000000.0,805000000.0,1.284,4.451,16602000000.0,5311000000.0,11291000000.0,16602000000.0,0.0,1169000000.0,0.0,0.026,0.69,1457000000.0,2626000000.0,0.128,2626000000.0,1457000000.0,1172000000.0,1.175,1.16,1.175,5611000000.0,5705500000.0,5611000000.0,33865174697.0,23.0,12.896,375000000.0,0.546,1.0,4614000000.0,0.226,1671000000.0,285000000.0,34729000000.0,34914750000.0,2925000000.0,787000000.0,0.0,787000000.0,24974000000.0,10387000000.0,14587000000.0,17935174697.0,66000000.0,-405000000.0,-37000000.0,1529000000.0,-474000000.0,1018000000.0,-2927000000.0,-838000000.0,1987000000.0,-12000000.0,805000000.0,805000000.0,805000000.0,0.0,0.0,0.039,3303000000.0,1311000000.0,2123000000.0,0.587,3.196,22.28,22.234,6603000000.0,0.0,26.125,0.877,0.877,14763000000.0,7533000000.0,20450000000.0,20450000000.0,696000000.0,0.027,0.141,0.042,0.071,0.0,2140000000.0,1.0,686513864.0,686600000.0,694200000.0,29.784,28914000000.0,1361000000.0,367000000.0,387000000.0,42.112,2952000000.0
79,CAT,MRT,2001-09-30,2001-09-30,2001-09-30,2021-09-07,-73000000.0,29903000000.0,29467250000.0,13435000000.0,16468000000.0,0.695,8.56,-1514000000.0,232000000.0,232000000.0,15411000000.0,902000000.0,1.438,4.088,16162000000.0,4463000000.0,11699000000.0,16162000000.0,0.0,1137000000.0,0.0,0.031,0.685,1625000000.0,2762000000.0,0.135,2762000000.0,1625000000.0,1327000000.0,1.315,1.305,1.315,5877000000.0,5702750000.0,5877000000.0,31865154528.0,20.0,11.537,388000000.0,0.565,1.0,5057000000.0,0.247,1485000000.0,298000000.0,35008000000.0,34488000000.0,2922000000.0,787000000.0,0.0,787000000.0,24026000000.0,9340000000.0,14686000000.0,15383154528.0,-166000000.0,-426000000.0,-52000000.0,1292000000.0,-471000000.0,769000000.0,-2807000000.0,-739000000.0,1902000000.0,-30000000.0,902000000.0,902000000.0,902000000.0,0.0,0.0,0.044,3488000000.0,1569000000.0,2171000000.0,0.521,2.618,17.054,17.034,6311000000.0,0.0,22.4,0.752,0.751,14773000000.0,7606000000.0,20468000000.0,20468000000.0,682000000.0,0.031,0.158,0.047,0.079,0.0,2519000000.0,1.0,686747970.0,686600000.0,,29.811,28418000000.0,1301000000.0,425000000.0,558000000.0,41.389,4095000000.0
80,CAT,MRT,2001-06-30,2001-06-30,2001-06-30,2021-09-07,-97000000.0,30277000000.0,28951500000.0,13744000000.0,16533000000.0,0.697,8.242,-1417000000.0,272000000.0,272000000.0,15238000000.0,913000000.0,1.427,4.35,16754000000.0,4722000000.0,12032000000.0,16754000000.0,0.0,1112000000.0,0.0,0.027,0.68,1589000000.0,2701000000.0,0.134,2701000000.0,1589000000.0,1289000000.0,1.33,1.32,1.33,5659000000.0,5619750000.0,5659000000.0,32969045583.0,21.0,12.206,227000000.0,0.331,1.0,4953000000.0,0.245,1502000000.0,300000000.0,35626000000.0,33862750000.0,2846000000.0,837000000.0,0.0,837000000.0,24618000000.0,9631000000.0,14987000000.0,17180045583.0,-197000000.0,-432000000.0,-114000000.0,2142000000.0,-468000000.0,1560000000.0,-3285000000.0,-1318000000.0,1644000000.0,-116000000.0,913000000.0,913000000.0,913000000.0,0.0,0.0,0.045,3414000000.0,1539000000.0,2329000000.0,0.511,3.036,18.817,18.816,6158000000.0,0.0,25.025,0.851,0.851,15347000000.0,7402000000.0,20191000000.0,20191000000.0,676000000.0,0.032,0.162,0.047,0.079,0.0,2471000000.0,1.0,686515308.0,686600000.0,,29.407,28775000000.0,1234000000.0,376000000.0,503000000.0,41.909,4113000000.0
81,CAT,MRT,2001-03-31,2001-03-31,2001-03-31,2021-09-07,-54000000.0,29225000000.0,28353250000.0,13000000000.0,16225000000.0,0.708,8.265,-1384000000.0,247000000.0,247000000.0,15118000000.0,957000000.0,1.408,4.15,16036000000.0,4694000000.0,11342000000.0,16036000000.0,0.0,1086000000.0,0.0,0.03,0.672,1655000000.0,2741000000.0,0.137,2741000000.0,1655000000.0,1356000000.0,1.39,1.38,1.39,5675000000.0,5569500000.0,5675000000.0,29972950428.0,18.0,10.935,1081000000.0,1.574,1.0,4948000000.0,0.247,1482000000.0,299000000.0,34296000000.0,32993250000.0,2964000000.0,875000000.0,0.0,875000000.0,23550000000.0,9236000000.0,14314000000.0,15239950428.0,-189000000.0,-489000000.0,-215000000.0,2229000000.0,-464000000.0,1550000000.0,-4099000000.0,-2164000000.0,2465000000.0,-105000000.0,957000000.0,957000000.0,957000000.0,0.0,0.0,0.048,3318000000.0,1630000000.0,2234000000.0,0.483,2.685,15.925,15.964,5993000000.0,0.0,22.19,0.759,0.759,14548000000.0,7367000000.0,20066000000.0,20066000000.0,661000000.0,0.034,0.172,0.05,0.082,0.0,2405000000.0,1.0,686793620.0,686600000.0,,29.225,27743000000.0,1232000000.0,399000000.0,466000000.0,40.406,3764000000.0
82,CAT,MRT,2000-12-31,2000-12-31,2000-12-31,2021-09-07,23000000.0,28464000000.0,27787750000.0,12521000000.0,15943000000.0,0.726,8.074,-1330000000.0,334000000.0,334000000.0,15185000000.0,1053000000.0,1.445,4.083,15067000000.0,3733000000.0,11334000000.0,15067000000.0,0.0,1063000000.0,0.0,0.028,0.665,1792000000.0,2855000000.0,0.142,2855000000.0,1792000000.0,1500000000.0,1.52,1.51,1.52,5600000000.0,5524750000.0,5600000000.0,30524961716.0,17.0,10.692,729000000.0,1.051,1.0,4990000000.0,0.247,1507000000.0,292000000.0,33022000000.0,32111500000.0,2692000000.0,551000000.0,0.0,551000000.0,22864000000.0,8668000000.0,14196000000.0,16262961716.0,-214000000.0,-115000000.0,-408000000.0,1413000000.0,-462000000.0,543000000.0,-2753000000.0,-1197000000.0,2059000000.0,-63000000.0,1053000000.0,1053000000.0,1053000000.0,0.0,0.0,0.052,3253000000.0,1737000000.0,2339000000.0,0.438,2.904,15.444,15.562,5951000000.0,0.0,23.655,0.806,0.813,14250000000.0,7205000000.0,20175000000.0,20175000000.0,649000000.0,0.038,0.191,0.056,0.089,0.0,2367000000.0,1.0,687506308.0,693600000.0,697800000.0,29.087,26957000000.0,1304000000.0,447000000.0,405000000.0,38.865,3853000000.0
83,CAT,MRT,2000-09-30,2000-09-30,2000-09-30,2021-09-07,-16000000.0,27840000000.0,27349500000.0,12440000000.0,15400000000.0,0.734,8.048,-1446000000.0,398000000.0,398000000.0,15221000000.0,1028000000.0,1.534,4.021,14660000000.0,3516000000.0,11144000000.0,14660000000.0,0.0,1073000000.0,0.0,0.042,0.657,1748000000.0,2821000000.0,0.14,2821000000.0,1748000000.0,1466000000.0,1.465,1.46,1.465,5545000000.0,5491000000.0,5545000000.0,24984150213.0,14.0,8.856,1058000000.0,1.536,1.0,4859000000.0,0.242,1488000000.0,282000000.0,32507000000.0,31398000000.0,2644000000.0,518000000.0,0.0,518000000.0,22295000000.0,8107000000.0,14188000000.0,10717150213.0,115000000.0,-105000000.0,-435000000.0,1493000000.0,-460000000.0,598000000.0,-2941000000.0,-1470000000.0,2504000000.0,-46000000.0,1028000000.0,1028000000.0,1028000000.0,0.0,0.0,0.051,3215000000.0,1644000000.0,2263000000.0,0.448,1.933,10.425,10.58,5273000000.0,0.0,15.5,0.534,0.532,14146000000.0,7175000000.0,20080000000.0,20080000000.0,641000000.0,0.038,0.187,0.056,0.087,0.0,2208000000.0,1.0,691429046.0,689000000.0,,29.144,26352000000.0,1344000000.0,438000000.0,606000000.0,38.247,4333000000.0
84,CAT,MRT,2000-06-30,2000-06-30,2000-06-30,2021-09-07,42000000.0,27884000000.0,27004250000.0,12358000000.0,15526000000.0,0.741,7.862,-1365000000.0,469000000.0,469000000.0,15176000000.0,1031000000.0,1.455,4.109,14736000000.0,3883000000.0,10853000000.0,14736000000.0,0.0,1043000000.0,0.0,0.038,0.65,1810000000.0,2853000000.0,0.143,2853000000.0,1810000000.0,1528000000.0,1.46,1.455,1.46,5458000000.0,5454250000.0,5458000000.0,25297207585.0,14.0,8.867,1804000000.0,2.599,1.0,4840000000.0,0.242,1508000000.0,282000000.0,32148000000.0,30923250000.0,2555000000.0,559000000.0,0.0,559000000.0,22426000000.0,8495000000.0,13931000000.0,11810207585.0,144000000.0,-129000000.0,-431000000.0,858000000.0,-459000000.0,-32000000.0,-2988000000.0,-1293000000.0,3169000000.0,-5000000.0,1031000000.0,1031000000.0,1031000000.0,0.0,0.0,0.052,3171000000.0,1669000000.0,2266000000.0,0.445,2.164,11.455,11.603,5253000000.0,0.0,16.94,0.59,0.588,14239000000.0,6959000000.0,20016000000.0,20016000000.0,631000000.0,0.038,0.189,0.059,0.09,0.0,2234000000.0,1.0,697178724.0,694200000.0,,28.833,26376000000.0,1362000000.0,497000000.0,629000000.0,37.995,3863000000.0
85,CAT,MRT,2000-03-31,2000-03-31,2000-03-31,2021-09-07,52000000.0,26963000000.0,26722000000.0,11970000000.0,14993000000.0,0.739,7.768,-1214000000.0,436000000.0,436000000.0,15045000000.0,999000000.0,1.467,3.906,13923000000.0,3705000000.0,10218000000.0,13923000000.0,0.0,1011000000.0,0.0,0.032,0.638,1754000000.0,2765000000.0,0.14,2765000000.0,1754000000.0,1481000000.0,1.405,1.395,1.405,5496000000.0,5401250000.0,5496000000.0,27206999627.0,16.0,9.84,1347000000.0,1.904,1.0,4709000000.0,0.238,1519000000.0,273000000.0,30769000000.0,30548000000.0,2659000000.0,553000000.0,0.0,553000000.0,21467000000.0,8162000000.0,13305000000.0,13952999627.0,192000000.0,-273000000.0,-382000000.0,1086000000.0,-453000000.0,251000000.0,-2627000000.0,-1052000000.0,2561000000.0,7000000.0,999000000.0,999000000.0,999000000.0,0.0,0.0,0.051,3151000000.0,1558000000.0,2192000000.0,0.454,2.539,13.967,14.036,5181000000.0,0.0,19.72,0.706,0.706,13470000000.0,6875000000.0,19754000000.0,19754000000.0,626000000.0,0.037,0.185,0.057,0.089,0.0,2277000000.0,1.0,707555762.0,707555762.0,,27.919,25444000000.0,1356000000.0,482000000.0,668000000.0,35.96,3808000000.0
86,CAT,MRT,1999-12-31,1999-12-31,1999-12-31,2021-09-07,78000000.0,26711000000.0,26411000000.0,11810000000.0,14901000000.0,0.746,7.689,-1188000000.0,548000000.0,548000000.0,15041000000.0,946000000.0,1.431,3.888,13802000000.0,3874000000.0,9928000000.0,13802000000.0,0.0,977000000.0,0.0,0.027,0.625,1670000000.0,2647000000.0,0.134,2647000000.0,1670000000.0,1401000000.0,1.33,1.315,1.33,5465000000.0,5355500000.0,5465000000.0,29997955162.0,18.0,11.333,1402000000.0,1.972,1.0,4661000000.0,0.237,1543000000.0,269000000.0,30168000000.0,30205500000.0,2594000000.0,553000000.0,0.0,553000000.0,21246000000.0,8254000000.0,12992000000.0,16685955162.0,188000000.0,-302000000.0,-249000000.0,1355000000.0,-445000000.0,661000000.0,-3040000000.0,-1526000000.0,2590000000.0,-23000000.0,946000000.0,946000000.0,946000000.0,0.0,0.0,0.048,3167000000.0,1494000000.0,2003000000.0,0.47,3.053,17.638,17.692,5380000000.0,0.0,23.53,0.847,0.849,13122000000.0,6617000000.0,19702000000.0,19702000000.0,626000000.0,0.036,0.177,0.055,0.085,0.0,2347000000.0,1.0,709135366.0,710800000.0,718800000.0,27.718,25168000000.0,1359000000.0,455000000.0,551000000.0,35.408,3556000000.0
87,CAT,MRT,1999-09-30,1999-09-30,1999-09-30,2021-09-07,-19000000.0,26459000000.0,26015250000.0,11977000000.0,14482000000.0,0.772,7.591,-1046000000.0,283000000.0,283000000.0,15301000000.0,1008000000.0,1.576,3.902,13595000000.0,3248000000.0,10347000000.0,13595000000.0,0.0,915000000.0,0.0,0.022,0.613,1713000000.0,2628000000.0,0.131,2628000000.0,1713000000.0,1444000000.0,1.425,1.395,1.425,5398000000.0,5272000000.0,5398000000.0,33164862561.0,19.0,12.62,1130000000.0,1.589,1.0,4788000000.0,0.238,1563000000.0,269000000.0,30608000000.0,29767000000.0,2719000000.0,518000000.0,0.0,518000000.0,21061000000.0,7600000000.0,13461000000.0,19487862561.0,48000000.0,-384000000.0,-283000000.0,1266000000.0,-437000000.0,546000000.0,-2688000000.0,-1311000000.0,2176000000.0,14000000.0,1008000000.0,1008000000.0,1008000000.0,0.0,0.0,0.05,3228000000.0,1560000000.0,2102000000.0,0.43,3.61,19.333,19.232,4936000000.0,0.0,27.405,0.97,0.97,13231000000.0,6608000000.0,20089000000.0,20089000000.0,618000000.0,0.039,0.191,0.058,0.085,0.0,2610000000.0,1.0,711106096.0,711106096.0,,28.25,24896000000.0,1488000000.0,436000000.0,561000000.0,35.01,4377000000.0
88,CAT,MRT,1999-06-30,1999-06-30,1999-06-30,2021-09-07,-17000000.0,26755000000.0,25684000000.0,12252000000.0,14503000000.0,0.8,7.372,-1074000000.0,325000000.0,325000000.0,15572000000.0,1125000000.0,1.493,4.1,14002000000.0,3896000000.0,10106000000.0,14002000000.0,0.0,903000000.0,0.0,0.02,0.6,1861000000.0,2764000000.0,0.135,2764000000.0,1861000000.0,1595000000.0,1.58,1.55,1.58,5246000000.0,5215000000.0,5246000000.0,34034358160.0,18.0,12.313,945000000.0,1.328,1.0,4975000000.0,0.242,1578000000.0,266000000.0,30647000000.0,29237250000.0,2772000000.0,602000000.0,0.0,602000000.0,21509000000.0,8207000000.0,13302000000.0,21349358160.0,104000000.0,-355000000.0,-506000000.0,1700000000.0,-431000000.0,763000000.0,-2672000000.0,-1639000000.0,2019000000.0,-6000000.0,1125000000.0,1125000000.0,1125000000.0,0.0,0.0,0.055,3255000000.0,1720000000.0,2060000000.0,0.38,4.07,18.977,18.987,4913000000.0,0.0,30.0,1.039,1.039,13633000000.0,6389000000.0,20547000000.0,20547000000.0,630000000.0,0.044,0.216,0.064,0.091,0.0,2625000000.0,1.0,711645272.0,711645272.0,,28.873,25177000000.0,1579000000.0,470000000.0,569000000.0,35.379,4045000000.0
89,CAT,MRT,1999-03-31,1999-03-31,1999-03-31,2021-09-07,50000000.0,25719000000.0,25271750000.0,11903000000.0,13816000000.0,0.833,7.437,-1117000000.0,244000000.0,244000000.0,15792000000.0,1288000000.0,1.532,3.841,12929000000.0,3420000000.0,9509000000.0,12929000000.0,0.0,893000000.0,0.0,0.025,0.575,2112000000.0,3005000000.0,0.143,3005000000.0,2112000000.0,1842000000.0,1.79,1.76,1.79,5313000000.0,5186750000.0,5313000000.0,28501692429.0,13.0,9.485,488000000.0,0.683,1.0,5258000000.0,0.25,1235000000.0,270000000.0,29399000000.0,28626500000.0,2892000000.0,835000000.0,0.0,835000000.0,20406000000.0,7770000000.0,12636000000.0,16409692429.0,-62000000.0,-358000000.0,-555000000.0,2446000000.0,-415000000.0,1476000000.0,-3126000000.0,-1901000000.0,1605000000.0,-17000000.0,1288000000.0,1288000000.0,1288000000.0,0.0,0.0,0.061,3270000000.0,1988000000.0,2123000000.0,0.321,3.089,12.74,12.832,4852000000.0,0.0,22.97,0.78,0.78,12867000000.0,6328000000.0,21050000000.0,21050000000.0,643000000.0,0.051,0.248,0.074,0.1,0.0,2627000000.0,1.0,714396710.0,714396710.0,,29.465,24484000000.0,1493000000.0,554000000.0,576000000.0,34.272,4133000000.0
90,CAT,MRT,1998-12-31,1998-12-31,1998-12-31,2021-09-07,1000000.0,25128000000.0,24736250000.0,11459000000.0,13669000000.0,0.848,7.152,-1128000000.0,360000000.0,360000000.0,15520000000.0,1513000000.0,1.515,3.897,12452000000.0,3048000000.0,9404000000.0,12452000000.0,0.0,865000000.0,0.0,0.024,0.55,2442000000.0,3307000000.0,0.158,3307000000.0,2442000000.0,2178000000.0,2.085,2.055,2.085,5131000000.0,5110750000.0,5131000000.0,28495656694.0,12.0,8.617,646000000.0,0.901,1.0,5457000000.0,0.26,1241000000.0,264000000.0,28414000000.0,27579750000.0,2842000000.0,773000000.0,0.0,773000000.0,19997000000.0,7565000000.0,12432000000.0,16499656694.0,68000000.0,-1428000000.0,-561000000.0,3825000000.0,-400000000.0,2864000000.0,-4576000000.0,-2197000000.0,1774000000.0,6000000.0,1513000000.0,1513000000.0,1513000000.0,0.0,0.0,0.072,3204000000.0,2253000000.0,2250000000.0,0.264,3.216,10.905,11.031,4866000000.0,0.0,23.0,0.787,0.787,12319000000.0,6123000000.0,20977000000.0,20977000000.0,643000000.0,0.061,0.296,0.089,0.116,0.0,2561000000.0,1.0,717376378.0,717376378.0,,29.241,23887000000.0,1429000000.0,665000000.0,453000000.0,33.298,3894000000.0
91,CAT,MRT,1998-09-30,1998-09-30,1998-09-30,2021-09-07,52000000.0,25134000000.0,23643250000.0,11786000000.0,13348000000.0,0.878,7.087,-1103000000.0,235000000.0,235000000.0,15183000000.0,1663000000.0,1.592,3.862,12231000000.0,2505000000.0,9726000000.0,12231000000.0,0.0,825000000.0,0.0,0.024,0.525,2699000000.0,3524000000.0,0.17,3524000000.0,2699000000.0,2445000000.0,2.27,2.235,2.27,5170000000.0,4997750000.0,5170000000.0,28261555804.0,10.0,8.02,675000000.0,0.925,1.0,5581000000.0,0.269,1236000000.0,254000000.0,28489000000.0,26160500000.0,3116000000.0,769000000.0,0.0,769000000.0,19964000000.0,7405000000.0,12559000000.0,16231555804.0,-552000000.0,-1360000000.0,-721000000.0,3372000000.0,-386000000.0,2265000000.0,-4573000000.0,-2047000000.0,1778000000.0,-22000000.0,1663000000.0,1663000000.0,1663000000.0,0.0,0.0,0.08,3105000000.0,2476000000.0,3678000000.0,0.231,3.14,9.76,9.802,4517000000.0,0.0,22.25,0.782,0.782,12346000000.0,6037000000.0,20764000000.0,20764000000.0,627000000.0,0.07,0.333,0.103,0.13,0.0,2478000000.0,1.0,729508126.0,729508126.0,,28.463,23898000000.0,1970000000.0,782000000.0,216000000.0,32.759,4381000000.0
92,CAT,MRT,1998-06-30,1998-06-30,1998-06-30,2021-09-07,62000000.0,25106000000.0,22549250000.0,11686000000.0,13420000000.0,0.895,7.001,-1073000000.0,221000000.0,221000000.0,14674000000.0,1712000000.0,1.522,3.891,12251000000.0,2787000000.0,9464000000.0,12251000000.0,0.0,791000000.0,0.0,0.019,0.5,2761000000.0,3552000000.0,0.176,3552000000.0,2761000000.0,2522000000.0,2.32,2.28,2.32,5133000000.0,4876750000.0,5133000000.0,29638194571.0,11.0,8.344,554000000.0,0.756,1.0,5517000000.0,0.273,1253000000.0,239000000.0,28204000000.0,24548250000.0,3132000000.0,805000000.0,0.0,805000000.0,19973000000.0,7679000000.0,12294000000.0,19397194571.0,-336000000.0,-1361000000.0,-680000000.0,3951000000.0,-370000000.0,2901000000.0,-4832000000.0,-2240000000.0,1627000000.0,-32000000.0,1712000000.0,1712000000.0,1712000000.0,0.0,0.0,0.085,3004000000.0,2513000000.0,3587000000.0,0.216,3.779,11.33,11.403,4444000000.0,0.0,26.455,0.961,0.961,12234000000.0,5701000000.0,20191000000.0,20191000000.0,596000000.0,0.076,0.351,0.112,0.137,0.0,2408000000.0,1.0,733214688.0,733214688.0,,27.538,23853000000.0,1998000000.0,810000000.0,276000000.0,32.532,4007000000.0
93,CAT,MRT,1998-03-31,1998-03-31,1998-03-31,2021-09-07,73000000.0,23577000000.0,21322000000.0,10876000000.0,12701000000.0,0.913,6.827,-1023000000.0,306000000.0,306000000.0,14110000000.0,1701000000.0,1.462,3.707,10547000000.0,2231000000.0,8316000000.0,10547000000.0,0.0,753000000.0,0.0,0.017,0.475,2736000000.0,3489000000.0,0.179,3489000000.0,2736000000.0,2508000000.0,2.285,2.245,2.285,5009000000.0,4722500000.0,5009000000.0,28475034758.0,10.0,8.161,841000000.0,1.146,1.0,5347000000.0,0.275,1169000000.0,228000000.0,25212000000.0,22822500000.0,3091000000.0,814000000.0,0.0,814000000.0,18568000000.0,7437000000.0,11131000000.0,20199034758.0,-212000000.0,-1149000000.0,-649000000.0,2737000000.0,-354000000.0,1734000000.0,-3806000000.0,-1335000000.0,1864000000.0,-4000000.0,1701000000.0,1701000000.0,1701000000.0,0.0,0.0,0.087,2887000000.0,2460000000.0,3790000000.0,0.208,4.033,11.875,12.048,4376000000.0,0.0,27.53,1.038,1.038,10875000000.0,5456000000.0,19457000000.0,19457000000.0,566000000.0,0.08,0.36,0.12,0.141,0.0,2321000000.0,1.0,733709944.0,733709944.0,,26.519,22408000000.0,1965000000.0,807000000.0,507000000.0,30.541,3439000000.0
94,CAT,MRT,1997-12-31,1997-12-31,1997-12-31,2021-09-07,95000000.0,20756000000.0,20250750000.0,9814000000.0,10942000000.0,0.935,6.284,-968000000.0,292000000.0,292000000.0,13735000000.0,1665000000.0,1.618,3.436,8568000000.0,1626000000.0,6942000000.0,8568000000.0,0.0,738000000.0,0.0,0.019,0.45,2680000000.0,3418000000.0,0.181,3418000000.0,2680000000.0,2461000000.0,2.22,2.185,2.22,4679000000.0,4561750000.0,4679000000.0,26099860864.0,10.0,7.636,1128000000.0,1.515,1.0,5190000000.0,0.274,228000000.0,219000000.0,22737000000.0,21531750000.0,2603000000.0,751000000.0,0.0,751000000.0,16077000000.0,6067000000.0,10010000000.0,18055860864.0,-195000000.0,-59000000.0,-695000000.0,1305000000.0,-338000000.0,272000000.0,-2541000000.0,-1206000000.0,2096000000.0,-22000000.0,1665000000.0,1665000000.0,1665000000.0,0.0,0.0,0.088,2760000000.0,2430000000.0,2218000000.0,0.203,3.859,10.844,10.923,4058000000.0,0.0,24.25,0.954,0.954,10006000000.0,5026000000.0,18925000000.0,18925000000.0,528000000.0,0.082,0.365,0.124,0.142,0.0,2232000000.0,1.0,744571582.0,744571582.0,,25.417,20528000000.0,1468000000.0,796000000.0,545000000.0,27.57,3747000000.0
95,CAT,MRT,1997-09-30,1997-09-30,1997-09-30,2021-09-07,135000000.0,20758000000.0,19743750000.0,10196000000.0,10562000000.0,0.922,6.224,-820000000.0,787000000.0,787000000.0,13219000000.0,1595000000.0,1.559,3.43,8831000000.0,2186000000.0,6645000000.0,8831000000.0,0.0,738000000.0,0.0,0.016,0.425,2536000000.0,3274000000.0,0.18,3274000000.0,2536000000.0,2325000000.0,,,,4686000000.0,4421000000.0,4686000000.0,28151918896.0,11.0,8.599,1338000000.0,1.777,1.0,4978000000.0,0.274,224000000.0,211000000.0,22040000000.0,20599750000.0,2621000000.0,715000000.0,0.0,715000000.0,16072000000.0,6538000000.0,9534000000.0,20326918896.0,28000000.0,-312000000.0,-547000000.0,1477000000.0,-321000000.0,609000000.0,-2753000000.0,-1273000000.0,2158000000.0,14000000.0,1595000000.0,1595000000.0,1595000000.0,0.0,0.0,0.088,2683000000.0,2295000000.0,3173000000.0,,4.338,12.744,,3819000000.0,0.0,27.0,1.117,1.117,9871000000.0,4759000000.0,18197000000.0,18197000000.0,495000000.0,0.081,0.361,0.123,0.139,0.0,2188000000.0,1.0,752848848.0,752848848.0,,24.171,20534000000.0,1881000000.0,730000000.0,197000000.0,27.275,3658000000.0
96,CAT,MRT,1997-06-30,1997-06-30,1997-06-30,2021-09-07,104000000.0,20197000000.0,,9819000000.0,10378000000.0,,5.977,-754000000.0,557000000.0,557000000.0,12827000000.0,1520000000.0,1.511,3.472,8382000000.0,2115000000.0,6267000000.0,8382000000.0,0.0,724000000.0,0.0,0.015,0.4,2428000000.0,3152000000.0,0.179,3152000000.0,2428000000.0,2222000000.0,,,,4516000000.0,,4516000000.0,27562571309.0,11.0,8.744,1043000000.0,1.38,1.0,4803000000.0,0.272,223000000.0,206000000.0,21301000000.0,,2526000000.0,695000000.0,0.0,695000000.0,15681000000.0,6498000000.0,9183000000.0,20287571309.0,-76000000.0,-446000000.0,-406000000.0,1511000000.0,-304000000.0,801000000.0,-2689000000.0,-1146000000.0,1797000000.0,15000000.0,1520000000.0,1520000000.0,1520000000.0,0.0,0.0,0.086,2585000000.0,2218000000.0,3098000000.0,,4.492,13.347,,3786000000.0,0.0,26.85,1.151,1.151,9618000000.0,4375000000.0,17630000000.0,17630000000.0,467000000.0,,,,0.138,0.0,2118000000.0,1.0,755589248.0,755589248.0,,23.333,19974000000.0,1950000000.0,702000000.0,263000000.0,26.435,3321000000.0
97,CAT,MRT,1997-03-31,1997-03-31,1997-03-31,2021-09-07,140000000.0,19292000000.0,,9079000000.0,10213000000.0,,5.734,-692000000.0,518000000.0,518000000.0,12338000000.0,1459000000.0,1.444,3.419,7793000000.0,2190000000.0,5603000000.0,7793000000.0,0.0,711000000.0,0.0,0.019,0.388,2322000000.0,3033000000.0,0.179,3033000000.0,2322000000.0,2125000000.0,,,,4366000000.0,,4366000000.0,22247676578.0,10.0,7.335,1166000000.0,1.531,1.0,4602000000.0,0.272,229000000.0,197000000.0,20049000000.0,,2478000000.0,697000000.0,0.0,697000000.0,14926000000.0,6289000000.0,8637000000.0,15275676578.0,-87000000.0,-549000000.0,-396000000.0,1278000000.0,-297000000.0,585000000.0,-2535000000.0,-1138000000.0,1858000000.0,5000000.0,1459000000.0,1459000000.0,1459000000.0,0.0,0.0,0.086,2471000000.0,2131000000.0,2904000000.0,,3.499,10.47,,3765000000.0,0.0,20.062,0.902,0.902,9028000000.0,4298000000.0,16940000000.0,16940000000.0,429000000.0,,,,0.137,0.0,2042000000.0,1.0,761404440.0,761404440.0,,22.248,19063000000.0,1893000000.0,666000000.0,346000000.0,25.037,2790000000.0
98,CAT,MRT,1996-12-31,1996-12-31,1996-12-31,2021-09-07,162000000.0,18728000000.0,17779000000.0,8783000000.0,9945000000.0,0.929,5.406,-636000000.0,487000000.0,487000000.0,12127000000.0,1361000000.0,1.36,3.55,7459000000.0,2372000000.0,5087000000.0,7459000000.0,0.0,696000000.0,0.0,0.02,0.375,2168000000.0,2864000000.0,0.173,2864000000.0,2168000000.0,1974000000.0,1.77,1.75,1.77,4116000000.0,3752000000.0,4116000000.0,,,,1146000000.0,1.505,1.0,4395000000.0,0.266,233000000.0,194000000.0,19009000000.0,17691000000.0,2222000000.0,701000000.0,0.0,701000000.0,14612000000.0,6458000000.0,8154000000.0,14323921028.0,-151000000.0,-612000000.0,-293000000.0,1015000000.0,-289000000.0,433000000.0,-2384000000.0,-970000000.0,1782000000.0,18000000.0,1361000000.0,1361000000.0,1361000000.0,0.0,0.0,0.082,2403000000.0,1992000000.0,2858000000.0,0.212,3.48,10.525,10.629,3767000000.0,0.0,18.812,0.867,0.867,8730000000.0,3904000000.0,16522000000.0,16522000000.0,410000000.0,0.077,0.363,0.123,0.131,0.0,1993000000.0,1.0,761404440.0,761404440.0,,21.699,18495000000.0,1945000000.0,613000000.0,190000000.0,24.291,2325000000.0
99,CAT,MRT,1996-09-30,1996-09-30,1996-09-30,2021-09-07,,,,,,,,,,,,,,,,,,,,,,0.019,0.363,,,,,,,,,,,,,,,,,,1.0,,,,,,,,,,,,,,,,,,,,,,,,,,,,,,,,,,,,,,,,18.845,,,,,,,,,,,,,,1.0,,,,,,,,,,
100,CAT,MRT,1996-06-30,1996-06-30,1996-06-30,2021-09-07,,,,,,,,,,,,,,,,,,,,,,0.021,0.35,,,,,,,,,,,,,,,,,,1.0,,,,,,,,,,,,,,,,,,,,,,,,,,,,,,,,,,,,,,,,16.812,,,,,,,,,,,,,,1.0,,,,,,,,,,
101,CAT,MRT,1996-03-31,1996-03-31,1996-03-31,2021-09-07,,,,,,,,,,,,,,,,,,,,,,0.019,0.325,,,,,,,,,,,,,,,,,,1.0,,,,,,,,,,,,,,,,,,,,,,,,,,,,,,,,,,,,,,,,17.375,,,,,,,,,,,,,,1.0,,,,,,,,,,
102,CAT,MRT,1995-12-31,1995-12-31,1995-12-31,2021-09-07,215000000.0,16830000000.0,16540000000.0,7647000000.0,9183000000.0,0.972,,-560000000.0,638000000.0,638000000.0,12290000000.0,1136000000.0,1.264,3.968,6400000000.0,2436000000.0,3964000000.0,6400000000.0,0.0,682000000.0,0.0,0.02,0.3,1828000000.0,2510000000.0,0.156,2510000000.0,1828000000.0,1637000000.0,1.43,1.42,1.43,3388000000.0,3149500000.0,3388000000.0,,,,1630000000.0,,1.0,3782000000.0,0.235,170000000.0,191000000.0,16373000000.0,16186000000.0,1921000000.0,476000000.0,0.0,476000000.0,13442000000.0,6049000000.0,7393000000.0,,219000000.0,-21000000.0,-416000000.0,447000000.0,-239000000.0,-208000000.0,-1749000000.0,-820000000.0,2190000000.0,-14000000.0,1136000000.0,1136000000.0,1136000000.0,0.0,0.0,0.071,2098000000.0,1684000000.0,2579000000.0,0.21,,,10.271,3644000000.0,0.0,14.688,,,7477000000.0,2840000000.0,16072000000.0,16072000000.0,375000000.0,0.069,0.361,0.113,0.114,0.0,1723000000.0,1.0,,,,,16660000000.0,1930000000.0,501000000.0,127000000.0,,1598000000.0
103,CAT,MRT,1994-12-31,1994-12-31,1994-12-31,2021-09-07,205000000.0,16250000000.0,,7409000000.0,8841000000.0,,,-606000000.0,419000000.0,419000000.0,10834000000.0,955000000.0,1.348,4.582,5903000000.0,1633000000.0,4270000000.0,5903000000.0,0.0,683000000.0,0.0,0.008,0.113,1519000000.0,2202000000.0,0.154,2202000000.0,1519000000.0,1309000000.0,1.175,,1.175,2911000000.0,,2911000000.0,,,,1151000000.0,,1.0,3494000000.0,0.244,237000000.0,210000000.0,15999000000.0,,1835000000.0,455000000.0,0.0,455000000.0,13339000000.0,5498000000.0,7841000000.0,,336000000.0,0.0,-228000000.0,411000000.0,-91000000.0,92000000.0,-1512000000.0,-843000000.0,1757000000.0,-1000000.0,955000000.0,955000000.0,955000000.0,0.0,0.0,0.067,1850000000.0,1644000000.0,2624000000.0,0.096,,,11.73,3776000000.0,0.0,13.783,,,7084000000.0,1961000000.0,14328000000.0,14328000000.0,311000000.0,,,,0.106,0.0,1539000000.0,1.0,,,,,16013000000.0,2108000000.0,354000000.0,167000000.0,,1911000000.0
