None,ticker,dimension,calendardate,datekey,reportperiod,lastupdated,accoci,assets,assetsavg,assetsc,assetsnc,assetturnover,bvps,capex,cashneq,cashnequsd,cor,consolinc,currentratio,de,debt,debtc,debtnc,debtusd,deferredrev,depamor,deposits,divyield,dps,ebit,ebitda,ebitdamargin,ebitdausd,ebitusd,ebt,eps,epsdil,epsusd,equity,equityavg,equityusd,ev,evebit,evebitda,fcf,fcfps,fxusd,gp,grossmargin,intangibles,intexp,invcap,invcapavg,inventory,investments,investmentsc,investmentsnc,liabilities,liabilitiesc,liabilitiesnc,marketcap,ncf,ncfbus,ncfcommon,ncfdebt,ncfdiv,ncff,ncfi,ncfinv,ncfo,ncfx,netinc,netinccmn,netinccmnusd,netincdis,netincnci,netmargin,opex,opinc,payables,payoutratio,pb,pe,pe1,ppnenet,prefdivis,price,ps,ps1,receivables,retearn,revenue,revenueusd,rnd,roa,roe,roic,ros,sbcomp,sgna,sharefactor,sharesbas,shareswa,shareswadil,sps,tangibles,taxassets,taxexp,taxliabilities,tbvps,workingcapital
0,ITW,MRY,2020-12-31,2020-12-31,2020-12-31,2021-09-07,-1642000000.0,15612000000.0,14741000000.0,6523000000.0,9089000000.0,0.853,10.05,-226000000.0,2564000000.0,2564000000.0,7375000000.0,2109000000.0,2.52,3.908,8122000000.0,350000000.0,7772000000.0,8122000000.0,0.0,427000000.0,0.0,0.022,4.42,2910000000.0,3337000000.0,0.265,3337000000.0,2910000000.0,2704000000.0,6.66,6.63,6.66,3181000000.0,2629250000.0,3181000000.0,70308150813.0,24.0,21.069,2581000000.0,8.154,1.0,5199000000.0,0.413,5471000000.0,206000000.0,13110000000.0,12989750000.0,1189000000.0,0.0,0.0,0.0,12430000000.0,2589000000.0,9841000000.0,64532150813.0,583000000.0,1000000.0,-640000000.0,-4000000.0,-1379000000.0,-2049000000.0,-214000000.0,14000000.0,2807000000.0,39000000.0,2109000000.0,2109000000.0,2109000000.0,0.0,0.0,0.168,2317000000.0,2882000000.0,895000000.0,0.664,20.287,30.598,30.613,1777000000.0,0.0,203.88,5.132,5.132,2506000000.0,23114000000.0,12574000000.0,12574000000.0,0.0,0.143,0.802,0.224,0.231,42000000.0,2163000000.0,1.0,316520261.0,316520261.0,,39.726,10141000000.0,533000000.0,595000000.0,1061000000.0,32.039,3934000000.0
1,ITW,MRY,2019-12-31,2019-12-31,2019-12-31,2021-09-07,-1705000000.0,15068000000.0,15135250000.0,6253000000.0,8815000000.0,0.932,9.415,-301000000.0,1981000000.0,1981000000.0,8187000000.0,2521000000.0,2.903,3.978,7758000000.0,4000000.0,7754000000.0,7758000000.0,0.0,426000000.0,0.0,0.023,4.14,3509000000.0,3935000000.0,0.279,3935000000.0,3509000000.0,3288000000.0,7.78,7.74,7.78,3026000000.0,3069750000.0,3026000000.0,63552177024.0,18.0,16.15,2694000000.0,8.382,1.0,5922000000.0,0.42,5343000000.0,221000000.0,13348000000.0,12992250000.0,1164000000.0,0.0,0.0,0.0,12038000000.0,2154000000.0,9884000000.0,57734177024.0,477000000.0,116000000.0,-1415000000.0,422000000.0,-1321000000.0,-2326000000.0,-183000000.0,20000000.0,2995000000.0,-9000000.0,2521000000.0,2521000000.0,2521000000.0,0.0,0.0,0.179,2520000000.0,3402000000.0,814000000.0,0.532,19.079,22.901,23.089,1729000000.0,0.0,179.63,4.092,4.092,2461000000.0,22403000000.0,14109000000.0,14109000000.0,0.0,0.167,0.821,0.27,0.249,41000000.0,2361000000.0,1.0,321406096.0,321406096.0,,43.898,9725000000.0,516000000.0,767000000.0,1178000000.0,30.258,4099000000.0
2,ITW,MRY,2018-12-31,2018-12-31,2018-12-31,2021-09-07,-1677000000.0,14870000000.0,15468750000.0,5778000000.0,9092000000.0,0.955,9.807,-338000000.0,1504000000.0,1504000000.0,8604000000.0,2563000000.0,1.631,3.569,7380000000.0,1351000000.0,6029000000.0,7380000000.0,0.0,461000000.0,0.0,0.028,3.56,3651000000.0,4112000000.0,0.278,4112000000.0,3651000000.0,3394000000.0,7.65,7.6,7.65,3254000000.0,3685000000.0,3254000000.0,47850930895.0,13.0,11.637,2473000000.0,7.453,1.0,6164000000.0,0.417,5717000000.0,257000000.0,11487000000.0,11978500000.0,1318000000.0,0.0,0.0,0.0,11612000000.0,3542000000.0,8070000000.0,42035930895.0,-1590000000.0,1000000.0,-1978000000.0,-851000000.0,-1124000000.0,-3964000000.0,-325000000.0,16000000.0,2811000000.0,-112000000.0,2563000000.0,2563000000.0,2563000000.0,0.0,0.0,0.174,2580000000.0,3584000000.0,852000000.0,0.465,12.918,16.401,16.561,1791000000.0,0.0,126.69,2.846,2.846,2622000000.0,21217000000.0,14768000000.0,14768000000.0,0.0,0.166,0.696,0.305,0.247,40000000.0,2391000000.0,1.0,331801491.0,331801491.0,,44.509,9153000000.0,554000000.0,831000000.0,1270000000.0,27.586,2236000000.0
3,ITW,MRY,2017-12-31,2017-12-31,2017-12-31,2021-09-07,-1287000000.0,16780000000.0,16136250000.0,7278000000.0,9502000000.0,0.887,13.383,-283000000.0,3094000000.0,3094000000.0,8306000000.0,1687000000.0,2.384,2.659,8328000000.0,850000000.0,7478000000.0,8328000000.0,0.0,462000000.0,0.0,0.017,2.86,3530000000.0,3992000000.0,0.279,3992000000.0,3530000000.0,3270000000.0,4.9,4.86,4.9,4585000000.0,4718000000.0,4585000000.0,62514640647.0,18.0,15.66,2119000000.0,6.185,1.0,6008000000.0,0.42,6024000000.0,260000000.0,12937000000.0,12579000000.0,1220000000.0,0.0,0.0,0.0,12191000000.0,3053000000.0,9138000000.0,57162640647.0,622000000.0,-1000000.0,-916000000.0,197000000.0,-941000000.0,-1674000000.0,-251000000.0,43000000.0,2402000000.0,145000000.0,1687000000.0,1687000000.0,1687000000.0,0.0,0.0,0.118,2523000000.0,3485000000.0,856000000.0,0.584,12.467,33.884,34.051,1778000000.0,0.0,166.85,3.993,3.993,2628000000.0,20210000000.0,14314000000.0,14314000000.0,0.0,0.105,0.358,0.281,0.247,36000000.0,2412000000.0,1.0,342598985.0,342598985.0,,41.781,10756000000.0,505000000.0,1583000000.0,867000000.0,31.395,4225000000.0
4,ITW,MRY,2016-12-31,2016-12-31,2016-12-31,2021-09-07,-1807000000.0,15201000000.0,15392250000.0,6123000000.0,9078000000.0,0.883,12.119,-257000000.0,2472000000.0,2472000000.0,7908000000.0,2035000000.0,2.218,2.572,7829000000.0,652000000.0,7177000000.0,7829000000.0,0.0,470000000.0,0.0,0.02,2.4,3145000000.0,3615000000.0,0.266,3615000000.0,3145000000.0,2908000000.0,5.73,5.7,5.73,4254000000.0,4801500000.0,4254000000.0,48378040950.0,15.0,13.383,2045000000.0,5.826,1.0,5691000000.0,0.418,6021000000.0,237000000.0,11777000000.0,11443500000.0,1076000000.0,0.0,0.0,0.0,10942000000.0,2760000000.0,8182000000.0,42984040950.0,-618000000.0,-283000000.0,-1916000000.0,465000000.0,-821000000.0,-2255000000.0,-532000000.0,21000000.0,2302000000.0,-133000000.0,2035000000.0,2035000000.0,2035000000.0,0.0,0.0,0.15,2635000000.0,3056000000.0,737000000.0,0.419,10.104,21.122,21.372,1652000000.0,0.0,122.46,3.161,3.161,2357000000.0,19505000000.0,13599000000.0,13599000000.0,0.0,0.132,0.424,0.275,0.231,39000000.0,2411000000.0,1.0,351004744.0,351004744.0,,38.743,9180000000.0,449000000.0,873000000.0,303000000.0,26.153,3363000000.0
5,ITW,MRY,2015-12-31,2015-12-31,2015-12-31,2021-09-07,-1504000000.0,15729000000.0,16029500000.0,6720000000.0,9009000000.0,0.836,14.372,-254000000.0,3090000000.0,3090000000.0,7888000000.0,1899000000.0,2.838,2.01,7422000000.0,526000000.0,6896000000.0,7422000000.0,0.0,477000000.0,0.0,0.022,2.07,2945000000.0,3422000000.0,0.255,3422000000.0,2945000000.0,2719000000.0,5.16,5.13,5.16,5224000000.0,5147500000.0,5224000000.0,38499417614.0,13.0,11.251,2045000000.0,5.626,1.0,5517000000.0,0.412,5999000000.0,226000000.0,11694000000.0,11743750000.0,1086000000.0,0.0,0.0,0.0,10501000000.0,2368000000.0,8133000000.0,33688417614.0,-900000000.0,23000000.0,-1943000000.0,151000000.0,-742000000.0,-2526000000.0,-210000000.0,22000000.0,2299000000.0,-463000000.0,1899000000.0,1899000000.0,1899000000.0,0.0,0.0,0.142,2650000000.0,2867000000.0,649000000.0,0.401,6.449,17.74,17.961,1577000000.0,0.0,92.68,2.513,2.513,2203000000.0,18316000000.0,13405000000.0,13405000000.0,0.0,0.118,0.369,0.251,0.22,41000000.0,2417000000.0,1.0,363491774.0,363491774.0,,36.878,9730000000.0,346000000.0,820000000.0,313000000.0,26.768,4352000000.0
6,ITW,MRY,2014-12-31,2014-12-31,2014-12-31,2021-09-07,-658000000.0,17465000000.0,19149750000.0,7864000000.0,9601000000.0,0.756,17.443,-333000000.0,3990000000.0,3990000000.0,8673000000.0,2946000000.0,2.231,1.56,7419000000.0,1476000000.0,5943000000.0,7419000000.0,0.0,507000000.0,0.0,0.019,1.81,4005000000.0,4512000000.0,0.312,4512000000.0,4005000000.0,3755000000.0,7.33,7.28,7.33,6819000000.0,7906000000.0,6819000000.0,39731414382.0,10.0,8.806,1283000000.0,3.282,1.0,5811000000.0,0.401,6466000000.0,250000000.0,10903000000.0,11343250000.0,1180000000.0,0.0,0.0,0.0,10641000000.0,3525000000.0,7116000000.0,37021414382.0,372000000.0,3164000000.0,-4198000000.0,1339000000.0,-711000000.0,-3551000000.0,2842000000.0,28000000.0,1616000000.0,-535000000.0,2946000000.0,2946000000.0,2946000000.0,-1056000000.0,0.0,0.203,2923000000.0,2888000000.0,698000000.0,0.247,5.429,12.567,12.92,1686000000.0,0.0,94.7,2.556,2.556,2293000000.0,17173000000.0,14484000000.0,14484000000.0,0.0,0.154,0.373,0.353,0.277,39000000.0,2678000000.0,1.0,390933626.0,390933626.0,,37.05,10999000000.0,338000000.0,809000000.0,235000000.0,28.135,4339000000.0
7,ITW,MRY,2013-12-31,2013-12-31,2013-12-31,2021-09-07,384000000.0,19966000000.0,19530500000.0,9816000000.0,10150000000.0,0.724,21.862,-330000000.0,3618000000.0,3618000000.0,8554000000.0,1679000000.0,1.627,1.057,6344000000.0,3551000000.0,2793000000.0,6344000000.0,0.0,613000000.0,0.0,0.019,1.6,2635000000.0,3248000000.0,0.23,3248000000.0,2635000000.0,2396000000.0,3.76,3.74,3.76,9703000000.0,10166000000.0,9703000000.0,39435888278.0,15.0,12.142,2198000000.0,4.952,1.0,5581000000.0,0.395,6885000000.0,239000000.0,9773000000.0,10551750000.0,1247000000.0,0.0,0.0,0.0,10257000000.0,6034000000.0,4223000000.0,37317888278.0,839000000.0,-161000000.0,-1900000000.0,1264000000.0,-528000000.0,-1140000000.0,-456000000.0,40000000.0,2528000000.0,-93000000.0,1679000000.0,1679000000.0,1679000000.0,-49000000.0,0.0,0.119,3067000000.0,2514000000.0,815000000.0,0.426,3.846,22.226,22.362,1709000000.0,0.0,84.08,2.64,2.64,2365000000.0,14943000000.0,14135000000.0,14135000000.0,0.0,0.086,0.165,0.25,0.186,37000000.0,2815000000.0,1.0,443837872.0,443837872.0,,31.847,13081000000.0,743000000.0,717000000.0,586000000.0,29.472,3782000000.0
8,ITW,MRY,2012-12-31,2012-12-31,2012-12-31,2021-09-07,293000000.0,19309000000.0,19049250000.0,7960000000.0,11349000000.0,0.776,22.788,-352000000.0,2779000000.0,2779000000.0,9134000000.0,2870000000.0,3.003,0.827,5048000000.0,459000000.0,4589000000.0,5048000000.0,0.0,613000000.0,0.0,0.024,1.48,4056000000.0,4669000000.0,0.316,4669000000.0,4056000000.0,3843000000.0,6.11,6.06,6.11,10561000000.0,10254000000.0,10561000000.0,31124348649.0,8.0,6.666,1720000000.0,3.711,1.0,5657000000.0,0.382,7788000000.0,213000000.0,11139000000.0,10870500000.0,1585000000.0,0.0,0.0,0.0,8739000000.0,2651000000.0,6088000000.0,28182348649.0,1601000000.0,1120000000.0,-1737000000.0,1015000000.0,-865000000.0,-1571000000.0,1047000000.0,281000000.0,2072000000.0,53000000.0,2870000000.0,2870000000.0,2870000000.0,-637000000.0,0.0,0.194,3182000000.0,2475000000.0,676000000.0,0.242,2.669,9.82,9.953,1994000000.0,0.0,60.81,1.905,1.905,2742000000.0,13973000000.0,14791000000.0,14791000000.0,0.0,0.151,0.28,0.373,0.274,54000000.0,2928000000.0,1.0,463449246.0,463449246.0,,31.915,11521000000.0,723000000.0,973000000.0,368000000.0,24.859,5309000000.0
9,ITW,MRY,2011-12-31,2011-12-31,2011-12-31,2021-09-07,224000000.0,17984000000.0,18128661500.0,6849000000.0,11135000000.0,0.801,20.731,-336000000.0,1178000000.0,1178000000.0,9089000000.0,2071000000.0,2.301,0.794,3990000000.0,502000000.0,3488000000.0,3990000000.0,0.0,594000000.0,0.0,0.03,1.4,2710000000.0,3304000000.0,0.228,3304000000.0,2710000000.0,2519000000.0,4.21,4.19,4.21,10017000000.0,10157451750.0,10017000000.0,25814002996.0,10.0,7.813,1620000000.0,3.353,1.0,5426000000.0,0.374,7431000000.0,191000000.0,10388000000.0,10111780000.0,1716000000.0,409000000.0,0.0,409000000.0,7950000000.0,2977000000.0,4973000000.0,22569958996.0,-8000000.0,-1286000000.0,-797000000.0,1148000000.0,-680000000.0,-321000000.0,-1579000000.0,37000000.0,1956000000.0,-64000000.0,2071000000.0,2071000000.0,2071000000.0,-296000000.0,0.0,0.143,3065000000.0,2361000000.0,871000000.0,0.333,2.253,10.898,11.095,2025000000.0,0.0,46.71,1.555,1.555,2819000000.0,11794000000.0,14515000000.0,14515000000.0,0.0,0.114,0.204,0.268,0.187,56000000.0,2846000000.0,1.0,483193299.0,483193299.0,,30.04,10553000000.0,1000000000.0,448000000.0,179000000.0,21.84,3872000000.0
10,ITW,MRY,2010-12-31,2010-12-31,2010-12-31,2021-09-07,427155000.0,16412311000.0,16063638000.0,5970488000.0,10441823000.0,0.96,19.278,-270000000.0,1186367000.0,1186367000.0,9997000000.0,1503000000.0,1.975,0.715,2868323000.0,326236000.0,2542087000.0,2868323000.0,0.0,549000000.0,0.0,0.024,1.3,2315000000.0,2864000000.0,0.186,2864000000.0,2315000000.0,2140000000.0,3.0,2.99,3.0,9560610000.0,8974085500.0,9560610000.0,28215868516.0,12.0,9.852,1218000000.0,2.456,1.0,5419000000.0,0.352,6702834000.0,175000000.0,8368581000.0,8345185750.0,1634856000.0,440760000.0,0.0,440760000.0,6840312000.0,3022852000.0,3817460000.0,26482712516.0,-160000000.0,-434000000.0,-235000000.0,-190000000.0,-636000000.0,-1053000000.0,-672000000.0,11000000.0,1488000000.0,77000000.0,1503000000.0,1503000000.0,1503000000.0,-51000000.0,0.0,0.097,3165000000.0,2254000000.0,918722000.0,0.433,2.77,17.62,17.8,2066156000.0,0.0,53.4,1.718,1.718,2581592000.0,10407946000.0,15416000000.0,15416000000.0,0.0,0.094,0.167,0.277,0.15,56000000.0,2957000000.0,1.0,495930946.0,495930946.0,,31.085,9709477000.0,916812000.0,637000000.0,581088000.0,19.578,2947636000.0
11,ITW,MRY,2009-12-31,2009-12-31,2009-12-31,2021-09-07,400726000.0,16081984000.0,15116470500.0,5674595000.0,10407389000.0,0.898,17.584,-229003000.0,1318772000.0,1318772000.0,8953380000.0,972697000.0,2.001,0.825,3128555000.0,213681000.0,2914874000.0,3128555000.0,0.0,684841000.0,0.0,0.026,1.24,1382568000.0,2067409000.0,0.152,2067409000.0,1382568000.0,1217979000.0,1.94,1.94,1.94,8808207000.0,8079537000.0,8808207000.0,26032647533.0,19.0,12.592,1938549000.0,3.87,1.0,4619616000.0,0.34,6584149000.0,164589000.0,8471980000.0,8255409500.0,1356233000.0,451293000.0,0.0,451293000.0,7264108000.0,2835638000.0,4428470000.0,24038666533.0,485179000.0,-264145000.0,101733000.0,-742427000.0,-619681000.0,-1256324000.0,-514000000.0,2629000.0,2167552000.0,87951000.0,972697000.0,972697000.0,972697000.0,-4059000.0,0.0,0.072,3236653000.0,1382963000.0,845296000.0,0.639,2.729,24.713,24.737,2136527000.0,0.0,47.99,1.771,1.771,2491492000.0,9521740000.0,13572996000.0,13572996000.0,0.0,0.064,0.12,0.167,0.102,51858000.0,2933616000.0,1.0,500909909.0,500909909.0,,27.097,9497835000.0,904902000.0,245282000.0,624944000.0,18.961,2838957000.0
12,ITW,MRY,2008-12-31,2008-12-31,2008-12-31,2021-09-07,-253211000.0,15203551000.0,16199510000.0,5753979000.0,9449572000.0,1.056,14.992,-338919000.0,742950000.0,742950000.0,11186871000.0,1519003000.0,1.193,0.982,3681856000.0,2433973000.0,1247883000.0,3681856000.0,0.0,691907000.0,0.0,0.034,1.18,2333906000.0,3025813000.0,0.177,3025813000.0,2333906000.0,2179448000.0,2.93,2.91,2.93,7663475000.0,8876631500.0,7663475000.0,20643909565.0,9.0,6.823,1883305000.0,3.684,1.0,5913470000.0,0.346,6297219000.0,154458000.0,7020145000.0,7943493750.0,1774697000.0,465894000.0,0.0,465894000.0,7528460000.0,4825093000.0,2703367000.0,17916252565.0,-84574000.0,-1440929000.0,-1334405000.0,1467613000.0,-598690000.0,-461479000.0,-1763317000.0,7349000.0,2222224000.0,-82002000.0,1519003000.0,1519003000.0,1519003000.0,172090000.0,0.0,0.089,3412184000.0,2501286000.0,838717000.0,0.403,2.338,11.795,11.962,2109432000.0,0.0,35.05,1.048,1.048,2571987000.0,9196465000.0,17100341000.0,17100341000.0,0.0,0.094,0.171,0.294,0.136,41686000.0,3226199000.0,1.0,511162698.0,511162698.0,,33.454,8906332000.0,282495000.0,660445000.0,341840000.0,17.424,928886000.0
13,ITW,MRY,2007-12-31,2007-12-31,2007-12-31,2021-09-07,1050786000.0,15525862000.0,14854513750.0,6165655000.0,9360207000.0,1.085,17.191,-331534000.0,827524000.0,827524000.0,10430965000.0,1869862000.0,2.083,0.66,2299351000.0,410512000.0,1888839000.0,2299351000.0,0.0,524744000.0,0.0,0.018,0.98,2728206000.0,3252950000.0,0.202,3252950000.0,2728206000.0,2626111000.0,3.39,3.36,3.39,9351325000.0,9320757750.0,9351325000.0,30195787700.0,11.0,9.283,2152763000.0,3.958,1.0,5679302000.0,0.353,5683341000.0,102095000.0,8354063000.0,7752713000.0,1625820000.0,507567000.0,0.0,507567000.0,6174537000.0,2960285000.0,3214252000.0,29123350700.0,237317000.0,-652300000.0,-1641096000.0,777386000.0,-502430000.0,-1389928000.0,-924048000.0,62450000.0,2484297000.0,66996000.0,1869862000.0,1869862000.0,1869862000.0,-42171000.0,0.0,0.116,3051536000.0,2627766000.0,1002575000.0,0.289,3.114,15.575,15.794,2194010000.0,0.0,53.54,1.808,1.808,2915546000.0,9879065000.0,16110267000.0,16110267000.0,0.0,0.126,0.201,0.352,0.169,30471000.0,2903680000.0,1.0,543955000.0,543955000.0,,29.617,9842521000.0,250509000.0,756249000.0,466039000.0,18.094,3205370000.0
14,ITW,MRY,2006-12-31,2006-12-31,2006-12-31,2021-09-07,446639000.0,13880439000.0,12906354000.0,5206405000.0,8674034000.0,0.991,15.907,-286816000.0,590207000.0,590207000.0,8182014000.0,1717746000.0,1.975,0.539,1418331000.0,462721000.0,955610000.0,1418331000.0,0.0,443906000.0,0.0,0.016,0.75,2449781000.0,2893687000.0,0.226,2893687000.0,2449781000.0,2364418000.0,3.04,3.01,3.04,9017508000.0,8596946250.0,9017508000.0,27055120658.0,11.0,9.35,1779212000.0,3.139,1.0,4602328000.0,0.36,5138687000.0,85363000.0,6933292000.0,7062942250.0,1482508000.0,595083000.0,0.0,595083000.0,4862931000.0,2636584000.0,2226347000.0,26184104658.0,219790000.0,-1338405000.0,-367907000.0,178441000.0,-398846000.0,-575226000.0,-1274415000.0,342018000.0,2066028000.0,3403000.0,1717746000.0,1717746000.0,1717746000.0,-150690000.0,0.0,0.134,2394293000.0,2208035000.0,824993000.0,0.247,2.904,15.243,15.194,2053457000.0,0.0,46.19,2.048,2.048,2471273000.0,10406511000.0,12784342000.0,12784342000.0,0.0,0.133,0.2,0.347,0.192,34781000.0,2273017000.0,1.0,566878213.0,566878213.0,,22.552,8741752000.0,313105000.0,646672000.0,420503000.0,15.421,2569821000.0
15,ITW,MRY,2005-12-31,2005-12-31,2005-12-31,2021-09-07,122012000.0,11445643000.0,11578970000.0,4111605000.0,7334038000.0,1.083,13.452,-259242000.0,370417000.0,370417000.0,8158920000.0,1494869000.0,2.055,0.517,1211220000.0,252899000.0,958321000.0,1211220000.0,0.0,383074000.0,0.0,0.014,0.61,2264669000.0,2647743000.0,0.211,2647743000.0,2264669000.0,2170675000.0,2.62,2.6,2.62,7546895000.0,7490978750.0,7546895000.0,25674254626.0,11.0,9.697,1592301000.0,2.838,1.0,4381440000.0,0.349,3678938000.0,93994000.0,6606777000.0,6819596000.0,1203063000.0,896487000.0,0.0,896487000.0,3898748000.0,2000731000.0,1898017000.0,24681455626.0,-296973000.0,-625447000.0,-1017235000.0,93126000.0,-335092000.0,-1266322000.0,-789406000.0,99842000.0,1851543000.0,-92788000.0,1494869000.0,1494869000.0,1494869000.0,-14434000.0,0.0,0.119,2266210000.0,2115230000.0,652698000.0,0.233,3.27,16.511,16.792,1807109000.0,0.0,43.995,1.968,1.968,2098276000.0,9112328000.0,12540360000.0,12540360000.0,0.0,0.129,0.2,0.332,0.181,64144000.0,2182368000.0,1.0,561005924.0,561005924.0,,22.353,7766705000.0,214008000.0,675806000.0,81194000.0,13.844,2110874000.0
16,ITW,MRY,2004-12-31,2004-12-31,2004-12-31,2021-09-07,413415000.0,11351934000.0,11591607500.0,4322198000.0,7029736000.0,0.999,12.898,-259182000.0,667390000.0,667390000.0,7576343000.0,1338694000.0,2.335,0.488,1124621000.0,203523000.0,921098000.0,1124621000.0,0.0,353283000.0,0.0,0.011,0.52,2076050000.0,2429333000.0,0.21,2429333000.0,2076050000.0,1998494000.0,2.21,2.2,2.21,7627610000.0,7903796500.0,7627610000.0,27495342205.0,13.0,11.318,1277615000.0,2.16,1.0,4006907000.0,0.346,3193055000.0,77556000.0,6765139000.0,6513473750.0,1281156000.0,912483000.0,0.0,912483000.0,3724324000.0,1850971000.0,1873353000.0,27404554205.0,-1017093000.0,-581288000.0,-1650698000.0,127487000.0,-304581000.0,-1827792000.0,-816093000.0,20970000.0,1536797000.0,89995000.0,1338694000.0,1338694000.0,1338694000.0,911000.0,0.0,0.116,2083782000.0,1923125000.0,685464000.0,0.235,3.593,20.471,20.968,1876875000.0,0.0,46.34,2.366,2.366,2054624000.0,7963518000.0,11583250000.0,11583250000.0,0.0,0.115,0.169,0.319,0.179,32514000.0,2024661000.0,1.0,591380108.0,591380108.0,,19.587,8158879000.0,380588000.0,659800000.0,2604000.0,13.796,2471227000.0
17,ITW,MRY,2003-12-31,2003-12-31,2003-12-31,2021-09-07,109811000.0,11193321000.0,11024534750.0,4783202000.0,6410119000.0,0.91,12.778,-228823000.0,1684483000.0,1684483000.0,6527692000.0,1023680000.0,3.213,0.422,976454000.0,56094000.0,920360000.0,976454000.0,0.0,306553000.0,0.0,0.011,0.47,1630252000.0,1936805000.0,0.193,1936805000.0,1630252000.0,1559580000.0,1.665,1.66,1.665,7874286000.0,7372086000.0,7874286000.0,25478152731.0,16.0,13.155,1139918000.0,1.85,1.0,3507931000.0,0.35,2798863000.0,70672000.0,6197526000.0,6716432750.0,991979000.0,832358000.0,0.0,832358000.0,3319035000.0,1488903000.0,1830132000.0,25854547731.0,626796000.0,-182305000.0,40357000.0,-95766000.0,-285399000.0,-340796000.0,-483861000.0,-73727000.0,1368741000.0,82712000.0,1023680000.0,1023680000.0,1023680000.0,16534000.0,0.0,0.102,1874473000.0,1633458000.0,555355000.0,0.282,3.283,25.256,25.198,1728638000.0,0.0,41.955,2.576,2.576,1721186000.0,6937110000.0,10035623000.0,10035623000.0,0.0,0.093,0.139,0.243,0.162,17777000.0,1850197000.0,1.0,616244732.0,616244732.0,,16.285,8394458000.0,588375000.0,535900000.0,6504000.0,13.622,3294299000.0
18,ITW,MRY,2002-12-31,2002-12-31,2002-12-31,2021-09-07,-302376000.0,10623101000.0,10226302250.0,3874765000.0,6748336000.0,0.926,10.849,-242216000.0,1057687000.0,1057687000.0,6213791000.0,712592000.0,2.424,0.598,1581985000.0,121604000.0,1460381000.0,1581985000.0,0.0,305752000.0,0.0,0.017,0.56,1282797000.0,1588549000.0,0.168,1588549000.0,1282797000.0,1214342000.0,1.165,1.155,1.165,6649071000.0,6338377500.0,6649071000.0,20762366088.0,16.0,13.07,1046540000.0,1.708,1.0,3253949000.0,0.344,2624810000.0,68455000.0,6924225000.0,7079569500.0,962746000.0,1392410000.0,0.0,1392410000.0,3974030000.0,1598364000.0,2375666000.0,19875317088.0,775463000.0,22841000.0,44381000.0,-3495000.0,-272319000.0,-228643000.0,-333257000.0,-116961000.0,1288756000.0,48607000.0,712592000.0,712592000.0,712592000.0,-2672000.0,0.0,0.075,1748178000.0,1505771000.0,487472000.0,0.481,2.989,27.892,27.837,1631249000.0,0.0,32.43,2.099,2.099,1500031000.0,6202263000.0,9467740000.0,9467740000.0,0.0,0.07,0.112,0.181,0.135,193000.0,1720245000.0,1.0,612868242.0,612868242.0,,15.448,7998291000.0,759363000.0,501750000.0,124397000.0,13.051,2276401000.0
19,ITW,MRY,2001-12-31,2001-12-31,2001-12-31,2021-09-07,-401925000.0,9822349000.0,9868224000.0,3163244000.0,6659105000.0,0.942,9.913,-236562000.0,282224000.0,282224000.0,6191253000.0,805659000.0,2.007,0.626,1580588000.0,313447000.0,1267141000.0,1580588000.0,0.0,386308000.0,0.0,0.012,0.42,1302110000.0,1688418000.0,0.182,1688418000.0,1302110000.0,1234059000.0,1.325,1.315,1.325,6040738000.0,5802398250.0,6040738000.0,22367996449.0,17.0,13.248,1114464000.0,1.829,1.0,3101538000.0,0.334,2738694000.0,68051000.0,6806107000.0,7028716000.0,994156000.0,1278285000.0,0.0,1278285000.0,3781611000.0,1575912000.0,2205699000.0,20632808449.0,130929000.0,-542184000.0,54699000.0,-363656000.0,-249141000.0,-556768000.0,-661974000.0,109340000.0,1351026000.0,-1355000.0,805659000.0,805659000.0,805659000.0,-3210000.0,0.0,0.087,1795435000.0,1306103000.0,434333000.0,0.317,3.416,25.61,25.555,1633690000.0,0.0,33.86,2.22,2.22,1450029000.0,5765421000.0,9292791000.0,9292791000.0,0.0,0.082,0.139,0.185,0.14,0.0,1690850000.0,1.0,609356422.0,609356422.0,,15.25,7083655000.0,636706000.0,428400000.0,32922000.0,11.625,1587332000.0
20,ITW,MRY,2000-12-31,2000-12-31,2000-12-31,2021-09-07,-398712000.0,9514847000.0,9380477250.0,3268148000.0,6246699000.0,1.014,8.938,-277359000.0,151295000.0,151295000.0,6111392000.0,957980000.0,1.86,0.762,1974827000.0,425789000.0,1549038000.0,1974827000.0,0.0,391565000.0,0.0,0.013,0.38,1554526000.0,1946091000.0,0.205,1946091000.0,1554526000.0,1484531000.0,1.59,1.575,1.59,5400987000.0,5194564000.0,5400987000.0,19790998516.0,13.0,10.17,838212000.0,1.387,1.0,3400255000.0,0.357,2413248000.0,69995000.0,7168434000.0,6992702500.0,1107734000.0,1170392000.0,0.0,1170392000.0,4113860000.0,1756697000.0,2357163000.0,17994454516.0,-81658000.0,-791080000.0,25410000.0,38272000.0,-223009000.0,-159820000.0,-1004527000.0,69451000.0,1115571000.0,-32882000.0,957980000.0,957980000.0,957980000.0,11471000.0,0.0,0.101,1834258000.0,1565997000.0,498926000.0,0.239,3.332,18.784,18.73,1629883000.0,0.0,29.78,1.892,1.892,1583389000.0,5214098000.0,9511647000.0,9511647000.0,0.0,0.102,0.184,0.222,0.163,0.0,1703897000.0,1.0,604246290.0,604246290.0,,15.741,7101599000.0,649893000.0,526551000.0,49313000.0,11.753,1511451000.0
21,ITW,MRY,1999-12-31,1999-12-31,1999-12-31,2021-09-07,-188527000.0,9060259000.0,7287960750.0,3272931000.0,5787328000.0,1.213,9.604,-291416000.0,232953000.0,232953000.0,5694713000.0,841112000.0,1.6,0.882,1414401000.0,53655000.0,1360746000.0,1414401000.0,0.0,321659000.0,0.0,0.01,0.33,1410722000.0,1732381000.0,0.196,1732381000.0,1410722000.0,1346157000.0,1.4,1.38,1.4,4815423000.0,3895446250.0,4815423000.0,18423094679.0,13.0,10.635,865858000.0,1.727,1.0,3145741000.0,0.356,2029959000.0,64565000.0,6166387000.0,5555972250.0,1084212000.0,1188120000.0,0.0,1188120000.0,4244836000.0,2045361000.0,2199475000.0,16937262679.0,123427000.0,-796985000.0,-23108000.0,245835000.0,-183587000.0,23573000.0,-910217000.0,175187000.0,1157274000.0,-8384000.0,841112000.0,841112000.0,841112000.0,-5217000.0,0.0,0.095,1755703000.0,1390038000.0,524302000.0,0.236,3.517,20.137,24.129,1633931000.0,0.0,33.78,1.916,1.916,1630937000.0,4485515000.0,8840454000.0,8840454000.0,0.0,0.115,0.216,0.254,0.16,0.0,1603143000.0,1.0,501399132.0,501399132.0,,17.632,7030300000.0,622521000.0,505045000.0,61189000.0,14.021,1227570000.0
22,ITW,MRY,1998-12-31,1998-12-31,1998-12-31,2021-09-07,-112634000.0,8212488000.0,6314271000.0,3028599000.0,5183889000.0,1.328,8.485,-289537000.0,109526000.0,109526000.0,5485533000.0,809747000.0,1.635,0.935,1636065000.0,428019000.0,1208046000.0,1636065000.0,0.0,296567000.0,0.0,0.009,0.27,1309763000.0,1606330000.0,0.192,1606330000.0,1309763000.0,1280547000.0,1.35,1.33,1.35,4243372000.0,3340120000.0,4243372000.0,15612148037.0,12.0,9.719,796665000.0,1.593,1.0,2901438000.0,0.346,1556774000.0,29216000.0,6329817000.0,5062143500.0,1036817000.0,1183493000.0,0.0,1183493000.0,3969116000.0,1852436000.0,2116680000.0,14366157037.0,-102972000.0,-904623000.0,-26525000.0,343793000.0,-150934000.0,167899000.0,-1158982000.0,35105000.0,1086202000.0,331000.0,809747000.0,809747000.0,809747000.0,0.0,0.0,0.097,1592692000.0,1308746000.0,464752000.0,0.2,3.386,17.742,21.278,1492270000.0,0.0,28.725,1.713,1.713,1465899000.0,3864024000.0,8386971000.0,8386971000.0,0.0,0.128,0.242,0.259,0.156,0.0,1542684000.0,1.0,500127312.0,500127312.0,,16.77,6655714000.0,690273000.0,470800000.0,106543000.0,13.308,1176163000.0
23,ITW,MRY,1997-12-31,1997-12-31,1997-12-31,2021-09-07,-73781000.0,5394756000.0,4995920500.0,1858642000.0,3536114000.0,1.527,5.625,-238204000.0,185856000.0,185856000.0,5010571000.0,691589000.0,1.605,0.922,1152606000.0,298278000.0,854328000.0,1152606000.0,0.0,258111000.0,0.0,0.01,0.287,1131938000.0,1390049000.0,0.182,1390049000.0,1131938000.0,1100440000.0,1.155,1.135,1.155,2806454000.0,2628184750.0,2806454000.0,15839170021.0,14.0,11.395,643176000.0,1.289,1.0,2616692000.0,0.343,774250000.0,31498000.0,4429376000.0,4087595250.0,522996000.0,1170015000.0,0.0,1170015000.0,2588302000.0,1157880000.0,1430422000.0,14997175021.0,97871000.0,-128478000.0,-37518000.0,-249753000.0,-128396000.0,-406389000.0,-293143000.0,69904000.0,881380000.0,-21600000.0,691589000.0,691589000.0,691589000.0,0.0,0.0,0.091,1511404000.0,1105288000.0,299040000.0,0.248,5.344,21.685,26.026,884058000.0,0.0,30.06,1.966,1.966,902022000.0,2592416000.0,7627263000.0,7627263000.0,0.0,0.138,0.263,0.277,0.148,0.0,1469973000.0,1.0,498908018.0,498908018.0,,15.288,4620506000.0,548435000.0,408851000.0,102181000.0,9.261,700762000.0
24,ITW,MRY,1996-12-31,1996-12-31,1996-12-31,2021-09-07,18858000.0,4806162000.0,4198740000.0,1701092000.0,3105070000.0,1.19,,-147821000.0,137699000.0,137699000.0,3281530000.0,486315000.0,1.395,1.006,1209372000.0,390425000.0,818947000.0,1209372000.0,0.0,178233000.0,0.0,0.009,0.18,798149000.0,976382000.0,0.195,976382000.0,798149000.0,770315000.0,0.98,0.975,0.98,2396025000.0,2160131000.0,2396025000.0,,,,473788000.0,,1.0,1715151000.0,0.343,664054000.0,27834000.0,3994456000.0,3445620000.0,526016000.0,872692000.0,0.0,872692000.0,2410137000.0,1219325000.0,1190812000.0,,21099000.0,-318935000.0,5514000.0,-14833000.0,-85481000.0,-91860000.0,-521387000.0,-54110000.0,621609000.0,4919000.0,486315000.0,486315000.0,486315000.0,0.0,0.0,0.097,914565000.0,800586000.0,271600000.0,0.184,,,20.378,808340000.0,0.0,19.97,,,840092000.0,2105144000.0,4996681000.0,4996681000.0,0.0,0.116,0.225,0.232,0.16,0.0,875386000.0,1.0,,,,,4142108000.0,423556000.0,284000000.0,44373000.0,,481767000.0
25,ITW,MRY,1995-12-31,1995-12-31,1995-12-31,2021-09-07,13095000.0,3591318000.0,,1532490000.0,2058828000.0,,,-136676000.0,116600000.0,116600000.0,2723988000.0,387608000.0,1.801,0.866,791745000.0,176188000.0,615557000.0,791745000.0,0.0,151931000.0,0.0,0.011,0.16,653699000.0,805630000.0,0.193,805630000.0,653699000.0,623708000.0,0.82,0.815,0.82,1924237000.0,,1924237000.0,,,,378483000.0,,1.0,1454092000.0,0.348,518747000.0,29991000.0,2896784000.0,,518964000.0,504820000.0,0.0,504820000.0,1667081000.0,850932000.0,816149000.0,,39733000.0,-207776000.0,7598000.0,136087000.0,-71783000.0,23983000.0,-421830000.0,-89374000.0,515159000.0,3028000.0,387608000.0,387608000.0,387608000.0,0.0,0.0,0.093,808111000.0,645981000.0,241597000.0,0.195,,,17.988,694941000.0,0.0,14.75,,,741327000.0,1673320000.0,4178080000.0,4178080000.0,0.0,,,,0.156,0.0,776112000.0,1.0,,,,,3072571000.0,198918000.0,236100000.0,41445000.0,,681558000.0
26,ITW,MRY,1994-12-31,1994-12-31,1994-12-31,2021-09-07,,,,,,,,-113711000.0,,,,,,,,,,,,132149000.0,,0.016,0.173,,,,,,,,,,,,,,,,281203000.0,,1.0,,,,,,,,,,,,,,,41472000.0,-27644000.0,3216000.0,-152167000.0,-61162000.0,-210113000.0,-142173000.0,0.0,394914000.0,6301000.0,,,,,,,,,,,,,,,,10.938,,,,,,,,,,,,0.0,,1.0,,,,,,,,,,
0,ITW,MRQ,2021-06-30,2021-06-30,2021-06-30,2021-09-07,-1590000000.0,15580000000.0,,6509000000.0,9071000000.0,,11.153,-77000000.0,2058000000.0,2058000000.0,2163000000.0,775000000.0,2.199,3.426,7648000000.0,592000000.0,7056000000.0,7648000000.0,0.0,102000000.0,0.0,0.02,1.14,915000000.0,1017000000.0,0.277,1017000000.0,915000000.0,863000000.0,2.46,2.45,2.46,3520000000.0,,3520000000.0,76083743566.0,22.0,19.389,478000000.0,1.515,1.0,1513000000.0,0.412,5374000000.0,52000000.0,12836000000.0,,1400000000.0,0.0,0.0,0.0,12059000000.0,2960000000.0,9099000000.0,70618743566.0,-426000000.0,0.0,-234000000.0,-350000000.0,-360000000.0,-945000000.0,-49000000.0,29000000.0,555000000.0,13000000.0,775000000.0,775000000.0,775000000.0,0.0,0.0,0.211,620000000.0,893000000.0,965000000.0,0.463,20.062,26.449,26.457,1767000000.0,0.0,223.56,5.043,5.039,2786000000.0,23842000000.0,3676000000.0,3676000000.0,0.0,,,,,16000000.0,588000000.0,1.0,315882732.0,315600000.0,316900000.0,11.648,10206000000.0,613000000.0,88000000.0,1059000000.0,32.338,3549000000.0
1,ITW,MRQ,2021-03-31,2021-03-31,2021-03-31,2021-09-07,-1638000000.0,15663000000.0,,6704000000.0,8959000000.0,,10.341,-66000000.0,2484000000.0,2484000000.0,2039000000.0,671000000.0,2.501,3.783,7949000000.0,350000000.0,7599000000.0,7949000000.0,0.0,100000000.0,0.0,0.02,1.14,917000000.0,1017000000.0,0.287,1017000000.0,917000000.0,865000000.0,2.12,2.11,2.12,3274000000.0,,3274000000.0,75705024500.0,25.0,21.855,543000000.0,1.715,1.0,1505000000.0,0.425,5379000000.0,52000000.0,13069000000.0,,1292000000.0,0.0,0.0,0.0,12387000000.0,2680000000.0,9707000000.0,70147024500.0,-80000000.0,0.0,-224000000.0,0.0,-361000000.0,-594000000.0,-65000000.0,1000000.0,609000000.0,-30000000.0,671000000.0,671000000.0,671000000.0,0.0,0.0,0.189,600000000.0,905000000.0,949000000.0,0.538,21.425,31.683,31.646,1746000000.0,0.0,221.52,5.442,5.441,2662000000.0,23425000000.0,3544000000.0,3544000000.0,0.0,,,,,11000000.0,566000000.0,1.0,316662263.0,316600000.0,317900000.0,11.194,10284000000.0,519000000.0,194000000.0,1170000000.0,32.483,4024000000.0
2,ITW,MRQ,2020-12-31,2020-12-31,2020-12-31,2021-09-07,-1642000000.0,15612000000.0,,6523000000.0,9089000000.0,,10.05,-66000000.0,2564000000.0,2564000000.0,2000000000.0,642000000.0,2.52,3.908,8122000000.0,350000000.0,7772000000.0,8122000000.0,0.0,105000000.0,0.0,0.022,1.14,876000000.0,981000000.0,0.282,981000000.0,876000000.0,824000000.0,2.03,2.02,2.03,3181000000.0,,3181000000.0,70308150813.0,24.0,21.069,707000000.0,2.234,1.0,1475000000.0,0.424,5471000000.0,52000000.0,13110000000.0,,1189000000.0,0.0,0.0,0.0,12430000000.0,2589000000.0,9841000000.0,64532150813.0,395000000.0,1000000.0,6000000.0,-4000000.0,-360000000.0,-368000000.0,-63000000.0,4000000.0,773000000.0,53000000.0,642000000.0,642000000.0,642000000.0,0.0,0.0,0.185,592000000.0,883000000.0,895000000.0,0.562,20.287,30.598,30.613,1777000000.0,0.0,203.88,5.132,5.132,2506000000.0,23114000000.0,3475000000.0,3475000000.0,0.0,,,,,11000000.0,557000000.0,1.0,316520261.0,316520261.0,,10.979,10141000000.0,533000000.0,182000000.0,1061000000.0,32.039,3934000000.0
3,ITW,MRQ,2020-09-30,2020-09-30,2020-09-30,2021-09-07,-1837000000.0,14940000000.0,,6031000000.0,8909000000.0,,8.518,-49000000.0,2169000000.0,2169000000.0,1910000000.0,582000000.0,2.374,4.541,7945000000.0,353000000.0,7592000000.0,7945000000.0,0.0,118000000.0,0.0,0.023,1.14,791000000.0,909000000.0,0.275,909000000.0,791000000.0,739000000.0,1.84,1.83,1.84,2696000000.0,,2696000000.0,67042901339.0,23.0,20.055,634000000.0,2.003,1.0,1397000000.0,0.422,5405000000.0,52000000.0,12771000000.0,,1149000000.0,0.0,0.0,0.0,12243000000.0,2540000000.0,9703000000.0,61085901339.0,357000000.0,0.0,32000000.0,0.0,-339000000.0,-306000000.0,-48000000.0,0.0,683000000.0,28000000.0,582000000.0,582000000.0,582000000.0,0.0,0.0,0.176,608000000.0,789000000.0,882000000.0,0.62,22.658,28.978,29.186,1736000000.0,0.0,193.21,4.86,4.866,2494000000.0,22833000000.0,3307000000.0,3307000000.0,0.0,,,,,14000000.0,560000000.0,1.0,316163249.0,316500000.0,317900000.0,10.449,9535000000.0,509000000.0,157000000.0,1126000000.0,30.126,3491000000.0
4,ITW,MRQ,2020-06-30,2020-06-30,2020-06-30,2021-09-07,-1909000000.0,14263000000.0,,5609000000.0,8654000000.0,,7.457,-54000000.0,1812000000.0,1812000000.0,1594000000.0,319000000.0,2.747,5.051,7769000000.0,4000000.0,7765000000.0,7769000000.0,0.0,100000000.0,0.0,0.024,1.07,457000000.0,557000000.0,0.217,557000000.0,457000000.0,406000000.0,1.01,1.01,1.01,2357000000.0,,2357000000.0,61504719642.0,20.0,17.921,683000000.0,2.161,1.0,970000000.0,0.378,5244000000.0,51000000.0,12934000000.0,,1167000000.0,0.0,0.0,0.0,11905000000.0,2042000000.0,9863000000.0,55240719642.0,382000000.0,0.0,11000000.0,0.0,-338000000.0,-328000000.0,-50000000.0,3000000.0,737000000.0,23000000.0,319000000.0,319000000.0,319000000.0,0.0,0.0,0.124,521000000.0,449000000.0,740000000.0,1.059,23.437,25.27,25.6,1711000000.0,0.0,174.85,4.336,4.338,2156000000.0,22612000000.0,2564000000.0,2564000000.0,0.0,,,,,8000000.0,486000000.0,1.0,315932054.0,316100000.0,317400000.0,8.111,9019000000.0,470000000.0,87000000.0,1241000000.0,28.532,3567000000.0
5,ITW,MRQ,2020-03-31,2020-03-31,2020-03-31,2021-09-07,-1983000000.0,14149000000.0,,5506000000.0,8643000000.0,,7.172,-57000000.0,1430000000.0,1430000000.0,1871000000.0,566000000.0,2.71,5.197,7694000000.0,4000000.0,7690000000.0,7694000000.0,0.0,104000000.0,0.0,0.03,1.07,786000000.0,890000000.0,0.276,890000000.0,786000000.0,735000000.0,1.78,1.77,1.78,2283000000.0,,2283000000.0,51093985362.0,15.0,13.23,557000000.0,1.75,1.0,1357000000.0,0.42,5237000000.0,51000000.0,13144000000.0,,1185000000.0,0.0,0.0,0.0,11865000000.0,2032000000.0,9833000000.0,45316985362.0,-551000000.0,0.0,-689000000.0,0.0,-342000000.0,-1047000000.0,-53000000.0,7000000.0,614000000.0,-65000000.0,566000000.0,566000000.0,566000000.0,0.0,0.0,0.175,596000000.0,761000000.0,826000000.0,0.601,19.85,18.2,18.362,1704000000.0,0.0,142.12,3.287,3.282,2424000000.0,22631000000.0,3228000000.0,3228000000.0,0.0,,,,,9000000.0,560000000.0,1.0,318864237.0,318300000.0,319700000.0,10.141,8912000000.0,473000000.0,169000000.0,1212000000.0,27.999,3474000000.0
6,ITW,MRQ,2019-12-31,2019-12-31,2019-12-31,2021-09-07,-1705000000.0,15068000000.0,,6253000000.0,8815000000.0,,9.415,-79000000.0,1981000000.0,1981000000.0,2022000000.0,641000000.0,2.903,3.978,7758000000.0,4000000.0,7754000000.0,7758000000.0,0.0,105000000.0,0.0,0.023,1.07,882000000.0,987000000.0,0.285,987000000.0,882000000.0,831000000.0,1.99,1.98,1.99,3026000000.0,,3026000000.0,63552177024.0,18.0,16.15,695000000.0,2.162,1.0,1447000000.0,0.417,5343000000.0,51000000.0,13348000000.0,,1164000000.0,0.0,0.0,0.0,12038000000.0,2154000000.0,9884000000.0,57734177024.0,156000000.0,115000000.0,-340000000.0,-1000000.0,-344000000.0,-685000000.0,37000000.0,4000000.0,774000000.0,30000000.0,641000000.0,641000000.0,641000000.0,0.0,0.0,0.185,623000000.0,824000000.0,814000000.0,0.538,19.079,22.901,23.089,1729000000.0,0.0,179.63,4.092,4.092,2461000000.0,22403000000.0,3469000000.0,3469000000.0,0.0,,,,,9000000.0,586000000.0,1.0,321406096.0,321406096.0,,10.793,9725000000.0,516000000.0,190000000.0,1178000000.0,30.258,4099000000.0
7,ITW,MRQ,2019-09-30,2019-09-30,2019-09-30,2021-09-07,-1798000000.0,14960000000.0,,6245000000.0,8715000000.0,,9.203,-74000000.0,1825000000.0,1825000000.0,2007000000.0,660000000.0,2.809,4.042,7643000000.0,0.0,7643000000.0,7643000000.0,0.0,104000000.0,0.0,0.026,1.07,894000000.0,998000000.0,0.287,998000000.0,894000000.0,842000000.0,2.05,2.04,2.05,2966000000.0,,2966000000.0,56753097258.0,16.0,14.397,846000000.0,2.625,1.0,1472000000.0,0.423,5320000000.0,52000000.0,13235000000.0,,1209000000.0,0.0,0.0,0.0,11990000000.0,2223000000.0,9767000000.0,50621097258.0,148000000.0,3000000.0,-349000000.0,1000000.0,-323000000.0,-671000000.0,-69000000.0,1000000.0,920000000.0,-32000000.0,660000000.0,660000000.0,660000000.0,0.0,0.0,0.19,604000000.0,868000000.0,837000000.0,0.522,17.067,20.354,20.51,1693000000.0,0.0,156.49,3.56,3.547,2499000000.0,22104000000.0,3479000000.0,3479000000.0,0.0,,,,,10000000.0,566000000.0,1.0,323478160.0,322300000.0,324000000.0,10.794,9640000000.0,479000000.0,182000000.0,1239000000.0,29.91,4022000000.0
8,ITW,MRQ,2019-06-30,2019-06-30,2019-06-30,2021-09-07,-1697000000.0,15187000000.0,,6289000000.0,8898000000.0,,9.517,-73000000.0,1677000000.0,1677000000.0,2099000000.0,623000000.0,2.874,3.912,7809000000.0,0.0,7809000000.0,7809000000.0,0.0,107000000.0,0.0,0.027,1.0,880000000.0,987000000.0,0.273,987000000.0,880000000.0,825000000.0,1.92,1.91,1.92,3091000000.0,,3091000000.0,55116144490.0,16.0,13.925,612000000.0,1.884,1.0,1510000000.0,0.418,5431000000.0,55000000.0,13700000000.0,,1256000000.0,0.0,0.0,0.0,12092000000.0,2188000000.0,9904000000.0,49130144490.0,-78000000.0,2000000.0,-362000000.0,14000000.0,-326000000.0,-675000000.0,-79000000.0,8000000.0,685000000.0,-9000000.0,623000000.0,623000000.0,623000000.0,0.0,0.0,0.173,639000000.0,871000000.0,835000000.0,0.521,15.895,19.931,20.135,1717000000.0,0.0,150.81,3.423,3.413,2629000000.0,21788000000.0,3609000000.0,3609000000.0,0.0,,,,,12000000.0,598000000.0,1.0,325775111.0,324800000.0,326600000.0,11.111,9756000000.0,516000000.0,202000000.0,1198000000.0,30.037,4101000000.0
9,ITW,MRQ,2019-03-31,2019-03-31,2019-03-31,2021-09-07,-1642000000.0,15326000000.0,,6075000000.0,9251000000.0,,9.765,-75000000.0,1755000000.0,1755000000.0,2059000000.0,597000000.0,1.534,3.794,7741000000.0,1760000000.0,5981000000.0,7741000000.0,0.0,110000000.0,0.0,0.026,1.0,853000000.0,963000000.0,0.271,963000000.0,853000000.0,790000000.0,1.82,1.81,1.82,3196000000.0,,3196000000.0,52969396212.0,15.0,13.095,541000000.0,1.653,1.0,1493000000.0,0.42,5665000000.0,63000000.0,11686000000.0,,1346000000.0,0.0,0.0,0.0,12126000000.0,3961000000.0,8165000000.0,47093396212.0,251000000.0,-4000000.0,-364000000.0,408000000.0,-328000000.0,-295000000.0,-72000000.0,7000000.0,616000000.0,2000000.0,597000000.0,597000000.0,597000000.0,0.0,0.0,0.168,654000000.0,839000000.0,894000000.0,0.549,14.735,18.777,19.011,1765000000.0,0.0,143.53,3.231,3.223,2715000000.0,21488000000.0,3552000000.0,3552000000.0,0.0,,,,,10000000.0,611000000.0,1.0,328108383.0,327300000.0,329600000.0,10.852,9661000000.0,547000000.0,193000000.0,1301000000.0,29.517,2114000000.0
10,ITW,MRQ,2018-12-31,2018-12-31,2018-12-31,2021-09-07,-1677000000.0,14870000000.0,,5778000000.0,9092000000.0,,9.807,-70000000.0,1504000000.0,1504000000.0,2096000000.0,607000000.0,1.631,3.569,7380000000.0,1351000000.0,6029000000.0,7380000000.0,0.0,115000000.0,0.0,0.028,1.0,879000000.0,994000000.0,0.278,994000000.0,879000000.0,816000000.0,1.84,1.83,1.84,3254000000.0,,3254000000.0,47850930895.0,13.0,11.637,739000000.0,2.227,1.0,1484000000.0,0.415,5717000000.0,63000000.0,11487000000.0,,1318000000.0,0.0,0.0,0.0,11612000000.0,3542000000.0,8070000000.0,42035930895.0,-85000000.0,0.0,-489000000.0,0.0,-332000000.0,-821000000.0,-67000000.0,3000000.0,809000000.0,-6000000.0,607000000.0,607000000.0,607000000.0,0.0,0.0,0.17,624000000.0,860000000.0,852000000.0,0.543,12.918,16.401,16.561,1791000000.0,0.0,126.69,2.846,2.846,2622000000.0,21217000000.0,3580000000.0,3580000000.0,0.0,,,,,9000000.0,578000000.0,1.0,331801491.0,331801491.0,,10.79,9153000000.0,554000000.0,209000000.0,1270000000.0,27.586,2236000000.0
11,ITW,MRQ,2018-09-30,2018-09-30,2018-09-30,2021-09-07,-1589000000.0,15319000000.0,,5940000000.0,9379000000.0,,10.627,-95000000.0,1589000000.0,1589000000.0,2096000000.0,638000000.0,1.622,3.324,7404000000.0,1350000000.0,6054000000.0,7404000000.0,0.0,115000000.0,0.0,0.024,1.0,899000000.0,1014000000.0,0.281,1014000000.0,899000000.0,835000000.0,1.91,1.9,1.91,3542000000.0,,3542000000.0,53116012114.0,15.0,12.961,749000000.0,2.247,1.0,1517000000.0,0.42,5785000000.0,64000000.0,11686000000.0,,1338000000.0,0.0,0.0,0.0,11773000000.0,3663000000.0,8110000000.0,47325012114.0,-39000000.0,1000000.0,-499000000.0,-1000000.0,-262000000.0,-761000000.0,-93000000.0,3000000.0,844000000.0,-29000000.0,638000000.0,638000000.0,638000000.0,0.0,0.0,0.177,628000000.0,889000000.0,908000000.0,0.524,13.361,25.173,25.245,1799000000.0,0.0,141.12,3.194,3.174,2777000000.0,20938000000.0,3613000000.0,3613000000.0,0.0,,,,,11000000.0,581000000.0,1.0,335352977.0,333300000.0,335300000.0,10.84,9534000000.0,614000000.0,197000000.0,1340000000.0,28.605,2277000000.0
12,ITW,MRQ,2018-06-30,2018-06-30,2018-06-30,2021-09-07,-1530000000.0,15523000000.0,,6119000000.0,9404000000.0,,11.241,-81000000.0,1628000000.0,1628000000.0,2231000000.0,666000000.0,1.725,3.1,7419000000.0,1350000000.0,6069000000.0,7419000000.0,0.0,116000000.0,0.0,0.023,0.78,958000000.0,1074000000.0,0.28,1074000000.0,958000000.0,894000000.0,1.98,1.97,1.98,3785000000.0,,3785000000.0,52541173513.0,14.0,12.597,539000000.0,1.601,1.0,1600000000.0,0.418,5852000000.0,64000000.0,11915000000.0,,1320000000.0,0.0,0.0,0.0,11735000000.0,3547000000.0,8188000000.0,46932173513.0,-312000000.0,0.0,-500000000.0,-10000000.0,-264000000.0,-774000000.0,-76000000.0,5000000.0,620000000.0,-82000000.0,666000000.0,666000000.0,666000000.0,0.0,0.0,0.174,668000000.0,932000000.0,885000000.0,0.394,12.4,24.937,25.007,1783000000.0,0.0,138.54,3.167,3.148,2878000000.0,20633000000.0,3831000000.0,3831000000.0,0.0,,,,,11000000.0,620000000.0,1.0,338762621.0,336700000.0,338900000.0,11.378,9671000000.0,595000000.0,228000000.0,1353000000.0,28.723,2572000000.0
13,ITW,MRQ,2018-03-31,2018-03-31,2018-03-31,2021-09-07,-1240000000.0,16163000000.0,,6423000000.0,9740000000.0,,12.225,-92000000.0,1940000000.0,1940000000.0,2181000000.0,652000000.0,2.196,2.885,7549000000.0,660000000.0,6889000000.0,7549000000.0,0.0,115000000.0,0.0,0.019,0.78,915000000.0,1030000000.0,0.275,1030000000.0,915000000.0,849000000.0,1.92,1.9,1.92,4159000000.0,,4159000000.0,58740552339.0,16.0,14.344,446000000.0,1.311,1.0,1563000000.0,0.417,6021000000.0,66000000.0,12826000000.0,,1335000000.0,0.0,0.0,0.0,12000000000.0,2925000000.0,9075000000.0,53506552339.0,-1154000000.0,0.0,-490000000.0,-840000000.0,-266000000.0,-1608000000.0,-89000000.0,5000000.0,538000000.0,5000000.0,652000000.0,652000000.0,652000000.0,0.0,0.0,0.174,660000000.0,903000000.0,919000000.0,0.406,12.865,29.676,29.783,1829000000.0,0.0,156.66,3.668,3.654,2874000000.0,20228000000.0,3744000000.0,3744000000.0,0.0,,,,,9000000.0,612000000.0,1.0,341545719.0,340200000.0,342800000.0,11.005,10142000000.0,658000000.0,197000000.0,1399000000.0,29.812,3498000000.0
14,ITW,MRQ,2017-12-31,2017-12-31,2017-12-31,2021-09-07,-1287000000.0,16780000000.0,,7278000000.0,9502000000.0,,13.383,-72000000.0,3094000000.0,3094000000.0,2124000000.0,-76000000.0,2.384,2.659,8328000000.0,850000000.0,7478000000.0,8328000000.0,0.0,118000000.0,0.0,0.017,0.78,862000000.0,980000000.0,0.27,980000000.0,862000000.0,796000000.0,-0.22,-0.21,-0.22,4585000000.0,,4585000000.0,62514640647.0,18.0,15.66,623000000.0,1.818,1.0,1505000000.0,0.415,6024000000.0,66000000.0,12937000000.0,,1220000000.0,0.0,0.0,0.0,12191000000.0,3053000000.0,9138000000.0,57162640647.0,309000000.0,0.0,-224000000.0,152000000.0,-267000000.0,-340000000.0,-57000000.0,18000000.0,695000000.0,11000000.0,-76000000.0,-76000000.0,-76000000.0,0.0,0.0,-0.021,659000000.0,846000000.0,856000000.0,-3.545,12.467,33.884,34.051,1778000000.0,0.0,166.85,3.993,3.993,2628000000.0,20210000000.0,3629000000.0,3629000000.0,0.0,,,,,9000000.0,609000000.0,1.0,342598985.0,342598985.0,,10.593,10756000000.0,505000000.0,872000000.0,867000000.0,31.395,4225000000.0
15,ITW,MRQ,2017-09-30,2017-09-30,2017-09-30,2021-09-07,-1407000000.0,16314000000.0,,6912000000.0,9402000000.0,,14.627,-73000000.0,2785000000.0,2785000000.0,2092000000.0,640000000.0,2.411,2.247,8137000000.0,698000000.0,7439000000.0,8137000000.0,0.0,116000000.0,0.0,0.018,0.78,971000000.0,1087000000.0,0.301,1087000000.0,971000000.0,906000000.0,1.86,1.85,1.86,5023000000.0,,5023000000.0,56475348183.0,16.0,14.411,707000000.0,2.059,1.0,1523000000.0,0.421,6051000000.0,65000000.0,12748000000.0,,1225000000.0,0.0,0.0,0.0,11288000000.0,2867000000.0,8421000000.0,50920348183.0,289000000.0,0.0,-237000000.0,6000000.0,-224000000.0,-455000000.0,-72000000.0,7000000.0,780000000.0,36000000.0,640000000.0,640000000.0,640000000.0,0.0,0.0,0.177,563000000.0,960000000.0,852000000.0,0.419,10.137,22.432,22.555,1759000000.0,0.0,147.96,3.615,3.608,2672000000.0,20553000000.0,3615000000.0,3615000000.0,0.0,,,,,8000000.0,592000000.0,1.0,344149420.0,343400000.0,346000000.0,10.527,10263000000.0,473000000.0,266000000.0,198000000.0,29.886,4045000000.0
16,ITW,MRQ,2017-06-30,2017-06-30,2017-06-30,2021-09-07,-1516000000.0,15922000000.0,,6570000000.0,9352000000.0,,13.841,-77000000.0,2496000000.0,2496000000.0,2087000000.0,587000000.0,2.325,2.337,8051000000.0,691000000.0,7360000000.0,8051000000.0,0.0,114000000.0,0.0,0.018,0.65,884000000.0,998000000.0,0.277,998000000.0,884000000.0,819000000.0,1.7,1.69,1.7,4771000000.0,,4771000000.0,54868859045.0,17.0,14.543,387000000.0,1.123,1.0,1512000000.0,0.42,6041000000.0,65000000.0,12610000000.0,,1199000000.0,0.0,0.0,0.0,11148000000.0,2826000000.0,8322000000.0,49485859045.0,3000000.0,2000000.0,-223000000.0,20000000.0,-224000000.0,-429000000.0,-65000000.0,11000000.0,464000000.0,33000000.0,587000000.0,587000000.0,587000000.0,0.0,0.0,0.163,640000000.0,872000000.0,806000000.0,0.382,10.372,22.857,23.068,1726000000.0,0.0,143.25,3.544,3.536,2629000000.0,20180000000.0,3599000000.0,3599000000.0,0.0,,,,,10000000.0,603000000.0,1.0,345451023.0,344700000.0,347500000.0,10.441,9881000000.0,488000000.0,232000000.0,278000000.0,28.666,3744000000.0
17,ITW,MRQ,2017-03-31,2017-03-31,2017-03-31,2021-09-07,-1643000000.0,15529000000.0,,6430000000.0,9099000000.0,,12.978,-61000000.0,2493000000.0,2493000000.0,2003000000.0,536000000.0,2.237,2.455,7876000000.0,671000000.0,7205000000.0,7876000000.0,0.0,114000000.0,0.0,0.019,0.65,813000000.0,927000000.0,0.267,927000000.0,813000000.0,749000000.0,1.55,1.54,1.55,4493000000.0,,4493000000.0,51264569242.0,16.0,13.859,402000000.0,1.161,1.0,1468000000.0,0.423,6016000000.0,64000000.0,12021000000.0,,1158000000.0,0.0,0.0,0.0,11031000000.0,2875000000.0,8156000000.0,45907569242.0,21000000.0,-3000000.0,-232000000.0,19000000.0,-226000000.0,-450000000.0,-57000000.0,7000000.0,463000000.0,65000000.0,536000000.0,536000000.0,536000000.0,0.0,0.0,0.154,661000000.0,807000000.0,799000000.0,0.419,10.218,21.83,22.152,1674000000.0,0.0,132.47,3.328,3.324,2534000000.0,19817000000.0,3471000000.0,3471000000.0,0.0,,,,,9000000.0,608000000.0,1.0,346550685.0,346200000.0,349000000.0,10.026,9513000000.0,425000000.0,213000000.0,377000000.0,27.478,3555000000.0
18,ITW,MRQ,2016-12-31,2016-12-31,2016-12-31,2021-09-07,-1807000000.0,15201000000.0,,6123000000.0,9078000000.0,,12.119,-66000000.0,2472000000.0,2472000000.0,2018000000.0,507000000.0,2.218,2.572,7829000000.0,652000000.0,7177000000.0,7829000000.0,0.0,118000000.0,0.0,0.02,0.65,789000000.0,907000000.0,0.267,907000000.0,789000000.0,726000000.0,1.45,1.45,1.45,4254000000.0,,4254000000.0,48378040950.0,15.0,13.383,598000000.0,1.704,1.0,1381000000.0,0.406,6021000000.0,63000000.0,11777000000.0,,1076000000.0,0.0,0.0,0.0,10942000000.0,2760000000.0,8182000000.0,42984040950.0,173000000.0,172000000.0,-508000000.0,277000000.0,-228000000.0,-456000000.0,105000000.0,4000000.0,664000000.0,-140000000.0,507000000.0,507000000.0,507000000.0,0.0,0.0,0.149,647000000.0,734000000.0,737000000.0,0.448,10.104,21.122,21.372,1652000000.0,0.0,122.46,3.161,3.161,2357000000.0,19505000000.0,3399000000.0,3399000000.0,0.0,,,,,8000000.0,593000000.0,1.0,351004744.0,351004744.0,,9.684,9180000000.0,449000000.0,219000000.0,303000000.0,26.153,3363000000.0
19,ITW,MRQ,2016-09-30,2016-09-30,2016-09-30,2021-09-07,-1468000000.0,15709000000.0,,6185000000.0,9524000000.0,,13.545,-74000000.0,2299000000.0,2299000000.0,2027000000.0,535000000.0,1.774,2.28,7693000000.0,1364000000.0,6329000000.0,7693000000.0,0.0,120000000.0,0.0,0.019,0.65,821000000.0,941000000.0,0.269,941000000.0,821000000.0,763000000.0,1.51,1.5,1.51,4788000000.0,,4788000000.0,47347443431.0,16.0,13.447,550000000.0,1.556,1.0,1468000000.0,0.42,6191000000.0,58000000.0,11426000000.0,,1167000000.0,0.0,0.0,0.0,10916000000.0,3486000000.0,7430000000.0,42538443431.0,-56000000.0,-455000000.0,-465000000.0,499000000.0,-195000000.0,-155000000.0,-522000000.0,7000000.0,624000000.0,-3000000.0,535000000.0,535000000.0,535000000.0,0.0,0.0,0.153,660000000.0,808000000.0,810000000.0,0.43,8.884,21.506,21.75,1702000000.0,0.0,119.84,3.157,3.144,2496000000.0,19223000000.0,3495000000.0,3495000000.0,0.0,,,,,11000000.0,604000000.0,1.0,354960309.0,353500000.0,355500000.0,9.887,9518000000.0,467000000.0,228000000.0,263000000.0,26.925,2699000000.0
20,ITW,MRQ,2016-06-30,2016-06-30,2016-06-30,2021-09-07,-1470000000.0,15222000000.0,,6167000000.0,9055000000.0,,13.87,-62000000.0,2355000000.0,2355000000.0,1967000000.0,525000000.0,2.184,2.077,7164000000.0,864000000.0,6300000000.0,7164000000.0,0.0,115000000.0,0.0,0.021,0.55,809000000.0,924000000.0,0.269,924000000.0,809000000.0,751000000.0,1.47,1.46,1.47,4946000000.0,,4946000000.0,41987015760.0,14.0,12.051,473000000.0,1.326,1.0,1464000000.0,0.427,5907000000.0,58000000.0,11300000000.0,,1145000000.0,0.0,0.0,0.0,10272000000.0,2824000000.0,7448000000.0,37432015760.0,-93000000.0,1000000.0,-502000000.0,214000000.0,-198000000.0,-481000000.0,-65000000.0,4000000.0,535000000.0,-82000000.0,525000000.0,525000000.0,525000000.0,0.0,0.0,0.153,672000000.0,792000000.0,714000000.0,0.374,7.568,19.157,19.289,1580000000.0,0.0,104.16,2.807,2.786,2413000000.0,18916000000.0,3431000000.0,3431000000.0,0.0,,,,,11000000.0,617000000.0,1.0,359370351.0,356600000.0,358500000.0,9.621,9315000000.0,466000000.0,226000000.0,279000000.0,26.122,3343000000.0
21,ITW,MRQ,2016-03-31,2016-03-31,2016-03-31,2021-09-07,-1332000000.0,15437000000.0,,6241000000.0,9196000000.0,,14.414,-55000000.0,2448000000.0,2448000000.0,1896000000.0,468000000.0,2.298,1.958,7003000000.0,650000000.0,6353000000.0,7003000000.0,0.0,117000000.0,0.0,0.021,0.55,726000000.0,843000000.0,0.257,843000000.0,726000000.0,668000000.0,1.29,1.29,1.29,5218000000.0,,5218000000.0,41596280929.0,14.0,12.131,424000000.0,1.171,1.0,1378000000.0,0.421,6005000000.0,58000000.0,11271000000.0,,1134000000.0,0.0,0.0,0.0,10215000000.0,2716000000.0,7499000000.0,37264280929.0,-642000000.0,-1000000.0,-441000000.0,-525000000.0,-200000000.0,-1163000000.0,-50000000.0,6000000.0,479000000.0,92000000.0,468000000.0,468000000.0,468000000.0,0.0,0.0,0.143,656000000.0,722000000.0,723000000.0,0.426,7.141,19.52,19.55,1598000000.0,0.0,102.44,2.794,2.78,2394000000.0,18586000000.0,3274000000.0,3274000000.0,0.0,,,,,9000000.0,597000000.0,1.0,363766897.0,362000000.0,363900000.0,9.044,9432000000.0,505000000.0,200000000.0,408000000.0,26.055,3525000000.0
22,ITW,MRQ,2015-12-31,2015-12-31,2015-12-31,2021-09-07,-1504000000.0,15729000000.0,,6720000000.0,9009000000.0,,14.372,-64000000.0,3090000000.0,3090000000.0,1941000000.0,450000000.0,2.838,2.01,7422000000.0,526000000.0,6896000000.0,7422000000.0,0.0,121000000.0,0.0,0.022,0.55,692000000.0,813000000.0,0.248,813000000.0,692000000.0,634000000.0,1.24,1.23,1.24,5224000000.0,,5224000000.0,38499417614.0,13.0,11.251,639000000.0,1.758,1.0,1334000000.0,0.407,5999000000.0,58000000.0,11694000000.0,,1086000000.0,0.0,0.0,0.0,10501000000.0,2368000000.0,8133000000.0,33688417614.0,89000000.0,0.0,11000000.0,-284000000.0,-200000000.0,-472000000.0,-57000000.0,5000000.0,703000000.0,-85000000.0,450000000.0,450000000.0,450000000.0,0.0,0.0,0.137,655000000.0,679000000.0,649000000.0,0.444,6.449,17.74,17.961,1577000000.0,0.0,92.68,2.513,2.513,2203000000.0,18316000000.0,3275000000.0,3275000000.0,0.0,,,,,8000000.0,598000000.0,1.0,363491774.0,363491774.0,,9.01,9730000000.0,346000000.0,184000000.0,313000000.0,26.768,4352000000.0
23,ITW,MRQ,2015-09-30,2015-09-30,2015-09-30,2021-09-07,-1370000000.0,16104000000.0,,6969000000.0,9135000000.0,,13.93,-55000000.0,3001000000.0,3001000000.0,1953000000.0,511000000.0,2.558,2.166,7812000000.0,812000000.0,7000000000.0,7812000000.0,0.0,120000000.0,0.0,0.024,0.55,784000000.0,904000000.0,0.27,904000000.0,784000000.0,725000000.0,1.4,1.39,1.4,5086000000.0,,5086000000.0,35087750114.0,12.0,10.233,651000000.0,1.783,1.0,1401000000.0,0.418,6088000000.0,59000000.0,12103000000.0,,1153000000.0,0.0,0.0,0.0,11014000000.0,2724000000.0,8290000000.0,30132750114.0,143000000.0,0.0,-215000000.0,-7000000.0,-177000000.0,-395000000.0,8000000.0,14000000.0,706000000.0,-176000000.0,511000000.0,511000000.0,511000000.0,0.0,0.0,0.152,640000000.0,761000000.0,698000000.0,0.393,5.925,15.868,16.076,1601000000.0,0.0,82.31,2.21,2.204,2339000000.0,18066000000.0,3354000000.0,3354000000.0,0.0,,,,,9000000.0,581000000.0,1.0,366088569.0,365100000.0,367100000.0,9.187,10016000000.0,475000000.0,214000000.0,419000000.0,27.434,4245000000.0
24,ITW,MRQ,2015-06-30,2015-06-30,2015-06-30,2021-09-07,-1046000000.0,16348000000.0,,7033000000.0,9315000000.0,,14.478,-60000000.0,2858000000.0,2858000000.0,2024000000.0,480000000.0,2.561,2.083,7813000000.0,819000000.0,6994000000.0,7813000000.0,0.0,118000000.0,0.0,0.021,0.485,751000000.0,869000000.0,0.253,869000000.0,751000000.0,696000000.0,1.31,1.3,1.31,5302000000.0,,5302000000.0,38631380480.0,13.0,11.136,388000000.0,1.06,1.0,1410000000.0,0.411,6222000000.0,55000000.0,12335000000.0,,1191000000.0,0.0,0.0,0.0,11042000000.0,2746000000.0,8296000000.0,33750380480.0,186000000.0,-3000000.0,-291000000.0,209000000.0,-179000000.0,-262000000.0,-103000000.0,2000000.0,448000000.0,103000000.0,480000000.0,480000000.0,480000000.0,0.0,0.0,0.14,680000000.0,730000000.0,711000000.0,0.37,6.366,17.587,18.105,1636000000.0,0.0,91.79,2.416,2.406,2412000000.0,17755000000.0,3434000000.0,3434000000.0,0.0,,,,,10000000.0,622000000.0,1.0,367691257.0,366200000.0,368400000.0,9.377,10126000000.0,483000000.0,216000000.0,432000000.0,27.652,4287000000.0
25,ITW,MRQ,2015-03-31,2015-03-31,2015-03-31,2021-09-07,-1226000000.0,15937000000.0,,6667000000.0,9270000000.0,,13.218,-75000000.0,2672000000.0,2672000000.0,1970000000.0,458000000.0,1.781,2.201,7553000000.0,1708000000.0,5845000000.0,7553000000.0,0.0,118000000.0,0.0,0.019,0.485,718000000.0,836000000.0,0.25,836000000.0,718000000.0,664000000.0,1.22,1.21,1.22,4978000000.0,,4978000000.0,40326484106.0,10.0,8.967,367000000.0,0.975,1.0,1372000000.0,0.411,6231000000.0,54000000.0,10843000000.0,,1187000000.0,0.0,0.0,0.0,10955000000.0,3744000000.0,7211000000.0,36859484106.0,-1318000000.0,26000000.0,-1448000000.0,233000000.0,-186000000.0,-1397000000.0,-58000000.0,1000000.0,442000000.0,-305000000.0,458000000.0,458000000.0,458000000.0,0.0,0.0,0.137,675000000.0,697000000.0,849000000.0,0.398,7.404,12.576,13.039,1624000000.0,0.0,97.14,2.585,2.566,2367000000.0,17453000000.0,3342000000.0,3342000000.0,0.0,,,,,14000000.0,616000000.0,1.0,379447026.0,376600000.0,379200000.0,8.874,9706000000.0,466000000.0,206000000.0,484000000.0,25.773,2923000000.0
26,ITW,MRQ,2014-12-31,2014-12-31,2014-12-31,2021-09-07,-658000000.0,17465000000.0,,7864000000.0,9601000000.0,,17.443,-82000000.0,3990000000.0,3990000000.0,2114000000.0,450000000.0,2.231,1.56,7419000000.0,1476000000.0,5943000000.0,7419000000.0,0.0,120000000.0,0.0,0.019,0.485,700000000.0,820000000.0,0.234,820000000.0,700000000.0,646000000.0,1.19,1.19,1.19,6819000000.0,,6819000000.0,39731414382.0,10.0,8.806,376000000.0,0.962,1.0,1390000000.0,0.397,6466000000.0,54000000.0,10903000000.0,,1180000000.0,0.0,0.0,0.0,10641000000.0,3525000000.0,7116000000.0,37021414382.0,-830000000.0,3000000.0,-775000000.0,-17000000.0,-190000000.0,-972000000.0,-106000000.0,5000000.0,458000000.0,-210000000.0,450000000.0,450000000.0,450000000.0,11000000.0,0.0,0.128,704000000.0,686000000.0,698000000.0,0.408,5.429,12.567,12.92,1686000000.0,0.0,94.7,2.556,2.556,2293000000.0,17173000000.0,3504000000.0,3504000000.0,0.0,,,,,9000000.0,644000000.0,1.0,390933626.0,390933626.0,,8.963,10999000000.0,338000000.0,196000000.0,235000000.0,28.135,4339000000.0
27,ITW,MRQ,2014-09-30,2014-09-30,2014-09-30,2021-09-07,-148000000.0,19028000000.0,,9152000000.0,9876000000.0,,19.787,-120000000.0,4820000000.0,4820000000.0,2182000000.0,531000000.0,2.362,1.44,7530000000.0,1496000000.0,6034000000.0,7530000000.0,0.0,128000000.0,0.0,0.021,0.485,816000000.0,944000000.0,0.256,944000000.0,816000000.0,748000000.0,1.35,1.34,1.35,7796000000.0,,7796000000.0,35386628051.0,9.0,7.934,151000000.0,0.383,1.0,1510000000.0,0.409,6596000000.0,68000000.0,11268000000.0,,1265000000.0,0.0,0.0,0.0,11227000000.0,3874000000.0,7353000000.0,33473628051.0,-477000000.0,-19000000.0,-599000000.0,508000000.0,-166000000.0,-255000000.0,-126000000.0,12000000.0,271000000.0,-367000000.0,531000000.0,531000000.0,531000000.0,-24000000.0,0.0,0.144,738000000.0,772000000.0,784000000.0,0.359,4.294,11.527,11.907,1693000000.0,0.0,84.42,2.303,2.289,2519000000.0,16909000000.0,3692000000.0,3692000000.0,0.0,,,,,9000000.0,675000000.0,1.0,396513007.0,394000000.0,396800000.0,9.371,12432000000.0,595000000.0,217000000.0,705000000.0,31.553,5278000000.0
28,ITW,MRQ,2014-06-30,2014-06-30,2014-06-30,2021-09-07,359000000.0,19936000000.0,,9791000000.0,10145000000.0,,20.843,-70000000.0,5297000000.0,5297000000.0,2219000000.0,1492000000.0,2.496,1.363,7210000000.0,1070000000.0,6140000000.0,7210000000.0,0.0,129000000.0,0.0,0.019,0.42,1768000000.0,1897000000.0,0.51,1897000000.0,1768000000.0,1704000000.0,3.69,3.66,3.69,8435000000.0,,8435000000.0,40201065622.0,10.0,9.143,503000000.0,1.243,1.0,1500000000.0,0.403,6780000000.0,64000000.0,11146000000.0,,1305000000.0,0.0,0.0,0.0,11496000000.0,3923000000.0,7573000000.0,36126065622.0,1750000000.0,3182000000.0,-1411000000.0,-418000000.0,-174000000.0,-1995000000.0,3140000000.0,10000000.0,573000000.0,32000000.0,1492000000.0,1492000000.0,1492000000.0,-998000000.0,0.0,0.401,737000000.0,763000000.0,850000000.0,0.114,4.283,12.788,12.972,1700000000.0,0.0,87.56,2.507,2.459,2598000000.0,16568000000.0,3719000000.0,3719000000.0,0.0,,,,,12000000.0,677000000.0,1.0,412586405.0,404700000.0,407600000.0,9.19,13156000000.0,675000000.0,212000000.0,1240000000.0,32.508,5868000000.0
29,ITW,MRQ,2014-03-31,2014-03-31,2014-03-31,2021-09-07,420000000.0,20170000000.0,,10028000000.0,10142000000.0,,20.322,-61000000.0,3547000000.0,3547000000.0,2158000000.0,473000000.0,1.871,1.352,7622000000.0,2833000000.0,4789000000.0,7622000000.0,0.0,130000000.0,0.0,0.02,0.42,721000000.0,851000000.0,0.238,851000000.0,721000000.0,657000000.0,1.12,1.11,1.12,8574000000.0,,8574000000.0,37280497605.0,13.0,11.185,253000000.0,0.6,1.0,1411000000.0,0.395,6829000000.0,64000000.0,12056000000.0,,1298000000.0,0.0,0.0,0.0,11590000000.0,5360000000.0,6230000000.0,34554497605.0,-71000000.0,-2000000.0,-1413000000.0,1266000000.0,-181000000.0,-329000000.0,-66000000.0,1000000.0,314000000.0,10000000.0,473000000.0,473000000.0,473000000.0,-45000000.0,0.0,0.133,744000000.0,667000000.0,863000000.0,0.375,4.03,19.218,19.837,1699000000.0,0.0,81.33,2.419,2.402,2563000000.0,15243000000.0,3569000000.0,3569000000.0,0.0,,,,,9000000.0,682000000.0,1.0,424867793.0,421900000.0,425000000.0,8.459,13341000000.0,718000000.0,184000000.0,621000000.0,31.621,4668000000.0
30,ITW,MRQ,2013-12-31,2013-12-31,2013-12-31,2021-09-07,384000000.0,19966000000.0,,9816000000.0,10150000000.0,,21.862,-96000000.0,3618000000.0,3618000000.0,2173000000.0,408000000.0,1.627,1.057,6344000000.0,3551000000.0,2793000000.0,6344000000.0,0.0,134000000.0,0.0,0.019,0.42,634000000.0,768000000.0,0.216,768000000.0,634000000.0,574000000.0,0.93,0.93,0.93,9703000000.0,,9703000000.0,39435888278.0,15.0,12.142,612000000.0,1.379,1.0,1381000000.0,0.389,6885000000.0,60000000.0,9773000000.0,,1247000000.0,0.0,0.0,0.0,10257000000.0,6034000000.0,4223000000.0,37317888278.0,600000000.0,16000000.0,-1052000000.0,1196000000.0,-186000000.0,-38000000.0,-59000000.0,22000000.0,708000000.0,-11000000.0,408000000.0,408000000.0,408000000.0,-1000000.0,0.0,0.115,753000000.0,628000000.0,815000000.0,0.452,3.846,22.226,22.362,1709000000.0,0.0,84.08,2.64,2.64,2365000000.0,14943000000.0,3554000000.0,3554000000.0,0.0,,,,,11000000.0,689000000.0,1.0,443837872.0,443837872.0,,8.007,13081000000.0,743000000.0,166000000.0,586000000.0,29.472,3782000000.0
31,ITW,MRQ,2013-09-30,2013-09-30,2013-09-30,2021-09-07,292000000.0,19751000000.0,,9582000000.0,10169000000.0,,23.463,-67000000.0,3018000000.0,3018000000.0,2148000000.0,452000000.0,2.431,0.887,5136000000.0,1328000000.0,3808000000.0,5136000000.0,0.0,147000000.0,0.0,0.02,0.42,734000000.0,881000000.0,0.247,881000000.0,734000000.0,674000000.0,1.01,1.01,1.01,10462000000.0,,10462000000.0,36463841922.0,10.0,8.835,744000000.0,1.669,1.0,1420000000.0,0.398,6975000000.0,60000000.0,10953000000.0,,1308000000.0,0.0,0.0,0.0,9283000000.0,3941000000.0,5342000000.0,34159841922.0,250000000.0,-160000000.0,-299000000.0,26000000.0,-171000000.0,-438000000.0,-221000000.0,4000000.0,811000000.0,98000000.0,452000000.0,452000000.0,452000000.0,-46000000.0,0.0,0.127,742000000.0,678000000.0,803000000.0,0.416,3.265,15.182,15.439,1667000000.0,0.0,76.27,2.429,2.418,2493000000.0,14716000000.0,3568000000.0,3568000000.0,0.0,,,,,8000000.0,676000000.0,1.0,447880450.0,445900000.0,448900000.0,8.002,12776000000.0,744000000.0,222000000.0,587000000.0,28.652,5641000000.0
32,ITW,MRQ,2013-06-30,2013-06-30,2013-06-30,2021-09-07,12000000.0,19199000000.0,,8213000000.0,10986000000.0,,22.742,-82000000.0,2768000000.0,2768000000.0,2155000000.0,465000000.0,2.213,0.877,5072000000.0,1301000000.0,3771000000.0,5072000000.0,0.0,144000000.0,0.0,0.022,0.38,689000000.0,833000000.0,0.232,833000000.0,689000000.0,630000000.0,1.04,1.03,1.04,10225000000.0,,10225000000.0,33506419138.0,10.0,8.084,561000000.0,1.248,1.0,1438000000.0,0.4,7491000000.0,59000000.0,10301000000.0,,1490000000.0,0.0,0.0,0.0,8968000000.0,3711000000.0,5257000000.0,31156419138.0,106000000.0,42000000.0,-241000000.0,46000000.0,-171000000.0,-359000000.0,-42000000.0,1000000.0,643000000.0,-136000000.0,465000000.0,465000000.0,465000000.0,-49000000.0,0.0,0.129,808000000.0,630000000.0,887000000.0,0.365,3.047,13.418,13.67,1936000000.0,0.0,69.17,2.189,2.185,2907000000.0,14451000000.0,3593000000.0,3593000000.0,0.0,,,,,9000000.0,747000000.0,1.0,450432545.0,449600000.0,452500000.0,7.992,11708000000.0,727000000.0,165000000.0,506000000.0,26.041,4502000000.0
33,ITW,MRQ,2013-03-31,2013-03-31,2013-03-31,2021-09-07,155000000.0,19206000000.0,,8110000000.0,11096000000.0,,22.745,-85000000.0,2662000000.0,2662000000.0,2078000000.0,354000000.0,2.894,0.869,5012000000.0,456000000.0,4556000000.0,5012000000.0,0.0,188000000.0,0.0,0.025,0.38,578000000.0,766000000.0,0.224,766000000.0,578000000.0,518000000.0,0.78,0.78,0.78,10274000000.0,,10274000000.0,29779496616.0,8.0,6.457,281000000.0,0.622,1.0,1342000000.0,0.392,7574000000.0,60000000.0,11180000000.0,,1514000000.0,0.0,0.0,0.0,8927000000.0,2802000000.0,6125000000.0,27510496616.0,-117000000.0,-59000000.0,-308000000.0,-4000000.0,0.0,-305000000.0,-134000000.0,13000000.0,366000000.0,-44000000.0,354000000.0,354000000.0,354000000.0,47000000.0,0.0,0.104,764000000.0,578000000.0,920000000.0,0.487,2.678,10.048,10.364,1960000000.0,0.0,60.94,1.822,1.823,2789000000.0,14156000000.0,3420000000.0,3420000000.0,0.0,,,,,9000000.0,703000000.0,1.0,451435783.0,451700000.0,454800000.0,7.571,11632000000.0,733000000.0,164000000.0,416000000.0,25.752,5308000000.0
34,ITW,MRQ,2012-12-31,2012-12-31,2012-12-31,2021-09-07,293000000.0,19309000000.0,,7960000000.0,11349000000.0,,22.788,-98000000.0,2779000000.0,2779000000.0,2177000000.0,979000000.0,3.003,0.827,5048000000.0,459000000.0,4589000000.0,5048000000.0,0.0,152000000.0,0.0,0.024,0.38,1495000000.0,1647000000.0,0.473,1647000000.0,1495000000.0,1434000000.0,2.11,2.09,2.11,10561000000.0,,10561000000.0,31124348649.0,8.0,6.666,507000000.0,1.094,1.0,1307000000.0,0.375,7788000000.0,61000000.0,11139000000.0,,1585000000.0,0.0,0.0,0.0,8739000000.0,2651000000.0,6088000000.0,28182348649.0,725000000.0,972000000.0,-556000000.0,31000000.0,-350000000.0,-872000000.0,956000000.0,80000000.0,605000000.0,36000000.0,979000000.0,979000000.0,979000000.0,-58000000.0,0.0,0.281,783000000.0,524000000.0,676000000.0,0.18,2.669,9.82,9.953,1994000000.0,0.0,60.81,1.905,1.905,2742000000.0,13973000000.0,3484000000.0,3484000000.0,0.0,,,,,18000000.0,721000000.0,1.0,463449246.0,463449246.0,,7.518,11521000000.0,723000000.0,455000000.0,368000000.0,24.859,5309000000.0
35,ITW,MRQ,2012-09-30,2012-09-30,2012-09-30,2021-09-07,277000000.0,19023000000.0,,7650000000.0,11373000000.0,,22.059,-80000000.0,2054000000.0,2054000000.0,2289000000.0,524000000.0,2.613,0.854,4996000000.0,424000000.0,4572000000.0,4996000000.0,0.0,152000000.0,0.0,0.025,0.38,747000000.0,899000000.0,0.241,899000000.0,747000000.0,695000000.0,1.13,1.12,1.13,10253000000.0,,10253000000.0,31094587430.0,10.0,8.27,555000000.0,1.194,1.0,1444000000.0,0.387,7808000000.0,52000000.0,11229000000.0,,1760000000.0,226000000.0,0.0,226000000.0,8761000000.0,2928000000.0,5833000000.0,27880587430.0,362000000.0,106000000.0,-294000000.0,58000000.0,-169000000.0,-394000000.0,80000000.0,55000000.0,635000000.0,41000000.0,524000000.0,524000000.0,524000000.0,-79000000.0,0.0,0.14,777000000.0,667000000.0,946000000.0,0.336,2.719,11.951,12.112,2081000000.0,0.0,59.47,2.05,2.032,3062000000.0,13168000000.0,3733000000.0,3733000000.0,0.0,,,,,12000000.0,713000000.0,1.0,468817680.0,464800000.0,468100000.0,8.031,11215000000.0,883000000.0,171000000.0,174000000.0,24.129,4722000000.0
36,ITW,MRQ,2012-06-30,2012-06-30,2012-06-30,2021-09-07,135000000.0,18921000000.0,,7551000000.0,11370000000.0,,21.324,-95000000.0,1692000000.0,1692000000.0,2814000000.0,881000000.0,1.918,0.875,4906000000.0,1438000000.0,3468000000.0,4906000000.0,0.0,156000000.0,0.0,0.027,0.36,1144000000.0,1300000000.0,0.291,1300000000.0,1144000000.0,1094000000.0,1.86,1.85,1.86,10084000000.0,,10084000000.0,28708347892.0,9.0,7.613,414000000.0,0.875,1.0,1649000000.0,0.369,7824000000.0,50000000.0,10375000000.0,,1796000000.0,271000000.0,0.0,271000000.0,8820000000.0,3936000000.0,4884000000.0,25247347892.0,388000000.0,520000000.0,-515000000.0,191000000.0,-172000000.0,-495000000.0,448000000.0,23000000.0,509000000.0,-74000000.0,881000000.0,881000000.0,881000000.0,-362000000.0,0.0,0.197,891000000.0,758000000.0,954000000.0,0.194,2.504,10.901,10.973,2067000000.0,0.0,52.89,1.747,1.731,3164000000.0,12821000000.0,4463000000.0,4463000000.0,0.0,,,,,12000000.0,819000000.0,1.0,477355793.0,472900000.0,476100000.0,9.438,11097000000.0,887000000.0,213000000.0,177000000.0,23.466,3615000000.0
37,ITW,MRQ,2012-03-31,2012-03-31,2012-03-31,2021-09-07,410000000.0,18944000000.0,,7389000000.0,11555000000.0,,20.992,-79000000.0,1304000000.0,1304000000.0,2763000000.0,486000000.0,1.956,0.871,4765000000.0,1244000000.0,3521000000.0,4765000000.0,0.0,153000000.0,0.0,0.025,0.36,724000000.0,877000000.0,0.201,877000000.0,724000000.0,674000000.0,1.01,1.0,1.01,10118000000.0,,10118000000.0,30445544542.0,11.0,9.061,244000000.0,0.506,1.0,1595000000.0,0.366,7889000000.0,50000000.0,10739000000.0,,1824000000.0,287000000.0,0.0,287000000.0,8809000000.0,3777000000.0,5032000000.0,27633158542.0,126000000.0,-478000000.0,-372000000.0,735000000.0,-174000000.0,190000000.0,-437000000.0,123000000.0,323000000.0,50000000.0,486000000.0,486000000.0,486000000.0,-22000000.0,0.0,0.112,901000000.0,694000000.0,1003000000.0,0.356,2.731,14.288,14.424,2100000000.0,0.0,57.12,1.893,1.886,3134000000.0,12108000000.0,4358000000.0,4358000000.0,0.0,,,,,12000000.0,832000000.0,1.0,483773784.0,482000000.0,485600000.0,9.041,11055000000.0,963000000.0,188000000.0,164000000.0,22.936,3612000000.0
38,ITW,MRQ,2011-12-31,2011-12-31,2011-12-31,2021-09-07,224000000.0,17984000000.0,,6849000000.0,11135000000.0,,20.731,-91000000.0,1178000000.0,1178000000.0,369000000.0,442000000.0,2.301,0.794,3990000000.0,502000000.0,3488000000.0,3990000000.0,0.0,153000000.0,0.0,0.03,0.36,531000000.0,684000000.0,0.653,684000000.0,531000000.0,478000000.0,0.91,0.92,0.91,10017000000.0,,10017000000.0,25814002996.0,10.0,7.813,621000000.0,1.285,1.0,679000000.0,0.648,7431000000.0,53000000.0,10388000000.0,,1716000000.0,409000000.0,0.0,409000000.0,7950000000.0,2977000000.0,4973000000.0,22569958996.0,-141000000.0,-89000000.0,13000000.0,-543000000.0,-174000000.0,-704000000.0,-170000000.0,16000000.0,712000000.0,21000000.0,442000000.0,442000000.0,442000000.0,-247000000.0,0.0,0.422,402000000.0,277000000.0,871000000.0,0.396,2.253,10.898,11.095,2025000000.0,0.0,46.71,1.555,1.555,2819000000.0,11794000000.0,1048000000.0,1048000000.0,0.0,,,,,14000000.0,369000000.0,1.0,483193299.0,483193299.0,,2.169,10553000000.0,1000000000.0,36000000.0,179000000.0,21.84,3872000000.0
39,ITW,MRQ,2011-09-30,2011-09-30,2011-09-30,2021-09-07,341207000.0,18363265000.0,,7334419000.0,11028846000.0,,20.229,-74000000.0,1318885000.0,1318885000.0,2962000000.0,507000000.0,2.017,0.865,4562929000.0,1040806000.0,3522123000.0,4562929000.0,0.0,154000000.0,0.0,0.033,0.36,756000000.0,910000000.0,0.199,910000000.0,756000000.0,707000000.0,1.04,1.04,1.04,9837446000.0,,9837446000.0,23285309949.0,9.0,7.158,713000000.0,1.466,1.0,1618000000.0,0.353,7431697000.0,49000000.0,10539714000.0,,1794327000.0,424441000.0,0.0,424441000.0,8511256000.0,3635898000.0,4875358000.0,20442843949.0,88000000.0,-450000000.0,-391000000.0,578000000.0,-167000000.0,21000000.0,-512000000.0,9000000.0,787000000.0,-208000000.0,507000000.0,507000000.0,507000000.0,-17000000.0,0.0,0.111,904000000.0,714000000.0,944336000.0,0.346,2.078,10.405,10.479,2037934000.0,0.0,41.6,1.176,1.164,2985354000.0,11526086000.0,4580000000.0,4580000000.0,0.0,,,,,14000000.0,836000000.0,1.0,491414518.0,486300000.0,488800000.0,9.418,10931568000.0,845331000.0,200000000.0,192988000.0,22.479,3698521000.0
40,ITW,MRQ,2011-06-30,2011-06-30,2011-06-30,2021-09-07,870881000.0,18526175000.0,,7557079000.0,10969096000.0,,20.909,-84000000.0,1230662000.0,1230662000.0,2996000000.0,499000000.0,1.86,0.779,4073128000.0,1450332000.0,2622796000.0,4073128000.0,0.0,148000000.0,0.0,0.024,0.34,741000000.0,889000000.0,0.193,889000000.0,741000000.0,696000000.0,1.0,0.99,1.0,10408487000.0,,10408487000.0,30511403832.0,12.0,9.782,228000000.0,0.458,1.0,1619000000.0,0.351,7206869000.0,45000000.0,10099617000.0,,1919679000.0,435576000.0,0.0,435576000.0,8104151000.0,4062155000.0,4041996000.0,28247790832.0,147000000.0,-204000000.0,-500000000.0,695000000.0,-170000000.0,27000000.0,-284000000.0,3000000.0,312000000.0,92000000.0,499000000.0,499000000.0,499000000.0,-15000000.0,0.0,0.108,908000000.0,711000000.0,1032036000.0,0.34,2.714,15.028,14.984,2132013000.0,0.0,56.49,1.687,1.68,3146005000.0,11192418000.0,4615000000.0,4615000000.0,0.0,,,,,14000000.0,845000000.0,1.0,500049404.0,497800000.0,501900000.0,9.271,11319306000.0,896144000.0,197000000.0,160890000.0,22.739,3494924000.0
41,ITW,MRQ,2011-03-31,2011-03-31,2011-03-31,2021-09-07,667534000.0,17641206000.0,,6596423000.0,11044783000.0,,20.792,-87000000.0,1084470000.0,1084470000.0,2762000000.0,623000000.0,2.03,0.7,3348083000.0,750773000.0,2597310000.0,3348083000.0,0.0,139000000.0,0.0,0.025,0.34,682000000.0,821000000.0,0.192,821000000.0,682000000.0,638000000.0,1.25,1.24,1.25,10366874000.0,,10366874000.0,28414797685.0,12.0,9.451,58000000.0,0.116,1.0,1510000000.0,0.353,7235474000.0,44000000.0,9419789000.0,,1824081000.0,430978000.0,0.0,430978000.0,7261904000.0,3249556000.0,4012348000.0,26775089685.0,-102000000.0,-543000000.0,81000000.0,418000000.0,-169000000.0,335000000.0,-613000000.0,9000000.0,145000000.0,31000000.0,623000000.0,623000000.0,623000000.0,-17000000.0,0.0,0.146,851000000.0,659000000.0,1036671000.0,0.272,2.583,14.94,14.964,2122296000.0,0.0,53.72,1.668,1.668,2981230000.0,10861069000.0,4272000000.0,4272000000.0,0.0,,,,,14000000.0,796000000.0,1.0,498419391.0,498600000.0,502700000.0,8.568,10405732000.0,925172000.0,15000000.0,182404000.0,20.87,3346867000.0
42,ITW,MRQ,2010-12-31,2010-12-31,2010-12-31,2021-09-07,427155000.0,16412311000.0,,5970488000.0,10441823000.0,,19.278,-83679000.0,1186367000.0,1186367000.0,2606464000.0,335711000.0,1.975,0.715,2868323000.0,326236000.0,2542087000.0,2868323000.0,0.0,139779000.0,0.0,0.024,0.34,493372000.0,633151000.0,0.162,633151000.0,493372000.0,449426000.0,0.68,0.68,0.68,9560610000.0,,9560610000.0,28215868516.0,12.0,9.852,272182000.0,0.549,1.0,1307592000.0,0.334,6702834000.0,43946000.0,8368581000.0,,1634856000.0,440760000.0,0.0,440760000.0,6840312000.0,3022852000.0,3817460000.0,26482712516.0,-539173000.0,-194669000.0,56339000.0,-529803000.0,-168417000.0,-637346000.0,-285063000.0,-4989000.0,355861000.0,27375000.0,335711000.0,335711000.0,335711000.0,-7853000.0,0.0,0.086,825027000.0,482565000.0,918722000.0,0.5,2.77,17.62,17.8,2066156000.0,0.0,53.4,1.718,1.718,2581592000.0,10407946000.0,3914056000.0,3914056000.0,0.0,,,,,13681000.0,772733000.0,1.0,495930946.0,495930946.0,,7.892,9709477000.0,916812000.0,113715000.0,581088000.0,19.578,2947636000.0
43,ITW,MRQ,2010-09-30,2010-09-30,2010-09-30,2021-09-07,62670000.0,16303724000.0,,6334840000.0,9968884000.0,,17.734,-71812000.0,1649101000.0,1649101000.0,2548451000.0,422028000.0,1.967,0.835,3382257000.0,644883000.0,2737374000.0,3382257000.0,0.0,136459000.0,0.0,0.027,0.34,639660000.0,776119000.0,0.197,776119000.0,639660000.0,596170000.0,0.84,0.84,0.84,8880430000.0,,8880430000.0,25440109643.0,11.0,8.732,452156000.0,0.903,1.0,1392673000.0,0.353,6399208000.0,43490000.0,8416331000.0,,1544728000.0,437967000.0,0.0,437967000.0,7412962000.0,3221341000.0,4191621000.0,23675087643.0,384024000.0,-23904000.0,-334191000.0,267110000.0,-156088000.0,-222015000.0,-85786000.0,7819000.0,523968000.0,167857000.0,422028000.0,422028000.0,422028000.0,-18974000.0,0.0,0.107,772948000.0,619725000.0,891540000.0,0.405,2.666,13.923,13.911,1952567000.0,0.0,47.02,1.572,1.563,2627696000.0,10175663000.0,3941124000.0,3941124000.0,0.0,,,,,14920000.0,720776000.0,1.0,503511009.0,500751000.0,503149000.0,7.87,9904516000.0,821382000.0,174142000.0,474809000.0,19.779,3113499000.0
44,ITW,MRQ,2010-06-30,2010-06-30,2010-06-30,2021-09-07,-162181000.0,15671959000.0,,5766470000.0,9905489000.0,,17.331,-60619000.0,1265237000.0,1265237000.0,2514222000.0,411456000.0,2.077,0.796,3030259000.0,305917000.0,2724342000.0,3030259000.0,0.0,136430000.0,0.0,0.03,0.31,639906000.0,776336000.0,0.198,776336000.0,639906000.0,596637000.0,0.82,0.81,0.82,8722064000.0,,8722064000.0,22456599624.0,10.0,8.07,272732000.0,0.542,1.0,1413834000.0,0.36,6385186000.0,43269000.0,8275235000.0,,1458179000.0,445156000.0,0.0,445156000.0,6940095000.0,2776560000.0,4163535000.0,20742599624.0,-160221000.0,-188340000.0,37711000.0,-41235000.0,-155771000.0,-157172000.0,-232865000.0,2744000.0,333351000.0,-103535000.0,411456000.0,411456000.0,411456000.0,-11664000.0,0.0,0.105,787799000.0,626035000.0,887802000.0,0.378,2.378,13.122,13.146,1943878000.0,0.0,41.28,1.411,1.413,2582663000.0,9925004000.0,3928056000.0,3928056000.0,0.0,,,,,14979000.0,735847000.0,1.0,502485456.0,503265000.0,506297000.0,7.805,9286773000.0,806784000.0,185181000.0,489478000.0,18.453,2989910000.0
45,ITW,MRQ,2010-03-31,2010-03-31,2010-03-31,2021-09-07,169493000.0,15866558000.0,,5792351000.0,10074207000.0,,17.382,-53890000.0,1417566000.0,1417566000.0,2389204000.0,333805000.0,2.039,0.816,3131566000.0,324386000.0,2807180000.0,3131566000.0,0.0,136332000.0,0.0,0.026,0.31,546178000.0,682510000.0,0.183,682510000.0,546178000.0,501805000.0,0.66,0.66,0.66,8733238000.0,,8733238000.0,25603829953.0,14.0,10.357,220930000.0,0.44,1.0,1348397000.0,0.361,6419385000.0,44373000.0,8320596000.0,,1413084000.0,445707000.0,0.0,445707000.0,7123585000.0,2840577000.0,4283008000.0,23794046953.0,155370000.0,-27087000.0,5141000.0,113928000.0,-155724000.0,-36467000.0,-68286000.0,5426000.0,274820000.0,-14697000.0,333805000.0,333805000.0,333805000.0,0.0,0.0,0.089,806856000.0,541541000.0,852063000.0,0.47,2.725,17.679,17.738,2035503000.0,0.0,47.36,1.68,1.68,2450438000.0,9660300000.0,3737601000.0,3737601000.0,0.0,,,,,12420000.0,753922000.0,1.0,502408086.0,502424000.0,505014000.0,7.439,9447173000.0,852245000.0,168000000.0,568537000.0,18.803,2951774000.0
46,ITW,MRQ,2009-12-31,2009-12-31,2009-12-31,2021-09-07,400726000.0,16081984000.0,,5674595000.0,10407389000.0,,17.584,-77333000.0,1318772000.0,1318772000.0,2237125000.0,533088000.0,2.001,0.825,3128555000.0,213681000.0,2914874000.0,3128555000.0,0.0,158449000.0,0.0,0.026,0.31,520167000.0,678616000.0,0.197,678616000.0,520167000.0,476570000.0,1.06,1.06,1.06,8808207000.0,,8808207000.0,26032647533.0,19.0,12.592,449940000.0,0.898,1.0,1216232000.0,0.352,6584149000.0,43597000.0,8471980000.0,,1356233000.0,451293000.0,0.0,451293000.0,7264108000.0,2835638000.0,4428470000.0,24038666533.0,285273000.0,-162119000.0,46405000.0,132011000.0,-155282000.0,26576000.0,-233301000.0,-6448000.0,527273000.0,-35275000.0,533088000.0,533088000.0,533088000.0,-38341000.0,0.0,0.154,742993000.0,473239000.0,845296000.0,0.292,2.729,24.713,24.737,2136527000.0,0.0,47.99,1.771,1.771,2491492000.0,9521740000.0,3453357000.0,3453357000.0,0.0,,,,,16201000.0,694012000.0,1.0,500909909.0,500909909.0,,6.894,9497835000.0,904902000.0,-56518000.0,624944000.0,18.961,2838957000.0
47,ITW,MRQ,2009-09-30,2009-09-30,2009-09-30,2021-09-07,249471000.0,14884216000.0,,5285091000.0,9599125000.0,,16.457,-45237000.0,942856000.0,942856000.0,2315175000.0,302418000.0,2.143,0.807,2936837000.0,67460000.0,2869377000.0,2936837000.0,0.0,151245000.0,0.0,0.029,0.31,494188000.0,645433000.0,0.18,645433000.0,494188000.0,448518000.0,0.6,0.6,0.6,8233536000.0,,8233536000.0,23781132597.0,19.0,12.557,523959000.0,1.047,1.0,1265179000.0,0.353,6374069000.0,45670000.0,8037497000.0,,1361201000.0,456450000.0,0.0,456450000.0,6641923000.0,2466631000.0,4175292000.0,21361212597.0,326453000.0,-4071000.0,39373000.0,-104832000.0,-154892000.0,-219770000.0,-48698000.0,5524000.0,569196000.0,25725000.0,302418000.0,302418000.0,302418000.0,546000.0,0.0,0.084,781584000.0,483595000.0,781596000.0,0.517,2.594,31.722,31.873,2107103000.0,0.0,42.71,1.518,1.518,2410667000.0,9170064000.0,3580354000.0,3580354000.0,0.0,,,,,11688000.0,720042000.0,1.0,500145460.0,500313000.0,502187000.0,7.156,8510147000.0,325154000.0,146100000.0,297219000.0,17.01,2818460000.0
48,ITW,MRQ,2009-06-30,2009-06-30,2009-06-30,2021-09-07,130361000.0,14741675000.0,,5131994000.0,9609681000.0,,15.848,-47614000.0,616403000.0,616403000.0,2248253000.0,176565000.0,2.096,0.861,3036323000.0,180511000.0,2855812000.0,3036323000.0,0.0,153041000.0,0.0,0.033,0.31,312618000.0,465659000.0,0.137,465659000.0,312618000.0,268732000.0,0.35,0.35,0.35,7914133000.0,,7914133000.0,21394479081.0,15.0,10.153,576468000.0,1.154,1.0,1144653000.0,0.337,6373778000.0,43886000.0,8339625000.0,,1438637000.0,450889000.0,0.0,450889000.0,6815551000.0,2448192000.0,4367359000.0,18644552081.0,-504696000.0,-31898000.0,10572000.0,-965728000.0,-154781000.0,-1109912000.0,-95718000.0,14471000.0,624082000.0,76852000.0,176565000.0,176565000.0,176565000.0,2378000.0,0.0,0.052,809818000.0,334835000.0,729893000.0,0.886,2.356,22.614,23.049,2137982000.0,0.0,37.34,1.246,1.247,2393176000.0,9022927000.0,3392906000.0,3392906000.0,0.0,,,,,12332000.0,757871000.0,1.0,499318481.0,499389000.0,500875000.0,6.794,8367897000.0,300573000.0,92167000.0,345386000.0,16.756,2683802000.0
49,ITW,MRQ,2009-03-31,2009-03-31,2009-03-31,2021-09-07,-376219000.0,14758007000.0,,5685719000.0,9072288000.0,,14.748,-58819000.0,1121099000.0,1121099000.0,2152827000.0,-39374000.0,1.758,1.003,3871026000.0,1130805000.0,2740221000.0,3871026000.0,0.0,222106000.0,0.0,0.039,0.31,55595000.0,277701000.0,0.088,277701000.0,55595000.0,24159000.0,-0.08,-0.08,-0.08,7362272000.0,,7362272000.0,18333464355.0,10.0,7.144,388182000.0,0.778,1.0,993552000.0,0.316,6100373000.0,31436000.0,8172536000.0,,1470946000.0,458502000.0,0.0,458502000.0,7384340000.0,3235025000.0,4149315000.0,15399239355.0,378149000.0,-66057000.0,5383000.0,196122000.0,-154726000.0,46782000.0,-136283000.0,-10918000.0,447001000.0,20649000.0,-39374000.0,-39374000.0,-39374000.0,31358000.0,0.0,-0.013,902258000.0,91294000.0,650219000.0,-3.875,2.092,13.095,13.531,1926404000.0,0.0,30.85,0.955,0.955,2076013000.0,9001254000.0,3146379000.0,3146379000.0,0.0,,,,,11637000.0,761691000.0,1.0,499164971.0,499189000.0,499189000.0,6.303,8657634000.0,277151000.0,63533000.0,253089000.0,17.343,2450694000.0
50,ITW,MRQ,2008-12-31,2008-12-31,2008-12-31,2021-09-07,-253211000.0,15203551000.0,,5753979000.0,9449572000.0,,14.992,-80079000.0,742950000.0,742950000.0,2616330000.0,233774000.0,1.193,0.982,3681856000.0,2433973000.0,1247883000.0,3681856000.0,0.0,134492000.0,0.0,0.034,0.31,370593000.0,505085000.0,0.128,505085000.0,370593000.0,328430000.0,0.47,0.46,0.47,7663475000.0,,7663475000.0,20643909565.0,9.0,6.823,509358000.0,0.996,1.0,1337699000.0,0.338,6297219000.0,42163000.0,7020145000.0,,1774697000.0,465894000.0,0.0,465894000.0,7528460000.0,4825093000.0,2703367000.0,17916252565.0,-124668000.0,-223054000.0,-388155000.0,194997000.0,-158461000.0,-351590000.0,-300352000.0,-11080000.0,589437000.0,-62163000.0,233774000.0,233774000.0,233774000.0,68691000.0,0.0,0.059,883201000.0,454498000.0,838717000.0,0.66,2.338,11.795,11.962,2109432000.0,0.0,35.05,1.048,1.048,2571987000.0,9196465000.0,3954029000.0,3954029000.0,0.0,,,,,9736000.0,831587000.0,1.0,511162698.0,511162698.0,,7.735,8906332000.0,282495000.0,94656000.0,341840000.0,17.424,928886000.0
51,ITW,MRQ,2008-09-30,2008-09-30,2008-09-30,2021-09-07,883117000.0,17019591000.0,,6978959000.0,10040632000.0,,17.563,-84443000.0,867618000.0,867618000.0,2936599000.0,453518000.0,1.392,0.871,3595275000.0,2197110000.0,1398165000.0,3595275000.0,0.0,182013000.0,0.0,0.026,0.31,676693000.0,858706000.0,0.192,858706000.0,676693000.0,638453000.0,0.88,0.87,0.88,9095920000.0,,9095920000.0,25374113291.0,10.0,7.545,604316000.0,1.167,1.0,1528022000.0,0.342,6472457000.0,38240000.0,8260553000.0,,1835525000.0,498348000.0,0.0,498348000.0,7923671000.0,5014238000.0,2909433000.0,23085925291.0,227444000.0,-540687000.0,-395871000.0,737040000.0,-145423000.0,196307000.0,-624187000.0,6473000.0,688759000.0,-33435000.0,453518000.0,453518000.0,453518000.0,11068000.0,0.0,0.102,857024000.0,670998000.0,1004094000.0,0.352,2.538,13.147,13.308,2120769000.0,0.0,44.45,1.283,1.28,2981707000.0,9117416000.0,4464621000.0,4464621000.0,0.0,,,,,10116000.0,806533000.0,1.0,519368398.0,517914000.0,521086000.0,8.62,10547134000.0,242696000.0,184935000.0,676024000.0,20.365,1964721000.0
52,ITW,MRQ,2008-06-30,2008-06-30,2008-06-30,2021-09-07,1195850000.0,16589955000.0,,6550242000.0,10039713000.0,,18.215,-91687000.0,640174000.0,640174000.0,2941457000.0,528090000.0,1.569,0.746,2928362000.0,1465927000.0,1462435000.0,2928362000.0,0.0,143820000.0,0.0,0.024,0.28,780839000.0,924659000.0,0.203,924659000.0,780839000.0,744251000.0,1.01,1.01,1.01,9499159000.0,,9499159000.0,26685383309.0,10.0,8.009,358417000.0,0.687,1.0,1614424000.0,0.354,6279880000.0,36588000.0,8423054000.0,,1845621000.0,506407000.0,0.0,506407000.0,7090796000.0,4175209000.0,2915587000.0,24837367309.0,-287267000.0,-437419000.0,-182358000.0,110421000.0,-146379000.0,-216700000.0,-518553000.0,8116000.0,450104000.0,-2118000.0,528090000.0,528090000.0,528090000.0,614000.0,0.0,0.116,857265000.0,757159000.0,1066646000.0,0.277,2.615,13.848,14.182,2285049000.0,0.0,47.51,1.438,1.435,3302285000.0,8822359000.0,4555881000.0,4555881000.0,0.0,,,,,10530000.0,814962000.0,1.0,522781884.0,521488000.0,525209000.0,8.736,10310075000.0,277585000.0,216161000.0,571104000.0,19.77,2375033000.0
53,ITW,MRQ,2008-03-31,2008-03-31,2008-03-31,2021-09-07,1157619000.0,15984943000.0,,6428717000.0,9556226000.0,,17.572,-82710000.0,927441000.0,927441000.0,2465943000.0,303621000.0,1.639,0.728,2775457000.0,1339993000.0,1435464000.0,2775457000.0,0.0,231582000.0,0.0,0.022,0.28,492453000.0,724035000.0,0.189,724035000.0,492453000.0,455026000.0,0.58,0.57,0.58,9247972000.0,,9247972000.0,26884817454.0,10.0,8.197,411214000.0,0.781,1.0,1357335000.0,0.355,5839536000.0,37427000.0,8070223000.0,,1766019000.0,506983000.0,0.0,506983000.0,6736971000.0,3923200000.0,2813771000.0,25412990454.0,99917000.0,-239769000.0,-368021000.0,425155000.0,-148427000.0,-89496000.0,-320225000.0,3840000.0,493924000.0,15714000.0,303621000.0,303621000.0,303621000.0,66240000.0,0.0,0.079,798642000.0,558693000.0,1019983000.0,0.483,2.748,14.349,14.84,2247641000.0,0.0,48.23,1.508,1.506,3014391000.0,8439692000.0,3823278000.0,3823278000.0,0.0,,,,,11304000.0,736591000.0,1.0,526912512.0,526299000.0,529725000.0,7.264,10145407000.0,261053000.0,151405000.0,513259000.0,19.277,2505517000.0
54,ITW,MRQ,2007-12-31,2007-12-31,2007-12-31,2021-09-07,1050786000.0,15525862000.0,,6165655000.0,9360207000.0,,17.191,-91368000.0,827524000.0,827524000.0,3417083000.0,470733000.0,2.083,0.66,2299351000.0,410512000.0,1888839000.0,2299351000.0,0.0,141948000.0,0.0,0.018,0.28,713727000.0,855675000.0,0.166,855675000.0,713727000.0,687366000.0,0.87,0.86,0.87,9351325000.0,,9351325000.0,30195787700.0,11.0,9.283,702031000.0,1.291,1.0,1730541000.0,0.336,5683341000.0,26361000.0,8354063000.0,,1625820000.0,507567000.0,0.0,507567000.0,6174537000.0,2960285000.0,3214252000.0,29123350700.0,225420000.0,-193139000.0,-782042000.0,591633000.0,-152308000.0,-340415000.0,-260438000.0,19874000.0,793399000.0,32874000.0,470733000.0,470733000.0,470733000.0,88550000.0,0.0,0.091,932951000.0,797590000.0,1002575000.0,0.322,3.114,15.575,15.794,2194010000.0,0.0,53.54,1.808,1.808,2915546000.0,9879065000.0,5147624000.0,5147624000.0,0.0,,,,,7696000.0,893204000.0,1.0,543955000.0,543955000.0,,9.463,9842521000.0,250509000.0,216633000.0,466039000.0,18.094,3205370000.0
55,ITW,MRQ,2007-09-30,2007-09-30,2007-09-30,2021-09-07,640098000.0,14882186000.0,,5702414000.0,9179772000.0,,17.08,-74549000.0,602104000.0,602104000.0,2389520000.0,491088000.0,2.37,0.585,1674541000.0,101467000.0,1573074000.0,1674541000.0,0.0,128040000.0,0.0,0.015,0.28,699568000.0,827608000.0,0.221,827608000.0,699568000.0,673785000.0,0.89,0.89,0.89,9386485000.0,,9386485000.0,33926514613.0,13.0,10.931,661892000.0,1.204,1.0,1354882000.0,0.362,5594394000.0,25783000.0,7954213000.0,,1607759000.0,546342000.0,0.0,546342000.0,5495701000.0,2406016000.0,3089685000.0,32923348613.0,120596000.0,-184501000.0,-456282000.0,182831000.0,-115874000.0,-385301000.0,-240599000.0,25242000.0,736441000.0,10055000.0,491088000.0,491088000.0,491088000.0,-26987000.0,0.0,0.131,705325000.0,649557000.0,931375000.0,0.315,3.508,17.909,18.073,2120571000.0,0.0,59.64,2.357,2.347,2842414000.0,9556758000.0,3744402000.0,3744402000.0,0.0,,,,,7730000.0,669563000.0,1.0,552034685.0,549561000.0,554255000.0,6.813,9287792000.0,335109000.0,182697000.0,449370000.0,16.9,3296398000.0
56,ITW,MRQ,2007-06-30,2007-06-30,2007-06-30,2021-09-07,537831000.0,14636400000.0,,5654283000.0,8982117000.0,,16.862,-85050000.0,481508000.0,481508000.0,2657405000.0,505606000.0,2.005,0.559,1484674000.0,528096000.0,956578000.0,1484674000.0,0.0,129579000.0,0.0,0.016,0.21,742791000.0,872370000.0,0.211,872370000.0,742791000.0,717184000.0,0.91,0.9,0.91,9388456000.0,,9388456000.0,31127470315.0,12.0,10.222,446588000.0,0.802,1.0,1479431000.0,0.358,5409113000.0,25607000.0,7410301000.0,,1612380000.0,560667000.0,0.0,560667000.0,5247944000.0,2820152000.0,2427792000.0,30168614315.0,-93067000.0,-97317000.0,-273902000.0,-86293000.0,-116911000.0,-473211000.0,-172082000.0,10444000.0,531638000.0,20588000.0,505606000.0,505606000.0,505606000.0,-25170000.0,0.0,0.122,783835000.0,695596000.0,921857000.0,0.231,3.213,16.822,16.934,2116828000.0,0.0,54.19,2.192,2.193,2882698000.0,9217978000.0,4136836000.0,4136836000.0,0.0,,,,,7659000.0,744056000.0,1.0,556719216.0,556793000.0,561244000.0,7.43,9227287000.0,346883000.0,211578000.0,463339000.0,16.572,2834131000.0
57,ITW,MRQ,2007-03-31,2007-03-31,2007-03-31,2021-09-07,434249000.0,14373607000.0,,5504463000.0,8869144000.0,,16.381,-80567000.0,574575000.0,574575000.0,2413010000.0,402435000.0,1.997,0.57,1533431000.0,577141000.0,956290000.0,1533431000.0,0.0,125177000.0,0.0,0.015,0.21,600953000.0,726130000.0,0.195,726130000.0,600953000.0,576574000.0,0.72,0.71,0.72,9156765000.0,,9156765000.0,29663383421.0,12.0,10.022,342252000.0,0.612,1.0,1303631000.0,0.351,5283554000.0,24379000.0,7292275000.0,,1601705000.0,552206000.0,0.0,552206000.0,5216842000.0,2756634000.0,2460208000.0,28835259421.0,-15632000.0,-177343000.0,-128870000.0,89215000.0,-117337000.0,-191001000.0,-250929000.0,6890000.0,422819000.0,3479000.0,402435000.0,402435000.0,402435000.0,-17422000.0,0.0,0.108,735154000.0,568477000.0,918057000.0,0.292,3.149,16.443,16.592,2070509000.0,0.0,51.6,2.184,2.185,2681515000.0,8828246000.0,3716641000.0,3716641000.0,0.0,,,,,7386000.0,694976000.0,1.0,558822857.0,559001000.0,563280000.0,6.649,9090053000.0,375903000.0,174139000.0,431066000.0,16.261,2747829000.0
58,ITW,MRQ,2006-12-31,2006-12-31,2006-12-31,2021-09-07,446639000.0,13880439000.0,,5206405000.0,8674034000.0,,15.907,-74997000.0,590207000.0,590207000.0,1477327000.0,439270000.0,1.975,0.539,1418331000.0,462721000.0,955610000.0,1418331000.0,0.0,125994000.0,0.0,0.016,0.21,551495000.0,677489000.0,0.286,677489000.0,551495000.0,524842000.0,0.78,0.77,0.78,9017508000.0,,9017508000.0,27055120658.0,11.0,9.35,668434000.0,1.179,1.0,892495000.0,0.377,5138687000.0,26653000.0,6933292000.0,,1482508000.0,595083000.0,0.0,595083000.0,4862931000.0,2636584000.0,2226347000.0,26184104658.0,-27705000.0,-623336000.0,-186339000.0,-89541000.0,-118999000.0,-399043000.0,-375789000.0,315559000.0,743431000.0,3696000.0,439270000.0,439270000.0,439270000.0,-150690000.0,0.0,0.185,511058000.0,381437000.0,824993000.0,0.269,2.904,15.243,15.194,2053457000.0,0.0,46.19,2.048,2.048,2471273000.0,10406511000.0,2369822000.0,2369822000.0,0.0,,,,,6923000.0,475656000.0,1.0,566878213.0,566878213.0,,4.18,8741752000.0,313105000.0,85572000.0,420503000.0,15.421,2569821000.0
59,ITW,MRQ,2006-09-30,2006-09-30,2006-09-30,2021-09-07,287619000.0,13250469000.0,,5091751000.0,8158718000.0,,15.346,-73931000.0,617912000.0,617912000.0,2292192000.0,446092000.0,2.084,0.521,1488928000.0,524626000.0,964302000.0,1488928000.0,0.0,106416000.0,0.0,0.016,0.21,662696000.0,769112000.0,0.217,769112000.0,662696000.0,641892000.0,0.79,0.78,0.79,8711188000.0,,8711188000.0,26090778185.0,11.0,8.988,495674000.0,0.873,1.0,1245822000.0,0.352,4311162000.0,20804000.0,7366656000.0,,1444560000.0,917744000.0,0.0,917744000.0,4539281000.0,2443667000.0,2095614000.0,25498106185.0,158726000.0,-446491000.0,-244575000.0,431892000.0,-93664000.0,100351000.0,-515978000.0,11719000.0,569605000.0,4748000.0,446092000.0,446092000.0,446092000.0,0.0,0.0,0.126,618956000.0,626866000.0,768469000.0,0.266,2.927,15.186,15.067,1979140000.0,0.0,44.9,1.9,1.9,2369654000.0,10084576000.0,3538014000.0,3538014000.0,0.0,,,,,8081000.0,593719000.0,1.0,567886552.0,567637000.0,570929000.0,6.233,8939307000.0,197177000.0,195800000.0,207640000.0,15.748,2648084000.0
60,ITW,MRQ,2006-06-30,2006-06-30,2006-06-30,2021-09-07,267156000.0,12543986000.0,,4816258000.0,7727728000.0,,15.145,-73382000.0,459186000.0,459186000.0,2292821000.0,465854000.0,2.442,0.46,1051858000.0,91713000.0,960145000.0,1051858000.0,0.0,101752000.0,0.0,0.014,0.165,685463000.0,787215000.0,0.22,787215000.0,685463000.0,666454000.0,0.82,0.81,0.82,8593917000.0,,8593917000.0,27684774160.0,11.0,9.72,288225000.0,0.508,1.0,1286649000.0,0.359,3997555000.0,19009000.0,7166975000.0,,1370047000.0,907515000.0,0.0,907515000.0,3950069000.0,1972128000.0,1977941000.0,26948510160.0,4716000.0,-82105000.0,21000000.0,-139940000.0,-93563000.0,-201951000.0,-149238000.0,4530000.0,361607000.0,-5702000.0,465854000.0,465854000.0,465854000.0,0.0,0.0,0.13,626885000.0,659764000.0,763027000.0,0.201,3.136,16.42,16.323,1916032000.0,0.0,47.5,2.06,2.061,2374172000.0,9757485000.0,3579470000.0,3579470000.0,0.0,,,,,8276000.0,602221000.0,1.0,567337056.0,567446000.0,571954000.0,6.308,8546431000.0,185854000.0,200600000.0,117356000.0,15.061,2844130000.0
61,ITW,MRQ,2006-03-31,2006-03-31,2006-03-31,2021-09-07,150430000.0,11950522000.0,,4352100000.0,7598422000.0,,14.303,-64506000.0,454470000.0,454470000.0,2119674000.0,366530000.0,2.237,0.482,1190734000.0,230757000.0,959977000.0,1190734000.0,0.0,109744000.0,0.0,0.013,0.165,550127000.0,659871000.0,0.2,659871000.0,550127000.0,531230000.0,0.65,0.65,0.65,8065172000.0,,8065172000.0,27896099081.0,12.0,10.233,326879000.0,0.58,1.0,1177362000.0,0.357,3956041000.0,18897000.0,6784846000.0,,1279108000.0,890227000.0,0.0,890227000.0,3885350000.0,1945899000.0,1939451000.0,27055296081.0,84053000.0,-186473000.0,42007000.0,-23970000.0,-92620000.0,-74583000.0,-233410000.0,10210000.0,391385000.0,661000.0,366530000.0,366530000.0,366530000.0,0.0,0.0,0.111,637394000.0,539968000.0,685725000.0,0.254,3.355,17.465,17.575,1843207000.0,0.0,48.155,2.116,2.124,2191698000.0,9385295000.0,3297036000.0,3297036000.0,0.0,,,,,11501000.0,601421000.0,1.0,561837734.0,563874000.0,567689000.0,5.847,7994481000.0,189129000.0,164700000.0,93289000.0,14.178,2406201000.0
62,ITW,MRQ,2005-12-31,2005-12-31,2005-12-31,2021-09-07,122012000.0,11445643000.0,,4111605000.0,7334038000.0,,13.452,-68516000.0,370417000.0,370417000.0,1908257000.0,400579000.0,2.055,0.517,1211220000.0,252899000.0,958321000.0,1211220000.0,0.0,100660000.0,0.0,0.014,0.165,585955000.0,686615000.0,0.229,686615000.0,585955000.0,561485000.0,0.72,0.71,0.72,7546895000.0,,7546895000.0,25674254626.0,11.0,9.697,420156000.0,0.749,1.0,1094007000.0,0.364,3678938000.0,24470000.0,6606777000.0,,1203063000.0,896487000.0,0.0,896487000.0,3898748000.0,2000731000.0,1898017000.0,24681455626.0,19072000.0,-314119000.0,6245000.0,-131574000.0,-92384000.0,-224834000.0,-236732000.0,144897000.0,488672000.0,-8034000.0,400579000.0,400579000.0,400579000.0,-14434000.0,0.0,0.133,562631000.0,531376000.0,652698000.0,0.229,3.27,16.511,16.792,1807109000.0,0.0,43.995,1.968,1.968,2098276000.0,9112328000.0,3002264000.0,3002264000.0,0.0,,,,,18904000.0,535762000.0,1.0,561005924.0,561005924.0,,5.352,7766705000.0,214008000.0,160906000.0,81194000.0,13.844,2110874000.0
63,ITW,MRQ,2005-09-30,2005-09-30,2005-09-30,2021-09-07,204321000.0,11235207000.0,,4052825000.0,7182382000.0,,12.873,-62315000.0,351345000.0,351345000.0,2077754000.0,408202000.0,2.006,0.543,1344144000.0,378609000.0,965535000.0,1344144000.0,0.0,93982000.0,0.0,0.014,0.165,620665000.0,714647000.0,0.223,714647000.0,620665000.0,600202000.0,0.72,0.72,0.72,7281126000.0,,7281126000.0,24349512126.0,11.0,9.41,499281000.0,0.883,1.0,1122400000.0,0.351,3377213000.0,20463000.0,6830392000.0,,1229667000.0,1021199000.0,0.0,1021199000.0,3954081000.0,2020401000.0,1933680000.0,23544195126.0,-507334000.0,-111011000.0,-465797000.0,-318673000.0,-79909000.0,-864379000.0,-184477000.0,551000.0,561596000.0,-20074000.0,408202000.0,408202000.0,408202000.0,0.0,0.0,0.128,557184000.0,565216000.0,636280000.0,0.229,3.234,16.211,16.4,1825459000.0,0.0,41.165,1.892,1.871,2168592000.0,8804369000.0,3200154000.0,3200154000.0,0.0,,,,,14147000.0,541414000.0,1.0,571946924.0,565596000.0,570018000.0,5.658,7857994000.0,209002000.0,192000000.0,30511000.0,13.893,2032424000.0
64,ITW,MRQ,2005-06-30,2005-06-30,2005-06-30,2021-09-07,214564000.0,11629115000.0,,4567116000.0,7061999000.0,,12.899,-76147000.0,858679000.0,858679000.0,2153884000.0,373782000.0,2.003,0.566,1663996000.0,696788000.0,967208000.0,1663996000.0,0.0,89806000.0,0.0,0.014,0.14,575188000.0,664994000.0,0.202,664994000.0,575188000.0,546382000.0,0.65,0.64,0.65,7427201000.0,,7427201000.0,23839815632.0,11.0,9.637,422177000.0,0.733,1.0,1132177000.0,0.345,3312107000.0,28806000.0,6841943000.0,,1274538000.0,971354000.0,0.0,971354000.0,4201914000.0,2280382000.0,1921532000.0,23138914632.0,-194262000.0,-11770000.0,-380285000.0,-87379000.0,-81146000.0,-548810000.0,-79318000.0,9671000.0,498324000.0,-64458000.0,373782000.0,373782000.0,373782000.0,0.0,0.0,0.114,572271000.0,559906000.0,635713000.0,0.215,3.115,16.838,17.026,1822236000.0,0.0,39.84,1.895,1.879,2134215000.0,8488550000.0,3286061000.0,3286061000.0,0.0,,,,,15514000.0,557058000.0,1.0,580796050.0,575805000.0,580030000.0,5.707,8317008000.0,277823000.0,172600000.0,1213000.0,14.444,2286734000.0
65,ITW,MRQ,2005-03-31,2005-03-31,2005-03-31,2021-09-07,425157000.0,12005915000.0,,4856242000.0,7149673000.0,,13.227,-52264000.0,1052941000.0,1052941000.0,2019025000.0,312306000.0,2.048,0.557,1753842000.0,785985000.0,967857000.0,1753842000.0,0.0,98626000.0,0.0,0.012,0.14,482861000.0,581487000.0,0.191,581487000.0,482861000.0,462606000.0,0.535,0.53,0.535,7708693000.0,,7708693000.0,26623071924.0,13.0,10.843,250687000.0,0.43,1.0,1032856000.0,0.338,3336226000.0,20255000.0,6999272000.0,,1361403000.0,981028000.0,0.0,981028000.0,4297222000.0,2371318000.0,1925904000.0,26165840924.0,385551000.0,-188547000.0,-177398000.0,630752000.0,-81653000.0,371701000.0,-288879000.0,-55277000.0,302951000.0,-222000.0,312306000.0,312306000.0,312306000.0,0.0,0.0,0.102,574124000.0,458732000.0,681418000.0,0.262,3.394,19.228,19.677,1875221000.0,0.0,44.765,2.194,2.188,2132492000.0,8194678000.0,3051881000.0,3051881000.0,0.0,,,,,15579000.0,548134000.0,1.0,584515602.0,582788000.0,587200000.0,5.237,8669689000.0,250728000.0,150300000.0,13651000.0,14.876,2484924000.0
66,ITW,MRQ,2004-12-31,2004-12-31,2004-12-31,2021-09-07,413415000.0,11351934000.0,,4322198000.0,7029736000.0,,12.898,-78427000.0,667390000.0,667390000.0,1961366000.0,358097000.0,2.335,0.488,1124621000.0,203523000.0,921098000.0,1124621000.0,0.0,89403000.0,0.0,0.011,0.14,536968000.0,626371000.0,0.216,626371000.0,536968000.0,512797000.0,0.605,0.605,0.605,7627610000.0,,7627610000.0,27495342205.0,13.0,11.318,309307000.0,0.523,1.0,942096000.0,0.324,3193055000.0,24171000.0,6765139000.0,,1281156000.0,912483000.0,0.0,912483000.0,3724324000.0,1850971000.0,1873353000.0,27404554205.0,-262893000.0,-145818000.0,-517603000.0,100606000.0,-83033000.0,-500030000.0,-235610000.0,-639000.0,387734000.0,85013000.0,358097000.0,358097000.0,358097000.0,1082000.0,0.0,0.123,540387000.0,401709000.0,685464000.0,0.231,3.593,20.471,20.968,1876875000.0,0.0,46.34,2.366,2.366,2054624000.0,7963518000.0,2903462000.0,2903462000.0,0.0,,,,,8039000.0,528958000.0,1.0,591380108.0,591380108.0,,4.91,8158879000.0,380588000.0,154700000.0,2604000.0,13.796,2471227000.0
67,ITW,MRQ,2004-09-30,2004-09-30,2004-09-30,2021-09-07,135619000.0,11397973000.0,,4416572000.0,6981401000.0,,12.514,-58789000.0,930283000.0,930283000.0,1934831000.0,330051000.0,2.2,0.511,1021071000.0,97067000.0,924004000.0,1021071000.0,0.0,82251000.0,0.0,0.011,0.14,518563000.0,600814000.0,0.202,600814000.0,518563000.0,500051000.0,0.55,0.545,0.55,7543307000.0,,7543307000.0,27607938327.0,14.0,11.932,393756000.0,0.653,1.0,1032337000.0,0.348,3075911000.0,18512000.0,6405717000.0,,1142532000.0,900346000.0,0.0,900346000.0,3854666000.0,2007133000.0,1847533000.0,28161674327.0,-606925000.0,-62066000.0,-924509000.0,38427000.0,-73572000.0,-959654000.0,-103705000.0,11851000.0,452545000.0,3889000.0,330051000.0,330051000.0,330051000.0,0.0,0.0,0.111,520099000.0,512238000.0,623105000.0,0.255,3.733,22.282,22.559,1807923000.0,0.0,46.585,2.491,2.484,1983649000.0,7687073000.0,2967168000.0,2967168000.0,0.0,,,,,8076000.0,509482000.0,1.0,604522364.0,602780000.0,607932000.0,4.922,8322062000.0,635061000.0,170000000.0,372857000.0,13.806,2409439000.0
68,ITW,MRQ,2004-06-30,2004-06-30,2004-06-30,2021-09-07,133049000.0,11850409000.0,,4998734000.0,6851675000.0,,13.324,-66729000.0,1537208000.0,1537208000.0,1929803000.0,360350000.0,2.793,0.443,983472000.0,59962000.0,923510000.0,983472000.0,0.0,81617000.0,0.0,0.01,0.12,565041000.0,646658000.0,0.215,646658000.0,565041000.0,546050000.0,0.585,0.58,0.585,8210153000.0,,8210153000.0,28945289718.0,15.0,13.052,310089000.0,0.503,1.0,1072468000.0,0.357,3039935000.0,18991000.0,6466923000.0,,1098222000.0,893052000.0,0.0,893052000.0,3640256000.0,1789815000.0,1850441000.0,29702148718.0,-191850000.0,-193253000.0,-223138000.0,5157000.0,-74028000.0,-292009000.0,-255481000.0,5591000.0,376818000.0,-21178000.0,360350000.0,360350000.0,360350000.0,0.0,0.0,0.12,510932000.0,561536000.0,623647000.0,0.205,3.618,24.695,24.524,1791330000.0,0.0,47.945,2.732,2.718,1979770000.0,7440056000.0,3002271000.0,3002271000.0,0.0,,,,,8136000.0,502880000.0,1.0,619504614.0,616172000.0,621276000.0,4.872,8810474000.0,588659000.0,185700000.0,224477000.0,14.299,3208919000.0
69,ITW,MRQ,2004-03-31,2004-03-31,2004-03-31,2021-09-07,229031000.0,11766114000.0,,5095393000.0,6670721000.0,,13.353,-55237000.0,1729058000.0,1729058000.0,1750343000.0,290196000.0,2.999,0.429,972199000.0,51350000.0,920849000.0,972199000.0,0.0,100012000.0,0.0,0.012,0.12,455478000.0,555490000.0,0.205,555490000.0,455478000.0,439596000.0,0.47,0.465,0.47,8234116000.0,,8234116000.0,23811546501.0,13.0,11.366,264463000.0,0.429,1.0,960006000.0,0.354,2894367000.0,15882000.0,6416116000.0,,1070483000.0,851657000.0,0.0,851657000.0,3531998000.0,1698772000.0,1833226000.0,24519575501.0,44575000.0,-180151000.0,14552000.0,-16703000.0,-73948000.0,-76099000.0,-221297000.0,4167000.0,319700000.0,22271000.0,290196000.0,290196000.0,290196000.0,-171000.0,0.0,0.107,512364000.0,447642000.0,611398000.0,0.255,2.978,21.922,21.766,1783239000.0,0.0,39.615,2.35,2.342,1909639000.0,7153277000.0,2710349000.0,2710349000.0,0.0,,,,,8263000.0,483341000.0,1.0,618946750.0,616642000.0,620818000.0,4.395,8871747000.0,616646000.0,149400000.0,204680000.0,14.387,3396621000.0
70,ITW,MRQ,2003-12-31,2003-12-31,2003-12-31,2021-09-07,109811000.0,11193321000.0,,4783202000.0,6410119000.0,,12.778,-70946000.0,1684483000.0,1684483000.0,1720444000.0,283297000.0,3.213,0.422,976454000.0,56094000.0,920360000.0,976454000.0,0.0,79315000.0,0.0,0.011,0.12,431583000.0,510898000.0,0.195,510898000.0,431583000.0,413597000.0,0.46,0.46,0.46,7874286000.0,,7874286000.0,25478152731.0,16.0,13.155,409263000.0,0.664,1.0,905514000.0,0.345,2798863000.0,17986000.0,6197526000.0,,991979000.0,832358000.0,0.0,832358000.0,3319035000.0,1488903000.0,1830132000.0,25854547731.0,311642000.0,-43794000.0,18138000.0,-34171000.0,-73761000.0,-90454000.0,-116422000.0,-4582000.0,480209000.0,38309000.0,283297000.0,283297000.0,283297000.0,3612000.0,0.0,0.108,473798000.0,431716000.0,555355000.0,0.261,3.283,25.256,25.198,1728638000.0,0.0,41.955,2.576,2.576,1721186000.0,6937110000.0,2625958000.0,2625958000.0,0.0,,,,,4415000.0,468497000.0,1.0,616244732.0,616244732.0,,4.261,8394458000.0,588375000.0,130300000.0,6504000.0,13.622,3294299000.0
71,ITW,MRQ,2003-09-30,2003-09-30,2003-09-30,2021-09-07,-112232000.0,10795619000.0,,4407649000.0,6387970000.0,,12.046,-45861000.0,1372841000.0,1372841000.0,1634056000.0,268902000.0,2.895,0.459,996446000.0,70161000.0,926285000.0,996446000.0,0.0,74398000.0,0.0,0.014,0.12,430328000.0,504726000.0,0.199,504726000.0,430328000.0,414202000.0,0.44,0.435,0.44,7399657000.0,,7399657000.0,20727699576.0,13.0,11.101,349171000.0,0.568,1.0,897829000.0,0.355,2733532000.0,16126000.0,6163113000.0,,979994000.0,823558000.0,0.0,823558000.0,3395962000.0,1522579000.0,1873383000.0,20398959576.0,138773000.0,-61740000.0,13154000.0,-22433000.0,-70589000.0,-78927000.0,-161549000.0,-51334000.0,395032000.0,-15783000.0,268902000.0,268902000.0,268902000.0,874000.0,0.0,0.106,471153000.0,426676000.0,498509000.0,0.273,2.757,21.175,21.035,1670247000.0,0.0,33.13,2.074,2.069,1701858000.0,6727761000.0,2531885000.0,2531885000.0,0.0,,,,,4422000.0,466335000.0,1.0,615724708.0,614284000.0,617992000.0,4.122,8062087000.0,774378000.0,145300000.0,184182000.0,13.124,2885070000.0
72,ITW,MRQ,2003-06-30,2003-06-30,2003-06-30,2021-09-07,-3851000.0,11262790000.0,,4322542000.0,6940248000.0,,11.89,-58615000.0,1234068000.0,1234068000.0,1659400000.0,276104000.0,2.823,0.544,1562808000.0,116764000.0,1446044000.0,1562808000.0,0.0,75655000.0,0.0,0.014,0.115,448132000.0,523787000.0,0.204,523787000.0,448132000.0,429004000.0,0.45,0.45,0.45,7295319000.0,,7295319000.0,20680139996.0,14.0,11.293,217711000.0,0.355,1.0,904590000.0,0.353,2703532000.0,19128000.0,7356784000.0,,1011693000.0,1417228000.0,0.0,1417228000.0,3967471000.0,1531214000.0,2436257000.0,20252906996.0,108518000.0,-58098000.0,6468000.0,-6484000.0,-70535000.0,-71278000.0,-123317000.0,-4338000.0,276326000.0,26787000.0,276104000.0,276104000.0,276104000.0,7941000.0,0.0,0.108,450524000.0,454066000.0,512759000.0,0.256,2.776,21.546,21.45,1703455000.0,0.0,32.925,2.087,2.081,1709734000.0,6532619000.0,2563990000.0,2563990000.0,0.0,,,,,8940000.0,445677000.0,1.0,615122460.0,613578000.0,616418000.0,4.179,8559258000.0,775862000.0,152900000.0,115714000.0,13.95,2791328000.0
73,ITW,MRQ,2003-03-31,2003-03-31,2003-03-31,2021-09-07,-163575000.0,10846409000.0,,4051406000.0,6795003000.0,,11.283,-53401000.0,1125550000.0,1125550000.0,1513792000.0,195377000.0,2.729,0.568,1552783000.0,100998000.0,1451785000.0,1552783000.0,0.0,77185000.0,0.0,0.019,0.115,320209000.0,397394000.0,0.172,397394000.0,320209000.0,302777000.0,0.32,0.315,0.32,6919082000.0,,6919082000.0,18400704651.0,12.0,10.136,163773000.0,0.267,1.0,799998000.0,0.346,2640513000.0,17432000.0,7148308000.0,,1008967000.0,1388496000.0,0.0,1388496000.0,3927327000.0,1484821000.0,2442506000.0,17876406651.0,67863000.0,-18673000.0,2597000.0,-32678000.0,-70514000.0,-100137000.0,-82573000.0,-13473000.0,217174000.0,33399000.0,195377000.0,195377000.0,195377000.0,4107000.0,0.0,0.084,478998000.0,321000000.0,496326000.0,0.359,2.584,19.193,19.128,1657462000.0,0.0,29.075,1.867,1.862,1562330000.0,6327105000.0,2313790000.0,2313790000.0,0.0,,,,,0.0,469688000.0,1.0,614837718.0,613244000.0,615544000.0,3.773,8205896000.0,778306000.0,107400000.0,177571000.0,13.381,2566585000.0
74,ITW,MRQ,2002-12-31,2002-12-31,2002-12-31,2021-09-07,-302376000.0,10623101000.0,,3874765000.0,6748336000.0,,10.849,-69426000.0,1057687000.0,1057687000.0,1601121000.0,222988000.0,2.424,0.598,1581985000.0,121604000.0,1460381000.0,1581985000.0,0.0,77654000.0,0.0,0.017,0.115,363617000.0,441271000.0,0.182,441271000.0,363617000.0,345738000.0,0.365,0.36,0.365,6649071000.0,,6649071000.0,20762366088.0,16.0,13.07,275186000.0,0.449,1.0,826302000.0,0.34,2624810000.0,17879000.0,6924225000.0,,962746000.0,1392410000.0,0.0,1392410000.0,3974030000.0,1598364000.0,2375666000.0,19875317088.0,337266000.0,124451000.0,3493000.0,-19962000.0,-70480000.0,-85593000.0,78232000.0,24522000.0,344612000.0,15000.0,222988000.0,222988000.0,222988000.0,4945000.0,0.0,0.092,456374000.0,369928000.0,487472000.0,0.315,2.989,27.892,27.837,1631249000.0,0.0,32.43,2.099,2.099,1500031000.0,6202263000.0,2427423000.0,2427423000.0,0.0,,,,,193000.0,443587000.0,1.0,612868242.0,612868242.0,,3.961,7998291000.0,759363000.0,122750000.0,124397000.0,13.051,2276401000.0
75,ITW,MRQ,2002-09-30,2002-09-30,2002-09-30,2021-09-07,-269864000.0,10427800000.0,,3707334000.0,6720466000.0,,10.604,-51346000.0,720421000.0,720421000.0,1561548000.0,245536000.0,2.441,0.605,1607470000.0,132804000.0,1474666000.0,1607470000.0,0.0,77030000.0,0.0,0.019,0.115,391688000.0,468718000.0,0.195,468718000.0,391688000.0,377036000.0,0.4,0.4,0.4,6498240000.0,,6498240000.0,19042973690.0,16.0,12.343,328612000.0,0.536,1.0,839490000.0,0.35,2594978000.0,14652000.0,7200992000.0,,981949000.0,1412901000.0,0.0,1412901000.0,3929560000.0,1518879000.0,2410681000.0,17871910690.0,235082000.0,-11547000.0,1413000.0,-58830000.0,-67403000.0,-123527000.0,-53947000.0,5781000.0,379958000.0,32598000.0,245536000.0,245536000.0,245536000.0,-1276000.0,0.0,0.102,442554000.0,396936000.0,486523000.0,0.287,2.75,26.256,26.275,1636727000.0,0.0,29.165,1.918,1.918,1574888000.0,6049789000.0,2401038000.0,2401038000.0,0.0,,,,,0.0,437526000.0,1.0,612786240.0,612816000.0,615786000.0,3.918,7832822000.0,697053000.0,131500000.0,51721000.0,12.782,2188455000.0
76,ITW,MRQ,2002-06-30,2002-06-30,2002-06-30,2021-09-07,-331324000.0,10171562000.0,,3450249000.0,6721313000.0,,10.219,-59998000.0,485339000.0,485339000.0,1576003000.0,267511000.0,2.314,0.625,1656402000.0,171338000.0,1485064000.0,1656402000.0,0.0,74709000.0,0.0,0.016,0.22,433332000.0,508041000.0,0.209,508041000.0,433332000.0,414911000.0,0.435,0.435,0.435,6260263000.0,,6260263000.0,22155049816.0,19.0,14.828,221294000.0,0.361,1.0,858622000.0,0.353,2540364000.0,18421000.0,7311549000.0,,957518000.0,1428717000.0,0.0,1428717000.0,3911299000.0,1490712000.0,2420587000.0,20909833816.0,204313000.0,-56508000.0,8478000.0,116170000.0,-67352000.0,57890000.0,-163237000.0,-44042000.0,281292000.0,28368000.0,267511000.0,267511000.0,267511000.0,-2266000.0,0.0,0.11,429614000.0,429008000.0,467815000.0,0.506,3.34,32.971,32.995,1633492000.0,0.0,34.15,2.268,2.269,1584827000.0,5874734000.0,2434625000.0,2434625000.0,0.0,,,,,0.0,424368000.0,1.0,612293816.0,612606000.0,616880000.0,3.974,7631198000.0,713201000.0,147400000.0,37871000.0,12.457,1959537000.0
77,ITW,MRQ,2002-03-31,2002-03-31,2002-03-31,2021-09-07,-437016000.0,9682746000.0,,3157233000.0,6525513000.0,,9.73,-61446000.0,281026000.0,281026000.0,1475119000.0,-23443000.0,2.029,0.628,1526242000.0,276498000.0,1249744000.0,1526242000.0,0.0,76359000.0,0.0,0.012,0.11,94160000.0,170519000.0,0.077,170519000.0,94160000.0,76657000.0,-0.04,-0.04,-0.04,5945936000.0,,5945936000.0,23429889534.0,21.0,16.02,221448000.0,0.362,1.0,729535000.0,0.331,2490427000.0,17503000.0,6881512000.0,,964958000.0,1379207000.0,0.0,1379207000.0,3736810000.0,1556023000.0,2180787000.0,22131525534.0,-1198000.0,-33555000.0,30997000.0,-40873000.0,-67084000.0,-77413000.0,-194305000.0,-103222000.0,282894000.0,-12374000.0,-23443000.0,-23443000.0,-23443000.0,-4075000.0,0.0,-0.011,419636000.0,309899000.0,458216000.0,-2.75,3.722,36.919,36.726,1605180000.0,0.0,36.175,2.405,2.402,1486807000.0,5674625000.0,2204654000.0,2204654000.0,0.0,,,,,0.0,414764000.0,1.0,611790616.0,611064000.0,615970000.0,3.608,7192319000.0,688054000.0,100100000.0,56305000.0,11.77,1601210000.0
78,ITW,MRQ,2001-12-31,2001-12-31,2001-12-31,2021-09-07,-401925000.0,9822349000.0,,3163244000.0,6659105000.0,,9.913,-57290000.0,282224000.0,282224000.0,1530776000.0,191070000.0,2.007,0.626,1580588000.0,313447000.0,1267141000.0,1580588000.0,0.0,91534000.0,0.0,0.012,0.11,303947000.0,395481000.0,0.174,395481000.0,303947000.0,289207000.0,0.315,0.31,0.315,6040738000.0,,6040738000.0,22367996449.0,17.0,13.248,460296000.0,0.755,1.0,747505000.0,0.328,2738694000.0,14740000.0,6806107000.0,,994156000.0,1278285000.0,0.0,1278285000.0,3781611000.0,1575912000.0,2205699000.0,20632808449.0,52911000.0,-16650000.0,8049000.0,-363891000.0,-67001000.0,-422977000.0,49920000.0,117805000.0,517586000.0,-3662000.0,191070000.0,191070000.0,191070000.0,-3361000.0,0.0,0.084,439716000.0,307789000.0,434333000.0,0.349,3.416,25.61,25.555,1633690000.0,0.0,33.86,2.22,2.22,1450029000.0,5765421000.0,2278281000.0,2278281000.0,0.0,,,,,0.0,414825000.0,1.0,609356422.0,609356422.0,,3.739,7083655000.0,636706000.0,98137000.0,32922000.0,11.625,1587332000.0
79,ITW,MRQ,2001-09-30,2001-09-30,2001-09-30,2021-09-07,-383389000.0,10153564000.0,,3349215000.0,6804349000.0,,9.672,-53097000.0,229313000.0,229313000.0,1527862000.0,199055000.0,1.712,0.724,1964501000.0,584130000.0,1380371000.0,1964501000.0,0.0,97225000.0,0.0,0.015,0.11,322908000.0,420133000.0,0.183,420133000.0,322908000.0,305122000.0,0.325,0.325,0.325,5890842000.0,,5890842000.0,18250285534.0,14.0,10.615,227573000.0,0.374,1.0,773306000.0,0.336,2812254000.0,17786000.0,7120148000.0,,1153220000.0,1294550000.0,0.0,1294550000.0,4262722000.0,1956350000.0,2306372000.0,16477298534.0,52395000.0,-227086000.0,1446000.0,13954000.0,-60899000.0,-45855000.0,-313853000.0,-34092000.0,280670000.0,8999000.0,199055000.0,199055000.0,199055000.0,-1174000.0,0.0,0.087,451572000.0,321734000.0,472146000.0,0.338,2.797,20.191,20.115,1736399000.0,0.0,27.055,1.816,1.816,1629559000.0,5641435000.0,2301168000.0,2301168000.0,0.0,,,,,0.0,420832000.0,1.0,609029700.0,609044000.0,612926000.0,3.778,7341310000.0,699216000.0,106067000.0,109181000.0,12.054,1392865000.0
80,ITW,MRQ,2001-06-30,2001-06-30,2001-06-30,2021-09-07,-446587000.0,9871266000.0,,3295734000.0,6575532000.0,,9.36,-60146000.0,176931000.0,176931000.0,1595250000.0,232776000.0,1.782,0.734,1949918000.0,559484000.0,1390434000.0,1949918000.0,0.0,100107000.0,0.0,0.013,0.1,376332000.0,476439000.0,0.197,476439000.0,376332000.0,358996000.0,0.385,0.38,0.385,5694096000.0,,5694096000.0,20950917266.0,15.0,11.464,235387000.0,0.387,1.0,822252000.0,0.34,2624540000.0,17336000.0,7169904000.0,,1154948000.0,1280334000.0,0.0,1280334000.0,4177170000.0,1849809000.0,2327361000.0,19240397266.0,27426000.0,-253146000.0,18058000.0,96393000.0,-60751000.0,55404000.0,-301953000.0,11050000.0,295533000.0,-9354000.0,232776000.0,232776000.0,232776000.0,1682000.0,0.0,0.096,442380000.0,379872000.0,469971000.0,0.26,3.379,21.836,21.753,1711782000.0,0.0,31.65,2.082,2.083,1635693000.0,5509381000.0,2417502000.0,2417502000.0,0.0,,,,,0.0,416903000.0,1.0,607911446.0,608320000.0,612954000.0,3.974,7246726000.0,695059000.0,126220000.0,58182000.0,11.913,1445925000.0
81,ITW,MRQ,2001-03-31,2001-03-31,2001-03-31,2021-09-07,-366781000.0,9625717000.0,,3316197000.0,6309520000.0,,9.21,-66029000.0,149492000.0,149492000.0,1537365000.0,182758000.0,1.831,0.724,1860012000.0,466665000.0,1393347000.0,1860012000.0,0.0,97442000.0,0.0,0.014,0.1,298923000.0,396365000.0,0.173,396365000.0,298923000.0,280734000.0,0.3,0.3,0.3,5583917000.0,,5583917000.0,19046146809.0,13.0,10.052,191208000.0,0.315,1.0,758475000.0,0.33,2506828000.0,18189000.0,7018705000.0,,1192882000.0,1163254000.0,0.0,1163254000.0,4041800000.0,1810704000.0,2231096000.0,17222614809.0,-1803000.0,-45302000.0,27146000.0,-110112000.0,-60490000.0,-143340000.0,-96088000.0,14577000.0,257237000.0,2662000.0,182758000.0,182758000.0,182758000.0,-357000.0,0.0,0.08,462202000.0,296273000.0,490417000.0,0.333,3.084,18.688,18.636,1729357000.0,0.0,28.42,1.832,1.833,1644660000.0,5337503000.0,2295840000.0,2295840000.0,0.0,,,,,0.0,438290000.0,1.0,606003336.0,606302000.0,611462000.0,3.787,7118889000.0,666060000.0,97976000.0,122007000.0,11.741,1505493000.0
82,ITW,MRQ,2000-12-31,2000-12-31,2000-12-31,2021-09-07,-398712000.0,9514847000.0,,3268148000.0,6246699000.0,,8.938,-71624000.0,151295000.0,151295000.0,1289518000.0,201494000.0,1.86,0.762,1974827000.0,425789000.0,1549038000.0,1974827000.0,0.0,106252000.0,0.0,0.013,0.1,320165000.0,426417000.0,0.207,426417000.0,320165000.0,302545000.0,0.335,0.33,0.335,5400987000.0,,5400987000.0,19790998516.0,13.0,10.17,71871000.0,0.119,1.0,767381000.0,0.373,2413248000.0,17620000.0,7168434000.0,,1107734000.0,1170392000.0,0.0,1170392000.0,4113860000.0,1756697000.0,2357163000.0,17994454516.0,-116296000.0,-265750000.0,8176000.0,-94806000.0,-60397000.0,-147341000.0,-318816000.0,26086000.0,143495000.0,5074000.0,201494000.0,201494000.0,201494000.0,11471000.0,0.0,0.098,440453000.0,326928000.0,498926000.0,0.299,3.332,18.784,18.73,1629883000.0,0.0,29.78,1.892,1.892,1583389000.0,5214098000.0,2056899000.0,2056899000.0,0.0,,,,,0.0,376876000.0,1.0,604246290.0,604246290.0,,3.404,7101599000.0,649893000.0,101051000.0,49313000.0,11.753,1511451000.0
83,ITW,MRQ,2000-09-30,2000-09-30,2000-09-30,2021-09-07,-331406000.0,9555537000.0,,3437320000.0,6118217000.0,,8.762,-73693000.0,267591000.0,267591000.0,1597669000.0,264085000.0,1.872,0.806,2064135000.0,482348000.0,1581787000.0,2064135000.0,0.0,97146000.0,0.0,0.013,0.1,431152000.0,528298000.0,0.214,528298000.0,431152000.0,412585000.0,0.435,0.435,0.435,5289721000.0,,5289721000.0,18610951605.0,12.0,9.79,270712000.0,0.448,1.0,874673000.0,0.354,2319660000.0,18567000.0,7196602000.0,,1152183000.0,1171393000.0,0.0,1171393000.0,4265816000.0,1835819000.0,2429997000.0,16866563605.0,55438000.0,-203494000.0,4227000.0,64796000.0,-54306000.0,13888000.0,-260314000.0,16755000.0,344405000.0,-3062000.0,264085000.0,264085000.0,264085000.0,0.0,0.0,0.107,443521000.0,431152000.0,491162000.0,0.23,3.189,18.01,17.968,1626435000.0,0.0,27.94,1.785,1.785,1651937000.0,5073094000.0,2472342000.0,2472342000.0,0.0,,,,,0.0,416949000.0,1.0,603670852.0,603714000.0,608950000.0,4.095,7235877000.0,644177000.0,148500000.0,61075000.0,11.986,1601501000.0
84,ITW,MRQ,2000-06-30,2000-06-30,2000-06-30,2021-09-07,-279632000.0,9309911000.0,,3307640000.0,6002271000.0,,8.503,-64756000.0,212153000.0,212153000.0,1652275000.0,273272000.0,1.677,0.816,1956541000.0,616236000.0,1340305000.0,1956541000.0,0.0,98980000.0,0.0,0.013,0.09,444697000.0,543677000.0,0.211,543677000.0,444697000.0,426972000.0,0.455,0.45,0.455,5127499000.0,,5127499000.0,18839269962.0,13.0,10.221,277564000.0,0.46,1.0,925171000.0,0.359,2167006000.0,17725000.0,6915340000.0,,1099866000.0,1175438000.0,0.0,1175438000.0,4182412000.0,1971953000.0,2210459000.0,17187589962.0,-35749000.0,-242997000.0,6395000.0,79752000.0,-54204000.0,31045000.0,-291867000.0,15167000.0,342320000.0,-24889000.0,273272000.0,273272000.0,273272000.0,0.0,0.0,0.106,480474000.0,444697000.0,502657000.0,0.198,3.352,18.984,18.874,1621256000.0,0.0,28.5,1.848,1.847,1653698000.0,4869407000.0,2577446000.0,2577446000.0,0.0,,,,,0.0,455901000.0,1.0,603073332.0,603032000.0,608968000.0,4.274,7142905000.0,634537000.0,153700000.0,61183000.0,11.845,1335687000.0
85,ITW,MRQ,2000-03-31,2000-03-31,2000-03-31,2021-09-07,-221719000.0,9141614000.0,,3340708000.0,5800906000.0,,8.246,-67286000.0,247902000.0,247902000.0,1571930000.0,219129000.0,1.704,0.843,1899582000.0,549513000.0,1350069000.0,1899582000.0,0.0,89187000.0,0.0,0.012,0.09,358512000.0,447699000.0,0.186,447699000.0,358512000.0,342429000.0,0.365,0.36,0.365,4960049000.0,,4960049000.0,18293957059.0,13.0,10.25,218065000.0,0.363,1.0,833030000.0,0.346,2142659000.0,16083000.0,6690434000.0,,1118504000.0,1178791000.0,0.0,1178791000.0,4181565000.0,1960201000.0,2221364000.0,16612509059.0,14949000.0,-78839000.0,6612000.0,-11470000.0,-54102000.0,-57412000.0,-133530000.0,11443000.0,285351000.0,-10005000.0,219129000.0,219129000.0,219129000.0,0.0,0.0,0.091,474727000.0,358303000.0,504310000.0,0.247,3.349,19.055,18.986,1645695000.0,0.0,27.625,1.828,1.828,1625275000.0,4650440000.0,2404960000.0,2404960000.0,0.0,,,,,0.0,454171000.0,1.0,601357794.0,601492000.0,608038000.0,3.998,6998955000.0,626757000.0,123300000.0,122942000.0,11.636,1380507000.0
86,ITW,MRQ,1999-12-31,1999-12-31,1999-12-31,2021-09-07,-188527000.0,9060259000.0,,3272931000.0,5787328000.0,,9.604,-69915000.0,232953000.0,232953000.0,1253292000.0,180042000.0,1.6,0.882,1414401000.0,53655000.0,1360746000.0,1414401000.0,0.0,62589000.0,0.0,0.01,0.09,318819000.0,381408000.0,0.191,381408000.0,318819000.0,304344000.0,0.3,0.295,0.3,4815423000.0,,4815423000.0,18423094679.0,13.0,10.635,248433000.0,0.495,1.0,741306000.0,0.372,2029959000.0,14475000.0,6166387000.0,,1084212000.0,1188120000.0,0.0,1188120000.0,4244836000.0,2045361000.0,2199475000.0,16937262679.0,79456000.0,-228781000.0,4352000.0,-22403000.0,-51867000.0,-95219000.0,-112771000.0,185436000.0,318348000.0,2364000.0,180042000.0,180042000.0,180042000.0,-5217000.0,0.0,0.09,431944000.0,309362000.0,524302000.0,0.3,3.517,20.137,24.129,1633931000.0,0.0,33.78,1.916,1.916,1630937000.0,4485515000.0,1994598000.0,1994598000.0,0.0,,,,,0.0,334174000.0,1.0,501399132.0,501399132.0,,3.978,7030300000.0,622521000.0,124302000.0,61189000.0,14.021,1227570000.0
87,ITW,MRQ,1999-09-30,1999-09-30,1999-09-30,2021-09-07,-130915000.0,6891021000.0,,2084515000.0,4806506000.0,,6.233,-81408000.0,151493000.0,151493000.0,1511405000.0,232922000.0,1.54,0.842,1637325000.0,424894000.0,1212431000.0,1637325000.0,0.0,88230000.0,0.0,0.008,0.09,382253000.0,470483000.0,0.202,470483000.0,382253000.0,364249000.0,0.39,0.38,0.39,3741555000.0,,3741555000.0,20173943236.0,12.0,9.987,214798000.0,0.358,1.0,814344000.0,0.35,1577653000.0,18004000.0,5445939000.0,,625046000.0,1185202000.0,0.0,1185202000.0,3149466000.0,1353261000.0,1796205000.0,18634841236.0,36243000.0,-84098000.0,1424000.0,-18379000.0,-44330000.0,-62715000.0,-210348000.0,-45794000.0,296206000.0,42000.0,232922000.0,232922000.0,232922000.0,0.0,0.0,0.1,432258000.0,382086000.0,334523000.0,0.231,4.981,18.97,25.207,1087973000.0,0.0,37.18,1.68,2.012,1096907000.0,3561372000.0,2325749000.0,2325749000.0,0.0,,,,,0.0,412995000.0,1.0,501206058.0,600288000.0,609684000.0,3.874,5313368000.0,531638000.0,131327000.0,119150000.0,8.851,731254000.0
88,ITW,MRQ,1999-06-30,1999-06-30,1999-06-30,2021-09-07,-137937000.0,6738893000.0,,2032283000.0,4706610000.0,,5.985,-72085000.0,119542000.0,119542000.0,1518449000.0,239716000.0,1.526,0.877,1658644000.0,434702000.0,1223942000.0,1658644000.0,0.0,87445000.0,0.0,0.007,0.075,397674000.0,485119000.0,0.205,485119000.0,397674000.0,379846000.0,0.4,0.395,0.4,3590479000.0,,3590479000.0,21655736467.0,14.0,11.624,222856000.0,0.371,1.0,845001000.0,0.358,1542921000.0,17828000.0,5403168000.0,,613678000.0,1171684000.0,0.0,1171684000.0,3148414000.0,1331906000.0,1816508000.0,20370500467.0,-134033000.0,-354523000.0,-6090000.0,123975000.0,-43683000.0,81097000.0,-406307000.0,19236000.0,294941000.0,-6265000.0,239716000.0,239716000.0,239716000.0,0.0,0.0,0.101,450908000.0,394093000.0,345545000.0,0.188,5.673,22.305,28.739,1084312000.0,0.0,40.665,2.008,2.405,1087783000.0,3419270000.0,2363450000.0,2363450000.0,0.0,,,,,0.0,432204000.0,1.0,500934476.0,599944000.0,609412000.0,3.939,5195972000.0,524235000.0,140130000.0,88406000.0,8.661,700377000.0
89,ITW,MRQ,1999-03-31,1999-03-31,1999-03-31,2021-09-07,-128622000.0,6461670000.0,,2068423000.0,4393247000.0,,5.723,-68008000.0,250578000.0,250578000.0,1411567000.0,188432000.0,1.725,0.881,1535814000.0,304996000.0,1230818000.0,1535814000.0,0.0,83395000.0,0.0,0.009,0.075,311976000.0,395371000.0,0.183,395371000.0,311976000.0,297718000.0,0.315,0.31,0.315,3434328000.0,,3434328000.0,16639109836.0,12.0,9.724,179771000.0,0.3,1.0,745090000.0,0.345,1339446000.0,14258000.0,5208395000.0,,598173000.0,1179621000.0,0.0,1179621000.0,3027342000.0,1199065000.0,1828277000.0,15378879836.0,141761000.0,-129583000.0,-22794000.0,162642000.0,-43707000.0,100410000.0,-180791000.0,16309000.0,247779000.0,-4525000.0,188432000.0,188432000.0,188432000.0,0.0,0.0,0.087,440593000.0,304497000.0,320000000.0,0.238,4.478,18.103,22.505,1032422000.0,0.0,30.72,1.671,2.003,1031275000.0,3257016000.0,2156657000.0,2156657000.0,0.0,,,,,0.0,423770000.0,1.0,500614578.0,600042000.0,609136000.0,3.594,5122224000.0,520512000.0,109286000.0,127555000.0,8.536,869358000.0
90,ITW,MRQ,1998-12-31,1998-12-31,1998-12-31,2021-09-07,-112634000.0,8212488000.0,,3028599000.0,5183889000.0,,8.485,-157768000.0,109526000.0,109526000.0,2811946000.0,321240000.0,1.635,0.935,1636065000.0,428019000.0,1208046000.0,1636065000.0,0.0,137403000.0,0.0,0.009,0.075,531565000.0,668968000.0,0.157,668968000.0,531565000.0,511240000.0,0.37,0.36,0.37,4243372000.0,,4243372000.0,15612148037.0,12.0,9.719,308862000.0,0.618,1.0,1436361000.0,0.338,1556774000.0,20325000.0,6329817000.0,,1036817000.0,1183493000.0,0.0,1183493000.0,3969116000.0,1852436000.0,2116680000.0,14366157037.0,-25254000.0,-316904000.0,-31826000.0,140641000.0,-61014000.0,47080000.0,-470333000.0,10632000.0,466630000.0,6148000.0,321240000.0,321240000.0,321240000.0,0.0,0.0,0.076,910216000.0,526145000.0,464752000.0,0.203,3.386,17.742,21.278,1492270000.0,0.0,28.725,1.713,1.713,1465899000.0,3864024000.0,4248307000.0,4248307000.0,0.0,,,,,0.0,891437000.0,1.0,500127312.0,500127312.0,,8.494,6655714000.0,690273000.0,190000000.0,106543000.0,13.308,1176163000.0
91,ITW,MRQ,1998-09-30,1998-09-30,1998-09-30,2021-09-07,-116500000.0,5966385000.0,,1948006000.0,4018379000.0,,6.321,-29141000.0,108138000.0,108138000.0,888741000.0,163870000.0,1.511,0.888,1354129000.0,401911000.0,952218000.0,1354129000.0,0.0,51793000.0,0.0,0.009,0.075,261722000.0,313515000.0,0.228,313515000.0,261722000.0,258070000.0,0.33,0.325,0.33,3160077000.0,,3160077000.0,14501852191.0,12.0,9.715,186830000.0,0.374,1.0,488471000.0,0.355,1118460000.0,3652000.0,4804543000.0,,603114000.0,1172956000.0,0.0,1172956000.0,2806308000.0,1289373000.0,1516935000.0,13460652191.0,-284000.0,-368055000.0,553000.0,196116000.0,-29991000.0,168995000.0,-386768000.0,10137000.0,215971000.0,-4164000.0,163870000.0,163870000.0,163870000.0,0.0,0.0,0.119,223909000.0,264562000.0,323797000.0,0.227,4.26,17.869,21.035,951040000.0,0.0,26.925,1.705,1.705,997328000.0,2983456000.0,1377212000.0,1377212000.0,0.0,,,,,0.0,212854000.0,1.0,499931372.0,499946000.0,504536000.0,2.755,4847925000.0,536957000.0,94200000.0,70137000.0,9.697,658633000.0
92,ITW,MRQ,1998-06-30,1998-06-30,1998-06-30,2021-09-07,-101538000.0,5569022000.0,,1816868000.0,3752154000.0,,6.099,-52547000.0,108422000.0,108422000.0,910889000.0,175979000.0,1.624,0.827,1149622000.0,307855000.0,841767000.0,1149622000.0,0.0,53837000.0,0.0,0.007,0.06,279372000.0,333209000.0,0.235,333209000.0,279372000.0,277079000.0,0.35,0.35,0.35,3048116000.0,,3048116000.0,17370503006.0,14.0,11.836,170071000.0,0.34,1.0,509572000.0,0.359,850082000.0,2293000.0,4641431000.0,,532229000.0,1172985000.0,0.0,1172985000.0,2520906000.0,1118709000.0,1402197000.0,16420054006.0,-98122000.0,-145462000.0,2294000.0,-2453000.0,-29977000.0,-31897000.0,-182744000.0,12329000.0,222618000.0,1989000.0,175979000.0,175979000.0,175979000.0,0.0,0.0,0.124,225885000.0,283687000.0,291585000.0,0.171,5.387,22.232,26.284,887078000.0,0.0,32.855,2.096,2.096,935082000.0,2857086000.0,1420461000.0,1420461000.0,0.0,,,,,0.0,213662000.0,1.0,499773368.0,499778000.0,505356000.0,2.842,4718940000.0,548996000.0,101100000.0,81099000.0,9.442,698159000.0
93,ITW,MRQ,1998-03-31,1998-03-31,1998-03-31,2021-09-07,-92458000.0,5509189000.0,,1904328000.0,3604861000.0,,5.825,-50081000.0,206544000.0,206544000.0,873957000.0,148658000.0,1.609,0.894,1156993000.0,308342000.0,848651000.0,1156993000.0,0.0,53534000.0,0.0,0.009,0.06,237104000.0,290638000.0,0.217,290638000.0,237104000.0,234158000.0,0.3,0.295,0.3,2908915000.0,,2908915000.0,17138750663.0,15.0,11.973,130902000.0,0.262,1.0,467034000.0,0.348,803454000.0,2946000.0,4472783000.0,,530423000.0,1172920000.0,0.0,1172920000.0,2600274000.0,1183401000.0,1416873000.0,16172000663.0,20688000.0,-74202000.0,2454000.0,9489000.0,-29952000.0,-16279000.0,-119137000.0,2007000.0,180983000.0,-3642000.0,148658000.0,148658000.0,148658000.0,0.0,0.0,0.111,232682000.0,234352000.0,300242000.0,0.2,5.559,22.555,26.756,882005000.0,0.0,32.375,2.09,2.089,916828000.0,2711099000.0,1340991000.0,1340991000.0,0.0,,,,,0.0,221078000.0,1.0,499521256.0,499386000.0,504740000.0,2.685,4705735000.0,549920000.0,85500000.0,133908000.0,9.423,720927000.0
94,ITW,MRQ,1997-12-31,1997-12-31,1997-12-31,2021-09-07,-73781000.0,5394756000.0,,1858642000.0,3536114000.0,,5.625,-131423000.0,185856000.0,185856000.0,2491407000.0,264810000.0,1.605,0.922,1152606000.0,298278000.0,854328000.0,1152606000.0,0.0,111496000.0,0.0,0.01,0.06,443844000.0,555340000.0,0.148,555340000.0,443844000.0,428261000.0,0.3,0.285,0.3,2806454000.0,,2806454000.0,15839170021.0,14.0,11.395,202361000.0,0.406,1.0,1264326000.0,0.337,774250000.0,15583000.0,4429376000.0,,522996000.0,1170015000.0,0.0,1170015000.0,2588302000.0,1157880000.0,1430422000.0,14997175021.0,52418000.0,-49910000.0,-42924000.0,-106235000.0,-51272000.0,-194363000.0,-132179000.0,52436000.0,333784000.0,-3255000.0,264810000.0,264810000.0,264810000.0,0.0,0.0,0.071,837053000.0,427273000.0,299040000.0,0.2,5.344,21.685,26.026,884058000.0,0.0,30.06,1.966,1.966,902022000.0,2592416000.0,3755733000.0,3755733000.0,0.0,,,,,0.0,827775000.0,1.0,498908018.0,498908018.0,,7.528,4620506000.0,548435000.0,163451000.0,102181000.0,9.261,700762000.0
95,ITW,MRQ,1997-09-30,1997-09-30,1997-09-30,2021-09-07,-73923000.0,4889141000.0,,1746676000.0,3142465000.0,,5.345,-32192000.0,183152000.0,183152000.0,857495000.0,149130000.0,1.599,0.834,1025147000.0,259364000.0,765783000.0,1025147000.0,0.0,49278000.0,0.0,0.011,0.06,239167000.0,288445000.0,0.219,288445000.0,239167000.0,234830000.0,0.3,0.295,0.3,2665975000.0,,2665975000.0,13380935371.0,15.0,12.2,167345000.0,0.336,1.0,457893000.0,0.348,740615000.0,4337000.0,3898135000.0,,503420000.0,858752000.0,0.0,858752000.0,2223166000.0,1092386000.0,1130780000.0,12393099371.0,25646000.0,-20445000.0,504000.0,-102956000.0,-29919000.0,-131015000.0,-38273000.0,5083000.0,199537000.0,-7394000.0,149130000.0,149130000.0,149130000.0,0.0,0.0,0.113,222130000.0,235763000.0,272096000.0,0.2,4.649,22.086,22.084,792979000.0,0.0,24.845,2.398,2.398,875089000.0,2462195000.0,1315388000.0,1315388000.0,0.0,,,,,0.0,210654000.0,1.0,498816638.0,498778000.0,503756000.0,2.637,4148526000.0,440358000.0,85700000.0,54602000.0,8.317,654290000.0
96,ITW,MRQ,1997-06-30,1997-06-30,1997-06-30,2021-09-07,-39394000.0,4928499000.0,,1759949000.0,3168550000.0,,5.178,-37765000.0,157506000.0,157506000.0,854352000.0,154394000.0,1.455,0.91,1145342000.0,368268000.0,777074000.0,1145342000.0,0.0,48110000.0,0.0,0.01,0.12,248911000.0,297021000.0,0.224,297021000.0,248911000.0,243294000.0,0.31,0.305,0.31,2580800000.0,,2580800000.0,13427604735.0,15.0,12.749,192950000.0,0.387,1.0,471992000.0,0.356,642727000.0,5617000.0,4063632000.0,,506474000.0,867885000.0,0.0,867885000.0,2347699000.0,1209976000.0,1137723000.0,12445601735.0,41727000.0,-112282000.0,2744000.0,58225000.0,-23667000.0,37570000.0,-141836000.0,9135000.0,230715000.0,-1754000.0,154394000.0,154394000.0,154394000.0,0.0,0.0,0.116,226173000.0,245819000.0,270231000.0,0.387,4.822,23.27,23.228,795120000.0,0.0,24.97,2.445,2.445,881978000.0,2342981000.0,1326344000.0,1326344000.0,0.0,,,,,0.0,215855000.0,1.0,498422176.0,498462000.0,503408000.0,2.661,4285772000.0,452243000.0,88900000.0,66021000.0,8.598,549973000.0
97,ITW,MRQ,1997-03-31,1997-03-31,1997-03-31,2021-09-07,-31465000.0,4771286000.0,,1673130000.0,3098156000.0,,4.938,-36824000.0,115779000.0,115779000.0,807317000.0,123255000.0,1.447,0.94,1097782000.0,309094000.0,788688000.0,1097782000.0,0.0,49227000.0,0.0,0.009,0.048,200016000.0,249243000.0,0.203,249243000.0,200016000.0,194055000.0,0.245,0.245,0.245,2459510000.0,,2459510000.0,11289327608.0,14.0,11.086,80520000.0,0.162,1.0,422481000.0,0.344,637723000.0,5961000.0,3959238000.0,,515327000.0,888127000.0,0.0,888127000.0,2311776000.0,1156328000.0,1155448000.0,10217654608.0,-21920000.0,54159000.0,2158000.0,-98787000.0,-23538000.0,-118581000.0,19145000.0,3250000.0,117344000.0,-9197000.0,123255000.0,123255000.0,123255000.0,0.0,0.0,0.1,226048000.0,196433000.0,252830000.0,0.196,4.154,20.003,19.903,799704000.0,0.0,20.5,2.008,2.006,837815000.0,2216506000.0,1229798000.0,1229798000.0,0.0,,,,,0.0,215689000.0,1.0,498422176.0,498052000.0,502680000.0,2.469,4133563000.0,464023000.0,70800000.0,90384000.0,8.299,516802000.0
98,ITW,MRQ,1996-12-31,1996-12-31,1996-12-31,2021-09-07,18858000.0,4806162000.0,,1701092000.0,3105070000.0,,,-51092000.0,137699000.0,137699000.0,837177000.0,134343000.0,1.395,1.006,1209372000.0,390425000.0,818947000.0,1209372000.0,0.0,43003000.0,0.0,0.009,0.048,219126000.0,262129000.0,0.202,262129000.0,219126000.0,211543000.0,0.27,,0.27,2396025000.0,,2396025000.0,,,,118538000.0,,1.0,459521000.0,0.354,664054000.0,7583000.0,3994456000.0,,526016000.0,872692000.0,0.0,872692000.0,2410137000.0,1219325000.0,1190812000.0,,-25028000.0,-231711000.0,1479000.0,151956000.0,-23528000.0,130080000.0,-364811000.0,-89508000.0,169630000.0,6333000.0,134343000.0,134343000.0,134343000.0,0.0,0.0,0.104,234096000.0,225425000.0,271600000.0,0.178,,,20.378,808340000.0,0.0,19.97,,,840092000.0,2105144000.0,1296698000.0,1296698000.0,0.0,,,,,0.0,222361000.0,1.0,,,,,4142108000.0,423556000.0,77200000.0,44373000.0,,481767000.0
99,ITW,MRQ,1996-09-30,1996-09-30,1996-09-30,2021-09-07,,,,,,,,-34484000.0,,,817658000.0,122842000.0,,,,,,,,44410000.0,,0.01,0.048,200417000.0,244827000.0,0.198,244827000.0,200417000.0,195042000.0,0.25,,0.25,,,,,,,118640000.0,,1.0,420603000.0,0.34,,5375000.0,,,,,,,,,,,25528000.0,-14797000.0,1347000.0,-107497000.0,-21043000.0,-127311000.0,-48004000.0,762000.0,153124000.0,646000.0,122842000.0,122842000.0,122842000.0,0.0,0.0,0.099,221872000.0,198731000.0,,0.192,,,,,0.0,18.03,,,,,1238261000.0,1238261000.0,0.0,,,,,0.0,212525000.0,1.0,,,,,,,72200000.0,,,
100,ITW,MRQ,1996-06-30,1996-06-30,1996-06-30,2021-09-07,,,,,,,,-38511000.0,,,871156000.0,130375000.0,,,,,,,,47070000.0,,0.01,0.043,215050000.0,262120000.0,0.198,262120000.0,215050000.0,206975000.0,0.265,,0.265,,,,,,,130520000.0,,1.0,453644000.0,0.342,,8075000.0,,,,,,,,,,,18537000.0,-57929000.0,632000.0,45990000.0,-21269000.0,28238000.0,-102339000.0,4434000.0,169031000.0,-3935000.0,130375000.0,130375000.0,130375000.0,0.0,0.0,0.098,238652000.0,214992000.0,,0.162,,,,,0.0,16.905,,,,,1324800000.0,1324800000.0,0.0,,,,,0.0,229429000.0,1.0,,,,,,,76600000.0,,,
101,ITW,MRQ,1996-03-31,1996-03-31,1996-03-31,2021-09-07,,,,,,,,-23734000.0,,,755539000.0,98755000.0,,,,,,,,43750000.0,,0.01,0.043,163556000.0,207306000.0,0.182,207306000.0,163556000.0,156755000.0,0.203,,0.203,,,,,,,106090000.0,,1.0,381383000.0,0.335,,6801000.0,,,,,,,,,,,2062000.0,-14498000.0,2056000.0,-105282000.0,-19641000.0,-122867000.0,-6233000.0,30202000.0,129824000.0,1875000.0,98755000.0,98755000.0,98755000.0,0.0,0.0,0.087,219945000.0,161438000.0,,0.212,,,,,0.0,16.155,,,,,1136922000.0,1136922000.0,0.0,,,,,0.0,211071000.0,1.0,,,,,,,58000000.0,,,
102,ITW,MRQ,1995-12-31,1995-12-31,1995-12-31,2021-09-07,13095000.0,3591318000.0,,1532490000.0,2058828000.0,,,,116600000.0,116600000.0,,,1.801,0.866,791745000.0,176188000.0,615557000.0,791745000.0,0.0,,0.0,0.011,0.043,,,,,,,,,,1924237000.0,,1924237000.0,,,,,,1.0,,,518747000.0,,2896784000.0,,518964000.0,504820000.0,0.0,504820000.0,1667081000.0,850932000.0,816149000.0,,,,,,,,,,,,,,,,,,,,241597000.0,,,,17.988,694941000.0,,14.75,,,741327000.0,1673320000.0,,,,,,,,,,1.0,,,,,3072571000.0,198918000.0,,41445000.0,,681558000.0
0,ITW,MRT,2021-06-30,2021-06-30,2021-06-30,2021-09-07,-1590000000.0,15580000000.0,15448750000.0,6509000000.0,9071000000.0,0.906,11.153,-258000000.0,2058000000.0,2058000000.0,8112000000.0,2670000000.0,2.199,3.426,7648000000.0,592000000.0,7056000000.0,7648000000.0,0.0,425000000.0,0.0,0.02,4.56,3499000000.0,3924000000.0,0.28,3924000000.0,3499000000.0,3291000000.0,8.45,8.41,8.45,3520000000.0,3167750000.0,3520000000.0,76083743566.0,22.0,19.389,2362000000.0,7.484,1.0,5890000000.0,0.421,5374000000.0,208000000.0,12836000000.0,12946500000.0,1400000000.0,0.0,0.0,0.0,12059000000.0,2960000000.0,9099000000.0,70618743566.0,246000000.0,1000000.0,-420000000.0,-354000000.0,-1420000000.0,-2213000000.0,-225000000.0,34000000.0,2620000000.0,64000000.0,2670000000.0,2670000000.0,2670000000.0,0.0,0.0,0.191,2420000000.0,3470000000.0,965000000.0,0.54,20.062,26.449,26.457,1767000000.0,0.0,223.56,5.043,5.039,2786000000.0,23842000000.0,14002000000.0,14002000000.0,0.0,0.173,0.843,0.27,0.25,52000000.0,2271000000.0,1.0,315882732.0,315600000.0,,44.366,10206000000.0,613000000.0,621000000.0,1059000000.0,32.338,3549000000.0
1,ITW,MRT,2021-03-31,2021-03-31,2021-03-31,2021-09-07,-1638000000.0,15663000000.0,15119500000.0,6704000000.0,8959000000.0,0.853,10.341,-235000000.0,2484000000.0,2484000000.0,7543000000.0,2214000000.0,2.501,3.783,7949000000.0,350000000.0,7599000000.0,7949000000.0,0.0,423000000.0,0.0,0.02,4.49,3041000000.0,3464000000.0,0.269,3464000000.0,3041000000.0,2834000000.0,7.0,6.97,7.0,3274000000.0,2877000000.0,3274000000.0,75705024500.0,25.0,21.855,2567000000.0,8.108,1.0,5347000000.0,0.415,5379000000.0,207000000.0,13069000000.0,12971000000.0,1292000000.0,0.0,0.0,0.0,12387000000.0,2680000000.0,9707000000.0,70147024500.0,1054000000.0,1000000.0,-175000000.0,-4000000.0,-1398000000.0,-1596000000.0,-226000000.0,8000000.0,2802000000.0,74000000.0,2214000000.0,2214000000.0,2214000000.0,0.0,0.0,0.172,2321000000.0,3026000000.0,949000000.0,0.641,21.425,31.683,31.646,1746000000.0,0.0,221.52,5.442,5.441,2662000000.0,23425000000.0,12890000000.0,12890000000.0,0.0,0.146,0.77,0.234,0.236,44000000.0,2169000000.0,1.0,316662263.0,316600000.0,,40.714,10284000000.0,519000000.0,620000000.0,1170000000.0,32.483,4024000000.0
2,ITW,MRT,2020-12-31,2020-12-31,2020-12-31,2021-09-07,-1642000000.0,15612000000.0,14741000000.0,6523000000.0,9089000000.0,0.853,10.05,-226000000.0,2564000000.0,2564000000.0,7375000000.0,2109000000.0,2.52,3.908,8122000000.0,350000000.0,7772000000.0,8122000000.0,0.0,427000000.0,0.0,0.022,4.42,2910000000.0,3337000000.0,0.265,3337000000.0,2910000000.0,2704000000.0,6.66,6.63,6.66,3181000000.0,2629250000.0,3181000000.0,70308150813.0,24.0,21.069,2581000000.0,8.154,1.0,5199000000.0,0.413,5471000000.0,206000000.0,13110000000.0,12989750000.0,1189000000.0,0.0,0.0,0.0,12430000000.0,2589000000.0,9841000000.0,64532150813.0,583000000.0,1000000.0,-640000000.0,-4000000.0,-1379000000.0,-2049000000.0,-214000000.0,14000000.0,2807000000.0,39000000.0,2109000000.0,2109000000.0,2109000000.0,0.0,0.0,0.168,2317000000.0,2882000000.0,895000000.0,0.664,20.287,30.598,30.613,1777000000.0,0.0,203.88,5.132,5.132,2506000000.0,23114000000.0,12574000000.0,12574000000.0,0.0,0.143,0.802,0.224,0.231,42000000.0,2163000000.0,1.0,316520261.0,316520261.0,,39.726,10141000000.0,533000000.0,595000000.0,1061000000.0,32.039,3934000000.0
3,ITW,MRT,2020-09-30,2020-09-30,2020-09-30,2021-09-07,-1837000000.0,14940000000.0,14605000000.0,6031000000.0,8909000000.0,0.861,8.518,-239000000.0,2169000000.0,2169000000.0,7397000000.0,2108000000.0,2.374,4.541,7945000000.0,353000000.0,7592000000.0,7945000000.0,0.0,427000000.0,0.0,0.023,4.35,2916000000.0,3343000000.0,0.266,3343000000.0,2916000000.0,2711000000.0,6.62,6.59,6.62,2696000000.0,2590500000.0,2696000000.0,67042901339.0,23.0,20.055,2569000000.0,8.117,1.0,5171000000.0,0.411,5405000000.0,205000000.0,12771000000.0,13049250000.0,1149000000.0,0.0,0.0,0.0,12243000000.0,2540000000.0,9703000000.0,61085901339.0,344000000.0,115000000.0,-986000000.0,-1000000.0,-1363000000.0,-2366000000.0,-114000000.0,14000000.0,2808000000.0,16000000.0,2108000000.0,2108000000.0,2108000000.0,0.0,0.0,0.168,2348000000.0,2823000000.0,882000000.0,0.657,22.658,28.978,29.186,1736000000.0,0.0,193.21,4.86,4.866,2494000000.0,22833000000.0,12568000000.0,12568000000.0,0.0,0.144,0.814,0.223,0.232,40000000.0,2192000000.0,1.0,316163249.0,316500000.0,,39.709,9535000000.0,509000000.0,603000000.0,1126000000.0,30.126,3491000000.0
4,ITW,MRT,2020-06-30,2020-06-30,2020-06-30,2021-09-07,-1909000000.0,14263000000.0,14610000000.0,5609000000.0,8654000000.0,0.872,7.457,-264000000.0,1812000000.0,1812000000.0,7494000000.0,2186000000.0,2.747,5.051,7769000000.0,4000000.0,7765000000.0,7769000000.0,0.0,413000000.0,0.0,0.024,4.28,3019000000.0,3432000000.0,0.269,3432000000.0,3019000000.0,2814000000.0,6.83,6.8,6.83,2357000000.0,2658000000.0,2357000000.0,61504719642.0,20.0,17.921,2781000000.0,8.798,1.0,5246000000.0,0.412,5244000000.0,205000000.0,12934000000.0,13165250000.0,1167000000.0,0.0,0.0,0.0,11905000000.0,2042000000.0,9863000000.0,55240719642.0,135000000.0,118000000.0,-1367000000.0,0.0,-1347000000.0,-2731000000.0,-135000000.0,15000000.0,3045000000.0,-44000000.0,2186000000.0,2186000000.0,2186000000.0,0.0,0.0,0.172,2344000000.0,2902000000.0,740000000.0,0.627,23.437,25.27,25.6,1711000000.0,0.0,174.85,4.336,4.338,2156000000.0,22612000000.0,12740000000.0,12740000000.0,0.0,0.15,0.822,0.229,0.237,36000000.0,2198000000.0,1.0,315932054.0,316100000.0,,40.304,9019000000.0,470000000.0,628000000.0,1241000000.0,28.532,3567000000.0
5,ITW,MRT,2020-03-31,2020-03-31,2020-03-31,2021-09-07,-1983000000.0,14149000000.0,14841000000.0,5506000000.0,8643000000.0,0.929,7.172,-283000000.0,1430000000.0,1430000000.0,7999000000.0,2490000000.0,2.71,5.197,7694000000.0,4000000.0,7690000000.0,7694000000.0,0.0,420000000.0,0.0,0.03,4.21,3442000000.0,3862000000.0,0.28,3862000000.0,3442000000.0,3233000000.0,7.74,7.7,7.74,2283000000.0,2841500000.0,2283000000.0,51093985362.0,15.0,13.23,2710000000.0,8.514,1.0,5786000000.0,0.42,5237000000.0,209000000.0,13144000000.0,13356750000.0,1185000000.0,0.0,0.0,0.0,11865000000.0,2032000000.0,9833000000.0,45316985362.0,-325000000.0,120000000.0,-1740000000.0,14000000.0,-1335000000.0,-3078000000.0,-164000000.0,20000000.0,2993000000.0,-76000000.0,2490000000.0,2490000000.0,2490000000.0,0.0,0.0,0.181,2462000000.0,3324000000.0,826000000.0,0.544,19.85,18.2,18.362,1704000000.0,0.0,142.12,3.287,3.282,2424000000.0,22631000000.0,13785000000.0,13785000000.0,0.0,0.168,0.876,0.258,0.25,40000000.0,2310000000.0,1.0,318864237.0,318300000.0,,43.308,8912000000.0,473000000.0,743000000.0,1212000000.0,27.999,3474000000.0
6,ITW,MRT,2019-12-31,2019-12-31,2019-12-31,2021-09-07,-1705000000.0,15068000000.0,15135250000.0,6253000000.0,8815000000.0,0.932,9.415,-301000000.0,1981000000.0,1981000000.0,8187000000.0,2521000000.0,2.903,3.978,7758000000.0,4000000.0,7754000000.0,7758000000.0,0.0,426000000.0,0.0,0.023,4.14,3509000000.0,3935000000.0,0.279,3935000000.0,3509000000.0,3288000000.0,7.78,7.74,7.78,3026000000.0,3069750000.0,3026000000.0,63552177024.0,18.0,16.15,2694000000.0,8.382,1.0,5922000000.0,0.42,5343000000.0,221000000.0,13348000000.0,12992250000.0,1164000000.0,0.0,0.0,0.0,12038000000.0,2154000000.0,9884000000.0,57734177024.0,477000000.0,116000000.0,-1415000000.0,422000000.0,-1321000000.0,-2326000000.0,-183000000.0,20000000.0,2995000000.0,-9000000.0,2521000000.0,2521000000.0,2521000000.0,0.0,0.0,0.179,2520000000.0,3402000000.0,814000000.0,0.532,19.079,22.901,23.089,1729000000.0,0.0,179.63,4.092,4.092,2461000000.0,22403000000.0,14109000000.0,14109000000.0,0.0,0.167,0.821,0.27,0.249,41000000.0,2361000000.0,1.0,321406096.0,321406096.0,,43.898,9725000000.0,516000000.0,767000000.0,1178000000.0,30.258,4099000000.0
7,ITW,MRT,2019-09-30,2019-09-30,2019-09-30,2021-09-07,-1798000000.0,14960000000.0,15085750000.0,6245000000.0,8715000000.0,0.943,9.203,-292000000.0,1825000000.0,1825000000.0,8261000000.0,2487000000.0,2.809,4.042,7643000000.0,0.0,7643000000.0,7643000000.0,0.0,436000000.0,0.0,0.026,4.07,3506000000.0,3942000000.0,0.277,3942000000.0,3506000000.0,3273000000.0,7.63,7.59,7.63,2966000000.0,3126750000.0,2966000000.0,56753097258.0,16.0,14.397,2738000000.0,8.495,1.0,5959000000.0,0.419,5320000000.0,233000000.0,13235000000.0,12527000000.0,1209000000.0,0.0,0.0,0.0,11990000000.0,2223000000.0,9767000000.0,50621097258.0,236000000.0,1000000.0,-1564000000.0,423000000.0,-1309000000.0,-2462000000.0,-287000000.0,19000000.0,3030000000.0,-45000000.0,2487000000.0,2487000000.0,2487000000.0,0.0,0.0,0.175,2521000000.0,3438000000.0,837000000.0,0.533,17.067,20.354,20.51,1693000000.0,0.0,156.49,3.56,3.547,2499000000.0,22104000000.0,14220000000.0,14220000000.0,0.0,0.165,0.795,0.28,0.247,41000000.0,2353000000.0,1.0,323478160.0,322300000.0,,44.12,9640000000.0,479000000.0,786000000.0,1239000000.0,29.91,4022000000.0
8,ITW,MRT,2019-06-30,2019-06-30,2019-06-30,2021-09-07,-1697000000.0,15187000000.0,15175500000.0,6289000000.0,8898000000.0,0.946,9.517,-313000000.0,1677000000.0,1677000000.0,8350000000.0,2465000000.0,2.874,3.912,7809000000.0,0.0,7809000000.0,7809000000.0,0.0,447000000.0,0.0,0.027,4.0,3511000000.0,3958000000.0,0.276,3958000000.0,3511000000.0,3266000000.0,7.49,7.45,7.49,3091000000.0,3270750000.0,3091000000.0,55116144490.0,16.0,13.925,2641000000.0,8.131,1.0,6004000000.0,0.418,5431000000.0,245000000.0,13700000000.0,12139750000.0,1256000000.0,0.0,0.0,0.0,12092000000.0,2188000000.0,9904000000.0,49130144490.0,49000000.0,-1000000.0,-1714000000.0,421000000.0,-1248000000.0,-2552000000.0,-311000000.0,21000000.0,2954000000.0,-42000000.0,2465000000.0,2465000000.0,2465000000.0,0.0,0.0,0.172,2545000000.0,3459000000.0,835000000.0,0.534,15.895,19.931,20.135,1717000000.0,0.0,150.81,3.423,3.413,2629000000.0,21788000000.0,14354000000.0,14354000000.0,0.0,0.162,0.754,0.289,0.245,42000000.0,2368000000.0,1.0,325775111.0,324800000.0,,44.193,9756000000.0,516000000.0,801000000.0,1198000000.0,30.037,4101000000.0
9,ITW,MRT,2019-03-31,2019-03-31,2019-03-31,2021-09-07,-1642000000.0,15326000000.0,15259500000.0,6075000000.0,9251000000.0,0.955,9.765,-321000000.0,1755000000.0,1755000000.0,8482000000.0,2508000000.0,1.534,3.794,7741000000.0,1760000000.0,5981000000.0,7741000000.0,0.0,456000000.0,0.0,0.026,3.78,3589000000.0,4045000000.0,0.278,4045000000.0,3589000000.0,3335000000.0,7.55,7.51,7.55,3196000000.0,3444250000.0,3196000000.0,52969396212.0,15.0,13.095,2568000000.0,7.846,1.0,6094000000.0,0.418,5665000000.0,254000000.0,11686000000.0,11693500000.0,1346000000.0,0.0,0.0,0.0,12126000000.0,3961000000.0,8165000000.0,47093396212.0,-185000000.0,-3000000.0,-1852000000.0,397000000.0,-1186000000.0,-2651000000.0,-308000000.0,18000000.0,2889000000.0,-115000000.0,2508000000.0,2508000000.0,2508000000.0,0.0,0.0,0.172,2574000000.0,3520000000.0,894000000.0,0.501,14.735,18.777,19.011,1765000000.0,0.0,143.53,3.231,3.223,2715000000.0,21488000000.0,14576000000.0,14576000000.0,0.0,0.164,0.728,0.307,0.246,41000000.0,2390000000.0,1.0,328108383.0,327300000.0,,44.534,9661000000.0,547000000.0,827000000.0,1301000000.0,29.517,2114000000.0
10,ITW,MRT,2018-12-31,2018-12-31,2018-12-31,2021-09-07,-1677000000.0,14870000000.0,15468750000.0,5778000000.0,9092000000.0,0.955,9.807,-338000000.0,1504000000.0,1504000000.0,8604000000.0,2563000000.0,1.631,3.569,7380000000.0,1351000000.0,6029000000.0,7380000000.0,0.0,461000000.0,0.0,0.028,3.56,3651000000.0,4112000000.0,0.278,4112000000.0,3651000000.0,3394000000.0,7.65,7.6,7.65,3254000000.0,3685000000.0,3254000000.0,47850930895.0,13.0,11.637,2473000000.0,7.453,1.0,6164000000.0,0.417,5717000000.0,257000000.0,11487000000.0,11978500000.0,1318000000.0,0.0,0.0,0.0,11612000000.0,3542000000.0,8070000000.0,42035930895.0,-1590000000.0,1000000.0,-1978000000.0,-851000000.0,-1124000000.0,-3964000000.0,-325000000.0,16000000.0,2811000000.0,-112000000.0,2563000000.0,2563000000.0,2563000000.0,0.0,0.0,0.174,2580000000.0,3584000000.0,852000000.0,0.465,12.918,16.401,16.561,1791000000.0,0.0,126.69,2.846,2.846,2622000000.0,21217000000.0,14768000000.0,14768000000.0,0.0,0.166,0.696,0.305,0.247,40000000.0,2391000000.0,1.0,331801491.0,331801491.0,,44.509,9153000000.0,554000000.0,831000000.0,1270000000.0,27.586,2236000000.0
11,ITW,MRT,2018-09-30,2018-09-30,2018-09-30,2021-09-07,-1589000000.0,15319000000.0,15946250000.0,5940000000.0,9379000000.0,0.929,10.627,-340000000.0,1589000000.0,1589000000.0,8632000000.0,1880000000.0,1.622,3.324,7404000000.0,1350000000.0,6054000000.0,7404000000.0,0.0,464000000.0,0.0,0.024,3.34,3634000000.0,4098000000.0,0.277,4098000000.0,3634000000.0,3374000000.0,5.59,5.56,5.59,3542000000.0,4017750000.0,3542000000.0,53116012114.0,15.0,12.961,2357000000.0,7.072,1.0,6185000000.0,0.417,5785000000.0,260000000.0,11686000000.0,12341000000.0,1338000000.0,0.0,0.0,0.0,11773000000.0,3663000000.0,8110000000.0,47325012114.0,-1196000000.0,1000000.0,-1713000000.0,-699000000.0,-1059000000.0,-3483000000.0,-315000000.0,31000000.0,2697000000.0,-95000000.0,1880000000.0,1880000000.0,1880000000.0,0.0,0.0,0.127,2615000000.0,3570000000.0,908000000.0,0.597,13.361,25.173,25.245,1799000000.0,0.0,141.12,3.194,3.174,2777000000.0,20938000000.0,14817000000.0,14817000000.0,0.0,0.118,0.468,0.294,0.245,40000000.0,2422000000.0,1.0,335352977.0,333300000.0,,44.455,9534000000.0,614000000.0,1494000000.0,1340000000.0,28.605,2277000000.0
12,ITW,MRT,2018-06-30,2018-06-30,2018-06-30,2021-09-07,-1530000000.0,15523000000.0,16195000000.0,6119000000.0,9404000000.0,0.915,11.241,-318000000.0,1628000000.0,1628000000.0,8628000000.0,1882000000.0,1.725,3.1,7419000000.0,1350000000.0,6069000000.0,7419000000.0,0.0,465000000.0,0.0,0.023,3.12,3706000000.0,4171000000.0,0.281,4171000000.0,3706000000.0,3445000000.0,5.54,5.51,5.54,3785000000.0,4388000000.0,3785000000.0,52541173513.0,14.0,12.597,2315000000.0,6.876,1.0,6191000000.0,0.418,5852000000.0,261000000.0,11915000000.0,12606500000.0,1320000000.0,0.0,0.0,0.0,11735000000.0,3547000000.0,8188000000.0,46932173513.0,-868000000.0,0.0,-1451000000.0,-692000000.0,-1021000000.0,-3177000000.0,-294000000.0,35000000.0,2633000000.0,-30000000.0,1882000000.0,1882000000.0,1882000000.0,0.0,0.0,0.127,2550000000.0,3641000000.0,885000000.0,0.563,12.4,24.937,25.007,1783000000.0,0.0,138.54,3.167,3.148,2878000000.0,20633000000.0,14819000000.0,14819000000.0,0.0,0.116,0.429,0.294,0.25,37000000.0,2433000000.0,1.0,338762621.0,336700000.0,,44.012,9671000000.0,595000000.0,1563000000.0,1353000000.0,28.723,2572000000.0
13,ITW,MRT,2018-03-31,2018-03-31,2018-03-31,2021-09-07,-1240000000.0,16163000000.0,16294750000.0,6423000000.0,9740000000.0,0.895,12.225,-314000000.0,1940000000.0,1940000000.0,8484000000.0,1803000000.0,2.196,2.885,7549000000.0,660000000.0,6889000000.0,7549000000.0,0.0,463000000.0,0.0,0.019,2.99,3632000000.0,4095000000.0,0.281,4095000000.0,3632000000.0,3370000000.0,5.26,5.23,5.26,4159000000.0,4634500000.0,4159000000.0,58740552339.0,16.0,14.344,2163000000.0,6.358,1.0,6103000000.0,0.418,6021000000.0,262000000.0,12826000000.0,12780250000.0,1335000000.0,0.0,0.0,0.0,12000000000.0,2925000000.0,9075000000.0,53506552339.0,-553000000.0,2000000.0,-1174000000.0,-662000000.0,-981000000.0,-2832000000.0,-283000000.0,41000000.0,2477000000.0,85000000.0,1803000000.0,1803000000.0,1803000000.0,0.0,0.0,0.124,2522000000.0,3581000000.0,919000000.0,0.568,12.865,29.676,29.783,1829000000.0,0.0,156.66,3.668,3.654,2874000000.0,20228000000.0,14587000000.0,14587000000.0,0.0,0.111,0.389,0.284,0.249,36000000.0,2416000000.0,1.0,341545719.0,340200000.0,,42.878,10142000000.0,658000000.0,1567000000.0,1399000000.0,29.812,3498000000.0
14,ITW,MRT,2017-12-31,2017-12-31,2017-12-31,2021-09-07,-1287000000.0,16780000000.0,16136250000.0,7278000000.0,9502000000.0,0.887,13.383,-283000000.0,3094000000.0,3094000000.0,8306000000.0,1687000000.0,2.384,2.659,8328000000.0,850000000.0,7478000000.0,8328000000.0,0.0,462000000.0,0.0,0.017,2.86,3530000000.0,3992000000.0,0.279,3992000000.0,3530000000.0,3270000000.0,4.9,4.86,4.9,4585000000.0,4718000000.0,4585000000.0,62514640647.0,18.0,15.66,2119000000.0,6.185,1.0,6008000000.0,0.42,6024000000.0,260000000.0,12937000000.0,12579000000.0,1220000000.0,0.0,0.0,0.0,12191000000.0,3053000000.0,9138000000.0,57162640647.0,622000000.0,-1000000.0,-916000000.0,197000000.0,-941000000.0,-1674000000.0,-251000000.0,43000000.0,2402000000.0,145000000.0,1687000000.0,1687000000.0,1687000000.0,0.0,0.0,0.118,2523000000.0,3485000000.0,856000000.0,0.584,12.467,33.884,34.051,1778000000.0,0.0,166.85,3.993,3.993,2628000000.0,20210000000.0,14314000000.0,14314000000.0,0.0,0.105,0.358,0.281,0.247,36000000.0,2412000000.0,1.0,342598985.0,342598985.0,,41.781,10756000000.0,505000000.0,1583000000.0,867000000.0,31.395,4225000000.0
15,ITW,MRT,2017-09-30,2017-09-30,2017-09-30,2021-09-07,-1407000000.0,16314000000.0,15741500000.0,6912000000.0,9402000000.0,0.895,14.627,-277000000.0,2785000000.0,2785000000.0,8200000000.0,2270000000.0,2.411,2.247,8137000000.0,698000000.0,7439000000.0,8137000000.0,0.0,462000000.0,0.0,0.018,2.73,3457000000.0,3919000000.0,0.278,3919000000.0,3457000000.0,3200000000.0,6.56,6.53,6.56,5023000000.0,4635250000.0,5023000000.0,56475348183.0,16.0,14.411,2094000000.0,6.098,1.0,5884000000.0,0.418,6051000000.0,257000000.0,12748000000.0,12289000000.0,1225000000.0,0.0,0.0,0.0,11288000000.0,2867000000.0,8421000000.0,50920348183.0,486000000.0,171000000.0,-1200000000.0,322000000.0,-902000000.0,-1790000000.0,-89000000.0,29000000.0,2371000000.0,-6000000.0,2270000000.0,2270000000.0,2270000000.0,0.0,0.0,0.161,2511000000.0,3373000000.0,852000000.0,0.416,10.137,22.432,22.555,1759000000.0,0.0,147.96,3.615,3.608,2672000000.0,20553000000.0,14084000000.0,14084000000.0,0.0,0.144,0.49,0.281,0.245,35000000.0,2396000000.0,1.0,344149420.0,343400000.0,,41.013,10263000000.0,473000000.0,930000000.0,198000000.0,29.886,4045000000.0
16,ITW,MRT,2017-06-30,2017-06-30,2017-06-30,2021-09-07,-1516000000.0,15922000000.0,15590250000.0,6570000000.0,9352000000.0,0.896,13.841,-278000000.0,2496000000.0,2496000000.0,8135000000.0,2165000000.0,2.325,2.337,8051000000.0,691000000.0,7360000000.0,8051000000.0,0.0,466000000.0,0.0,0.018,2.6,3307000000.0,3773000000.0,0.27,3773000000.0,3307000000.0,3057000000.0,6.21,6.18,6.21,4771000000.0,4576500000.0,4771000000.0,54868859045.0,17.0,14.543,1937000000.0,5.619,1.0,5829000000.0,0.417,6041000000.0,250000000.0,12610000000.0,11958500000.0,1199000000.0,0.0,0.0,0.0,11148000000.0,2826000000.0,8322000000.0,49485859045.0,141000000.0,-284000000.0,-1428000000.0,815000000.0,-873000000.0,-1490000000.0,-539000000.0,29000000.0,2215000000.0,-45000000.0,2165000000.0,2165000000.0,2165000000.0,0.0,0.0,0.155,2608000000.0,3221000000.0,806000000.0,0.419,10.372,22.857,23.068,1726000000.0,0.0,143.25,3.544,3.536,2629000000.0,20180000000.0,13964000000.0,13964000000.0,0.0,0.139,0.473,0.277,0.237,38000000.0,2408000000.0,1.0,345451023.0,344700000.0,,40.511,9881000000.0,488000000.0,892000000.0,278000000.0,28.666,3744000000.0
17,ITW,MRT,2017-03-31,2017-03-31,2017-03-31,2021-09-07,-1643000000.0,15529000000.0,15415250000.0,6430000000.0,9099000000.0,0.895,12.978,-263000000.0,2493000000.0,2493000000.0,8015000000.0,2103000000.0,2.237,2.455,7876000000.0,671000000.0,7205000000.0,7876000000.0,0.0,467000000.0,0.0,0.019,2.5,3232000000.0,3699000000.0,0.268,3699000000.0,3232000000.0,2989000000.0,5.98,5.95,5.98,4493000000.0,4620250000.0,4493000000.0,51264569242.0,16.0,13.859,2023000000.0,5.843,1.0,5781000000.0,0.419,6016000000.0,243000000.0,12021000000.0,11631000000.0,1158000000.0,0.0,0.0,0.0,11031000000.0,2875000000.0,8156000000.0,45907569242.0,45000000.0,-285000000.0,-1707000000.0,1009000000.0,-847000000.0,-1542000000.0,-539000000.0,22000000.0,2286000000.0,-160000000.0,2103000000.0,2103000000.0,2103000000.0,0.0,0.0,0.152,2640000000.0,3141000000.0,799000000.0,0.418,10.218,21.83,22.152,1674000000.0,0.0,132.47,3.328,3.324,2534000000.0,19817000000.0,13796000000.0,13796000000.0,0.0,0.136,0.455,0.278,0.234,39000000.0,2422000000.0,1.0,346550685.0,346200000.0,,39.85,9513000000.0,425000000.0,886000000.0,377000000.0,27.478,3555000000.0
18,ITW,MRT,2016-12-31,2016-12-31,2016-12-31,2021-09-07,-1807000000.0,15201000000.0,15392250000.0,6123000000.0,9078000000.0,0.883,12.119,-257000000.0,2472000000.0,2472000000.0,7908000000.0,2035000000.0,2.218,2.572,7829000000.0,652000000.0,7177000000.0,7829000000.0,0.0,470000000.0,0.0,0.02,2.4,3145000000.0,3615000000.0,0.266,3615000000.0,3145000000.0,2908000000.0,5.73,5.7,5.73,4254000000.0,4801500000.0,4254000000.0,48378040950.0,15.0,13.383,2045000000.0,5.826,1.0,5691000000.0,0.418,6021000000.0,237000000.0,11777000000.0,11443500000.0,1076000000.0,0.0,0.0,0.0,10942000000.0,2760000000.0,8182000000.0,42984040950.0,-618000000.0,-283000000.0,-1916000000.0,465000000.0,-821000000.0,-2255000000.0,-532000000.0,21000000.0,2302000000.0,-133000000.0,2035000000.0,2035000000.0,2035000000.0,0.0,0.0,0.15,2635000000.0,3056000000.0,737000000.0,0.419,10.104,21.122,21.372,1652000000.0,0.0,122.46,3.161,3.161,2357000000.0,19505000000.0,13599000000.0,13599000000.0,0.0,0.132,0.424,0.275,0.231,39000000.0,2411000000.0,1.0,351004744.0,351004744.0,,38.743,9180000000.0,449000000.0,873000000.0,303000000.0,26.153,3363000000.0
19,ITW,MRT,2016-09-30,2016-09-30,2016-09-30,2021-09-07,-1468000000.0,15709000000.0,15524250000.0,6185000000.0,9524000000.0,0.868,13.545,-255000000.0,2299000000.0,2299000000.0,7831000000.0,1978000000.0,1.774,2.28,7693000000.0,1364000000.0,6329000000.0,7693000000.0,0.0,473000000.0,0.0,0.019,2.3,3048000000.0,3521000000.0,0.261,3521000000.0,3048000000.0,2816000000.0,5.51,5.48,5.51,4788000000.0,5044000000.0,4788000000.0,47347443431.0,16.0,13.447,2086000000.0,5.901,1.0,5644000000.0,0.419,6191000000.0,232000000.0,11426000000.0,11422750000.0,1167000000.0,0.0,0.0,0.0,10916000000.0,3486000000.0,7430000000.0,42538443431.0,-702000000.0,-455000000.0,-1397000000.0,-96000000.0,-793000000.0,-2271000000.0,-694000000.0,22000000.0,2341000000.0,-78000000.0,1978000000.0,1978000000.0,1978000000.0,0.0,0.0,0.147,2643000000.0,3001000000.0,810000000.0,0.417,8.884,21.506,21.75,1702000000.0,0.0,119.84,3.157,3.144,2496000000.0,19223000000.0,13475000000.0,13475000000.0,0.0,0.127,0.392,0.267,0.226,39000000.0,2416000000.0,1.0,354960309.0,353500000.0,,38.119,9518000000.0,467000000.0,838000000.0,263000000.0,26.925,2699000000.0
20,ITW,MRT,2016-06-30,2016-06-30,2016-06-30,2021-09-07,-1470000000.0,15222000000.0,15623000000.0,6167000000.0,9055000000.0,0.853,13.87,-236000000.0,2355000000.0,2355000000.0,7757000000.0,1954000000.0,2.184,2.077,7164000000.0,864000000.0,6300000000.0,7164000000.0,0.0,473000000.0,0.0,0.021,2.2,3011000000.0,3484000000.0,0.261,3484000000.0,3011000000.0,2778000000.0,5.4,5.37,5.4,4946000000.0,5118500000.0,4946000000.0,41987015760.0,14.0,12.051,2187000000.0,6.133,1.0,5577000000.0,0.418,5907000000.0,233000000.0,11300000000.0,11592000000.0,1145000000.0,0.0,0.0,0.0,10272000000.0,2824000000.0,7448000000.0,37432015760.0,-503000000.0,0.0,-1147000000.0,-602000000.0,-775000000.0,-2511000000.0,-164000000.0,29000000.0,2423000000.0,-251000000.0,1954000000.0,1954000000.0,1954000000.0,0.0,0.0,0.147,2623000000.0,2954000000.0,714000000.0,0.407,7.568,19.157,19.289,1580000000.0,0.0,104.16,2.807,2.786,2413000000.0,18916000000.0,13334000000.0,13334000000.0,0.0,0.125,0.382,0.26,0.226,37000000.0,2393000000.0,1.0,359370351.0,356600000.0,,37.392,9315000000.0,466000000.0,824000000.0,279000000.0,26.122,3343000000.0
21,ITW,MRT,2016-03-31,2016-03-31,2016-03-31,2021-09-07,-1332000000.0,15437000000.0,15904500000.0,6241000000.0,9196000000.0,0.839,14.414,-234000000.0,2448000000.0,2448000000.0,7814000000.0,1909000000.0,2.298,1.958,7003000000.0,650000000.0,6353000000.0,7003000000.0,0.0,476000000.0,0.0,0.021,2.135,2953000000.0,3429000000.0,0.257,3429000000.0,2953000000.0,2723000000.0,5.24,5.21,5.24,5218000000.0,5207500000.0,5218000000.0,41596280929.0,14.0,12.131,2102000000.0,5.807,1.0,5523000000.0,0.414,6005000000.0,230000000.0,11271000000.0,11850750000.0,1134000000.0,0.0,0.0,0.0,10215000000.0,2716000000.0,7499000000.0,37264280929.0,-224000000.0,-4000000.0,-936000000.0,-607000000.0,-756000000.0,-2292000000.0,-202000000.0,27000000.0,2336000000.0,-66000000.0,1909000000.0,1909000000.0,1909000000.0,0.0,0.0,0.143,2631000000.0,2892000000.0,723000000.0,0.407,7.141,19.52,19.55,1598000000.0,0.0,102.44,2.794,2.78,2394000000.0,18586000000.0,13337000000.0,13337000000.0,0.0,0.12,0.367,0.249,0.221,36000000.0,2398000000.0,1.0,363766897.0,362000000.0,,36.843,9432000000.0,505000000.0,814000000.0,408000000.0,26.055,3525000000.0
22,ITW,MRT,2015-12-31,2015-12-31,2015-12-31,2021-09-07,-1504000000.0,15729000000.0,16029500000.0,6720000000.0,9009000000.0,0.836,14.372,-254000000.0,3090000000.0,3090000000.0,7888000000.0,1899000000.0,2.838,2.01,7422000000.0,526000000.0,6896000000.0,7422000000.0,0.0,477000000.0,0.0,0.022,2.07,2945000000.0,3422000000.0,0.255,3422000000.0,2945000000.0,2719000000.0,5.16,5.13,5.16,5224000000.0,5147500000.0,5224000000.0,38499417614.0,13.0,11.251,2045000000.0,5.626,1.0,5517000000.0,0.412,5999000000.0,226000000.0,11694000000.0,11743750000.0,1086000000.0,0.0,0.0,0.0,10501000000.0,2368000000.0,8133000000.0,33688417614.0,-900000000.0,23000000.0,-1943000000.0,151000000.0,-742000000.0,-2526000000.0,-210000000.0,22000000.0,2299000000.0,-463000000.0,1899000000.0,1899000000.0,1899000000.0,0.0,0.0,0.142,2650000000.0,2867000000.0,649000000.0,0.401,6.449,17.74,17.961,1577000000.0,0.0,92.68,2.513,2.513,2203000000.0,18316000000.0,13405000000.0,13405000000.0,0.0,0.118,0.369,0.251,0.22,41000000.0,2417000000.0,1.0,363491774.0,363491774.0,,36.878,9730000000.0,346000000.0,820000000.0,313000000.0,26.768,4352000000.0
23,ITW,MRT,2015-09-30,2015-09-30,2015-09-30,2021-09-07,-1370000000.0,16104000000.0,16463500000.0,6969000000.0,9135000000.0,0.828,13.93,-272000000.0,3001000000.0,3001000000.0,8061000000.0,1899000000.0,2.558,2.166,7812000000.0,812000000.0,7000000000.0,7812000000.0,0.0,476000000.0,0.0,0.024,2.005,2953000000.0,3429000000.0,0.252,3429000000.0,2953000000.0,2731000000.0,5.12,5.09,5.12,5086000000.0,5546250000.0,5086000000.0,35087750114.0,12.0,10.233,1782000000.0,4.881,1.0,5573000000.0,0.409,6088000000.0,222000000.0,12103000000.0,11546000000.0,1153000000.0,0.0,0.0,0.0,11014000000.0,2724000000.0,8290000000.0,30132750114.0,-1819000000.0,26000000.0,-2729000000.0,418000000.0,-732000000.0,-3026000000.0,-259000000.0,22000000.0,2054000000.0,-588000000.0,1899000000.0,1899000000.0,1899000000.0,11000000.0,0.0,0.139,2699000000.0,2874000000.0,698000000.0,0.392,5.925,15.868,16.076,1601000000.0,0.0,82.31,2.21,2.204,2339000000.0,18066000000.0,13634000000.0,13634000000.0,0.0,0.115,0.342,0.256,0.217,42000000.0,2463000000.0,1.0,366088569.0,365100000.0,,37.343,10016000000.0,475000000.0,832000000.0,419000000.0,27.434,4245000000.0
24,ITW,MRT,2015-06-30,2015-06-30,2015-06-30,2021-09-07,-1046000000.0,16348000000.0,17194500000.0,7033000000.0,9315000000.0,0.813,14.478,-337000000.0,2858000000.0,2858000000.0,8290000000.0,1919000000.0,2.561,2.083,7813000000.0,819000000.0,6994000000.0,7813000000.0,0.0,484000000.0,0.0,0.021,1.94,2985000000.0,3469000000.0,0.248,3469000000.0,2985000000.0,2754000000.0,5.07,5.04,5.07,5302000000.0,6223750000.0,5302000000.0,38631380480.0,13.0,11.136,1282000000.0,3.501,1.0,5682000000.0,0.407,6222000000.0,231000000.0,12335000000.0,11337250000.0,1191000000.0,0.0,0.0,0.0,11042000000.0,2746000000.0,8296000000.0,33750380480.0,-2439000000.0,7000000.0,-3113000000.0,933000000.0,-721000000.0,-2886000000.0,-393000000.0,20000000.0,1619000000.0,-779000000.0,1919000000.0,1919000000.0,1919000000.0,-13000000.0,0.0,0.137,2797000000.0,2885000000.0,711000000.0,0.383,6.366,17.587,18.105,1636000000.0,0.0,91.79,2.416,2.406,2412000000.0,17755000000.0,13972000000.0,13972000000.0,0.0,0.112,0.308,0.263,0.214,42000000.0,2557000000.0,1.0,367691257.0,366200000.0,,38.154,10126000000.0,483000000.0,835000000.0,432000000.0,27.652,4287000000.0
25,ITW,MRT,2015-03-31,2015-03-31,2015-03-31,2021-09-07,-1226000000.0,15937000000.0,18091500000.0,6667000000.0,9270000000.0,0.788,13.218,-347000000.0,2672000000.0,2672000000.0,8485000000.0,2931000000.0,1.781,2.201,7553000000.0,1708000000.0,5845000000.0,7553000000.0,0.0,495000000.0,0.0,0.019,1.875,4002000000.0,4497000000.0,0.315,4497000000.0,4002000000.0,3762000000.0,7.45,7.4,7.45,4978000000.0,7007000000.0,4978000000.0,40326484106.0,10.0,8.967,1397000000.0,3.71,1.0,5772000000.0,0.405,6231000000.0,240000000.0,10843000000.0,11040000000.0,1187000000.0,0.0,0.0,0.0,10955000000.0,3744000000.0,7211000000.0,36859484106.0,-875000000.0,3192000000.0,-4233000000.0,306000000.0,-716000000.0,-4619000000.0,2850000000.0,28000000.0,1744000000.0,-850000000.0,2931000000.0,2931000000.0,2931000000.0,-1011000000.0,0.0,0.206,2854000000.0,2918000000.0,849000000.0,0.252,7.404,12.576,13.039,1624000000.0,0.0,97.14,2.585,2.566,2367000000.0,17453000000.0,14257000000.0,14257000000.0,0.0,0.162,0.418,0.362,0.281,44000000.0,2612000000.0,1.0,379447026.0,376600000.0,,37.857,9706000000.0,466000000.0,831000000.0,484000000.0,25.773,2923000000.0
26,ITW,MRT,2014-12-31,2014-12-31,2014-12-31,2021-09-07,-658000000.0,17465000000.0,19149750000.0,7864000000.0,9601000000.0,0.756,17.443,-333000000.0,3990000000.0,3990000000.0,8673000000.0,2946000000.0,2.231,1.56,7419000000.0,1476000000.0,5943000000.0,7419000000.0,0.0,507000000.0,0.0,0.019,1.81,4005000000.0,4512000000.0,0.312,4512000000.0,4005000000.0,3755000000.0,7.33,7.28,7.33,6819000000.0,7906000000.0,6819000000.0,39731414382.0,10.0,8.806,1283000000.0,3.282,1.0,5811000000.0,0.401,6466000000.0,250000000.0,10903000000.0,11343250000.0,1180000000.0,0.0,0.0,0.0,10641000000.0,3525000000.0,7116000000.0,37021414382.0,372000000.0,3164000000.0,-4198000000.0,1339000000.0,-711000000.0,-3551000000.0,2842000000.0,28000000.0,1616000000.0,-535000000.0,2946000000.0,2946000000.0,2946000000.0,-1056000000.0,0.0,0.203,2923000000.0,2888000000.0,698000000.0,0.247,5.429,12.567,12.92,1686000000.0,0.0,94.7,2.556,2.556,2293000000.0,17173000000.0,14484000000.0,14484000000.0,0.0,0.154,0.373,0.353,0.277,39000000.0,2678000000.0,1.0,390933626.0,390933626.0,,37.05,10999000000.0,338000000.0,809000000.0,235000000.0,28.135,4339000000.0
27,ITW,MRT,2014-09-30,2014-09-30,2014-09-30,2021-09-07,-148000000.0,19028000000.0,19775000000.0,9152000000.0,9876000000.0,0.735,19.787,-347000000.0,4820000000.0,4820000000.0,8732000000.0,2904000000.0,2.362,1.44,7530000000.0,1496000000.0,6034000000.0,7530000000.0,0.0,521000000.0,0.0,0.021,1.745,3939000000.0,4460000000.0,0.307,4460000000.0,3939000000.0,3683000000.0,7.09,7.04,7.09,7796000000.0,8627000000.0,7796000000.0,35386628051.0,9.0,7.934,1519000000.0,3.855,1.0,5802000000.0,0.399,6596000000.0,256000000.0,11268000000.0,11060750000.0,1265000000.0,0.0,0.0,0.0,11227000000.0,3874000000.0,7353000000.0,33473628051.0,1802000000.0,3177000000.0,-4475000000.0,2552000000.0,-707000000.0,-2617000000.0,2889000000.0,45000000.0,1866000000.0,-336000000.0,2904000000.0,2904000000.0,2904000000.0,-1068000000.0,0.0,0.2,2972000000.0,2830000000.0,784000000.0,0.246,4.294,11.527,11.907,1693000000.0,0.0,84.42,2.303,2.289,2519000000.0,16909000000.0,14534000000.0,14534000000.0,0.0,0.147,0.337,0.356,0.271,41000000.0,2723000000.0,1.0,396513007.0,394000000.0,,36.888,12432000000.0,595000000.0,779000000.0,705000000.0,31.553,5278000000.0
28,ITW,MRT,2014-06-30,2014-06-30,2014-06-30,2021-09-07,359000000.0,19936000000.0,19955750000.0,9791000000.0,10145000000.0,0.722,20.843,-294000000.0,5297000000.0,5297000000.0,8698000000.0,2825000000.0,2.496,1.363,7210000000.0,1070000000.0,6140000000.0,7210000000.0,0.0,540000000.0,0.0,0.019,1.68,3857000000.0,4397000000.0,0.305,4397000000.0,3857000000.0,3609000000.0,6.75,6.71,6.75,8435000000.0,9293500000.0,8435000000.0,40201065622.0,10.0,9.143,2112000000.0,5.219,1.0,5712000000.0,0.396,6780000000.0,248000000.0,11146000000.0,10982000000.0,1305000000.0,0.0,0.0,0.0,11496000000.0,3923000000.0,7573000000.0,36126065622.0,2529000000.0,3036000000.0,-4175000000.0,2070000000.0,-712000000.0,-2800000000.0,2794000000.0,37000000.0,2406000000.0,129000000.0,2825000000.0,2825000000.0,2825000000.0,-1090000000.0,0.0,0.196,2976000000.0,2736000000.0,850000000.0,0.249,4.283,12.788,12.972,1700000000.0,0.0,87.56,2.507,2.459,2598000000.0,16568000000.0,14410000000.0,14410000000.0,0.0,0.142,0.304,0.351,0.268,40000000.0,2724000000.0,1.0,412586405.0,404700000.0,,35.607,13156000000.0,675000000.0,784000000.0,1240000000.0,32.508,5868000000.0
29,ITW,MRT,2014-03-31,2014-03-31,2014-03-31,2021-09-07,420000000.0,20170000000.0,19771500000.0,10028000000.0,10142000000.0,0.722,20.322,-306000000.0,3547000000.0,3547000000.0,8634000000.0,1798000000.0,1.871,1.352,7622000000.0,2833000000.0,4789000000.0,7622000000.0,0.0,555000000.0,0.0,0.02,1.64,2778000000.0,3333000000.0,0.233,3333000000.0,2778000000.0,2535000000.0,4.1,4.08,4.1,8574000000.0,9741000000.0,8574000000.0,37280497605.0,13.0,11.185,2170000000.0,5.143,1.0,5650000000.0,0.396,6829000000.0,243000000.0,12056000000.0,10770750000.0,1298000000.0,0.0,0.0,0.0,11590000000.0,5360000000.0,6230000000.0,34554497605.0,885000000.0,-104000000.0,-3005000000.0,2534000000.0,-709000000.0,-1164000000.0,-388000000.0,28000000.0,2476000000.0,-39000000.0,1798000000.0,1798000000.0,1798000000.0,-141000000.0,0.0,0.126,3047000000.0,2603000000.0,863000000.0,0.4,4.03,19.218,19.837,1699000000.0,0.0,81.33,2.419,2.402,2563000000.0,15243000000.0,14284000000.0,14284000000.0,0.0,0.091,0.185,0.258,0.194,37000000.0,2794000000.0,1.0,424867793.0,421900000.0,,33.856,13341000000.0,718000000.0,737000000.0,621000000.0,31.621,4668000000.0
30,ITW,MRT,2013-12-31,2013-12-31,2013-12-31,2021-09-07,384000000.0,19966000000.0,19530500000.0,9816000000.0,10150000000.0,0.724,21.862,-330000000.0,3618000000.0,3618000000.0,8554000000.0,1679000000.0,1.627,1.057,6344000000.0,3551000000.0,2793000000.0,6344000000.0,0.0,613000000.0,0.0,0.019,1.6,2635000000.0,3248000000.0,0.23,3248000000.0,2635000000.0,2396000000.0,3.76,3.74,3.76,9703000000.0,10166000000.0,9703000000.0,39435888278.0,15.0,12.142,2198000000.0,4.952,1.0,5581000000.0,0.395,6885000000.0,239000000.0,9773000000.0,10551750000.0,1247000000.0,0.0,0.0,0.0,10257000000.0,6034000000.0,4223000000.0,37317888278.0,839000000.0,-161000000.0,-1900000000.0,1264000000.0,-528000000.0,-1140000000.0,-456000000.0,40000000.0,2528000000.0,-93000000.0,1679000000.0,1679000000.0,1679000000.0,-49000000.0,0.0,0.119,3067000000.0,2514000000.0,815000000.0,0.426,3.846,22.226,22.362,1709000000.0,0.0,84.08,2.64,2.64,2365000000.0,14943000000.0,14135000000.0,14135000000.0,0.0,0.086,0.165,0.25,0.186,37000000.0,2815000000.0,1.0,443837872.0,443837872.0,,31.847,13081000000.0,743000000.0,717000000.0,586000000.0,29.472,3782000000.0
31,ITW,MRT,2013-09-30,2013-09-30,2013-09-30,2021-09-07,292000000.0,19751000000.0,19366250000.0,9582000000.0,10169000000.0,0.726,23.463,-332000000.0,3018000000.0,3018000000.0,8558000000.0,2250000000.0,2.431,0.887,5136000000.0,1328000000.0,3808000000.0,5136000000.0,0.0,631000000.0,0.0,0.02,1.56,3496000000.0,4127000000.0,0.293,4127000000.0,3496000000.0,3256000000.0,4.94,4.91,4.94,10462000000.0,10380500000.0,10462000000.0,36463841922.0,10.0,8.835,2093000000.0,4.694,1.0,5507000000.0,0.392,6975000000.0,240000000.0,10953000000.0,10893250000.0,1308000000.0,0.0,0.0,0.0,9283000000.0,3941000000.0,5342000000.0,34159841922.0,964000000.0,795000000.0,-1404000000.0,99000000.0,-692000000.0,-1974000000.0,559000000.0,98000000.0,2425000000.0,-46000000.0,2250000000.0,2250000000.0,2250000000.0,-106000000.0,0.0,0.16,3097000000.0,2410000000.0,803000000.0,0.316,3.265,15.182,15.439,1667000000.0,0.0,76.27,2.429,2.418,2493000000.0,14716000000.0,14065000000.0,14065000000.0,0.0,0.116,0.217,0.321,0.249,44000000.0,2847000000.0,1.0,447880450.0,445900000.0,,31.543,12776000000.0,744000000.0,1006000000.0,587000000.0,28.652,5641000000.0
32,ITW,MRT,2013-06-30,2013-06-30,2013-06-30,2021-09-07,12000000.0,19199000000.0,19184250000.0,8213000000.0,10986000000.0,0.742,22.742,-345000000.0,2768000000.0,2768000000.0,8699000000.0,2322000000.0,2.213,0.877,5072000000.0,1301000000.0,3771000000.0,5072000000.0,0.0,636000000.0,0.0,0.022,1.52,3509000000.0,4145000000.0,0.291,4145000000.0,3509000000.0,3277000000.0,5.06,5.02,5.06,10225000000.0,10328250000.0,10225000000.0,33506419138.0,10.0,8.084,1904000000.0,4.235,1.0,5531000000.0,0.389,7491000000.0,232000000.0,10301000000.0,10962250000.0,1490000000.0,0.0,0.0,0.0,8968000000.0,3711000000.0,5257000000.0,31156419138.0,1076000000.0,1061000000.0,-1399000000.0,131000000.0,-690000000.0,-1930000000.0,860000000.0,149000000.0,2249000000.0,-103000000.0,2322000000.0,2322000000.0,2322000000.0,-139000000.0,0.0,0.163,3132000000.0,2399000000.0,887000000.0,0.3,3.047,13.418,13.67,1936000000.0,0.0,69.17,2.189,2.185,2907000000.0,14451000000.0,14230000000.0,14230000000.0,0.0,0.121,0.225,0.32,0.247,48000000.0,2884000000.0,1.0,450432545.0,449600000.0,,31.65,11708000000.0,727000000.0,955000000.0,506000000.0,26.041,4502000000.0
33,ITW,MRT,2013-03-31,2013-03-31,2013-03-31,2021-09-07,155000000.0,19206000000.0,19114750000.0,8110000000.0,11096000000.0,0.79,22.745,-358000000.0,2662000000.0,2662000000.0,9358000000.0,2738000000.0,2.894,0.869,5012000000.0,456000000.0,4556000000.0,5012000000.0,0.0,648000000.0,0.0,0.025,1.5,3964000000.0,4612000000.0,0.305,4612000000.0,3964000000.0,3741000000.0,5.88,5.84,5.88,10274000000.0,10293000000.0,10274000000.0,29779496616.0,8.0,6.457,1757000000.0,3.89,1.0,5742000000.0,0.38,7574000000.0,223000000.0,11180000000.0,10980750000.0,1514000000.0,0.0,0.0,0.0,8927000000.0,2802000000.0,6125000000.0,27510496616.0,1358000000.0,1539000000.0,-1673000000.0,276000000.0,-691000000.0,-2066000000.0,1350000000.0,171000000.0,2115000000.0,-41000000.0,2738000000.0,2738000000.0,2738000000.0,-452000000.0,0.0,0.181,3215000000.0,2527000000.0,920000000.0,0.255,2.678,10.048,10.364,1960000000.0,0.0,60.94,1.822,1.823,2789000000.0,14156000000.0,15100000000.0,15100000000.0,0.0,0.143,0.266,0.361,0.263,51000000.0,2956000000.0,1.0,451435783.0,451700000.0,,33.429,11632000000.0,733000000.0,1003000000.0,416000000.0,25.752,5308000000.0
34,ITW,MRT,2012-12-31,2012-12-31,2012-12-31,2021-09-07,293000000.0,19309000000.0,19049250000.0,7960000000.0,11349000000.0,0.776,22.788,-352000000.0,2779000000.0,2779000000.0,9134000000.0,2870000000.0,3.003,0.827,5048000000.0,459000000.0,4589000000.0,5048000000.0,0.0,613000000.0,0.0,0.024,1.48,4056000000.0,4669000000.0,0.316,4669000000.0,4056000000.0,3843000000.0,6.11,6.06,6.11,10561000000.0,10254000000.0,10561000000.0,31124348649.0,8.0,6.666,1720000000.0,3.711,1.0,5657000000.0,0.382,7788000000.0,213000000.0,11139000000.0,10870500000.0,1585000000.0,0.0,0.0,0.0,8739000000.0,2651000000.0,6088000000.0,28182348649.0,1601000000.0,1120000000.0,-1737000000.0,1015000000.0,-865000000.0,-1571000000.0,1047000000.0,281000000.0,2072000000.0,53000000.0,2870000000.0,2870000000.0,2870000000.0,-637000000.0,0.0,0.194,3182000000.0,2475000000.0,676000000.0,0.242,2.669,9.82,9.953,1994000000.0,0.0,60.81,1.905,1.905,2742000000.0,13973000000.0,14791000000.0,14791000000.0,0.0,0.151,0.28,0.373,0.274,54000000.0,2928000000.0,1.0,463449246.0,463449246.0,,31.915,11521000000.0,723000000.0,973000000.0,368000000.0,24.859,5309000000.0
35,ITW,MRT,2012-09-30,2012-09-30,2012-09-30,2021-09-07,277000000.0,19023000000.0,18718000000.0,7650000000.0,11373000000.0,0.727,22.059,-345000000.0,2054000000.0,2054000000.0,8235000000.0,2333000000.0,2.613,0.854,4996000000.0,424000000.0,4572000000.0,4996000000.0,0.0,614000000.0,0.0,0.025,1.46,3146000000.0,3760000000.0,0.276,3760000000.0,3146000000.0,2941000000.0,4.91,4.89,4.91,10253000000.0,10118000000.0,10253000000.0,31094587430.0,10.0,8.27,1834000000.0,3.946,1.0,5367000000.0,0.395,7808000000.0,205000000.0,11229000000.0,10682750000.0,1760000000.0,226000000.0,0.0,226000000.0,8761000000.0,2928000000.0,5833000000.0,27880587430.0,735000000.0,59000000.0,-1168000000.0,441000000.0,-689000000.0,-1403000000.0,-79000000.0,217000000.0,2179000000.0,38000000.0,2333000000.0,2333000000.0,2333000000.0,-710000000.0,0.0,0.172,2971000000.0,2396000000.0,946000000.0,0.297,2.719,11.951,12.112,2081000000.0,0.0,59.47,2.05,2.032,3062000000.0,13168000000.0,13602000000.0,13602000000.0,0.0,0.125,0.231,0.294,0.231,50000000.0,2733000000.0,1.0,468817680.0,464800000.0,,29.264,11215000000.0,883000000.0,608000000.0,174000000.0,24.129,4722000000.0
36,ITW,MRT,2012-06-30,2012-06-30,2012-06-30,2021-09-07,135000000.0,18921000000.0,18553066250.0,7551000000.0,11370000000.0,0.779,21.324,-339000000.0,1692000000.0,1692000000.0,8908000000.0,2316000000.0,1.918,0.875,4906000000.0,1438000000.0,3468000000.0,4906000000.0,0.0,616000000.0,0.0,0.027,1.44,3155000000.0,3771000000.0,0.261,3771000000.0,3155000000.0,2953000000.0,4.82,4.81,4.82,10084000000.0,10014111500.0,10084000000.0,28708347892.0,9.0,7.613,1992000000.0,4.212,1.0,5541000000.0,0.383,7824000000.0,202000000.0,10375000000.0,10510428500.0,1796000000.0,271000000.0,0.0,271000000.0,8820000000.0,3936000000.0,4884000000.0,25247347892.0,461000000.0,-497000000.0,-1265000000.0,961000000.0,-687000000.0,-988000000.0,-671000000.0,171000000.0,2331000000.0,-211000000.0,2316000000.0,2316000000.0,2316000000.0,-648000000.0,0.0,0.16,3098000000.0,2443000000.0,954000000.0,0.299,2.504,10.901,10.973,2067000000.0,0.0,52.89,1.747,1.731,3164000000.0,12821000000.0,14449000000.0,14449000000.0,0.0,0.125,0.231,0.3,0.218,52000000.0,2856000000.0,1.0,477355793.0,472900000.0,,30.554,11097000000.0,887000000.0,637000000.0,177000000.0,23.466,3615000000.0
37,ITW,MRT,2012-03-31,2012-03-31,2012-03-31,2021-09-07,410000000.0,18944000000.0,18454360000.0,7389000000.0,11555000000.0,0.791,20.992,-328000000.0,1304000000.0,1304000000.0,9090000000.0,1934000000.0,1.956,0.871,4765000000.0,1244000000.0,3521000000.0,4765000000.0,0.0,608000000.0,0.0,0.025,1.42,2752000000.0,3360000000.0,0.23,3360000000.0,2752000000.0,2555000000.0,3.96,3.95,3.96,10118000000.0,10095233250.0,10118000000.0,30445544542.0,11.0,9.061,1806000000.0,3.747,1.0,5511000000.0,0.377,7889000000.0,197000000.0,10739000000.0,10441582750.0,1824000000.0,287000000.0,0.0,287000000.0,8809000000.0,3777000000.0,5032000000.0,27633158542.0,220000000.0,-1221000000.0,-1250000000.0,1465000000.0,-685000000.0,-466000000.0,-1403000000.0,151000000.0,2134000000.0,-45000000.0,1934000000.0,1934000000.0,1934000000.0,-301000000.0,0.0,0.132,3115000000.0,2396000000.0,1003000000.0,0.359,2.731,14.288,14.424,2100000000.0,0.0,57.12,1.893,1.886,3134000000.0,12108000000.0,14601000000.0,14601000000.0,0.0,0.105,0.192,0.264,0.188,54000000.0,2882000000.0,1.0,483773784.0,482000000.0,,30.293,11055000000.0,963000000.0,621000000.0,164000000.0,22.936,3612000000.0
38,ITW,MRT,2011-12-31,2011-12-31,2011-12-31,2021-09-07,224000000.0,17984000000.0,18128661500.0,6849000000.0,11135000000.0,0.801,20.731,-336000000.0,1178000000.0,1178000000.0,9089000000.0,2071000000.0,2.301,0.794,3990000000.0,502000000.0,3488000000.0,3990000000.0,0.0,594000000.0,0.0,0.03,1.4,2710000000.0,3304000000.0,0.228,3304000000.0,2710000000.0,2519000000.0,4.21,4.19,4.21,10017000000.0,10157451750.0,10017000000.0,25814002996.0,10.0,7.813,1620000000.0,3.353,1.0,5426000000.0,0.374,7431000000.0,191000000.0,10388000000.0,10111780000.0,1716000000.0,409000000.0,0.0,409000000.0,7950000000.0,2977000000.0,4973000000.0,22569958996.0,-8000000.0,-1286000000.0,-797000000.0,1148000000.0,-680000000.0,-321000000.0,-1579000000.0,37000000.0,1956000000.0,-64000000.0,2071000000.0,2071000000.0,2071000000.0,-296000000.0,0.0,0.143,3065000000.0,2361000000.0,871000000.0,0.333,2.253,10.898,11.095,2025000000.0,0.0,46.71,1.555,1.555,2819000000.0,11794000000.0,14515000000.0,14515000000.0,0.0,0.114,0.204,0.268,0.187,56000000.0,2846000000.0,1.0,483193299.0,483193299.0,,30.04,10553000000.0,1000000000.0,448000000.0,179000000.0,21.84,3872000000.0
39,ITW,MRT,2011-09-30,2011-09-30,2011-09-30,2021-09-07,341207000.0,18363265000.0,17735739250.0,7334419000.0,11028846000.0,0.98,20.229,-328679000.0,1318885000.0,1318885000.0,11326464000.0,1964711000.0,2.017,0.865,4562929000.0,1040806000.0,3522123000.0,4562929000.0,0.0,580779000.0,0.0,0.033,1.38,2672372000.0,3253151000.0,0.187,3253151000.0,2672372000.0,2490426000.0,3.97,3.95,3.97,9837446000.0,10043354250.0,9837446000.0,23285309949.0,9.0,7.158,1271182000.0,2.614,1.0,6054592000.0,0.348,7431697000.0,181946000.0,10539714000.0,9606925250.0,1794327000.0,424441000.0,0.0,424441000.0,8511256000.0,3635898000.0,4875358000.0,20442843949.0,-406173000.0,-1391669000.0,-753661000.0,1161197000.0,-674417000.0,-254346000.0,-1694063000.0,16011000.0,1599861000.0,-57625000.0,1964711000.0,1964711000.0,1964711000.0,-56853000.0,0.0,0.113,3488027000.0,2566565000.0,944336000.0,0.348,2.078,10.405,10.479,2037934000.0,0.0,41.6,1.176,1.164,2985354000.0,11526086000.0,17381056000.0,17381056000.0,0.0,0.111,0.196,0.278,0.154,55681000.0,3249733000.0,1.0,491414518.0,486300000.0,,35.741,10931568000.0,845331000.0,525715000.0,192988000.0,22.479,3698521000.0
40,ITW,MRT,2011-06-30,2011-06-30,2011-06-30,2021-09-07,870881000.0,18526175000.0,17220854000.0,7557079000.0,10969096000.0,0.972,20.909,-326491000.0,1230662000.0,1230662000.0,10912915000.0,1879739000.0,1.86,0.779,4073128000.0,1450332000.0,2622796000.0,4073128000.0,0.0,563238000.0,0.0,0.024,1.36,2556032000.0,3119270000.0,0.186,3119270000.0,2556032000.0,2379596000.0,3.77,3.75,3.77,10408487000.0,9804100250.0,10408487000.0,30511403832.0,12.0,9.782,1010338000.0,2.03,1.0,5829265000.0,0.348,7206869000.0,176436000.0,10099617000.0,9076079500.0,1919679000.0,435576000.0,0.0,435576000.0,8104151000.0,4062155000.0,4041996000.0,28247790832.0,-110149000.0,-965573000.0,-696852000.0,850307000.0,-663505000.0,-497361000.0,-1267849000.0,14830000.0,1336829000.0,318232000.0,1879739000.0,1879739000.0,1879739000.0,-58827000.0,0.0,0.112,3356975000.0,2472290000.0,1032036000.0,0.361,2.714,15.028,14.984,2132013000.0,0.0,56.49,1.687,1.68,3146005000.0,11192418000.0,16742180000.0,16742180000.0,0.0,0.109,0.192,0.282,0.153,56601000.0,3134509000.0,1.0,500049404.0,497800000.0,,33.632,11319306000.0,896144000.0,499857000.0,160890000.0,22.739,3494924000.0
41,ITW,MRT,2011-03-31,2011-03-31,2011-03-31,2021-09-07,667534000.0,17641206000.0,16507300000.0,6596423000.0,11044783000.0,0.973,20.792,-303110000.0,1084470000.0,1084470000.0,10431137000.0,1792195000.0,2.03,0.7,3348083000.0,750773000.0,2597310000.0,3348083000.0,0.0,551668000.0,0.0,0.025,1.33,2454938000.0,3006606000.0,0.187,3006606000.0,2454938000.0,2280233000.0,3.59,3.57,3.59,10366874000.0,9382494500.0,10366874000.0,28414797685.0,12.0,9.451,1055070000.0,2.116,1.0,5624099000.0,0.35,7235474000.0,174705000.0,9419789000.0,8619984000.0,1824081000.0,430978000.0,0.0,430978000.0,7261904000.0,3249556000.0,4012348000.0,26775089685.0,-417370000.0,-949913000.0,-159141000.0,114072000.0,-649276000.0,-681533000.0,-1216714000.0,14574000.0,1358180000.0,122697000.0,1792195000.0,1792195000.0,1792195000.0,-55491000.0,0.0,0.112,3236774000.0,2387325000.0,1036671000.0,0.37,2.583,14.94,14.964,2122296000.0,0.0,53.72,1.668,1.668,2981230000.0,10861069000.0,16055236000.0,16055236000.0,0.0,0.109,0.191,0.285,0.153,57580000.0,3025356000.0,1.0,498419391.0,498600000.0,,32.201,10405732000.0,925172000.0,488038000.0,182404000.0,20.87,3346867000.0
42,ITW,MRT,2010-12-31,2010-12-31,2010-12-31,2021-09-07,427155000.0,16412311000.0,16063638000.0,5970488000.0,10441823000.0,0.96,19.278,-270000000.0,1186367000.0,1186367000.0,9997000000.0,1503000000.0,1.975,0.715,2868323000.0,326236000.0,2542087000.0,2868323000.0,0.0,549000000.0,0.0,0.024,1.3,2315000000.0,2864000000.0,0.186,2864000000.0,2315000000.0,2140000000.0,3.0,2.99,3.0,9560610000.0,8974085500.0,9560610000.0,28215868516.0,12.0,9.852,1218000000.0,2.456,1.0,5419000000.0,0.352,6702834000.0,175000000.0,8368581000.0,8345185750.0,1634856000.0,440760000.0,0.0,440760000.0,6840312000.0,3022852000.0,3817460000.0,26482712516.0,-160000000.0,-434000000.0,-235000000.0,-190000000.0,-636000000.0,-1053000000.0,-672000000.0,11000000.0,1488000000.0,77000000.0,1503000000.0,1503000000.0,1503000000.0,-51000000.0,0.0,0.097,3165000000.0,2254000000.0,918722000.0,0.433,2.77,17.62,17.8,2066156000.0,0.0,53.4,1.718,1.718,2581592000.0,10407946000.0,15416000000.0,15416000000.0,0.0,0.094,0.167,0.277,0.15,56000000.0,2957000000.0,1.0,495930946.0,495930946.0,,31.085,9709477000.0,916812000.0,637000000.0,581088000.0,19.578,2947636000.0
43,ITW,MRT,2010-09-30,2010-09-30,2010-09-30,2021-09-07,62670000.0,16303724000.0,15981056250.0,6334840000.0,9968884000.0,0.942,17.734,-263654000.0,1649101000.0,1649101000.0,9689002000.0,1700377000.0,1.967,0.835,3382257000.0,644883000.0,2737374000.0,3382257000.0,0.0,567670000.0,0.0,0.027,1.27,2345911000.0,2913581000.0,0.193,2913581000.0,2345911000.0,2171182000.0,3.38,3.37,3.38,8880430000.0,8785984750.0,8880430000.0,25440109643.0,11.0,8.732,1395758000.0,2.787,1.0,5371136000.0,0.357,6399208000.0,174729000.0,8416331000.0,8371035500.0,1544728000.0,437967000.0,0.0,437967000.0,7412962000.0,3221341000.0,4191621000.0,23675087643.0,664446000.0,-401450000.0,-244934000.0,471814000.0,-622865000.0,-389078000.0,-620238000.0,9541000.0,1659412000.0,14350000.0,1700377000.0,1700377000.0,1700377000.0,-68979000.0,0.0,0.113,3110596000.0,2260540000.0,891540000.0,0.376,2.666,13.923,13.911,1952567000.0,0.0,47.02,1.572,1.563,2627696000.0,10175663000.0,15060138000.0,15060138000.0,0.0,0.106,0.194,0.28,0.156,58520000.0,2904557000.0,1.0,503511009.0,500751000.0,,30.075,9904516000.0,821382000.0,470805000.0,474809000.0,19.779,3113499000.0
44,ITW,MRT,2010-06-30,2010-06-30,2010-06-30,2021-09-07,-162181000.0,15671959000.0,15626179250.0,5766470000.0,9905489000.0,0.941,17.331,-237079000.0,1265237000.0,1265237000.0,9455726000.0,1580767000.0,2.077,0.796,3030259000.0,305917000.0,2724342000.0,3030259000.0,0.0,582456000.0,0.0,0.03,1.24,2200439000.0,2782895000.0,0.189,2782895000.0,2200439000.0,2023530000.0,3.14,3.13,3.14,8722064000.0,8624261250.0,8722064000.0,22456599624.0,10.0,8.07,1467561000.0,2.916,1.0,5243642000.0,0.357,6385186000.0,176909000.0,8275235000.0,8276327000.0,1458179000.0,445156000.0,0.0,445156000.0,6940095000.0,2776560000.0,4163535000.0,20742599624.0,606875000.0,-381617000.0,128630000.0,99872000.0,-621669000.0,-386833000.0,-583150000.0,7246000.0,1704640000.0,-127782000.0,1580767000.0,1580767000.0,1580767000.0,-49459000.0,0.0,0.108,3119232000.0,2124410000.0,887802000.0,0.395,2.378,13.122,13.146,1943878000.0,0.0,41.28,1.411,1.413,2582663000.0,9925004000.0,14699368000.0,14699368000.0,0.0,0.101,0.183,0.266,0.15,55288000.0,2903823000.0,1.0,502485456.0,503265000.0,,29.208,9286773000.0,806784000.0,442763000.0,489478000.0,18.453,2989910000.0
45,ITW,MRT,2010-03-31,2010-03-31,2010-03-31,2021-09-07,169493000.0,15866558000.0,15393608250.0,5792351000.0,10074207000.0,0.92,17.382,-224074000.0,1417566000.0,1417566000.0,9189757000.0,1345876000.0,2.039,0.816,3131566000.0,324386000.0,2807180000.0,3131566000.0,0.0,599067000.0,0.0,0.026,1.24,1873151000.0,2472218000.0,0.175,2472218000.0,1873151000.0,1695625000.0,2.67,2.67,2.67,8733238000.0,8422278500.0,8733238000.0,25603829953.0,14.0,10.357,1771297000.0,3.526,1.0,4974461000.0,0.351,6419385000.0,177526000.0,8320596000.0,8292424500.0,1413084000.0,445707000.0,0.0,445707000.0,7123585000.0,2840577000.0,4283008000.0,23794046953.0,262400000.0,-225175000.0,101491000.0,-824621000.0,-620679000.0,-1339573000.0,-446003000.0,18973000.0,1995371000.0,52605000.0,1345876000.0,1345876000.0,1345876000.0,-35417000.0,0.0,0.095,3141251000.0,1833210000.0,852063000.0,0.464,2.725,17.679,17.738,2035503000.0,0.0,47.36,1.68,1.68,2450438000.0,9660300000.0,14164218000.0,14164218000.0,0.0,0.087,0.16,0.226,0.132,52641000.0,2925847000.0,1.0,502408086.0,502424000.0,,28.192,9447173000.0,852245000.0,349749000.0,568537000.0,18.803,2951774000.0
46,ITW,MRT,2009-12-31,2009-12-31,2009-12-31,2021-09-07,400726000.0,16081984000.0,15116470500.0,5674595000.0,10407389000.0,0.898,17.584,-229003000.0,1318772000.0,1318772000.0,8953380000.0,972697000.0,2.001,0.825,3128555000.0,213681000.0,2914874000.0,3128555000.0,0.0,684841000.0,0.0,0.026,1.24,1382568000.0,2067409000.0,0.152,2067409000.0,1382568000.0,1217979000.0,1.94,1.94,1.94,8808207000.0,8079537000.0,8808207000.0,26032647533.0,19.0,12.592,1938549000.0,3.87,1.0,4619616000.0,0.34,6584149000.0,164589000.0,8471980000.0,8255409500.0,1356233000.0,451293000.0,0.0,451293000.0,7264108000.0,2835638000.0,4428470000.0,24038666533.0,485179000.0,-264145000.0,101733000.0,-742427000.0,-619681000.0,-1256324000.0,-514000000.0,2629000.0,2167552000.0,87951000.0,972697000.0,972697000.0,972697000.0,-4059000.0,0.0,0.072,3236653000.0,1382963000.0,845296000.0,0.639,2.729,24.713,24.737,2136527000.0,0.0,47.99,1.771,1.771,2491492000.0,9521740000.0,13572996000.0,13572996000.0,0.0,0.064,0.12,0.167,0.102,51858000.0,2933616000.0,1.0,500909909.0,500909909.0,,27.097,9497835000.0,904902000.0,245282000.0,624944000.0,18.961,2838957000.0
47,ITW,MRT,2009-09-30,2009-09-30,2009-09-30,2021-09-07,249471000.0,14884216000.0,14896862250.0,5285091000.0,9599125000.0,0.945,16.457,-231749000.0,942856000.0,942856000.0,9332585000.0,673383000.0,2.143,0.807,2936837000.0,67460000.0,2869377000.0,2936837000.0,0.0,660884000.0,0.0,0.029,1.24,1232994000.0,1893878000.0,0.135,1893878000.0,1232994000.0,1069839000.0,1.34,1.33,1.34,8233536000.0,7793354000.0,8233536000.0,23781132597.0,19.0,12.557,1997967000.0,3.993,1.0,4741083000.0,0.337,6374069000.0,163155000.0,8037497000.0,7892450750.0,1361201000.0,456450000.0,0.0,456450000.0,6641923000.0,2466631000.0,4175292000.0,21361212597.0,75238000.0,-325080000.0,-332827000.0,-679441000.0,-622860000.0,-1634490000.0,-581051000.0,-2003000.0,2229716000.0,61063000.0,673383000.0,673383000.0,673383000.0,102973000.0,0.0,0.048,3376861000.0,1364222000.0,781596000.0,0.925,2.594,31.722,31.873,2107103000.0,0.0,42.71,1.518,1.518,2410667000.0,9170064000.0,14073668000.0,14073668000.0,0.0,0.045,0.086,0.156,0.088,45393000.0,3071191000.0,1.0,500145460.0,500313000.0,,28.13,8510147000.0,325154000.0,396456000.0,297219000.0,17.01,2818460000.0
48,ITW,MRT,2009-06-30,2009-06-30,2009-06-30,2021-09-07,130361000.0,14741675000.0,15430706000.0,5131994000.0,9609681000.0,0.969,15.848,-270955000.0,616403000.0,616403000.0,9954009000.0,824483000.0,2.096,0.861,3036323000.0,180511000.0,2855812000.0,3036323000.0,0.0,691652000.0,0.0,0.033,1.24,1415499000.0,2107151000.0,0.141,2107151000.0,1415499000.0,1259774000.0,1.62,1.6,1.62,7914133000.0,8008950000.0,7914133000.0,21394479081.0,15.0,10.153,2078324000.0,4.162,1.0,5003926000.0,0.335,6373778000.0,155725000.0,8339625000.0,7948214750.0,1438637000.0,450889000.0,0.0,450889000.0,6815551000.0,2448192000.0,4367359000.0,18644552081.0,-23771000.0,-861696000.0,-768071000.0,162431000.0,-613391000.0,-1218413000.0,-1156540000.0,-1054000.0,2349279000.0,1903000.0,824483000.0,824483000.0,824483000.0,113495000.0,0.0,0.055,3452301000.0,1551625000.0,729893000.0,0.765,2.356,22.614,23.049,2137982000.0,0.0,37.34,1.246,1.247,2393176000.0,9022927000.0,14957935000.0,14957935000.0,0.0,0.053,0.103,0.178,0.095,43821000.0,3157682000.0,1.0,499318481.0,499389000.0,,29.952,8367897000.0,300573000.0,435291000.0,345386000.0,16.756,2683802000.0
49,ITW,MRT,2009-03-31,2009-03-31,2009-03-31,2021-09-07,-376219000.0,14758007000.0,15892776000.0,5685719000.0,9072288000.0,1.014,14.748,-315028000.0,1121099000.0,1121099000.0,10647213000.0,1176008000.0,1.758,1.003,3871026000.0,1130805000.0,2740221000.0,3871026000.0,0.0,682431000.0,0.0,0.039,1.21,1883720000.0,2566151000.0,0.159,2566151000.0,1883720000.0,1735293000.0,2.28,2.26,2.28,7362272000.0,8405206500.0,7362272000.0,18333464355.0,10.0,7.144,1860273000.0,3.727,1.0,5473697000.0,0.34,6100373000.0,148427000.0,8172536000.0,7969072000.0,1470946000.0,458502000.0,0.0,458502000.0,7384340000.0,3235025000.0,4149315000.0,15399239355.0,193658000.0,-1267217000.0,-961001000.0,1238580000.0,-604989000.0,-325201000.0,-1579375000.0,-7409000.0,2175301000.0,-77067000.0,1176008000.0,1176008000.0,1176008000.0,111731000.0,0.0,0.073,3499748000.0,1973949000.0,650219000.0,0.531,2.092,13.095,13.531,1926404000.0,0.0,30.85,0.955,0.955,2076013000.0,9001254000.0,16120910000.0,16120910000.0,0.0,0.074,0.14,0.236,0.117,42019000.0,3214773000.0,1.0,499164971.0,499189000.0,,32.294,8657634000.0,277151000.0,559285000.0,253089000.0,17.343,2450694000.0
50,ITW,MRT,2008-12-31,2008-12-31,2008-12-31,2021-09-07,-253211000.0,15203551000.0,16199510000.0,5753979000.0,9449572000.0,1.056,14.992,-338919000.0,742950000.0,742950000.0,11186871000.0,1519003000.0,1.193,0.982,3681856000.0,2433973000.0,1247883000.0,3681856000.0,0.0,691907000.0,0.0,0.034,1.18,2333906000.0,3025813000.0,0.177,3025813000.0,2333906000.0,2179448000.0,2.93,2.91,2.93,7663475000.0,8876631500.0,7663475000.0,20643909565.0,9.0,6.823,1883305000.0,3.684,1.0,5913470000.0,0.346,6297219000.0,154458000.0,7020145000.0,7943493750.0,1774697000.0,465894000.0,0.0,465894000.0,7528460000.0,4825093000.0,2703367000.0,17916252565.0,-84574000.0,-1440929000.0,-1334405000.0,1467613000.0,-598690000.0,-461479000.0,-1763317000.0,7349000.0,2222224000.0,-82002000.0,1519003000.0,1519003000.0,1519003000.0,172090000.0,0.0,0.089,3412184000.0,2501286000.0,838717000.0,0.403,2.338,11.795,11.962,2109432000.0,0.0,35.05,1.048,1.048,2571987000.0,9196465000.0,17100341000.0,17100341000.0,0.0,0.094,0.171,0.294,0.136,41686000.0,3226199000.0,1.0,511162698.0,511162698.0,,33.454,8906332000.0,282495000.0,660445000.0,341840000.0,17.424,928886000.0
51,ITW,MRT,2008-09-30,2008-09-30,2008-09-30,2021-09-07,883117000.0,17019591000.0,16280087750.0,6978959000.0,10040632000.0,1.105,17.563,-350208000.0,867618000.0,867618000.0,11761082000.0,1755962000.0,1.392,0.871,3595275000.0,2197110000.0,1398165000.0,3595275000.0,0.0,699363000.0,0.0,0.026,1.15,2663712000.0,3363075000.0,0.187,3363075000.0,2663712000.0,2525096000.0,3.34,3.31,3.34,9095920000.0,9298594000.0,9095920000.0,25374113291.0,10.0,7.545,2075978000.0,4.008,1.0,6230322000.0,0.346,6472457000.0,138616000.0,8260553000.0,8276973250.0,1835525000.0,498348000.0,0.0,498348000.0,7923671000.0,5014238000.0,2909433000.0,23085925291.0,265514000.0,-1411014000.0,-1728292000.0,1864249000.0,-592537000.0,-450304000.0,-1723403000.0,38303000.0,2426186000.0,13035000.0,1755962000.0,1755962000.0,1755962000.0,166472000.0,0.0,0.098,3445882000.0,2784440000.0,1004094000.0,0.344,2.538,13.147,13.308,2120769000.0,0.0,44.45,1.283,1.28,2981707000.0,9117416000.0,17991404000.0,17991404000.0,0.0,0.108,0.189,0.322,0.148,39646000.0,3251290000.0,1.0,519368398.0,517914000.0,,34.738,10547134000.0,242696000.0,769134000.0,676024000.0,20.365,1964721000.0
52,ITW,MRT,2008-06-30,2008-06-30,2008-06-30,2021-09-07,1195850000.0,16589955000.0,15745736500.0,6550242000.0,10039713000.0,1.097,18.215,-340314000.0,640174000.0,640174000.0,11214003000.0,1793532000.0,1.569,0.746,2928362000.0,1465927000.0,1462435000.0,2928362000.0,0.0,645390000.0,0.0,0.024,1.12,2686587000.0,3331977000.0,0.193,3331977000.0,2686587000.0,2560428000.0,3.35,3.33,3.35,9499159000.0,9371235250.0,9499159000.0,26685383309.0,10.0,8.009,2133554000.0,4.091,1.0,6057182000.0,0.351,6279880000.0,126159000.0,8423054000.0,8200388250.0,1845621000.0,506407000.0,0.0,506407000.0,7090796000.0,4175209000.0,2915587000.0,24837367309.0,158666000.0,-1054828000.0,-1788703000.0,1310040000.0,-562988000.0,-1031912000.0,-1339815000.0,57072000.0,2473868000.0,56525000.0,1793532000.0,1793532000.0,1793532000.0,128417000.0,0.0,0.104,3294183000.0,2762999000.0,1066646000.0,0.334,2.615,13.848,14.182,2285049000.0,0.0,47.51,1.438,1.435,3302285000.0,8822359000.0,17271185000.0,17271185000.0,0.0,0.114,0.191,0.328,0.156,37260000.0,3114320000.0,1.0,522781884.0,521488000.0,,33.119,10310075000.0,277585000.0,766896000.0,571104000.0,19.77,2375033000.0
53,ITW,MRT,2008-03-31,2008-03-31,2008-03-31,2021-09-07,1157619000.0,15984943000.0,15257347750.0,6428717000.0,9556226000.0,1.105,17.572,-333677000.0,927441000.0,927441000.0,10929951000.0,1771048000.0,1.639,0.728,2775457000.0,1339993000.0,1435464000.0,2775457000.0,0.0,631149000.0,0.0,0.022,1.05,2648539000.0,3279688000.0,0.195,3279688000.0,2648539000.0,2533361000.0,3.25,3.22,3.25,9247972000.0,9343559500.0,9247972000.0,26884817454.0,10.0,8.197,2221725000.0,4.221,1.0,5922189000.0,0.351,5839536000.0,115178000.0,8070223000.0,7947200000.0,1766019000.0,506983000.0,0.0,506983000.0,6736971000.0,3923200000.0,2813771000.0,25412990454.0,352866000.0,-714726000.0,-1880247000.0,1113326000.0,-533520000.0,-1288423000.0,-993344000.0,59400000.0,2555402000.0,79231000.0,1771048000.0,1771048000.0,1771048000.0,102633000.0,0.0,0.105,3220753000.0,2701436000.0,1019983000.0,0.323,2.748,14.349,14.84,2247641000.0,0.0,48.23,1.508,1.506,3014391000.0,8439692000.0,16852140000.0,16852140000.0,0.0,0.116,0.19,0.333,0.157,34389000.0,3043414000.0,1.0,526912512.0,526299000.0,,32.02,10145407000.0,261053000.0,762313000.0,513259000.0,19.277,2505517000.0
54,ITW,MRT,2007-12-31,2007-12-31,2007-12-31,2021-09-07,1050786000.0,15525862000.0,14854513750.0,6165655000.0,9360207000.0,1.085,17.191,-331534000.0,827524000.0,827524000.0,10430965000.0,1869862000.0,2.083,0.66,2299351000.0,410512000.0,1888839000.0,2299351000.0,0.0,524744000.0,0.0,0.018,0.98,2728206000.0,3252950000.0,0.202,3252950000.0,2728206000.0,2626111000.0,3.39,3.36,3.39,9351325000.0,9320757750.0,9351325000.0,30195787700.0,11.0,9.283,2152763000.0,3.958,1.0,5679302000.0,0.353,5683341000.0,102095000.0,8354063000.0,7752713000.0,1625820000.0,507567000.0,0.0,507567000.0,6174537000.0,2960285000.0,3214252000.0,29123350700.0,237317000.0,-652300000.0,-1641096000.0,777386000.0,-502430000.0,-1389928000.0,-924048000.0,62450000.0,2484297000.0,66996000.0,1869862000.0,1869862000.0,1869862000.0,-42171000.0,0.0,0.116,3051536000.0,2627766000.0,1002575000.0,0.289,3.114,15.575,15.794,2194010000.0,0.0,53.54,1.808,1.808,2915546000.0,9879065000.0,16110267000.0,16110267000.0,0.0,0.126,0.201,0.352,0.169,30471000.0,2903680000.0,1.0,543955000.0,543955000.0,,29.617,9842521000.0,250509000.0,756249000.0,466039000.0,18.094,3205370000.0
55,ITW,MRT,2007-09-30,2007-09-30,2007-09-30,2021-09-07,640098000.0,14882186000.0,14443158000.0,5702414000.0,9179772000.0,0.967,17.08,-315163000.0,602104000.0,602104000.0,8937262000.0,1838399000.0,2.37,0.585,1674541000.0,101467000.0,1573074000.0,1674541000.0,0.0,508790000.0,0.0,0.015,0.91,2594807000.0,3103597000.0,0.222,3103597000.0,2594807000.0,2492385000.0,3.3,3.27,3.3,9386485000.0,9237303500.0,9386485000.0,33926514613.0,13.0,10.931,2119166000.0,3.856,1.0,5030439000.0,0.36,5594394000.0,102422000.0,7954213000.0,7397520250.0,1607759000.0,546342000.0,0.0,546342000.0,5495701000.0,2406016000.0,3089685000.0,32923348613.0,-15808000.0,-1082497000.0,-1045393000.0,96212000.0,-469121000.0,-1448556000.0,-1039399000.0,358135000.0,2434329000.0,37818000.0,1838399000.0,1838399000.0,1838399000.0,-220269000.0,0.0,0.132,2735372000.0,2295067000.0,931375000.0,0.276,3.508,17.909,18.073,2120571000.0,0.0,59.64,2.357,2.347,2842414000.0,9556758000.0,13967701000.0,13967701000.0,0.0,0.127,0.199,0.351,0.186,29698000.0,2584251000.0,1.0,552034685.0,549561000.0,,25.416,9287792000.0,335109000.0,653986000.0,449370000.0,16.9,3296398000.0
56,ITW,MRT,2007-06-30,2007-06-30,2007-06-30,2021-09-07,537831000.0,14636400000.0,14035228750.0,5654283000.0,8982117000.0,0.98,16.862,-314545000.0,481508000.0,481508000.0,8839934000.0,1793403000.0,2.005,0.559,1484674000.0,528096000.0,956578000.0,1484674000.0,0.0,487166000.0,0.0,0.016,0.84,2557935000.0,3045101000.0,0.221,3045101000.0,2557935000.0,2460492000.0,3.2,3.16,3.2,9388456000.0,9068479250.0,9388456000.0,31127470315.0,12.0,10.222,1952948000.0,3.507,1.0,4921379000.0,0.358,5409113000.0,97443000.0,7410301000.0,7250631000.0,1612380000.0,560667000.0,0.0,560667000.0,5247944000.0,2820152000.0,2427792000.0,30168614315.0,22322000.0,-1344487000.0,-833686000.0,345273000.0,-446911000.0,-962904000.0,-1314778000.0,344612000.0,2267493000.0,32511000.0,1793403000.0,1793403000.0,1793403000.0,-193282000.0,0.0,0.13,2649003000.0,2272376000.0,921857000.0,0.263,3.213,16.822,16.934,2116828000.0,0.0,54.19,2.192,2.193,2882698000.0,9217978000.0,13761313000.0,13761313000.0,0.0,0.128,0.198,0.353,0.186,30049000.0,2508407000.0,1.0,556719216.0,556793000.0,,24.715,9227287000.0,346883000.0,667089000.0,463339000.0,16.572,2834131000.0
57,ITW,MRT,2007-03-31,2007-03-31,2007-03-31,2021-09-07,434249000.0,14373607000.0,13512125250.0,5504463000.0,8869144000.0,0.977,16.381,-302877000.0,574575000.0,574575000.0,8475350000.0,1753651000.0,1.997,0.57,1533431000.0,577141000.0,956290000.0,1533431000.0,0.0,459339000.0,0.0,0.015,0.795,2500607000.0,2959946000.0,0.224,2959946000.0,2500607000.0,2409762000.0,3.11,3.07,3.11,9156765000.0,8869844500.0,9156765000.0,29663383421.0,12.0,10.022,1794585000.0,3.21,1.0,4728597000.0,0.358,5283554000.0,90845000.0,7292275000.0,7189799500.0,1601705000.0,552206000.0,0.0,552206000.0,5216842000.0,2756634000.0,2460208000.0,28835259421.0,120105000.0,-1329275000.0,-538784000.0,291626000.0,-423563000.0,-691644000.0,-1291934000.0,338698000.0,2097462000.0,6221000.0,1753651000.0,1753651000.0,1753651000.0,-168112000.0,0.0,0.133,2492053000.0,2236544000.0,918057000.0,0.256,3.149,16.443,16.592,2070509000.0,0.0,51.6,2.184,2.185,2681515000.0,8828246000.0,13203947000.0,13203947000.0,0.0,0.13,0.198,0.348,0.189,30666000.0,2366572000.0,1.0,558822857.0,559001000.0,,23.621,9090053000.0,375903000.0,656111000.0,431066000.0,16.261,2747829000.0
58,ITW,MRT,2006-12-31,2006-12-31,2006-12-31,2021-09-07,446639000.0,13880439000.0,12906354000.0,5206405000.0,8674034000.0,0.991,15.907,-286816000.0,590207000.0,590207000.0,8182014000.0,1717746000.0,1.975,0.539,1418331000.0,462721000.0,955610000.0,1418331000.0,0.0,443906000.0,0.0,0.016,0.75,2449781000.0,2893687000.0,0.226,2893687000.0,2449781000.0,2364418000.0,3.04,3.01,3.04,9017508000.0,8596946250.0,9017508000.0,27055120658.0,11.0,9.35,1779212000.0,3.139,1.0,4602328000.0,0.36,5138687000.0,85363000.0,6933292000.0,7062942250.0,1482508000.0,595083000.0,0.0,595083000.0,4862931000.0,2636584000.0,2226347000.0,26184104658.0,219790000.0,-1338405000.0,-367907000.0,178441000.0,-398846000.0,-575226000.0,-1274415000.0,342018000.0,2066028000.0,3403000.0,1717746000.0,1717746000.0,1717746000.0,-150690000.0,0.0,0.134,2394293000.0,2208035000.0,824993000.0,0.247,2.904,15.243,15.194,2053457000.0,0.0,46.19,2.048,2.048,2471273000.0,10406511000.0,12784342000.0,12784342000.0,0.0,0.133,0.2,0.347,0.192,34781000.0,2273017000.0,1.0,566878213.0,566878213.0,,22.552,8741752000.0,313105000.0,646672000.0,420503000.0,15.421,2569821000.0
59,ITW,MRT,2006-09-30,2006-09-30,2006-09-30,2021-09-07,287619000.0,13250469000.0,12297655000.0,5091751000.0,8158718000.0,1.091,15.346,-280335000.0,617912000.0,617912000.0,8612944000.0,1679055000.0,2.084,0.521,1488928000.0,524626000.0,964302000.0,1488928000.0,0.0,418572000.0,0.0,0.016,0.705,2484241000.0,2902813000.0,0.216,2902813000.0,2484241000.0,2401061000.0,2.98,2.95,2.98,8711188000.0,8229293000.0,8711188000.0,26090778185.0,11.0,8.988,1530934000.0,2.697,1.0,4803840000.0,0.358,4311162000.0,83180000.0,7366656000.0,6981313500.0,1444560000.0,917744000.0,0.0,917744000.0,4539281000.0,2443667000.0,2095614000.0,25498106185.0,266567000.0,-1029188000.0,-175323000.0,136408000.0,-372231000.0,-401017000.0,-1135358000.0,171356000.0,1811269000.0,-8327000.0,1679055000.0,1679055000.0,1679055000.0,-14434000.0,0.0,0.125,2445866000.0,2357974000.0,768469000.0,0.237,2.927,15.186,15.067,1979140000.0,0.0,44.9,1.9,1.9,2369654000.0,10084576000.0,13416784000.0,13416784000.0,0.0,0.137,0.204,0.356,0.185,46762000.0,2333123000.0,1.0,567886552.0,567637000.0,,23.636,8939307000.0,197177000.0,722006000.0,207640000.0,15.748,2648084000.0
60,ITW,MRT,2006-06-30,2006-06-30,2006-06-30,2021-09-07,267156000.0,12543986000.0,11793839500.0,4816258000.0,7727728000.0,1.109,15.145,-268719000.0,459186000.0,459186000.0,8398506000.0,1641165000.0,2.442,0.46,1051858000.0,91713000.0,960145000.0,1051858000.0,0.0,406138000.0,0.0,0.014,0.66,2442210000.0,2848348000.0,0.218,2848348000.0,2442210000.0,2359371000.0,2.91,2.89,2.91,8593917000.0,7871777500.0,8593917000.0,27684774160.0,11.0,9.72,1534541000.0,2.704,1.0,4680418000.0,0.358,3997555000.0,82839000.0,7166975000.0,6847247500.0,1370047000.0,907515000.0,0.0,907515000.0,3950069000.0,1972128000.0,1977941000.0,26948510160.0,-399493000.0,-693708000.0,-396545000.0,-614157000.0,-358476000.0,-1365747000.0,-803857000.0,160188000.0,1803260000.0,-33149000.0,1641165000.0,1641165000.0,1641165000.0,-14434000.0,0.0,0.125,2384094000.0,2296324000.0,763027000.0,0.227,3.136,16.42,16.323,1916032000.0,0.0,47.5,2.06,2.061,2374172000.0,9757485000.0,13078924000.0,13078924000.0,0.0,0.139,0.208,0.357,0.187,52828000.0,2280818000.0,1.0,567337056.0,567446000.0,,23.049,8546431000.0,185854000.0,718206000.0,117356000.0,15.061,2844130000.0
61,ITW,MRT,2006-03-31,2006-03-31,2006-03-31,2021-09-07,150430000.0,11950522000.0,11565121750.0,4352100000.0,7598422000.0,1.106,14.303,-271484000.0,454470000.0,454470000.0,8259569000.0,1549093000.0,2.237,0.482,1190734000.0,230757000.0,959977000.0,1190734000.0,0.0,394192000.0,0.0,0.013,0.635,2331935000.0,2726127000.0,0.213,2726127000.0,2331935000.0,2239299000.0,2.74,2.72,2.74,8065172000.0,7580098500.0,8065172000.0,27896099081.0,12.0,10.233,1668493000.0,2.959,1.0,4525946000.0,0.354,3956041000.0,92636000.0,6784846000.0,6765989500.0,1279108000.0,890227000.0,0.0,890227000.0,3885350000.0,1945899000.0,1939451000.0,27055296081.0,-598471000.0,-623373000.0,-797830000.0,-561596000.0,-346059000.0,-1712606000.0,-733937000.0,165329000.0,1939977000.0,-91905000.0,1549093000.0,1549093000.0,1549093000.0,-14434000.0,0.0,0.121,2329480000.0,2196466000.0,685725000.0,0.232,3.355,17.465,17.575,1843207000.0,0.0,48.155,2.116,2.124,2191698000.0,9385295000.0,12785515000.0,12785515000.0,0.0,0.134,0.204,0.345,0.182,60066000.0,2235655000.0,1.0,561837734.0,563874000.0,,22.674,7994481000.0,189129000.0,690206000.0,93289000.0,14.178,2406201000.0
62,ITW,MRT,2005-12-31,2005-12-31,2005-12-31,2021-09-07,122012000.0,11445643000.0,11578970000.0,4111605000.0,7334038000.0,1.083,13.452,-259242000.0,370417000.0,370417000.0,8158920000.0,1494869000.0,2.055,0.517,1211220000.0,252899000.0,958321000.0,1211220000.0,0.0,383074000.0,0.0,0.014,0.61,2264669000.0,2647743000.0,0.211,2647743000.0,2264669000.0,2170675000.0,2.62,2.6,2.62,7546895000.0,7490978750.0,7546895000.0,25674254626.0,11.0,9.697,1592301000.0,2.838,1.0,4381440000.0,0.349,3678938000.0,93994000.0,6606777000.0,6819596000.0,1203063000.0,896487000.0,0.0,896487000.0,3898748000.0,2000731000.0,1898017000.0,24681455626.0,-296973000.0,-625447000.0,-1017235000.0,93126000.0,-335092000.0,-1266322000.0,-789406000.0,99842000.0,1851543000.0,-92788000.0,1494869000.0,1494869000.0,1494869000.0,-14434000.0,0.0,0.119,2266210000.0,2115230000.0,652698000.0,0.233,3.27,16.511,16.792,1807109000.0,0.0,43.995,1.968,1.968,2098276000.0,9112328000.0,12540360000.0,12540360000.0,0.0,0.129,0.2,0.332,0.181,64144000.0,2182368000.0,1.0,561005924.0,561005924.0,,22.353,7766705000.0,214008000.0,675806000.0,81194000.0,13.844,2110874000.0
63,ITW,MRT,2005-09-30,2005-09-30,2005-09-30,2021-09-07,204321000.0,11235207000.0,11555542750.0,4052825000.0,7182382000.0,1.077,12.873,-269153000.0,351345000.0,351345000.0,8212029000.0,1452387000.0,2.006,0.543,1344144000.0,378609000.0,965535000.0,1344144000.0,0.0,371817000.0,0.0,0.014,0.585,2215682000.0,2587499000.0,0.208,2587499000.0,2215682000.0,2121987000.0,2.51,2.495,2.51,7281126000.0,7511157500.0,7281126000.0,24349512126.0,11.0,9.41,1481452000.0,2.619,1.0,4229529000.0,0.34,3377213000.0,93695000.0,6830392000.0,6859186500.0,1229667000.0,1021199000.0,0.0,1021199000.0,3954081000.0,2020401000.0,1933680000.0,23544195126.0,-578938000.0,-457146000.0,-1541083000.0,325306000.0,-325741000.0,-1541518000.0,-788284000.0,-45694000.0,1750605000.0,259000.0,1452387000.0,1452387000.0,1452387000.0,1082000.0,0.0,0.117,2243966000.0,1985563000.0,636280000.0,0.233,3.234,16.211,16.4,1825459000.0,0.0,41.165,1.892,1.871,2168592000.0,8804369000.0,12441558000.0,12441558000.0,0.0,0.126,0.193,0.323,0.178,53279000.0,2175564000.0,1.0,571946924.0,565596000.0,,21.997,7857994000.0,209002000.0,669600000.0,30511000.0,13.893,2032424000.0
64,ITW,MRT,2005-06-30,2005-06-30,2005-06-30,2021-09-07,214564000.0,11629115000.0,11596234250.0,4567116000.0,7061999000.0,1.053,12.899,-265627000.0,858679000.0,858679000.0,8069106000.0,1374236000.0,2.003,0.566,1663996000.0,696788000.0,967208000.0,1663996000.0,0.0,360086000.0,0.0,0.014,0.56,2113580000.0,2473666000.0,0.203,2473666000.0,2113580000.0,2021836000.0,2.34,2.32,2.34,7427201000.0,7576702750.0,7427201000.0,23839815632.0,11.0,9.637,1375927000.0,2.39,1.0,4139466000.0,0.339,3312107000.0,91744000.0,6841943000.0,6753017750.0,1274538000.0,971354000.0,0.0,971354000.0,4201914000.0,2280382000.0,1921532000.0,23138914632.0,-678529000.0,-408201000.0,-1999795000.0,682406000.0,-319404000.0,-1636793000.0,-707512000.0,-34394000.0,1641554000.0,24222000.0,1374236000.0,1374236000.0,1374236000.0,1082000.0,0.0,0.113,2206881000.0,1932585000.0,635713000.0,0.239,3.115,16.838,17.026,1822236000.0,0.0,39.84,1.895,1.879,2134215000.0,8488550000.0,12208572000.0,12208572000.0,0.0,0.119,0.181,0.313,0.173,47208000.0,2143632000.0,1.0,580796050.0,575805000.0,,21.203,8317008000.0,277823000.0,647600000.0,1213000.0,14.444,2286734000.0
65,ITW,MRT,2005-03-31,2005-03-31,2005-03-31,2021-09-07,425157000.0,12005915000.0,11651557750.0,4856242000.0,7149673000.0,1.023,13.227,-256209000.0,1052941000.0,1052941000.0,7845025000.0,1360804000.0,2.048,0.557,1753842000.0,785985000.0,967857000.0,1753842000.0,0.0,351897000.0,0.0,0.012,0.54,2103433000.0,2455330000.0,0.206,2455330000.0,2103433000.0,2021504000.0,2.275,2.26,2.275,7708693000.0,7772440750.0,7708693000.0,26623071924.0,13.0,10.843,1263839000.0,2.169,1.0,4079757000.0,0.342,3336226000.0,81929000.0,6999272000.0,6659262750.0,1361403000.0,981028000.0,0.0,981028000.0,4297222000.0,2371318000.0,1925904000.0,26165840924.0,-676117000.0,-589684000.0,-1842648000.0,774942000.0,-312286000.0,-1379992000.0,-883675000.0,-38474000.0,1520048000.0,67502000.0,1360804000.0,1360804000.0,1360804000.0,1082000.0,0.0,0.114,2145542000.0,1934215000.0,681418000.0,0.237,3.394,19.228,19.677,1875221000.0,0.0,44.765,2.194,2.188,2132492000.0,8194678000.0,11924782000.0,11924782000.0,0.0,0.117,0.175,0.316,0.176,39830000.0,2089454000.0,1.0,584515602.0,582788000.0,,20.462,8669689000.0,250728000.0,660700000.0,13651000.0,14.876,2484924000.0
66,ITW,MRT,2004-12-31,2004-12-31,2004-12-31,2021-09-07,413415000.0,11351934000.0,11591607500.0,4322198000.0,7029736000.0,0.999,12.898,-259182000.0,667390000.0,667390000.0,7576343000.0,1338694000.0,2.335,0.488,1124621000.0,203523000.0,921098000.0,1124621000.0,0.0,353283000.0,0.0,0.011,0.52,2076050000.0,2429333000.0,0.21,2429333000.0,2076050000.0,1998494000.0,2.21,2.2,2.21,7627610000.0,7903796500.0,7627610000.0,27495342205.0,13.0,11.318,1277615000.0,2.16,1.0,4006907000.0,0.346,3193055000.0,77556000.0,6765139000.0,6513473750.0,1281156000.0,912483000.0,0.0,912483000.0,3724324000.0,1850971000.0,1873353000.0,27404554205.0,-1017093000.0,-581288000.0,-1650698000.0,127487000.0,-304581000.0,-1827792000.0,-816093000.0,20970000.0,1536797000.0,89995000.0,1338694000.0,1338694000.0,1338694000.0,911000.0,0.0,0.116,2083782000.0,1923125000.0,685464000.0,0.235,3.593,20.471,20.968,1876875000.0,0.0,46.34,2.366,2.366,2054624000.0,7963518000.0,11583250000.0,11583250000.0,0.0,0.115,0.169,0.319,0.179,32514000.0,2024661000.0,1.0,591380108.0,591380108.0,,19.587,8158879000.0,380588000.0,659800000.0,2604000.0,13.796,2471227000.0
67,ITW,MRT,2004-09-30,2004-09-30,2004-09-30,2021-09-07,135619000.0,11397973000.0,11551954250.0,4416572000.0,6981401000.0,0.979,12.514,-251701000.0,930283000.0,930283000.0,7335421000.0,1263894000.0,2.2,0.511,1021071000.0,97067000.0,924004000.0,1021071000.0,0.0,343195000.0,0.0,0.011,0.5,1970665000.0,2313860000.0,0.205,2313860000.0,1970665000.0,1899294000.0,2.065,2.05,2.065,7543307000.0,7965465500.0,7543307000.0,27607938327.0,14.0,11.932,1377571000.0,2.285,1.0,3970325000.0,0.351,3075911000.0,71371000.0,6405717000.0,6371570500.0,1142532000.0,900346000.0,0.0,900346000.0,3854666000.0,2007133000.0,1847533000.0,28161674327.0,-442558000.0,-479264000.0,-1114957000.0,-7290000.0,-295309000.0,-1418216000.0,-696905000.0,17027000.0,1629272000.0,43291000.0,1263894000.0,1263894000.0,1263894000.0,3441000.0,0.0,0.112,2017193000.0,1953132000.0,623105000.0,0.242,3.733,22.282,22.559,1807923000.0,0.0,46.585,2.491,2.484,1983649000.0,7687073000.0,11305746000.0,11305746000.0,0.0,0.109,0.159,0.309,0.174,28890000.0,1964200000.0,1.0,604522364.0,602780000.0,,18.756,8322062000.0,635061000.0,635400000.0,372857000.0,13.806,2409439000.0
68,ITW,MRT,2004-06-30,2004-06-30,2004-06-30,2021-09-07,133049000.0,11850409000.0,11401365750.0,4998734000.0,6851675000.0,0.953,13.324,-238773000.0,1537208000.0,1537208000.0,7034646000.0,1202745000.0,2.793,0.443,983472000.0,59962000.0,923510000.0,983472000.0,0.0,335342000.0,0.0,0.01,0.48,1882430000.0,2217772000.0,0.204,2217772000.0,1882430000.0,1813445000.0,1.955,1.94,1.955,8210153000.0,7929553000.0,8210153000.0,28945289718.0,15.0,13.052,1332986000.0,2.163,1.0,3835817000.0,0.353,3039935000.0,68985000.0,6466923000.0,6310919500.0,1098222000.0,893052000.0,0.0,893052000.0,3640256000.0,1789815000.0,1850441000.0,29702148718.0,303140000.0,-478938000.0,-177294000.0,-68150000.0,-292326000.0,-537489000.0,-754749000.0,-46158000.0,1571759000.0,23619000.0,1202745000.0,1202745000.0,1202745000.0,4315000.0,0.0,0.111,1968247000.0,1867570000.0,623647000.0,0.246,3.618,24.695,24.524,1791330000.0,0.0,47.945,2.732,2.718,1979770000.0,7440056000.0,10870463000.0,10870463000.0,0.0,0.105,0.152,0.298,0.173,25236000.0,1921053000.0,1.0,619504614.0,616172000.0,,17.642,8810474000.0,588659000.0,610700000.0,224477000.0,14.299,3208919000.0
69,ITW,MRT,2004-03-31,2004-03-31,2004-03-31,2021-09-07,229031000.0,11766114000.0,11254461000.0,5095393000.0,6670721000.0,0.927,13.353,-230659000.0,1729058000.0,1729058000.0,6764243000.0,1118499000.0,2.999,0.429,972199000.0,51350000.0,920849000.0,972199000.0,0.0,329380000.0,0.0,0.012,0.475,1765521000.0,2094901000.0,0.201,2094901000.0,1765521000.0,1696399000.0,1.82,1.81,1.82,8234116000.0,7700844500.0,8234116000.0,23811546501.0,13.0,11.366,1240608000.0,2.012,1.0,3667939000.0,0.352,2894367000.0,69122000.0,6416116000.0,6533384750.0,1070483000.0,851657000.0,0.0,851657000.0,3531998000.0,1698772000.0,1833226000.0,24519575501.0,603508000.0,-343783000.0,52312000.0,-79791000.0,-288833000.0,-316758000.0,-622585000.0,-56087000.0,1471267000.0,71584000.0,1118499000.0,1118499000.0,1118499000.0,12256000.0,0.0,0.107,1907839000.0,1760100000.0,611398000.0,0.261,2.978,21.922,21.766,1783239000.0,0.0,39.615,2.35,2.342,1909639000.0,7153277000.0,10432182000.0,10432182000.0,0.0,0.099,0.145,0.27,0.169,26040000.0,1863850000.0,1.0,618946750.0,616642000.0,,16.918,8871747000.0,616646000.0,577900000.0,204680000.0,14.387,3396621000.0
70,ITW,MRT,2003-12-31,2003-12-31,2003-12-31,2021-09-07,109811000.0,11193321000.0,11024534750.0,4783202000.0,6410119000.0,0.91,12.778,-228823000.0,1684483000.0,1684483000.0,6527692000.0,1023680000.0,3.213,0.422,976454000.0,56094000.0,920360000.0,976454000.0,0.0,306553000.0,0.0,0.011,0.47,1630252000.0,1936805000.0,0.193,1936805000.0,1630252000.0,1559580000.0,1.665,1.66,1.665,7874286000.0,7372086000.0,7874286000.0,25478152731.0,16.0,13.155,1139918000.0,1.85,1.0,3507931000.0,0.35,2798863000.0,70672000.0,6197526000.0,6716432750.0,991979000.0,832358000.0,0.0,832358000.0,3319035000.0,1488903000.0,1830132000.0,25854547731.0,626796000.0,-182305000.0,40357000.0,-95766000.0,-285399000.0,-340796000.0,-483861000.0,-73727000.0,1368741000.0,82712000.0,1023680000.0,1023680000.0,1023680000.0,16534000.0,0.0,0.102,1874473000.0,1633458000.0,555355000.0,0.282,3.283,25.256,25.198,1728638000.0,0.0,41.955,2.576,2.576,1721186000.0,6937110000.0,10035623000.0,10035623000.0,0.0,0.093,0.139,0.243,0.162,17777000.0,1850197000.0,1.0,616244732.0,616244732.0,,16.285,8394458000.0,588375000.0,535900000.0,6504000.0,13.622,3294299000.0
71,ITW,MRT,2003-09-30,2003-09-30,2003-09-30,2021-09-07,-112232000.0,10795619000.0,10881979750.0,4407649000.0,6387970000.0,0.904,12.046,-227303000.0,1372841000.0,1372841000.0,6408369000.0,963371000.0,2.895,0.459,996446000.0,70161000.0,926285000.0,996446000.0,0.0,304892000.0,0.0,0.014,0.465,1562286000.0,1867178000.0,0.19,1867178000.0,1562286000.0,1491721000.0,1.575,1.56,1.575,7399657000.0,7065782250.0,7399657000.0,20727699576.0,13.0,11.101,1005841000.0,1.637,1.0,3428719000.0,0.349,2733532000.0,70565000.0,6163113000.0,6898107500.0,979994000.0,823558000.0,0.0,823558000.0,3395962000.0,1522579000.0,1873383000.0,20398959576.0,652420000.0,-14060000.0,25712000.0,-81557000.0,-282118000.0,-335935000.0,-289207000.0,-44623000.0,1233144000.0,44418000.0,963371000.0,963371000.0,963371000.0,17867000.0,0.0,0.098,1857049000.0,1571670000.0,498509000.0,0.295,2.757,21.175,21.035,1670247000.0,0.0,33.13,2.074,2.069,1701858000.0,6727761000.0,9837088000.0,9837088000.0,0.0,0.089,0.136,0.226,0.159,13555000.0,1825287000.0,1.0,615724708.0,614284000.0,,16.014,8062087000.0,774378000.0,528350000.0,184182000.0,13.124,2885070000.0
72,ITW,MRT,2003-06-30,2003-06-30,2003-06-30,2021-09-07,-3851000.0,11262790000.0,10790025000.0,4322542000.0,6940248000.0,0.9,11.89,-232788000.0,1234068000.0,1234068000.0,6335861000.0,940005000.0,2.823,0.544,1562808000.0,116764000.0,1446044000.0,1562808000.0,0.0,307524000.0,0.0,0.014,0.46,1523646000.0,1831170000.0,0.189,1831170000.0,1523646000.0,1454555000.0,1.535,1.525,1.535,7295319000.0,6840428000.0,7295319000.0,20680139996.0,14.0,11.293,985282000.0,1.606,1.0,3370380000.0,0.347,2703532000.0,69091000.0,7356784000.0,7157577250.0,1011693000.0,1417228000.0,0.0,1417228000.0,3967471000.0,1531214000.0,2436257000.0,20252906996.0,748729000.0,36133000.0,13971000.0,-117954000.0,-278932000.0,-380535000.0,-181605000.0,12492000.0,1218070000.0,92799000.0,940005000.0,940005000.0,940005000.0,15717000.0,0.0,0.097,1828450000.0,1541930000.0,512759000.0,0.3,2.776,21.546,21.45,1703455000.0,0.0,32.925,2.087,2.081,1709734000.0,6532619000.0,9706241000.0,9706241000.0,0.0,0.087,0.137,0.213,0.157,9133000.0,1796478000.0,1.0,615122460.0,613578000.0,,15.819,8559258000.0,775862000.0,514550000.0,115714000.0,13.95,2791328000.0
73,ITW,MRT,2003-03-31,2003-03-31,2003-03-31,2021-09-07,-163575000.0,10846409000.0,10517218000.0,4051406000.0,6795003000.0,0.911,11.283,-234171000.0,1125550000.0,1125550000.0,6252464000.0,931412000.0,2.729,0.568,1552783000.0,100998000.0,1451785000.0,1552783000.0,0.0,306578000.0,0.0,0.019,0.565,1508846000.0,1815424000.0,0.19,1815424000.0,1508846000.0,1440462000.0,1.52,1.51,1.52,6919082000.0,6581664000.0,6919082000.0,18400704651.0,12.0,10.136,988865000.0,1.613,1.0,3324412000.0,0.347,2640513000.0,68384000.0,7148308000.0,7146268500.0,1008967000.0,1388496000.0,0.0,1388496000.0,3927327000.0,1484821000.0,2442506000.0,17876406651.0,844524000.0,37723000.0,15981000.0,4700000.0,-275749000.0,-251367000.0,-221525000.0,-27212000.0,1223036000.0,94380000.0,931412000.0,931412000.0,931412000.0,5510000.0,0.0,0.097,1807540000.0,1516872000.0,496326000.0,0.372,2.584,19.193,19.128,1657462000.0,0.0,29.075,1.867,1.862,1562330000.0,6327105000.0,9576876000.0,9576876000.0,0.0,0.089,0.142,0.211,0.158,193000.0,1775169000.0,1.0,614837718.0,613244000.0,,15.617,8205896000.0,778306000.0,509050000.0,177571000.0,13.381,2566585000.0
74,ITW,MRT,2002-12-31,2002-12-31,2002-12-31,2021-09-07,-302376000.0,10623101000.0,10226302250.0,3874765000.0,6748336000.0,0.926,10.849,-242216000.0,1057687000.0,1057687000.0,6213791000.0,712592000.0,2.424,0.598,1581985000.0,121604000.0,1460381000.0,1581985000.0,0.0,305752000.0,0.0,0.017,0.56,1282797000.0,1588549000.0,0.168,1588549000.0,1282797000.0,1214342000.0,1.165,1.155,1.165,6649071000.0,6338377500.0,6649071000.0,20762366088.0,16.0,13.07,1046540000.0,1.708,1.0,3253949000.0,0.344,2624810000.0,68455000.0,6924225000.0,7079569500.0,962746000.0,1392410000.0,0.0,1392410000.0,3974030000.0,1598364000.0,2375666000.0,19875317088.0,775463000.0,22841000.0,44381000.0,-3495000.0,-272319000.0,-228643000.0,-333257000.0,-116961000.0,1288756000.0,48607000.0,712592000.0,712592000.0,712592000.0,-2672000.0,0.0,0.075,1748178000.0,1505771000.0,487472000.0,0.481,2.989,27.892,27.837,1631249000.0,0.0,32.43,2.099,2.099,1500031000.0,6202263000.0,9467740000.0,9467740000.0,0.0,0.07,0.112,0.181,0.135,193000.0,1720245000.0,1.0,612868242.0,612868242.0,,15.448,7998291000.0,759363000.0,501750000.0,124397000.0,13.051,2276401000.0
75,ITW,MRT,2002-09-30,2002-09-30,2002-09-30,2021-09-07,-269864000.0,10427800000.0,10026114250.0,3707334000.0,6720466000.0,0.929,10.604,-230080000.0,720421000.0,720421000.0,6143446000.0,680674000.0,2.441,0.605,1607470000.0,132804000.0,1474666000.0,1607470000.0,0.0,319632000.0,0.0,0.019,0.555,1223127000.0,1542759000.0,0.166,1542759000.0,1223127000.0,1157811000.0,1.11,1.105,1.11,6498240000.0,6186294250.0,6498240000.0,19042973690.0,16.0,12.343,1231650000.0,2.01,1.0,3175152000.0,0.341,2594978000.0,65316000.0,7200992000.0,7050040000.0,981949000.0,1412901000.0,0.0,1412901000.0,3929560000.0,1518879000.0,2410681000.0,17871910690.0,491108000.0,-118260000.0,48937000.0,-347424000.0,-268840000.0,-566027000.0,-361569000.0,-23678000.0,1461730000.0,44930000.0,680674000.0,680674000.0,680674000.0,-10978000.0,0.0,0.073,1731520000.0,1443632000.0,486523000.0,0.5,2.75,26.256,26.275,1636727000.0,0.0,29.165,1.918,1.918,1574888000.0,6049789000.0,9318598000.0,9318598000.0,0.0,0.068,0.11,0.173,0.131,0.0,1691483000.0,1.0,612786240.0,612816000.0,,15.206,7832822000.0,697053000.0,477137000.0,51721000.0,12.782,2188455000.0
76,ITW,MRT,2002-06-30,2002-06-30,2002-06-30,2021-09-07,-331324000.0,10171562000.0,9957555250.0,3450249000.0,6721313000.0,0.926,10.219,-231831000.0,485339000.0,485339000.0,6109760000.0,634193000.0,2.314,0.625,1656402000.0,171338000.0,1485064000.0,1656402000.0,0.0,339827000.0,0.0,0.016,0.55,1154347000.0,1494174000.0,0.162,1494174000.0,1154347000.0,1085897000.0,1.035,1.03,1.035,6260263000.0,6034444750.0,6260263000.0,22155049816.0,19.0,14.828,1130611000.0,1.846,1.0,3108968000.0,0.337,2540364000.0,68450000.0,7311549000.0,7029829000.0,957518000.0,1428717000.0,0.0,1428717000.0,3911299000.0,1490712000.0,2420587000.0,20909833816.0,308421000.0,-333799000.0,48970000.0,-274640000.0,-262336000.0,-488355000.0,-621475000.0,-63551000.0,1362442000.0,21331000.0,634193000.0,634193000.0,634193000.0,-10876000.0,0.0,0.069,1740538000.0,1368430000.0,467815000.0,0.531,3.34,32.971,32.995,1633492000.0,0.0,34.15,2.268,2.269,1584827000.0,5874734000.0,9218728000.0,9218728000.0,0.0,0.064,0.105,0.164,0.125,0.0,1674789000.0,1.0,612293816.0,612606000.0,,15.048,7631198000.0,713201000.0,451704000.0,37871000.0,12.457,1959537000.0
77,ITW,MRT,2002-03-31,2002-03-31,2002-03-31,2021-09-07,-437016000.0,9682746000.0,9882481250.0,3157233000.0,6525513000.0,0.931,9.73,-231979000.0,281026000.0,281026000.0,6129007000.0,599458000.0,2.029,0.628,1526242000.0,276498000.0,1249744000.0,1526242000.0,0.0,365225000.0,0.0,0.012,0.43,1097347000.0,1462572000.0,0.159,1462572000.0,1097347000.0,1029982000.0,0.985,0.975,0.985,5945936000.0,5892903000.0,5945936000.0,23429889534.0,21.0,16.02,1144704000.0,1.873,1.0,3072598000.0,0.334,2490427000.0,67365000.0,6881512000.0,6994417750.0,964958000.0,1379207000.0,0.0,1379207000.0,3736810000.0,1556023000.0,2180787000.0,22131525534.0,131534000.0,-530437000.0,58550000.0,-294417000.0,-255735000.0,-490841000.0,-760191000.0,-8459000.0,1376683000.0,-16391000.0,599458000.0,599458000.0,599458000.0,-6928000.0,0.0,0.065,1753304000.0,1319294000.0,458216000.0,0.437,3.722,36.919,36.726,1605180000.0,0.0,36.175,2.405,2.402,1486807000.0,5674625000.0,9201605000.0,9201605000.0,0.0,0.061,0.102,0.157,0.119,0.0,1667324000.0,1.0,611790616.0,611064000.0,,15.058,7192319000.0,688054000.0,430524000.0,56305000.0,11.77,1601210000.0
78,ITW,MRT,2001-12-31,2001-12-31,2001-12-31,2021-09-07,-401925000.0,9822349000.0,9868224000.0,3163244000.0,6659105000.0,0.942,9.913,-236562000.0,282224000.0,282224000.0,6191253000.0,805659000.0,2.007,0.626,1580588000.0,313447000.0,1267141000.0,1580588000.0,0.0,386308000.0,0.0,0.012,0.42,1302110000.0,1688418000.0,0.182,1688418000.0,1302110000.0,1234059000.0,1.325,1.315,1.325,6040738000.0,5802398250.0,6040738000.0,22367996449.0,17.0,13.248,1114464000.0,1.829,1.0,3101538000.0,0.334,2738694000.0,68051000.0,6806107000.0,7028716000.0,994156000.0,1278285000.0,0.0,1278285000.0,3781611000.0,1575912000.0,2205699000.0,20632808449.0,130929000.0,-542184000.0,54699000.0,-363656000.0,-249141000.0,-556768000.0,-661974000.0,109340000.0,1351026000.0,-1355000.0,805659000.0,805659000.0,805659000.0,-3210000.0,0.0,0.087,1795435000.0,1306103000.0,434333000.0,0.317,3.416,25.61,25.555,1633690000.0,0.0,33.86,2.22,2.22,1450029000.0,5765421000.0,9292791000.0,9292791000.0,0.0,0.082,0.139,0.185,0.14,0.0,1690850000.0,1.0,609356422.0,609356422.0,,15.25,7083655000.0,636706000.0,428400000.0,32922000.0,11.625,1587332000.0
79,ITW,MRT,2001-09-30,2001-09-30,2001-09-30,2021-09-07,-383389000.0,10153564000.0,9791348500.0,3349215000.0,6804349000.0,0.926,9.672,-250896000.0,229313000.0,229313000.0,5949995000.0,816083000.0,1.712,0.724,1964501000.0,584130000.0,1380371000.0,1964501000.0,0.0,401026000.0,0.0,0.015,0.41,1318328000.0,1719354000.0,0.19,1719354000.0,1318328000.0,1247397000.0,1.345,1.335,1.345,5890842000.0,5642460500.0,5890842000.0,18250285534.0,14.0,10.615,726039000.0,1.192,1.0,3121414000.0,0.344,2812254000.0,70931000.0,7120148000.0,7119297750.0,1153220000.0,1294550000.0,0.0,1294550000.0,4262722000.0,1956350000.0,2306372000.0,16477298534.0,-38278000.0,-791284000.0,54826000.0,-94571000.0,-242537000.0,-281132000.0,-1030710000.0,17621000.0,976935000.0,7381000.0,816083000.0,816083000.0,816083000.0,11622000.0,0.0,0.09,1796607000.0,1324807000.0,472146000.0,0.305,2.797,20.191,20.115,1736399000.0,0.0,27.055,1.816,1.816,1629559000.0,5641435000.0,9071409000.0,9071409000.0,0.0,0.083,0.145,0.185,0.145,0.0,1652901000.0,1.0,609029700.0,609044000.0,,14.895,7341310000.0,699216000.0,431314000.0,109181000.0,12.054,1392865000.0
80,ITW,MRT,2001-06-30,2001-06-30,2001-06-30,2021-09-07,-446587000.0,9871266000.0,9641841750.0,3295734000.0,6575532000.0,0.959,9.36,-271492000.0,176931000.0,176931000.0,6019802000.0,881113000.0,1.782,0.734,1949918000.0,559484000.0,1390434000.0,1949918000.0,0.0,400947000.0,0.0,0.013,0.4,1426572000.0,1827519000.0,0.198,1827519000.0,1426572000.0,1354860000.0,1.455,1.445,1.455,5694096000.0,5492180250.0,5694096000.0,20950917266.0,15.0,11.464,769178000.0,1.264,1.0,3222781000.0,0.349,2624540000.0,71712000.0,7169904000.0,7138411250.0,1154948000.0,1280334000.0,0.0,1280334000.0,4177170000.0,1849809000.0,2327361000.0,19240397266.0,-35235000.0,-767692000.0,57607000.0,-43729000.0,-235944000.0,-221389000.0,-977171000.0,68468000.0,1040670000.0,-4680000.0,881113000.0,881113000.0,881113000.0,12796000.0,0.0,0.095,1788556000.0,1434225000.0,469971000.0,0.275,3.379,21.836,21.753,1711782000.0,0.0,31.65,2.082,2.083,1635693000.0,5509381000.0,9242583000.0,9242583000.0,0.0,0.091,0.16,0.2,0.154,0.0,1649018000.0,1.0,607911446.0,608320000.0,,15.194,7246726000.0,695059000.0,473747000.0,58182000.0,11.913,1445925000.0
81,ITW,MRT,2001-03-31,2001-03-31,2001-03-31,2021-09-07,-366781000.0,9625717000.0,9501503000.0,3316197000.0,6309520000.0,0.99,9.21,-276102000.0,149492000.0,149492000.0,6076827000.0,921609000.0,1.831,0.724,1860012000.0,466665000.0,1393347000.0,1860012000.0,0.0,399820000.0,0.0,0.014,0.39,1494937000.0,1894757000.0,0.202,1894757000.0,1494937000.0,1422836000.0,1.525,1.515,1.525,5583917000.0,5350531000.0,5583917000.0,19046146809.0,13.0,10.052,811355000.0,1.338,1.0,3325700000.0,0.354,2506828000.0,72101000.0,7018705000.0,7074770250.0,1192882000.0,1163254000.0,0.0,1163254000.0,4041800000.0,1810704000.0,2231096000.0,17222614809.0,-98410000.0,-757543000.0,45944000.0,-60370000.0,-229397000.0,-245748000.0,-967085000.0,72585000.0,1087457000.0,-20215000.0,921609000.0,921609000.0,921609000.0,11114000.0,0.0,0.098,1826650000.0,1499050000.0,490417000.0,0.256,3.084,18.688,18.636,1729357000.0,0.0,28.42,1.832,1.833,1644660000.0,5337503000.0,9402527000.0,9402527000.0,0.0,0.097,0.172,0.211,0.159,0.0,1688016000.0,1.0,606003336.0,606302000.0,,15.508,7118889000.0,666060000.0,501227000.0,122007000.0,11.741,1505493000.0
82,ITW,MRT,2000-12-31,2000-12-31,2000-12-31,2021-09-07,-398712000.0,9514847000.0,9380477250.0,3268148000.0,6246699000.0,1.014,8.938,-277359000.0,151295000.0,151295000.0,6111392000.0,957980000.0,1.86,0.762,1974827000.0,425789000.0,1549038000.0,1974827000.0,0.0,391565000.0,0.0,0.013,0.38,1554526000.0,1946091000.0,0.205,1946091000.0,1554526000.0,1484531000.0,1.59,1.575,1.59,5400987000.0,5194564000.0,5400987000.0,19790998516.0,13.0,10.17,838212000.0,1.387,1.0,3400255000.0,0.357,2413248000.0,69995000.0,7168434000.0,6992702500.0,1107734000.0,1170392000.0,0.0,1170392000.0,4113860000.0,1756697000.0,2357163000.0,17994454516.0,-81658000.0,-791080000.0,25410000.0,38272000.0,-223009000.0,-159820000.0,-1004527000.0,69451000.0,1115571000.0,-32882000.0,957980000.0,957980000.0,957980000.0,11471000.0,0.0,0.101,1834258000.0,1565997000.0,498926000.0,0.239,3.332,18.784,18.73,1629883000.0,0.0,29.78,1.892,1.892,1583389000.0,5214098000.0,9511647000.0,9511647000.0,0.0,0.102,0.184,0.222,0.163,0.0,1703897000.0,1.0,604246290.0,604246290.0,,15.741,7101599000.0,649893000.0,526551000.0,49313000.0,11.753,1511451000.0
83,ITW,MRT,2000-09-30,2000-09-30,2000-09-30,2021-09-07,-331406000.0,9555537000.0,9266830250.0,3437320000.0,6118217000.0,1.02,8.762,-275650000.0,267591000.0,267591000.0,6075166000.0,936528000.0,1.872,0.806,2064135000.0,482348000.0,1581787000.0,2064135000.0,0.0,347902000.0,0.0,0.013,0.37,1553180000.0,1901082000.0,0.201,1901082000.0,1553180000.0,1486330000.0,1.555,1.54,1.555,5289721000.0,5048173000.0,5289721000.0,18610951605.0,12.0,9.79,1014774000.0,1.681,1.0,3374180000.0,0.357,2319660000.0,66850000.0,7196602000.0,6742190750.0,1152183000.0,1171393000.0,0.0,1171393000.0,4265816000.0,1835819000.0,2429997000.0,16866563605.0,114094000.0,-754111000.0,21586000.0,110675000.0,-214479000.0,-107698000.0,-798482000.0,228801000.0,1290424000.0,-35592000.0,936528000.0,936528000.0,936528000.0,-5217000.0,0.0,0.099,1830666000.0,1543514000.0,491162000.0,0.238,3.189,18.01,17.968,1626435000.0,0.0,27.94,1.785,1.785,1651937000.0,5073094000.0,9449346000.0,9449346000.0,0.0,0.101,0.186,0.23,0.164,0.0,1661195000.0,1.0,603670852.0,603714000.0,,15.652,7235877000.0,644177000.0,549802000.0,61075000.0,11.986,1601501000.0
84,ITW,MRT,2000-06-30,2000-06-30,2000-06-30,2021-09-07,-279632000.0,9309911000.0,8600701250.0,3307640000.0,6002271000.0,1.082,8.503,-283365000.0,212153000.0,212153000.0,5988902000.0,905365000.0,1.677,0.816,1956541000.0,616236000.0,1340305000.0,1956541000.0,0.0,338986000.0,0.0,0.013,0.36,1504281000.0,1843267000.0,0.198,1843267000.0,1504281000.0,1437994000.0,1.51,1.485,1.51,5127499000.0,4661131500.0,5127499000.0,18839269962.0,13.0,10.221,958860000.0,1.59,1.0,3313851000.0,0.356,2167006000.0,66287000.0,6915340000.0,6304525000.0,1099866000.0,1175438000.0,0.0,1175438000.0,4182412000.0,1971953000.0,2210459000.0,17187589962.0,94899000.0,-634715000.0,18783000.0,27500000.0,-204503000.0,-184301000.0,-748516000.0,166252000.0,1242225000.0,-32488000.0,905365000.0,905365000.0,905365000.0,-5217000.0,0.0,0.097,1819403000.0,1494448000.0,502657000.0,0.238,3.352,18.984,18.874,1621256000.0,0.0,28.5,1.848,1.847,1653698000.0,4869407000.0,9302753000.0,9302753000.0,0.0,0.105,0.194,0.239,0.162,0.0,1657241000.0,1.0,603073332.0,603032000.0,,15.427,7142905000.0,634537000.0,532629000.0,61183000.0,11.845,1335687000.0
85,ITW,MRT,2000-03-31,2000-03-31,2000-03-31,2021-09-07,-221719000.0,9141614000.0,7957946750.0,3340708000.0,5800906000.0,1.142,8.246,-290694000.0,247902000.0,247902000.0,5855076000.0,871809000.0,1.704,0.843,1899582000.0,549513000.0,1350069000.0,1899582000.0,0.0,327451000.0,0.0,0.012,0.345,1457258000.0,1784709000.0,0.196,1784709000.0,1457258000.0,1390868000.0,1.455,1.43,1.455,4960049000.0,4276876500.0,4960049000.0,18293957059.0,13.0,10.25,904152000.0,1.503,1.0,3233681000.0,0.356,2142659000.0,66390000.0,6690434000.0,5926482000.0,1118504000.0,1178791000.0,0.0,1178791000.0,4181565000.0,1960201000.0,2221364000.0,16612509059.0,-3385000.0,-746241000.0,6298000.0,71723000.0,-193982000.0,-134249000.0,-862956000.0,170321000.0,1194846000.0,-13864000.0,871809000.0,871809000.0,871809000.0,-5217000.0,0.0,0.096,1789837000.0,1443844000.0,504310000.0,0.237,3.349,19.055,18.986,1645695000.0,0.0,27.625,1.828,1.828,1625275000.0,4650440000.0,9088757000.0,9088757000.0,0.0,0.11,0.204,0.246,0.16,0.0,1633544000.0,1.0,601357794.0,601492000.0,,15.11,6998955000.0,626757000.0,519059000.0,122942000.0,11.636,1380507000.0
86,ITW,MRT,1999-12-31,1999-12-31,1999-12-31,2021-09-07,-188527000.0,9060259000.0,7287960750.0,3272931000.0,5787328000.0,1.213,9.604,-291416000.0,232953000.0,232953000.0,5694713000.0,841112000.0,1.6,0.882,1414401000.0,53655000.0,1360746000.0,1414401000.0,0.0,321659000.0,0.0,0.01,0.33,1410722000.0,1732381000.0,0.196,1732381000.0,1410722000.0,1346157000.0,1.4,1.38,1.4,4815423000.0,3895446250.0,4815423000.0,18423094679.0,13.0,10.635,865858000.0,1.727,1.0,3145741000.0,0.356,2029959000.0,64565000.0,6166387000.0,5555972250.0,1084212000.0,1188120000.0,0.0,1188120000.0,4244836000.0,2045361000.0,2199475000.0,16937262679.0,123427000.0,-796985000.0,-23108000.0,245835000.0,-183587000.0,23573000.0,-910217000.0,175187000.0,1157274000.0,-8384000.0,841112000.0,841112000.0,841112000.0,-5217000.0,0.0,0.095,1755703000.0,1390038000.0,524302000.0,0.236,3.517,20.137,24.129,1633931000.0,0.0,33.78,1.916,1.916,1630937000.0,4485515000.0,8840454000.0,8840454000.0,0.0,0.115,0.216,0.254,0.16,0.0,1603143000.0,1.0,501399132.0,501399132.0,,17.632,7030300000.0,622521000.0,505045000.0,61189000.0,14.021,1227570000.0
87,ITW,MRT,1999-09-30,1999-09-30,1999-09-30,2021-09-07,-130915000.0,6891021000.0,7076018000.0,2084515000.0,4806506000.0,1.568,6.233,-379269000.0,151493000.0,151493000.0,7253367000.0,982310000.0,1.54,0.842,1637325000.0,424894000.0,1212431000.0,1637325000.0,0.0,396473000.0,0.0,0.008,0.315,1623468000.0,2019941000.0,0.182,2019941000.0,1623468000.0,1553053000.0,1.475,1.445,1.475,3741555000.0,3752433500.0,3741555000.0,20173943236.0,12.0,9.987,926287000.0,1.543,1.0,3840796000.0,0.346,1577653000.0,70415000.0,5445939000.0,5596829750.0,625046000.0,1185202000.0,0.0,1185202000.0,3149466000.0,1353261000.0,1796205000.0,18634841236.0,18717000.0,-885108000.0,-59286000.0,408879000.0,-192734000.0,165872000.0,-1267779000.0,383000.0,1305556000.0,-4600000.0,982310000.0,982310000.0,982310000.0,0.0,0.0,0.089,2233975000.0,1606821000.0,334523000.0,0.214,4.981,18.97,25.207,1087973000.0,0.0,37.18,1.68,2.012,1096907000.0,3561372000.0,11094163000.0,11094163000.0,0.0,0.139,0.262,0.29,0.146,0.0,2160406000.0,1.0,501206058.0,600288000.0,,18.481,5313368000.0,531638000.0,570743000.0,119150000.0,8.851,731254000.0
88,ITW,MRT,1999-06-30,1999-06-30,1999-06-30,2021-09-07,-137937000.0,6738893000.0,6844859000.0,2032283000.0,4706610000.0,1.482,5.985,-327002000.0,119542000.0,119542000.0,6630703000.0,913258000.0,1.526,0.877,1658644000.0,434702000.0,1223942000.0,1658644000.0,0.0,360036000.0,0.0,0.007,0.3,1502937000.0,1862973000.0,0.184,1862973000.0,1502937000.0,1446874000.0,1.415,1.39,1.415,3590479000.0,3607064000.0,3590479000.0,21655736467.0,14.0,11.624,898319000.0,1.497,1.0,3514923000.0,0.346,1542921000.0,56063000.0,5403168000.0,5436480750.0,613678000.0,1171684000.0,0.0,1171684000.0,3148414000.0,1331906000.0,1816508000.0,20370500467.0,-17810000.0,-1169065000.0,-60157000.0,623374000.0,-178395000.0,397582000.0,-1444199000.0,56314000.0,1225321000.0,-8806000.0,913258000.0,913258000.0,913258000.0,0.0,0.0,0.09,2025626000.0,1489297000.0,345545000.0,0.212,5.673,22.305,28.739,1084312000.0,0.0,40.665,2.008,2.405,1087783000.0,3419270000.0,10145626000.0,10145626000.0,0.0,0.133,0.253,0.276,0.148,0.0,1960265000.0,1.0,500934476.0,599944000.0,,16.911,5195972000.0,524235000.0,533616000.0,88406000.0,8.661,700377000.0
89,ITW,MRT,1999-03-31,1999-03-31,1999-03-31,2021-09-07,-128622000.0,6461670000.0,6552391250.0,2068423000.0,4393247000.0,1.404,5.723,-307464000.0,250578000.0,250578000.0,6023143000.0,849521000.0,1.725,0.881,1535814000.0,304996000.0,1230818000.0,1535814000.0,0.0,326428000.0,0.0,0.009,0.285,1384635000.0,1711063000.0,0.186,1711063000.0,1384635000.0,1344107000.0,1.365,1.345,1.365,3434328000.0,3471473250.0,3434328000.0,16639109836.0,12.0,9.724,845534000.0,1.409,1.0,3179494000.0,0.345,1339446000.0,40528000.0,5208395000.0,5246046500.0,598173000.0,1179621000.0,0.0,1179621000.0,3027342000.0,1199065000.0,1828277000.0,15378879836.0,18101000.0,-960004000.0,-51773000.0,496946000.0,-164689000.0,284588000.0,-1220636000.0,49407000.0,1152998000.0,-552000.0,849521000.0,849521000.0,849521000.0,0.0,0.0,0.092,1800603000.0,1378891000.0,320000000.0,0.209,4.478,18.103,22.505,1032422000.0,0.0,30.72,1.671,2.003,1031275000.0,3257016000.0,9202637000.0,9202637000.0,0.0,0.13,0.245,0.264,0.15,0.0,1741723000.0,1.0,500614578.0,600042000.0,,15.337,5122224000.0,520512000.0,494586000.0,127555000.0,8.536,869358000.0
90,ITW,MRT,1998-12-31,1998-12-31,1998-12-31,2021-09-07,-112634000.0,8212488000.0,6314271000.0,3028599000.0,5183889000.0,1.328,8.485,-289537000.0,109526000.0,109526000.0,5485533000.0,809747000.0,1.635,0.935,1636065000.0,428019000.0,1208046000.0,1636065000.0,0.0,296567000.0,0.0,0.009,0.27,1309763000.0,1606330000.0,0.192,1606330000.0,1309763000.0,1280547000.0,1.35,1.33,1.35,4243372000.0,3340120000.0,4243372000.0,15612148037.0,12.0,9.719,796665000.0,1.593,1.0,2901438000.0,0.346,1556774000.0,29216000.0,6329817000.0,5062143500.0,1036817000.0,1183493000.0,0.0,1183493000.0,3969116000.0,1852436000.0,2116680000.0,14366157037.0,-102972000.0,-904623000.0,-26525000.0,343793000.0,-150934000.0,167899000.0,-1158982000.0,35105000.0,1086202000.0,331000.0,809747000.0,809747000.0,809747000.0,0.0,0.0,0.097,1592692000.0,1308746000.0,464752000.0,0.2,3.386,17.742,21.278,1492270000.0,0.0,28.725,1.713,1.713,1465899000.0,3864024000.0,8386971000.0,8386971000.0,0.0,0.128,0.242,0.259,0.156,0.0,1542684000.0,1.0,500127312.0,500127312.0,,16.77,6655714000.0,690273000.0,470800000.0,106543000.0,13.308,1176163000.0
91,ITW,MRT,1998-09-30,1998-09-30,1998-09-30,2021-09-07,-116500000.0,5966385000.0,5609838000.0,1948006000.0,4018379000.0,1.407,6.321,-263192000.0,108138000.0,108138000.0,5164994000.0,753317000.0,1.511,0.888,1354129000.0,401911000.0,952218000.0,1354129000.0,0.0,270660000.0,0.0,0.009,0.255,1222042000.0,1492702000.0,0.189,1492702000.0,1222042000.0,1197568000.0,1.28,1.255,1.28,3160077000.0,2980890500.0,3160077000.0,14501852191.0,12.0,9.715,690164000.0,1.38,1.0,2729403000.0,0.346,1118460000.0,24474000.0,4804543000.0,4587033250.0,603114000.0,1172956000.0,0.0,1172956000.0,2806308000.0,1289373000.0,1516935000.0,13460652191.0,-25300000.0,-637629000.0,-37623000.0,96917000.0,-141192000.0,-73544000.0,-820828000.0,76909000.0,953356000.0,-9072000.0,753317000.0,753317000.0,753317000.0,0.0,0.0,0.095,1519529000.0,1209874000.0,323797000.0,0.199,4.26,17.869,21.035,951040000.0,0.0,26.925,1.705,1.705,997328000.0,2983456000.0,7894397000.0,7894397000.0,0.0,0.134,0.253,0.266,0.155,0.0,1475369000.0,1.0,499931372.0,499946000.0,,15.79,4847925000.0,536957000.0,444251000.0,70137000.0,9.697,658633000.0
92,ITW,MRT,1998-06-30,1998-06-30,1998-06-30,2021-09-07,-101538000.0,5569022000.0,5340527000.0,1816868000.0,3752154000.0,1.467,6.099,-266243000.0,108422000.0,108422000.0,5133748000.0,738577000.0,1.624,0.827,1149622000.0,307855000.0,841767000.0,1149622000.0,0.0,268145000.0,0.0,0.007,0.24,1199487000.0,1467632000.0,0.187,1467632000.0,1199487000.0,1174328000.0,1.25,1.225,1.25,3048116000.0,2857365000.0,3048116000.0,17370503006.0,14.0,11.836,670679000.0,1.342,1.0,2698825000.0,0.345,850082000.0,25159000.0,4641431000.0,4360431250.0,532229000.0,1172985000.0,0.0,1172985000.0,2520906000.0,1118709000.0,1402197000.0,16420054006.0,630000.0,-290019000.0,-37672000.0,-202155000.0,-141120000.0,-373554000.0,-472333000.0,71855000.0,936922000.0,-12302000.0,738577000.0,738577000.0,738577000.0,0.0,0.0,0.094,1517750000.0,1181075000.0,291585000.0,0.192,5.387,22.232,26.284,887078000.0,0.0,32.855,2.096,2.096,935082000.0,2857086000.0,7832573000.0,7832573000.0,0.0,0.138,0.258,0.275,0.153,0.0,1473169000.0,1.0,499773368.0,499778000.0,,15.672,4718940000.0,548996000.0,435751000.0,81099000.0,9.442,698159000.0
93,ITW,MRT,1998-03-31,1998-03-31,1998-03-31,2021-09-07,-92458000.0,5509189000.0,5180396250.0,1904328000.0,3604861000.0,1.494,5.825,-251461000.0,206544000.0,206544000.0,5077211000.0,716992000.0,1.609,0.894,1156993000.0,308342000.0,848651000.0,1156993000.0,0.0,262418000.0,0.0,0.009,0.3,1169026000.0,1431444000.0,0.185,1431444000.0,1169026000.0,1140543000.0,1.21,1.18,1.21,2908915000.0,2740536000.0,2908915000.0,17138750663.0,15.0,11.973,693558000.0,1.389,1.0,2661245000.0,0.344,803454000.0,28483000.0,4472783000.0,4215981500.0,530423000.0,1172920000.0,0.0,1172920000.0,2600274000.0,1183401000.0,1416873000.0,16172000663.0,140479000.0,-256839000.0,-37222000.0,-141477000.0,-134810000.0,-304087000.0,-431425000.0,68661000.0,945019000.0,-16045000.0,716992000.0,716992000.0,716992000.0,0.0,0.0,0.093,1518038000.0,1143207000.0,300242000.0,0.248,5.559,22.555,26.756,882005000.0,0.0,32.375,2.09,2.089,916828000.0,2711099000.0,7738456000.0,7738456000.0,0.0,0.138,0.262,0.277,0.151,0.0,1475362000.0,1.0,499521256.0,499386000.0,,15.496,4705735000.0,549920000.0,423551000.0,133908000.0,9.423,720927000.0
94,ITW,MRT,1997-12-31,1997-12-31,1997-12-31,2021-09-07,-73781000.0,5394756000.0,4995920500.0,1858642000.0,3536114000.0,1.527,5.625,-238204000.0,185856000.0,185856000.0,5010571000.0,691589000.0,1.605,0.922,1152606000.0,298278000.0,854328000.0,1152606000.0,0.0,258111000.0,0.0,0.01,0.287,1131938000.0,1390049000.0,0.182,1390049000.0,1131938000.0,1100440000.0,1.155,1.135,1.155,2806454000.0,2628184750.0,2806454000.0,15839170021.0,14.0,11.395,643176000.0,1.289,1.0,2616692000.0,0.343,774250000.0,31498000.0,4429376000.0,4087595250.0,522996000.0,1170015000.0,0.0,1170015000.0,2588302000.0,1157880000.0,1430422000.0,14997175021.0,97871000.0,-128478000.0,-37518000.0,-249753000.0,-128396000.0,-406389000.0,-293143000.0,69904000.0,881380000.0,-21600000.0,691589000.0,691589000.0,691589000.0,0.0,0.0,0.091,1511404000.0,1105288000.0,299040000.0,0.248,5.344,21.685,26.026,884058000.0,0.0,30.06,1.966,1.966,902022000.0,2592416000.0,7627263000.0,7627263000.0,0.0,0.138,0.263,0.277,0.148,0.0,1469973000.0,1.0,498908018.0,498908018.0,,15.288,4620506000.0,548435000.0,408851000.0,102181000.0,9.261,700762000.0
95,ITW,MRT,1997-09-30,1997-09-30,1997-09-30,2021-09-07,-73923000.0,4889141000.0,4848772000.0,1746676000.0,3142465000.0,1.066,5.345,-157873000.0,183152000.0,183152000.0,3356341000.0,561122000.0,1.599,0.834,1025147000.0,259364000.0,765783000.0,1025147000.0,0.0,189618000.0,0.0,0.011,0.275,907220000.0,1096838000.0,0.212,1096838000.0,907220000.0,883722000.0,1.125,,1.125,2665975000.0,2525577500.0,2665975000.0,13380935371.0,15.0,12.2,559353000.0,1.121,1.0,1811887000.0,0.351,740615000.0,23498000.0,3898135000.0,3978865250.0,503420000.0,858752000.0,0.0,858752000.0,2223166000.0,1092386000.0,1130780000.0,12393099371.0,20425000.0,-310279000.0,6885000.0,8438000.0,-100652000.0,-81946000.0,-525775000.0,-72040000.0,717226000.0,-12012000.0,561122000.0,561122000.0,561122000.0,0.0,0.0,0.109,908447000.0,903440000.0,272096000.0,0.244,4.649,22.086,22.084,792979000.0,0.0,24.845,2.398,2.398,875089000.0,2462195000.0,5168228000.0,5168228000.0,0.0,0.116,0.222,0.228,0.176,0.0,864559000.0,1.0,498816638.0,498778000.0,,10.362,4148526000.0,440358000.0,322600000.0,54602000.0,8.317,654290000.0
96,ITW,MRT,1997-06-30,1997-06-30,1997-06-30,2021-09-07,-39394000.0,4928499000.0,,1759949000.0,3168550000.0,,5.178,-160165000.0,157506000.0,157506000.0,3316504000.0,534834000.0,1.455,0.91,1145342000.0,368268000.0,777074000.0,1145342000.0,0.0,184750000.0,0.0,0.01,0.262,868470000.0,1053220000.0,0.207,1053220000.0,868470000.0,843934000.0,1.075,,1.075,2580800000.0,,2580800000.0,13427604735.0,15.0,12.749,510648000.0,1.024,1.0,1774597000.0,0.349,642727000.0,24536000.0,4063632000.0,,506474000.0,867885000.0,0.0,867885000.0,2347699000.0,1209976000.0,1137723000.0,12445601735.0,20307000.0,-304631000.0,7728000.0,3897000.0,-91776000.0,-78242000.0,-535506000.0,-76361000.0,670813000.0,-3972000.0,534834000.0,534834000.0,534834000.0,0.0,0.0,0.105,908189000.0,866408000.0,270231000.0,0.244,4.822,23.27,23.228,795120000.0,0.0,24.97,2.445,2.445,881978000.0,2342981000.0,5091101000.0,5091101000.0,0.0,,,,0.171,0.0,866430000.0,1.0,498422176.0,498462000.0,,10.214,4285772000.0,452243000.0,309100000.0,66021000.0,8.598,549973000.0
97,ITW,MRT,1997-03-31,1997-03-31,1997-03-31,2021-09-07,-31465000.0,4771286000.0,,1673130000.0,3098156000.0,,4.938,-160911000.0,115779000.0,115779000.0,3333308000.0,510815000.0,1.447,0.94,1097782000.0,309094000.0,788688000.0,1097782000.0,0.0,183710000.0,0.0,0.009,0.185,834609000.0,1018319000.0,0.2,1018319000.0,834609000.0,807615000.0,1.03,,1.03,2459510000.0,,2459510000.0,11289327608.0,14.0,11.086,448218000.0,0.9,1.0,1756249000.0,0.345,637723000.0,26994000.0,3959238000.0,,515327000.0,888127000.0,0.0,888127000.0,2311776000.0,1156328000.0,1155448000.0,10217654608.0,-2883000.0,-250278000.0,5616000.0,-8338000.0,-89378000.0,-87574000.0,-496009000.0,-81062000.0,609129000.0,-6153000.0,510815000.0,510815000.0,510815000.0,0.0,0.0,0.1,920668000.0,835581000.0,252830000.0,0.18,4.154,20.003,19.903,799704000.0,0.0,20.5,2.008,2.006,837815000.0,2216506000.0,5089557000.0,5089557000.0,0.0,,,,0.164,0.0,880004000.0,1.0,498422176.0,498052000.0,,10.219,4133563000.0,464023000.0,296800000.0,90384000.0,8.299,516802000.0
98,ITW,MRT,1996-12-31,1996-12-31,1996-12-31,2021-09-07,18858000.0,4806162000.0,4198740000.0,1701092000.0,3105070000.0,1.19,,-147821000.0,137699000.0,137699000.0,3281530000.0,486315000.0,1.395,1.006,1209372000.0,390425000.0,818947000.0,1209372000.0,0.0,178233000.0,0.0,0.009,0.18,798149000.0,976382000.0,0.195,976382000.0,798149000.0,770315000.0,0.98,0.975,0.98,2396025000.0,2160131000.0,2396025000.0,,,,473788000.0,,1.0,1715151000.0,0.343,664054000.0,27834000.0,3994456000.0,3445620000.0,526016000.0,872692000.0,0.0,872692000.0,2410137000.0,1219325000.0,1190812000.0,,21099000.0,-318935000.0,5514000.0,-14833000.0,-85481000.0,-91860000.0,-521387000.0,-54110000.0,621609000.0,4919000.0,486315000.0,486315000.0,486315000.0,0.0,0.0,0.097,914565000.0,800586000.0,271600000.0,0.184,,,20.378,808340000.0,0.0,19.97,,,840092000.0,2105144000.0,4996681000.0,4996681000.0,0.0,0.116,0.225,0.232,0.16,0.0,875386000.0,1.0,,,,,4142108000.0,423556000.0,284000000.0,44373000.0,,481767000.0
99,ITW,MRT,1996-09-30,1996-09-30,1996-09-30,2021-09-07,,,,,,,,,,,,,,,,,,,,,,0.01,0.175,,,,,,,,,,,,,,,,,,1.0,,,,,,,,,,,,,,,,,,,,,,,,,,,,,,,,,,,,,,,,18.03,,,,,,,,,,,,,,1.0,,,,,,,,,,
100,ITW,MRT,1996-06-30,1996-06-30,1996-06-30,2021-09-07,,,,,,,,,,,,,,,,,,,,,,0.01,0.17,,,,,,,,,,,,,,,,,,1.0,,,,,,,,,,,,,,,,,,,,,,,,,,,,,,,,,,,,,,,,16.905,,,,,,,,,,,,,,1.0,,,,,,,,,,
101,ITW,MRT,1996-03-31,1996-03-31,1996-03-31,2021-09-07,,,,,,,,,,,,,,,,,,,,,,0.01,0.165,,,,,,,,,,,,,,,,,,1.0,,,,,,,,,,,,,,,,,,,,,,,,,,,,,,,,,,,,,,,,16.155,,,,,,,,,,,,,,1.0,,,,,,,,,,
102,ITW,MRT,1995-12-31,1995-12-31,1995-12-31,2021-09-07,13095000.0,3591318000.0,,1532490000.0,2058828000.0,,,-136676000.0,116600000.0,116600000.0,2723988000.0,387608000.0,1.801,0.866,791745000.0,176188000.0,615557000.0,791745000.0,0.0,151931000.0,0.0,0.011,0.16,653699000.0,805630000.0,0.193,805630000.0,653699000.0,623708000.0,0.82,0.815,0.82,1924237000.0,,1924237000.0,,,,378483000.0,,1.0,1454092000.0,0.348,518747000.0,29991000.0,2896784000.0,,518964000.0,504820000.0,0.0,504820000.0,1667081000.0,850932000.0,816149000.0,,39733000.0,-207776000.0,7598000.0,136087000.0,-71783000.0,23983000.0,-421830000.0,-89374000.0,515159000.0,3028000.0,387608000.0,387608000.0,387608000.0,0.0,0.0,0.093,808111000.0,645981000.0,241597000.0,0.195,,,17.988,694941000.0,0.0,14.75,,,741327000.0,1673320000.0,4178080000.0,4178080000.0,0.0,,,,0.156,0.0,776112000.0,1.0,,,,,3072571000.0,198918000.0,236100000.0,41445000.0,,681558000.0
103,ITW,MRT,1994-12-31,1994-12-31,1994-12-31,2021-09-07,,,,,,,,-113711000.0,,,,,,,,,,,,132149000.0,,0.016,0.173,,,,,,,,,,,,,,,,281203000.0,,1.0,,,,,,,,,,,,,,,41472000.0,-27644000.0,3216000.0,-152167000.0,-61162000.0,-210113000.0,-142173000.0,0.0,394914000.0,6301000.0,,,,,,,,,,,,,,,,10.938,,,,,,,,,,,,0.0,,1.0,,,,,,,,,,
