None,ticker,dimension,calendardate,datekey,reportperiod,lastupdated,accoci,assets,assetsavg,assetsc,assetsnc,assetturnover,bvps,capex,cashneq,cashnequsd,cor,consolinc,currentratio,de,debt,debtc,debtnc,debtusd,deferredrev,depamor,deposits,divyield,dps,ebit,ebitda,ebitdamargin,ebitdausd,ebitusd,ebt,eps,epsdil,epsusd,equity,equityavg,equityusd,ev,evebit,evebitda,fcf,fcfps,fxusd,gp,grossmargin,intangibles,intexp,invcap,invcapavg,inventory,investments,investmentsc,investmentsnc,liabilities,liabilitiesc,liabilitiesnc,marketcap,ncf,ncfbus,ncfcommon,ncfdebt,ncfdiv,ncff,ncfi,ncfinv,ncfo,ncfx,netinc,netinccmn,netinccmnusd,netincdis,netincnci,netmargin,opex,opinc,payables,payoutratio,pb,pe,pe1,ppnenet,prefdivis,price,ps,ps1,receivables,retearn,revenue,revenueusd,rnd,roa,roe,roic,ros,sbcomp,sgna,sharefactor,sharesbas,shareswa,shareswadil,sps,tangibles,taxassets,taxexp,taxliabilities,tbvps,workingcapital
0,MA,ARY,2020-12-31,2021-02-12,2020-12-31,2021-07-29,-680000000,33584000000,31988250000.0,19113000000,14471000000,0.478,6.378,-708000000.0,11809000000,11809000000,0.0,6411000000.0,1.613,4.235,12672000000,649000000,12023000000,12672000000,0,580000000.0,1696000000,0.005,1.64,8140000000.0,8720000000.0,0.57,8720000000.0,8140000000.0,7760000000.0,6.4,6.37,6.4,6391000000,6013750000.0,6391000000,339599557258.0,42.0,38.945,6516000000.0,6.503,1.0,15301000000.0,1.0,6713000000,380000000.0,15887000000,16313500000.0,0,483000000,483000000,0,27067000000,11847000000,15220000000,338736557258.0,3450000000.0,-989000000.0,-4376000000.0,3959000000.0,-1605000000.0,-2152000000.0,-1879000000.0,-10000000.0,7224000000.0,257000000.0,6411000000.0,6411000000.0,6411000000.0,0.0,0.0,0.419,7220000000.0,8081000000.0,527000000,0.256,53.002,52.837,53.281,1902000000,0.0,341.0,22.138,22.331,2646000000,38747000000,15301000000.0,15301000000.0,0.0,0.2,1.066,0.499,0.532,254000000.0,6567000000.0,1.0,993362338,1002000000,1006000000.0,15.27,26871000000,491000000,1349000000.0,86000000,26.817,7266000000
1,MA,ARY,2019-12-31,2020-02-14,2019-12-31,2021-07-29,-673000000,29236000000,25867000000.0,16902000000,12334000000,0.653,5.794,-728000000.0,8358000000,8358000000,0.0,8118000000.0,1.42,3.945,8527000000,0,8527000000,8527000000,0,522000000.0,1370000000,0.004,1.39,9955000000.0,10477000000.0,0.621,10477000000.0,9955000000.0,9731000000.0,7.98,7.94,7.98,5893000000,5254500000.0,5893000000,342860901276.0,34.0,32.725,7455000000.0,7.33,1.0,16883000000.0,1.0,5438000000,224000000.0,12063000000,10998000000.0,0,688000000,688000000,0,23245000000,11904000000,11341000000,342691901276.0,632000000.0,-1440000000.0,-6371000000.0,2224000000.0,-1345000000.0,-5867000000.0,-1640000000.0,532000000.0,8183000000.0,-44000000.0,8118000000.0,8118000000.0,8118000000.0,0.0,0.0,0.481,7219000000.0,9664000000.0,489000000,0.174,58.152,42.214,42.726,1828000000,0.0,340.95,20.298,20.538,2514000000,33984000000,16883000000.0,16883000000.0,0.0,0.314,1.545,0.905,0.59,250000000.0,6697000000.0,1.0,1005108964,1017000000,1022000000.0,16.601,23798000000,543000000,1613000000.0,85000000,23.4,4998000000
2,MA,ARY,2018-12-31,2019-02-13,2018-12-31,2021-07-29,-718000000,24860000000,23403750000.0,16171000000,8689000000,0.639,5.183,-504000000.0,7762000000,7762000000,0.0,5859000000.0,1.395,3.591,6334000000,500000000,5834000000,6334000000,0,459000000.0,1080000000,0.005,1.08,7390000000.0,7849000000.0,0.525,7849000000.0,7390000000.0,7204000000.0,5.63,5.6,5.63,5395000000,5532500000.0,5395000000,224825981446.0,30.0,28.644,5719000000.0,5.494,1.0,14950000000.0,1.0,3895000000,186000000.0,7944000000,8024500000.0,0,1696000000,1696000000,0,19371000000,11593000000,7778000000,226253981446.0,745000000.0,0.0,-4829000000.0,991000000.0,-1044000000.0,-4966000000.0,-506000000.0,12000000.0,6223000000.0,-6000000.0,5859000000.0,5859000000.0,5859000000.0,0.0,0.0,0.392,7668000000.0,7282000000.0,537000000,0.192,41.938,38.616,39.172,921000000,0.0,220.54,15.134,15.357,2276000000,27283000000,14950000000.0,14950000000.0,0.0,0.25,1.059,0.921,0.494,196000000.0,6081000000.0,1.0,1025909048,1041000000,1047000000.0,14.361,20965000000,570000000,1345000000.0,67000000,20.139,4578000000
3,MA,ARY,2017-12-31,2018-02-14,2017-12-31,2021-07-29,-497000000,21329000000,20163000000.0,13797000000,7532000000,0.62,5.125,-423000000.0,7018000000,7018000000,0.0,3915000000.0,1.569,2.882,5424000000,0,5424000000,5424000000,0,437000000.0,1085000000,0.005,0.91,6676000000.0,7113000000.0,0.569,7113000000.0,6676000000.0,6522000000.0,3.67,3.65,3.67,5468000000,5843250000.0,5468000000,179790929159.0,27.0,25.276,5132000000.0,4.81,1.0,12497000000.0,1.0,4155000000,154000000.0,6787000000,7278500000.0,0,1849000000,1849000000,0,15761000000,8793000000,6968000000,181384929159.0,-788000000.0,-1175000000.0,-3705000000.0,-64000000.0,-942000000.0,-4764000000.0,-1779000000.0,-182000000.0,5555000000.0,200000000.0,3915000000.0,3915000000.0,3915000000.0,0.0,0.0,0.313,5875000000.0,6622000000.0,933000000,0.248,33.172,46.331,47.008,829000000,0.0,172.52,14.514,14.73,1969000000,22364000000,12497000000.0,12497000000.0,0.0,0.194,0.67,0.917,0.534,176000000.0,5424000000.0,1.0,1051384936,1067000000,1072000000.0,11.712,17174000000,250000000,2607000000.0,106000000,16.096,5004000000
4,MA,ARY,2016-12-31,2017-02-15,2016-12-31,2021-07-29,-924000000,18675000000,17046250000.0,13228000000,5447000000,0.632,5.151,-382000000.0,7712000000,7712000000,0.0,4059000000.0,1.836,2.297,5180000000,0,5180000000,5180000000,0,373000000.0,991000000,0.007,0.79,5741000000.0,6114000000.0,0.567,6114000000.0,5741000000.0,5646000000.0,3.7,3.69,3.7,5656000000,5797750000.0,5656000000,115672681759.0,20.0,18.919,4102000000.0,3.736,1.0,10776000000.0,1.0,2478000000,95000000.0,6459000000,4983750000.0,0,1614000000,1614000000,0,12991000000,7206000000,5785000000,118204681759.0,974000000.0,0.0,-3474000000.0,1972000000.0,-837000000.0,-2293000000.0,-1167000000.0,-752000000.0,4484000000.0,-50000000.0,4059000000.0,4059000000.0,4059000000.0,0.0,0.0,0.377,5015000000.0,5761000000.0,609000000,0.214,20.899,29.122,29.638,733000000,0.0,109.66,10.969,11.174,1416000000,19418000000,10776000000.0,10776000000.0,0.0,0.238,0.7,1.152,0.533,50000000.0,4525000000.0,1.0,1077919768,1098000000,1101000000.0,9.814,16197000000,307000000,1587000000.0,81000000,14.751,6022000000
5,MA,ARY,2015-12-31,2016-02-12,2015-12-31,2021-07-29,-676000000,16269000000,15202000000.0,10985000000,5284000000,0.636,5.316,-342000000.0,6642000000,6642000000,0.0,3808000000.0,1.752,1.693,3287000000,0,3287000000,3287000000,0,366000000.0,895000000,0.008,0.67,5019000000.0,5385000000.0,0.557,5385000000.0,5019000000.0,4958000000.0,3.36,3.35,3.36,6028000000,6250000000.0,6028000000,90935612318.0,18.0,16.887,3701000000.0,3.264,1.0,9667000000.0,1.0,2694000000,61000000.0,3951000000,3176000000.0,0,991000000,991000000,0,10207000000,6269000000,3938000000,94290612318.0,610000000.0,-584000000.0,-3491000000.0,1735000000.0,-727000000.0,-2458000000.0,-715000000.0,210000000.0,4043000000.0,-260000000.0,3808000000.0,3808000000.0,3808000000.0,0.0,0.0,0.394,4589000000.0,5078000000.0,472000000,0.199,15.642,24.761,25.265,675000000,0.0,84.89,9.754,9.958,1079000000,16222000000,9667000000.0,9667000000.0,0.0,0.25,0.609,1.58,0.519,22000000.0,4162000000.0,1.0,1110738748,1134000000,1137000000.0,8.525,13575000000,317000000,1150000000.0,79000000,11.971,4716000000
6,MA,ARY,2014-12-31,2015-02-13,2014-12-31,2021-07-29,-260000000,15329000000,14791250000.0,10997000000,4332000000,0.64,5.828,-334000000.0,6087000000,6087000000,0.0,3617000000.0,1.767,1.253,1494000000,0,1494000000,1494000000,0,321000000.0,950000000,0.006,0.49,5127000000.0,5448000000.0,0.575,5448000000.0,5127000000.0,5079000000.0,3.11,3.1,3.11,6790000000,6531000000.0,6790000000,95483190063.0,19.0,17.526,3073000000.0,2.638,1.0,9473000000.0,1.0,2236000000,48000000.0,2278000000,3091000000.0,0,1168000000,1168000000,0,8505000000,6222000000,2283000000,100076190063.0,1538000000.0,-525000000.0,-3358000000.0,1530000000.0,-515000000.0,-2339000000.0,690000000.0,1450000000.0,3407000000.0,-220000000.0,3617000000.0,3617000000.0,3617000000.0,0.0,0.0,0.382,4367000000.0,5106000000.0,419000000,0.158,14.739,27.668,28.019,615000000,0.0,87.14,10.564,10.717,1109000000,13169000000,9473000000.0,9473000000.0,0.0,0.245,0.554,1.659,0.541,-15000000.0,4046000000.0,1.0,1148452950,1165000000,1169000000.0,8.131,13093000000,396000000,1462000000.0,115000000,11.239,4775000000
7,MA,ARY,2013-12-31,2014-02-14,2013-12-31,2021-07-29,178000000,14242000000,12950500000.0,10950000000,3292000000,0.644,6.18,-299000000.0,4510000000,4510000000,0.0,3116000000.0,1.815,0.902,0,0,0,0,0,258000000.0,911000000,0.004,0.29,4514000000.0,4772000000.0,0.572,4772000000.0,4514000000.0,4500000000.0,2.57,2.56,2.57,7484000000,7225500000.0,7484000000,87316387095.0,19.0,18.298,3836000000.0,3.168,1.0,8346000000.0,1.0,1794000000,14000000.0,1906000000,2477000000.0,0,2696000000,2696000000,0,6747000000,6032000000,715000000,91826387095.0,1547000000.0,0.0,-2417000000.0,35000000.0,-255000000.0,-2629000000.0,-4000000.0,299000000.0,4135000000.0,45000000.0,3116000000.0,3116000000.0,3116000000.0,0.0,0.0,0.373,3843000000.0,4503000000.0,338000000,0.113,12.27,29.469,30.113,526000000,0.0,77.39,11.002,11.229,966000000,10121000000,8346000000.0,8346000000.0,0.0,0.241,0.431,1.822,0.541,63000000.0,3490000000.0,1.0,1186540730,1211000000,1215000000.0,6.892,12448000000,303000000,1384000000.0,117000000,10.279,4918000000
8,MA,ARY,2012-12-31,2013-02-14,2012-12-31,2021-07-29,61000000,12462000000,11738250000.0,9357000000,3105000000,0.63,5.534,-218000000.0,2829000000,2829000000,0.0,2758000000.0,1.907,0.8,0,0,0,0,0,230000000.0,777000000,0.002,0.12,3953000000.0,4183000000.0,0.566,4183000000.0,3953000000.0,3933000000.0,2.202,2.194,2.202,6917000000,6616250000.0,6917000000,61276903806.0,16.0,14.649,2730000000.0,2.184,1.0,7391000000.0,1.0,1764000000,20000000.0,2963000000,1830750000.0,0,2951000000,2951000000,0,5533000000,4906000000,627000000,64105903806.0,-1682000000.0,-70000000.0,-1717000000.0,0.0,-132000000.0,-1798000000.0,-2839000000.0,-1818000000.0,2948000000.0,7000000.0,2759000000.0,2759000000.0,2759000000.0,0.0,-1000000.0,0.373,3454000000.0,3937000000.0,357000000,0.054,9.268,23.235,23.713,472000000,0.0,52.216,8.674,8.831,925000000,7354000000,7391000000.0,7391000000.0,0.0,0.235,0.417,2.159,0.535,42000000.0,3204000000.0,1.0,1227706140,1250000000,1260000000.0,5.913,10698000000,188000000,1174000000.0,104000000,8.558,4451000000
9,MA,ARY,2011-12-31,2012-02-16,2011-12-31,2021-07-29,-2000000,10693000000,9473500000.0,7741000000,2952000000,0.709,4.584,-177000000.0,4370000000,4370000000,0.0,1904000000.0,1.836,0.821,0,0,0,0,0,194000000.0,636000000,0.002,0.06,2773000000.0,2967000000.0,0.442,2967000000.0,2773000000.0,2748000000.0,1.49,1.485,1.49,5868000000,5625250000.0,5868000000,45367909732.0,16.0,15.291,2507000000.0,1.959,1.0,6714000000.0,1.0,1679000000,25000000.0,427000000,687750000.0,0,1321000000,1215000000,106000000,4816000000,4217000000,599000000,49737909732.0,667000000.0,-460000000.0,-1129000000.0,-21000000.0,-77000000.0,-1215000000.0,-748000000.0,-125000000.0,2684000000.0,-54000000.0,1906000000.0,1906000000.0,1906000000.0,0.0,-2000000.0,0.284,4001000000.0,2713000000.0,360000000,0.04,8.476,26.095,26.386,449000000,0.0,39.315,7.408,7.495,808000000,4745000000,6714000000.0,6714000000.0,0.0,0.201,0.339,4.032,0.413,68000000.0,3037000000.0,1.0,1265112800,1280000000,1280000000.0,5.245,9014000000,431000000,842000000.0,113000000,7.042,3524000000
10,MA,ARY,2010-12-31,2011-02-24,2010-12-31,2021-07-29,95000000,8837000000,7930250000.0,6454000000,2383000000,0.698,3.973,-151000000.0,3560000000,3560000000,0.0,1847000000.0,2.053,0.696,0,0,0,0,0,148000000.0,493000000,0.002,0.06,2808000000.0,2956000000.0,0.534,2956000000.0,2808000000.0,2756000000.0,1.41,1.405,1.41,5205000000,4497000000.0,5205000000,28329036766.0,10.0,9.584,1546000000.0,1.18,1.0,5539000000.0,1.0,1207000000,52000000.0,927000000,1118250000.0,0,1273000000,1131000000,142000000,3621000000,3143000000,478000000,31889036766.0,1012000000.0,-498000000.0,11000000.0,0.0,-79000000.0,19000000.0,-641000000.0,11000000.0,1697000000.0,-63000000.0,1846000000.0,1846000000.0,1846000000.0,0.0,1000000.0,0.333,2787000000.0,2752000000.0,272000000,0.043,6.127,17.275,17.318,439000000,0.0,24.418,5.757,5.775,650000000,2915000000,5539000000.0,5539000000.0,0.0,0.233,0.41,2.511,0.507,-22000000.0,2634000000.0,1.0,1305964320,1310000000,1310000000.0,4.228,7630000000,221000000,910000000.0,74000000,5.824,3311000000
11,MA,ARY,2009-12-31,2010-02-18,2009-12-31,2021-07-29,193678000,7470279000,6952218000.0,5003147000,2467132000,0.733,2.699,-139360000.0,2501428000,2501428000,0.0,1462624000.0,1.58,1.13,21598000,0,21598000,21598000,0,141377000.0,445989000,0.003,0.06,2333068000.0,2474445000.0,0.485,2474445000.0,2333068000.0,2217959000.0,1.119,1.116,1.119,3503760000,2902228500.0,3503760000,26473641990.0,11.0,10.699,1238802000.0,0.954,1.0,5098684000.0,1.0,723932000,115109000.0,1099386000,1035698250.0,0,1342129000,824345000,517784000,3958412000,3167131000,791281000,28953471990.0,550279000.0,-20622000.0,8720000.0,-149380000.0,-78685000.0,-184940000.0,-664180000.0,-498394000.0,1378162000.0,21237000.0,1462532000.0,1462532000.0,1462532000.0,0.0,92000.0,0.287,2838576000.0,2260108000.0,290414000,0.054,8.264,19.797,19.839,448994000,0.0,22.2,5.679,5.653,536472000,1147714000,5098684000.0,5098684000.0,0.0,0.21,0.504,2.253,0.458,49405000.0,2690454000.0,1.0,1304210450,1298380000,1302320000.0,3.927,6746347000,507798000,755427000.0,79728000,5.196,1836016000
12,MA,ARY,2008-12-31,2009-02-19,2008-12-31,2021-07-29,108837000,6475849000,6758651500.0,4311507000,2164342000,0.739,1.481,-170273000.0,1688405000,1688405000,0.0,-253915000.0,1.442,2.358,168767000,149380000,19387000,168767000,0,112006000.0,183245000,0.004,0.06,-279613000.0,-167607000.0,-0.034,-167607000.0,-279613000.0,-383213000.0,-0.195,-0.195,-0.195,1927355000,2224628000.0,1927355000,18473682412.0,-66.0,-110.22,242955000.0,0.187,1.0,4991600000.0,1.0,692275000,103600000.0,1273485000,1364112500.0,0,971305000,742095000,229210000,4543874000,2990451000,1553423000,19993320412.0,-154135000.0,-81731000.0,-639922000.0,-80000000.0,-79259000.0,-751378000.0,201651000.0,457229000.0,413228000.0,-17636000.0,-253915000.0,-253915000.0,-253915000.0,0.0,0.0,-0.051,5526105000.0,-534505000.0,262342000,-0.308,10.373,-78.74,-79.256,306798000,0.0,15.455,4.005,4.03,639482000,-236100000,4991600000.0,4991600000.0,0.0,-0.038,-0.114,-0.205,-0.056,13167000.0,2931254000.0,1.0,1293647390,1301480000,1301480000.0,3.835,5783574000,1049670000,-129298000.0,74518000,4.444,1321056000
13,MA,ARY,2007-12-31,2008-02-21,2007-12-31,2021-07-29,277746000,6260041000,5801930750.0,4591741000,1668300000,0.701,2.244,-156422000.0,1659295000,1659295000,0.0,1085886000.0,1.943,1.066,229824000,80000000,149824000,229824000,0,97642000.0,0,0.003,0.06,1728709000.0,1826351000.0,0.449,1826351000.0,1728709000.0,1671432000.0,0.805,0.8,0.805,3027307000,2913816750.0,3027307000,25384178090.0,15.0,13.899,613439000.0,0.455,1.0,4067599000.0,1.0,560384000,57277000.0,1906844000,2035505750.0,0,1503176000,1310687000,192489000,3228114000,2363342000,864772000,26813649090.0,474215000.0,0.0,-598935000.0,0.0,-74002000.0,-657507000.0,315141000.0,463654000.0,769861000.0,46720000.0,1085886000.0,1085886000.0,1085886000.0,0.0,0.0,0.267,2959487000.0,1108112000.0,252391000,0.075,8.857,24.693,25.401,290200000,0.0,20.448,6.592,6.781,532633000,37699000,4067599000.0,4067599000.0,0.0,0.187,0.373,0.849,0.425,42783000.0,2838445000.0,1.0,1311309130,1348870000,1356950000.0,3.016,5699657000,263143000,585546000.0,71278000,4.226,2228399000
14,MA,ARY,2006-12-31,2007-02-28,2006-12-31,2021-07-29,103662000,5082470000,4576830000.0,3577229000,1505241000,0.727,1.746,-94468000.0,1185080000,1185080000,0.0,50190000.0,1.975,1.148,229668000,0,229668000,229668000,0,99782000.0,0,0.002,0.018,355323000.0,455105000.0,0.137,455105000.0,355323000.0,294172000.0,0.037,0.037,0.037,2364359000,2027315000.0,2364359000,13522790264.0,38.0,29.714,555693000.0,0.41,1.0,3326074000.0,1.0,488386000,61151000.0,1827082000,1661672250.0,0,1492318000,1298841000,193477000,2713491000,1811590000,901901000,14478202264.0,639807000.0,0.0,649973000.0,0.0,-12373000.0,637600000.0,-676226000.0,-581390000.0,650161000.0,28272000.0,50190000.0,50190000.0,50190000.0,0.0,0.0,0.015,3096579000.0,229495000.0,278656000,0.486,6.124,288.468,289.676,252731000,0.0,10.718,4.353,4.364,451261000,-1029196000,3326074000.0,3326074000.0,0.0,0.011,0.025,0.214,0.107,19181000.0,2557055000.0,1.0,1350830590,1354110000,1357790000.0,2.456,4594084000,216782000,243982000.0,66198000,3.393,1765639000
15,MA,ARY,2005-12-31,2006-03-16,2005-12-31,2021-07-29,49014000,3700544000,3491469750.0,2227898000,1472646000,0.841,1.169,-82003000.0,545273000,545273000,0.0,266719000.0,1.431,2.161,229489000,0,229489000,229489000,0,109936000.0,0,,0.0,477496000.0,587432000.0,0.2,587432000.0,477496000.0,407338000.0,0.267,0.267,0.267,1169148000,1142807000.0,1169148000,,,,190845000.0,0.191,1.0,2937628000.0,1.0,470555000,70158000.0,1357502000,1379061500.0,0,931022000,736619000,194403000,2526776000,1556703000,970073000,,216277000.0,0.0,0.0,0.0,0.0,0.0,-33655000.0,49388000.0,272848000.0,-22916000.0,266719000.0,266719000.0,266719000.0,0.0,0.0,0.091,2544444000.0,393184000.0,185021000,0.0,,,,230614000,0.0,,,,347754000,145515000,2937628000.0,2937628000.0,0.0,0.076,0.233,0.346,0.163,0.0,2359350000.0,1.0,1000003480,1000000000,1000000000.0,2.938,3229989000,225034000,140619000.0,61188000,3.23,671195000
16,MA,ARY,2004-12-31,2005-03-02,2004-12-31,2021-07-29,127788000,3264670000,3054497250.0,1902796000,1361874000,0.849,0.975,-78155000.0,328996000,328996000,0.0,238060000.0,1.462,2.344,229569000,0,229569000,229569000,0,123317000.0,0,,0.0,393422000.0,516739000.0,0.199,516739000.0,393422000.0,323700000.0,0.238,0.238,0.238,974952000,871042500.0,974952000,,,,265640000.0,0.266,1.0,2593330000.0,1.0,546638000,69722000.0,1317243000,1173442250.0,0,1004188000,808893000,195295000,2285098000,1301362000,983736000,,80877000.0,-29861000.0,0.0,0.0,0.0,0.0,-274514000.0,-162656000.0,343795000.0,11596000.0,238060000.0,238060000.0,238060000.0,0.0,0.0,0.092,2246658000.0,346672000.0,187035000,0.0,,,,242358000,0.0,,,,293292000,-121204000,2593330000.0,2593330000.0,0.0,0.078,0.273,0.335,0.152,0.0,2101688000.0,1.0,1000000000,1000000000,,2.593,2718032000,235023000,85640000.0,73227000,2.718,601434000
17,MA,ARY,2003-12-31,2004-03-04,2003-12-31,2021-07-29,89617000,2900905000,2765288000.0,1609850000,1291055000,0.807,0.699,-143470000.0,374169000,374169000,0.0,-385793000.0,1.354,3.145,229574000,0,229574000,229574000,0,119551000.0,0,,0.0,-543635000.0,-424084000.0,-0.19,-424084000.0,-543635000.0,-606571000.0,-0.386,-0.386,-0.386,698721000,670128750.0,698721000,,,,46975000.0,0.047,1.0,2230851000.0,1.0,515511000,62936000.0,1051941000,1151548000.0,0,732482000,536341000,196141000,2197564000,1188858000,1008706000,,37695000.0,0.0,0.0,0.0,0.0,0.0,-161683000.0,-16479000.0,190445000.0,8933000.0,-385793000.0,-385793000.0,-385793000.0,0.0,0.0,-0.173,2832713000.0,-601862000.0,202604000,0.0,,,,258520000,0.0,,,,259429000,-359264000,2230851000.0,2230851000.0,0.0,-0.14,-0.576,-0.472,-0.244,0.0,1949702000.0,1.0,1000000000,1000000000,,2.231,2385394000,223908000,-220778000.0,64125000,2.385,420992000
18,MA,ARY,2002-12-31,2003-03-07,2002-12-31,2021-07-29,28509000,2260875000,,1455638000,805237000,,1.023,-101365000.0,336474000,336474000,0.0,116429000.0,1.566,1.209,80107000,0,80107000,80107000,0,90505000.0,0,,0.0,168279000.0,258784000.0,0.137,258784000.0,168279000.0,158388000.0,0.135,0.135,0.135,1023406000,,1023406000,,,,204407000.0,0.204,1.0,1891811000.0,1.0,438644000,9891000.0,636120000,,0,535450000,535450000,0,1236825000,929744000,307081000,,160331000.0,37839000.0,0.0,-34893000.0,0.0,-34893000.0,-111855000.0,-39861000.0,305772000.0,1307000.0,116429000.0,116429000.0,116429000.0,0.0,0.0,0.062,1749814000.0,141997000.0,172242000,0.0,,,,226720000,0.0,,,,198855000,26529000,1891811000.0,1891811000.0,0.0,,,,0.089,0.0,1659309000.0,1.0,1000000000,1000000000,,1.892,1822231000,41337000,41959000.0,67445000,1.822,525894000
0,MA,ARQ,2021-06-30,2021-07-29,2021-06-30,2021-07-29,-653000000,34911000000,,15079000000,19832000000,,6.507,-193000000.0,8022000000,8022000000,0.0,2066000000.0,1.335,4.4,13899000000,649000000,13250000000,13899000000,0,186000000.0,1806000000,0.004,0.44,2584000000.0,2770000000.0,0.612,2770000000.0,2584000000.0,2478000000.0,2.09,2.08,2.09,6442000000,,6442000000,384246022104.0,42.0,39.153,2075000000.0,2.096,1.0,4528000000.0,1.0,11274000000,106000000.0,18217000000,,0,544000000,544000000,0,28342000000,11297000000,17045000000,378369022104.0,-992000000.0,-836000000.0,-1690000000.0,0.0,-434000000.0,-2195000000.0,-1142000000.0,-95000000.0,2268000000.0,77000000.0,2066000000.0,2066000000.0,2066000000.0,0.0,0.0,0.456,2187000000.0,2341000000.0,547000000,0.211,58.735,52.61,53.035,1839000000,0.0,383.44,22.739,22.813,2773000000,41771000000,4528000000.0,4528000000.0,0.0,,,,,87000000.0,1934000000.0,1.0,986775042,990000000,994000000.0,4.574,23637000000,454000000,412000000.0,394000000,23.876,3782000000
1,MA,ARQ,2021-03-31,2021-04-29,2021-03-31,2021-07-29,-738000000,34800000000,,16405000000,18395000000,,6.365,-144000000.0,9005000000,9005000000,0.0,1828000000.0,1.43,4.48,13870000000,649000000,13221000000,13870000000,0,163000000.0,1759000000,0.004,0.44,2297000000.0,2460000000.0,0.592,2460000000.0,2297000000.0,2190000000.0,1.84,1.83,1.84,6327000000,,6327000000,390332919680.0,47.0,43.467,1319000000.0,1.327,1.0,4155000000.0,1.0,10372000000,107000000.0,17818000000,,0,489000000,489000000,0,28347000000,11475000000,16872000000,385467919680.0,-2804000000.0,-3364000000.0,-1333000000.0,1282000000.0,-439000000.0,-606000000.0,-3560000000.0,-61000000.0,1463000000.0,-101000000.0,1828000000.0,1828000000.0,1828000000.0,0.0,0.0,0.44,1958000000.0,2197000000.0,476000000,0.239,60.924,58.886,59.382,1850000000,0.0,388.95,24.954,25.029,2648000000,40140000000,4155000000.0,4155000000.0,0.0,,,,,65000000.0,1795000000.0,1.0,991047486,994000000,998000000.0,4.18,24428000000,459000000,362000000.0,391000000,24.575,4930000000
2,MA,ARQ,2020-12-31,2021-02-12,2020-12-31,2021-07-29,-680000000,33584000000,,19113000000,14471000000,,6.397,-151000000.0,11809000000,11809000000,0.0,1785000000.0,1.613,4.235,12672000000,649000000,12023000000,12672000000,0,150000000.0,1696000000,0.005,0.44,2273000000.0,2423000000.0,0.588,2423000000.0,2273000000.0,2168000000.0,1.79,1.78,1.79,6391000000,,6391000000,339599557258.0,42.0,38.945,2102000000.0,2.104,1.0,4120000000.0,1.0,6713000000,105000000.0,15887000000,,0,483000000,483000000,0,27067000000,11847000000,15220000000,338736557258.0,15000000.0,-806000000.0,-1021000000.0,0.0,-399000000.0,-1375000000.0,-1054000000.0,-100000000.0,2253000000.0,191000000.0,1785000000.0,1785000000.0,1785000000.0,0.0,0.0,0.433,2062000000.0,2058000000.0,527000000,0.246,53.002,52.837,53.281,1902000000,0.0,341.0,22.138,22.331,2646000000,38747000000,4120000000.0,4120000000.0,0.0,,,,,52000000.0,1867000000.0,1.0,993362338,999000000,1000000000.0,4.124,26871000000,491000000,383000000.0,86000000,26.898,7266000000
3,MA,ARQ,2020-09-30,2020-10-28,2020-09-30,2021-07-29,-880000000,31594000000,,18469000000,13125000000,,5.79,-165000000.0,11793000000,11793000000,0.0,1513000000.0,1.855,4.436,12574000000,0,12574000000,12574000000,0,141000000.0,1568000000,0.005,0.4,2020000000.0,2161000000.0,0.563,2161000000.0,2020000000.0,1915000000.0,1.51,1.51,1.51,5796000000,,5796000000,291265107900.0,35.0,32.428,1489000000.0,1.488,1.0,3837000000.0,1.0,5666000000,105000000.0,16751000000,,0,400000000,400000000,0,25713000000,9958000000,15755000000,290484107900.0,-898000000.0,0.0,-2037000000.0,0.0,-402000000.0,-2468000000.0,-199000000.0,-40000000.0,1654000000.0,115000000.0,1513000000.0,1513000000.0,1513000000.0,0.0,0.0,0.394,1732000000.0,2105000000.0,341000000,0.265,50.118,43.188,43.62,1887000000,0.0,291.38,18.627,18.703,2357000000,37403000000,3837000000.0,3837000000.0,0.0,,,,,75000000.0,1591000000.0,1.0,996925348,1001000000,1005000000.0,3.833,25928000000,607000000,402000000.0,86000000,25.902,8511000000
4,MA,ARQ,2020-06-30,2020-07-30,2020-06-30,2021-07-29,-1046000000,32127000000,,19381000000,12746000000,,6.444,-183000000.0,12685000000,12685000000,0.0,1420000000.0,1.953,3.953,12498000000,0,12498000000,12498000000,0,145000000.0,1548000000,0.005,0.4,1791000000.0,1936000000.0,0.581,1936000000.0,1791000000.0,1690000000.0,1.41,1.41,1.41,6470000000,,6470000000,309140810993.0,34.0,32.354,1275000000.0,1.27,1.0,3335000000.0,1.0,5561000000,101000000.0,16456000000,,0,390000000,390000000,0,25579000000,9923000000,15656000000,309327810993.0,969000000.0,-183000000.0,34000000.0,0.0,-401000000.0,-409000000.0,-119000000.0,76000000.0,1458000000.0,39000000.0,1420000000.0,1420000000.0,1420000000.0,0.0,0.0,0.426,1628000000.0,1707000000.0,369000000,0.284,47.81,42.252,42.621,1872000000,0.0,309.0,19.065,19.121,2147000000,36288000000,3335000000.0,3335000000.0,0.0,,,,,75000000.0,1461000000.0,1.0,1001060877,1004000000,1008000000.0,3.322,26566000000,573000000,270000000.0,83000000,26.46,9458000000
5,MA,ARQ,2020-03-31,2020-04-29,2020-03-31,2021-07-29,-1079000000,30648000000,,18123000000,12525000000,,5.371,-209000000.0,11725000000,11725000000,0.0,1693000000.0,1.866,4.659,12466000000,0,12466000000,12466000000,0,144000000.0,1518000000,0.005,0.4,2056000000.0,2200000000.0,0.549,2200000000.0,2056000000.0,1987000000.0,1.68,1.68,1.68,5398000000,,5398000000,285492097906.0,29.0,27.688,1650000000.0,1.642,1.0,4009000000.0,1.0,5517000000,69000000.0,16160000000,,0,477000000,477000000,0,25150000000,9712000000,15438000000,284751097906.0,3364000000.0,0.0,-1352000000.0,3959000000.0,-403000000.0,2100000000.0,-507000000.0,54000000.0,1859000000.0,-88000000.0,1693000000.0,1693000000.0,1693000000.0,0.0,0.0,0.422,1798000000.0,2211000000.0,371000000,0.238,52.751,35.822,36.139,1901000000,0.0,283.69,16.747,16.768,2441000000,35273000000,4009000000.0,4009000000.0,0.0,,,,,52000000.0,1648000000.0,1.0,1003740343,1005000000,1010000000.0,3.989,25131000000,550000000,294000000.0,82000000,25.006,8411000000
6,MA,ARQ,2019-12-31,2020-02-14,2019-12-31,2021-07-29,-673000000,29236000000,,16902000000,12334000000,,5.846,-185000000.0,8358000000,8358000000,0.0,2100000000.0,1.42,3.945,8527000000,0,8527000000,8527000000,0,146000000.0,1370000000,0.004,0.4,2539000000.0,2685000000.0,0.608,2685000000.0,2539000000.0,2475000000.0,2.08,2.07,2.08,5893000000,,5893000000,342860901276.0,34.0,32.725,2795000000.0,2.773,1.0,4414000000.0,1.0,5438000000,64000000.0,12063000000,,0,688000000,688000000,0,23245000000,11904000000,11341000000,342691901276.0,1997000000.0,-270000000.0,-975000000.0,744000000.0,-333000000.0,-582000000.0,-460000000.0,-3000000.0,2980000000.0,59000000.0,2100000000.0,2100000000.0,2100000000.0,0.0,0.0,0.476,2015000000.0,2399000000.0,489000000,0.192,58.152,42.214,42.726,1828000000,0.0,340.95,20.298,20.538,2514000000,33984000000,4414000000.0,4414000000.0,0.0,,,,,43000000.0,1869000000.0,1.0,1005108964,1008000000,1013000000.0,4.379,23798000000,543000000,375000000.0,85000000,23.609,4998000000
7,MA,ARQ,2019-09-30,2019-10-29,2019-09-30,2021-07-29,-858000000,25981000000,,14847000000,11134000000,,4.885,-219000000.0,6274000000,6274000000,0.0,2108000000.0,1.386,4.23,7735000000,0,7735000000,7735000000,0,137000000.0,1173000000,0.005,0.33,2597000000.0,2734000000.0,0.612,2734000000.0,2597000000.0,2534000000.0,2.08,2.07,2.08,4949000000,,4949000000,278182222353.0,32.0,30.346,2136000000.0,2.109,1.0,4467000000.0,1.0,5034000000,63000000.0,11694000000,,0,751000000,751000000,0,20932000000,10714000000,10218000000,276721222353.0,-473000000.0,-447000000.0,-1746000000.0,0.0,-335000000.0,-2125000000.0,-626000000.0,40000000.0,2355000000.0,-77000000.0,2108000000.0,2108000000.0,2108000000.0,0.0,0.0,0.472,1812000000.0,2655000000.0,505000000,0.159,55.915,40.006,40.456,1492000000,0.0,274.29,17.002,17.072,2500000000,32289000000,4467000000.0,4467000000.0,0.0,,,,,77000000.0,1675000000.0,1.0,1008863693,1013000000,1019000000.0,4.41,20947000000,518000000,426000000.0,97000000,20.678,4133000000
8,MA,ARQ,2019-06-30,2019-07-30,2019-06-30,2021-07-29,-730000000,24731000000,,14165000000,10566000000,,4.91,-182000000.0,6752000000,6752000000,0.0,2048000000.0,1.492,3.918,7806000000,0,7806000000,7806000000,0,122000000.0,1061000000,0.004,0.33,2570000000.0,2692000000.0,0.655,2692000000.0,2570000000.0,2519000000.0,2.01,2.0,2.01,5008000000,,5008000000,283263861341.0,34.0,31.986,1354000000.0,1.327,1.0,4113000000.0,1.0,4756000000,51000000.0,11532000000,,0,809000000,809000000,0,19622000000,9497000000,10125000000,282209861341.0,-140000000.0,-723000000.0,-1880000000.0,1480000000.0,-337000000.0,-937000000.0,-767000000.0,129000000.0,1536000000.0,28000000.0,2048000000.0,2048000000.0,2048000000.0,0.0,0.0,0.498,1716000000.0,2397000000.0,432000000,0.164,56.352,42.071,42.597,1348000000,0.0,278.16,17.967,18.063,2607000000,30517000000,4113000000.0,4113000000.0,0.0,,,,,73000000.0,1594000000.0,1.0,1014559467,1020000000,1025000000.0,4.032,19975000000,478000000,471000000.0,95000000,19.583,4668000000
9,MA,ARQ,2019-03-31,2019-04-30,2019-03-31,2021-07-29,-673000000,23520000000,,14396000000,9124000000,,5.037,-142000000.0,6901000000,6901000000,0.0,1862000000.0,1.405,3.533,6299000000,500000000,5799000000,6299000000,0,117000000.0,1044000000,0.005,0.33,2249000000.0,2366000000.0,0.608,2366000000.0,2249000000.0,2203000000.0,1.81,1.8,1.81,5168000000,,5168000000,259109766755.0,33.0,31.411,1170000000.0,1.14,1.0,3889000000.0,1.0,3969000000,46000000.0,8703000000,,0,1317000000,1317000000,0,18257000000,10246000000,8011000000,259711766755.0,-752000000.0,0.0,-1770000000.0,0.0,-340000000.0,-2223000000.0,213000000.0,366000000.0,1312000000.0,-54000000.0,1862000000.0,1862000000.0,1862000000.0,0.0,0.0,0.479,1676000000.0,2213000000.0,508000000,0.182,50.254,41.694,42.233,1305000000,0.0,254.24,17.02,17.095,2577000000,28806000000,3889000000.0,3889000000.0,0.0,,,,,57000000.0,1559000000.0,1.0,1021522053,1026000000,1032000000.0,3.79,19551000000,504000000,341000000.0,61000000,19.056,4150000000
10,MA,ARQ,2018-12-31,2019-02-13,2018-12-31,2021-07-29,-718000000,24860000000,,16171000000,8689000000,,5.228,-123000000.0,7762000000,7762000000,0.0,899000000.0,1.395,3.591,6334000000,500000000,5834000000,6334000000,0,113000000.0,1080000000,0.005,0.33,1262000000.0,1375000000.0,0.361,1375000000.0,1262000000.0,1215000000.0,0.88,0.87,0.88,5395000000,,5395000000,224825981446.0,30.0,28.644,1209000000.0,1.172,1.0,3807000000.0,1.0,3895000000,47000000.0,7944000000,,0,1696000000,1696000000,0,19371000000,11593000000,7778000000,226253981446.0,-141000000.0,0.0,-876000000.0,0.0,-259000000.0,-1133000000.0,-269000000.0,-147000000.0,1332000000.0,-71000000.0,899000000.0,899000000.0,899000000.0,0.0,0.0,0.236,2573000000.0,1234000000.0,537000000,0.375,41.938,38.616,39.172,921000000,0.0,220.54,15.134,15.357,2276000000,27283000000,3807000000.0,3807000000.0,0.0,,,,,43000000.0,1703000000.0,1.0,1025909048,1032000000,1038000000.0,3.689,20965000000,570000000,316000000.0,67000000,20.315,4578000000
11,MA,ARQ,2018-09-30,2018-10-30,2018-09-30,2021-07-29,-670000000,23340000000,,15064000000,8276000000,,5.569,-130000000.0,7905000000,7905000000,0.0,1899000000.0,1.552,3.026,6358000000,500000000,5858000000,6358000000,0,111000000.0,1034000000,0.005,0.25,2312000000.0,2423000000.0,0.622,2423000000.0,2312000000.0,2264000000.0,1.83,1.82,1.83,5775000000,,5775000000,192339489145.0,25.0,23.702,2237000000.0,2.157,1.0,3898000000.0,1.0,3973000000,48000000.0,8111000000,,0,1622000000,1622000000,0,17473000000,9709000000,7764000000,193886489145.0,710000000.0,0.0,-1139000000.0,0.0,-260000000.0,-1417000000.0,-231000000.0,-102000000.0,2367000000.0,-9000000.0,1899000000.0,1899000000.0,1899000000.0,0.0,0.0,0.487,1611000000.0,2287000000.0,382000000,0.137,33.573,37.379,37.773,876000000,0.0,187.73,13.413,13.468,2277000000,26726000000,3898000000.0,3898000000.0,0.0,,,,,55000000.0,1471000000.0,1.0,1032794381,1037000000,1043000000.0,3.759,19367000000,502000000,365000000.0,50000000,18.676,5355000000
12,MA,ARQ,2018-06-30,2018-07-26,2018-06-30,2021-07-29,-632000000,22471000000,,14305000000,8166000000,,5.04,-125000000.0,7202000000,7202000000,0.0,1569000000.0,1.513,3.257,5858000000,0,5858000000,5858000000,0,115000000.0,992000000,0.005,0.25,1970000000.0,2085000000.0,0.569,2085000000.0,1970000000.0,1922000000.0,1.5,1.5,1.5,5257000000,,5257000000,213999886423.0,29.0,27.517,1364000000.0,1.308,1.0,3665000000.0,1.0,4017000000,48000000.0,7655000000,,0,1535000000,1535000000,0,17121000000,9455000000,7666000000,215343886423.0,-656000000.0,0.0,-1502000000.0,0.0,-262000000.0,-1751000000.0,-373000000.0,-244000000.0,1489000000.0,-21000000.0,1569000000.0,1569000000.0,1569000000.0,0.0,0.0,0.428,1729000000.0,1936000000.0,345000000,0.167,40.963,45.643,46.288,860000000,0.0,207.37,15.431,15.499,2164000000,25086000000,3665000000.0,3665000000.0,0.0,,,,,55000000.0,1389000000.0,1.0,1038452459,1043000000,1049000000.0,3.514,18454000000,395000000,353000000.0,58000000,17.693,4850000000
13,MA,ARQ,2018-03-31,2018-05-02,2018-03-31,2021-07-29,-373000000,22944000000,,14707000000,8237000000,,5.426,-126000000.0,7855000000,7855000000,0.0,1492000000.0,1.644,3.006,6469000000,0,6469000000,6469000000,0,120000000.0,965000000,0.005,0.25,1846000000.0,1966000000.0,0.549,1966000000.0,1846000000.0,1803000000.0,1.42,1.41,1.42,5703000000,,5703000000,192604698095.0,27.0,25.784,909000000.0,0.865,1.0,3580000000.0,1.0,4222000000,43000000.0,8388000000,,0,1378000000,1378000000,0,17142000000,8948000000,8194000000,193990698095.0,832000000.0,0.0,-1312000000.0,991000000.0,-263000000.0,-665000000.0,367000000.0,505000000.0,1035000000.0,95000000.0,1492000000.0,1492000000.0,1492000000.0,0.0,0.0,0.417,1755000000.0,1825000000.0,370000000,0.176,34.016,44.843,45.544,839000000,0.0,185.82,14.539,14.637,2122000000,23852000000,3580000000.0,3580000000.0,0.0,,,,,43000000.0,1518000000.0,1.0,1043971037,1051000000,1057000000.0,3.406,18722000000,350000000,311000000.0,64000000,17.814,5759000000
14,MA,ARQ,2017-12-31,2018-02-14,2017-12-31,2021-07-29,-497000000,21329000000,,13797000000,7532000000,,5.183,-122000000.0,7018000000,7018000000,0.0,227000000.0,1.569,2.882,5424000000,0,5424000000,5424000000,0,116000000.0,1085000000,0.005,0.25,1525000000.0,1641000000.0,0.495,1641000000.0,1525000000.0,1484000000.0,0.22,0.22,0.22,5468000000,,5468000000,179790929159.0,27.0,25.276,1639000000.0,1.554,1.0,3312000000.0,1.0,4155000000,41000000.0,6787000000,,0,1849000000,1849000000,0,15761000000,8793000000,6968000000,181384929159.0,374000000.0,0.0,-1022000000.0,0.0,-233000000.0,-1270000000.0,-123000000.0,6000000.0,1761000000.0,6000000.0,227000000.0,227000000.0,227000000.0,0.0,0.0,0.069,1790000000.0,1522000000.0,933000000,1.136,33.172,46.331,47.008,829000000,0.0,172.52,14.514,14.73,1969000000,22364000000,3312000000.0,3312000000.0,0.0,,,,,39000000.0,1675000000.0,1.0,1051384936,1055000000,1063000000.0,3.139,17174000000,250000000,1257000000.0,106000000,16.279,5004000000
15,MA,ARQ,2017-09-30,2017-10-31,2017-09-30,2021-07-29,-542000000,20914000000,,13231000000,7683000000,,6.06,-133000000.0,6585000000,6585000000,0.0,1430000000.0,1.657,2.232,5393000000,0,5393000000,5393000000,0,118000000.0,1026000000,0.006,0.22,1967000000.0,2085000000.0,0.614,2085000000.0,1967000000.0,1932000000.0,1.34,1.34,1.34,6442000000,,6442000000,156305389276.0,24.0,22.637,1622000000.0,1.526,1.0,3398000000.0,1.0,4162000000,35000000.0,7576000000,,0,1864000000,1864000000,0,14376000000,7984000000,6392000000,157497389276.0,382000000.0,-224000000.0,-826000000.0,0.0,-235000000.0,-1042000000.0,-402000000.0,-45000000.0,1755000000.0,71000000.0,1430000000.0,1430000000.0,1430000000.0,0.0,0.0,0.421,1457000000.0,1941000000.0,722000000,0.164,24.449,34.083,34.598,901000000,0.0,148.77,13.19,13.244,1858000000,22401000000,3398000000.0,3398000000.0,0.0,,,,,49000000.0,1339000000.0,1.0,1058663637,1063000000,1068000000.0,3.197,16752000000,425000000,502000000.0,139000000,15.759,5247000000
16,MA,ARQ,2017-06-30,2017-07-27,2017-06-30,2021-07-29,-699000000,19839000000,,12542000000,7297000000,,5.469,-74000000.0,6170000000,6170000000,0.0,1177000000.0,1.654,2.374,5326000000,0,5326000000,5326000000,0,111000000.0,993000000,0.007,0.22,1667000000.0,1778000000.0,0.582,1778000000.0,1667000000.0,1628000000.0,1.1,1.1,1.1,5852000000,,5852000000,136453208115.0,22.0,20.772,1220000000.0,1.14,1.0,3053000000.0,1.0,3885000000,39000000.0,7527000000,,0,1782000000,1782000000,0,13891000000,7583000000,6308000000,137297208115.0,-829000000.0,-951000000.0,-914000000.0,-64000000.0,-236000000.0,-1215000000.0,-1008000000.0,-121000000.0,1294000000.0,100000000.0,1177000000.0,1177000000.0,1177000000.0,0.0,0.0,0.386,1400000000.0,1653000000.0,654000000,0.2,23.462,31.382,31.913,845000000,0.0,128.93,12.019,12.077,1708000000,21205000000,3053000000.0,3053000000.0,0.0,,,,,49000000.0,1289000000.0,1.0,1064897294,1070000000,1075000000.0,2.853,15954000000,375000000,451000000.0,140000000,14.91,4959000000
17,MA,ARQ,2017-03-31,2017-05-02,2017-03-31,2021-07-29,-863000000,18570000000,,12885000000,5685000000,,5.205,-94000000.0,6990000000,6990000000,0.0,1081000000.0,1.816,2.305,5216000000,0,5216000000,5216000000,0,92000000.0,984000000,0.007,0.22,1517000000.0,1609000000.0,0.589,1609000000.0,1517000000.0,1478000000.0,1.0,1.0,1.0,5611000000,,5611000000,124836515092.0,21.0,19.907,651000000.0,0.604,1.0,2734000000.0,1.0,2477000000,39000000.0,7224000000,,0,1654000000,1654000000,0,12932000000,7095000000,5837000000,126610515092.0,-715000000.0,0.0,-943000000.0,0.0,-238000000.0,-1237000000.0,-246000000.0,-22000000.0,745000000.0,23000000.0,1081000000.0,1081000000.0,1081000000.0,0.0,0.0,0.395,1228000000.0,1506000000.0,680000000,0.22,22.565,30.282,30.841,748000000,0.0,118.12,11.443,11.509,1553000000,20263000000,2734000000.0,2734000000.0,0.0,,,,,39000000.0,1121000000.0,1.0,1071880419,1078000000,1082000000.0,2.536,16093000000,313000000,397000000.0,83000000,14.929,5790000000
18,MA,ARQ,2016-12-31,2017-02-15,2016-12-31,2021-07-29,-924000000,18675000000,,13228000000,5447000000,,5.194,-102000000.0,7712000000,7712000000,0.0,933000000.0,1.836,2.297,5180000000,0,5180000000,5180000000,0,92000000.0,991000000,0.007,0.22,1341000000.0,1433000000.0,0.52,1433000000.0,1341000000.0,1311000000.0,0.86,0.86,0.86,5656000000,,5656000000,115672681759.0,20.0,18.919,890000000.0,0.817,1.0,2756000000.0,1.0,2478000000,30000000.0,6459000000,,0,1614000000,1614000000,0,12991000000,7206000000,5785000000,118204681759.0,1516000000.0,0.0,-1095000000.0,1972000000.0,-207000000.0,675000000.0,-42000000.0,77000000.0,992000000.0,-109000000.0,933000000.0,933000000.0,933000000.0,0.0,0.0,0.339,1393000000.0,1363000000.0,609000000,0.256,20.899,29.122,29.638,733000000,0.0,109.66,10.969,11.174,1416000000,19418000000,2756000000.0,2756000000.0,0.0,,,,,35000000.0,1291000000.0,1.0,1077919768,1089000000,1092000000.0,2.531,16197000000,307000000,378000000.0,81000000,14.873,6022000000
19,MA,ARQ,2016-09-30,2016-10-28,2016-09-30,2021-07-29,-717000000,17323000000,,11776000000,5547000000,,5.674,-99000000.0,6202000000,6202000000,0.0,1184000000.0,1.654,1.781,3326000000,0,3326000000,3326000000,0,93000000.0,997000000,0.007,0.19,1656000000.0,1749000000.0,0.607,1749000000.0,1656000000.0,1633000000.0,1.08,1.08,1.08,6219000000,,6219000000,113603783422.0,21.0,19.55,1326000000.0,1.21,1.0,2880000000.0,1.0,2561000000,23000000.0,4765000000,,0,1774000000,1774000000,0,11074000000,7121000000,3953000000,116479783422.0,29000000.0,0.0,-576000000.0,0.0,-209000000.0,-774000000.0,-630000000.0,-528000000.0,1425000000.0,8000000.0,1184000000.0,1184000000.0,1184000000.0,0.0,0.0,0.411,1210000000.0,1670000000.0,437000000,0.176,18.73,29.004,29.53,698000000,0.0,106.9,11.054,11.119,1298000000,18722000000,2880000000.0,2880000000.0,0.0,,,,,26000000.0,1117000000.0,1.0,1089614438,1096000000,1099000000.0,2.628,14762000000,327000000,449000000.0,82000000,13.469,4655000000
20,MA,ARQ,2016-06-30,2016-07-28,2016-06-30,2021-07-29,-697000000,16282000000,,10998000000,5284000000,,5.316,-106000000.0,6112000000,6112000000,0.0,983000000.0,1.702,1.784,3306000000,0,3306000000,3306000000,0,93000000.0,936000000,0.008,0.19,1387000000.0,1480000000.0,0.549,1480000000.0,1387000000.0,1365000000.0,0.89,0.89,0.89,5837000000,,5837000000,102588357275.0,20.0,18.575,953000000.0,0.868,1.0,2694000000.0,1.0,2596000000,22000000.0,4418000000,,0,1271000000,1271000000,0,10413000000,6462000000,3951000000,105394357275.0,282000000.0,0.0,-450000000.0,0.0,-209000000.0,-649000000.0,-110000000.0,1000000.0,1059000000.0,-18000000.0,983000000.0,983000000.0,983000000.0,0.0,0.0,0.365,1314000000.0,1380000000.0,452000000,0.213,18.056,27.67,28.238,680000000,0.0,96.01,10.346,10.348,1203000000,17746000000,2694000000.0,2694000000.0,0.0,,,,,29000000.0,1114000000.0,1.0,1097743540,1098000000,1101000000.0,2.454,13686000000,337000000,382000000.0,83000000,12.464,4536000000
21,MA,ARQ,2016-03-31,2016-04-28,2016-03-31,2021-07-29,-620000000,15905000000,,10606000000,5299000000,,4.94,-75000000.0,5831000000,5831000000,0.0,959000000.0,1.647,1.897,3333000000,0,3333000000,3333000000,0,95000000.0,937000000,0.007,0.19,1357000000.0,1452000000.0,0.594,1452000000.0,1357000000.0,1337000000.0,0.86,0.86,0.86,5479000000,,5479000000,104307523415.0,21.0,19.341,933000000.0,0.841,1.0,2446000000.0,1.0,2674000000,20000000.0,4293000000,,0,1314000000,1314000000,0,10394000000,6440000000,3954000000,106805523415.0,-853000000.0,0.0,-1353000000.0,0.0,-212000000.0,-1545000000.0,-385000000.0,-302000000.0,1008000000.0,69000000.0,959000000.0,959000000.0,959000000.0,0.0,0.0,0.392,1098000000.0,1348000000.0,409000000,0.221,19.494,28.504,29.271,669000000,0.0,97.18,10.807,10.905,1186000000,16972000000,2446000000.0,2446000000.0,0.0,,,,,-40000000.0,1003000000.0,1.0,1099048399,1109000000,1112000000.0,2.206,13231000000,353000000,378000000.0,76000000,11.931,4166000000
22,MA,ARQ,2015-12-31,2016-02-12,2015-12-31,2021-07-29,-676000000,16269000000,,10985000000,5284000000,,5.344,-93000000.0,6642000000,6642000000,0.0,890000000.0,1.752,1.693,3287000000,0,3287000000,3287000000,0,93000000.0,895000000,0.008,0.19,1037000000.0,1130000000.0,0.449,1130000000.0,1037000000.0,1025000000.0,0.79,0.79,0.79,6028000000,,6028000000,90935612318.0,18.0,16.887,946000000.0,0.839,1.0,2517000000.0,1.0,2694000000,12000000.0,3951000000,,0,991000000,991000000,0,10207000000,6269000000,3938000000,94290612318.0,1870000000.0,0.0,-791000000.0,1735000000.0,-179000000.0,758000000.0,138000000.0,222000000.0,1039000000.0,-65000000.0,890000000.0,890000000.0,890000000.0,0.0,0.0,0.354,1410000000.0,1107000000.0,472000000,0.241,15.642,24.761,25.265,675000000,0.0,84.89,9.754,9.958,1079000000,16222000000,2517000000.0,2517000000.0,0.0,,,,,21000000.0,1317000000.0,1.0,1110738748,1128000000,1131000000.0,2.231,13575000000,317000000,135000000.0,79000000,12.035,4716000000
23,MA,ARQ,2015-09-30,2015-10-29,2015-09-30,2021-07-29,-536000000,14634000000,,9625000000,5009000000,,5.546,-106000000.0,4748000000,4748000000,0.0,977000000.0,1.62,1.33,1495000000,0,1495000000,1495000000,0,94000000.0,871000000,0.006,0.16,1367000000.0,1461000000.0,0.577,1461000000.0,1367000000.0,1352000000.0,0.86,0.86,0.86,6267000000,,6267000000,109686309267.0,22.0,20.456,1166000000.0,1.032,1.0,2530000000.0,1.0,2727000000,15000000.0,2711000000,,0,1232000000,1232000000,0,8336000000,5943000000,2393000000,112939309267.0,516000000.0,0.0,-926000000.0,0.0,-181000000.0,-1100000000.0,369000000.0,483000000.0,1272000000.0,-25000000.0,977000000.0,977000000.0,977000000.0,0.0,0.0,0.386,1161000000.0,1369000000.0,381000000,0.186,18.021,30.368,30.856,641000000,0.0,100.59,11.806,11.882,1081000000,15543000000,2530000000.0,2530000000.0,0.0,,,,,24000000.0,1067000000.0,1.0,1122768757,1130000000,1133000000.0,2.239,11907000000,290000000,375000000.0,95000000,10.537,3682000000
24,MA,ARQ,2015-06-30,2015-07-29,2015-06-30,2021-07-29,-493000000,15272000000,,10217000000,5055000000,,5.627,-86000000.0,4361000000,4361000000,0.0,921000000.0,1.578,1.38,1495000000,0,1495000000,1495000000,0,92000000.0,1000000000,0.006,0.16,1258000000.0,1350000000.0,0.565,1350000000.0,1258000000.0,1241000000.0,0.81,0.81,0.81,6404000000,,6404000000,106642151494.0,21.0,19.701,735000000.0,0.646,1.0,2390000000.0,1.0,2802000000,17000000.0,3128000000,,0,1716000000,1716000000,0,8836000000,6476000000,2360000000,109508151494.0,-846000000.0,-572000000.0,-837000000.0,0.0,-183000000.0,-1016000000.0,-703000000.0,-54000000.0,821000000.0,52000000.0,921000000.0,921000000.0,921000000.0,0.0,0.0,0.385,1139000000.0,1251000000.0,481000000,0.198,17.1,29.148,29.491,632000000,0.0,96.73,11.48,11.54,1128000000,14746000000,2390000000.0,2390000000.0,0.0,,,,,30000000.0,986000000.0,1.0,1132101225,1138000000,1141000000.0,2.1,12470000000,326000000,320000000.0,101000000,10.958,3741000000
25,MA,ARQ,2015-03-31,2015-04-29,2015-03-31,2021-07-29,-639000000,14633000000,,10348000000,4285000000,,5.489,-57000000.0,5160000000,5160000000,0.0,1020000000.0,1.743,1.317,1495000000,0,1495000000,1495000000,0,87000000.0,953000000,0.006,0.16,1357000000.0,1444000000.0,0.648,1444000000.0,1357000000.0,1340000000.0,0.89,0.89,0.89,6301000000,,6301000000,99241368854.0,19.0,17.94,854000000.0,0.744,1.0,2230000000.0,1.0,2117000000,17000000.0,2914000000,,0,1589000000,1589000000,0,8299000000,5937000000,2362000000,102906368854.0,-930000000.0,-12000000.0,-937000000.0,0.0,-184000000.0,-1100000000.0,-519000000.0,-441000000.0,911000000.0,-222000000.0,1020000000.0,1020000000.0,1020000000.0,0.0,0.0,0.457,879000000.0,1351000000.0,406000000,0.18,16.332,27.318,27.599,602000000,0.0,90.25,10.803,10.876,1072000000,14006000000,2230000000.0,2230000000.0,0.0,,,,,-53000000.0,792000000.0,1.0,1140236774,1148000000,1152000000.0,1.943,12516000000,349000000,320000000.0,102000000,10.902,4411000000
26,MA,ARQ,2014-12-31,2015-02-13,2014-12-31,2021-07-29,-260000000,15329000000,,10997000000,4332000000,,5.889,-162000000.0,6087000000,6087000000,0.0,801000000.0,1.767,1.253,1494000000,0,1494000000,1494000000,0,84000000.0,950000000,0.006,0.16,1023000000.0,1107000000.0,0.458,1107000000.0,1023000000.0,1007000000.0,0.7,0.7,0.7,6790000000,,6790000000,95483190063.0,19.0,17.526,563000000.0,0.488,1.0,2416000000.0,1.0,2236000000,16000000.0,2278000000,,0,1168000000,1168000000,0,8505000000,6222000000,2283000000,100076190063.0,675000000.0,-189000000.0,-150000000.0,43000000.0,-127000000.0,-244000000.0,242000000.0,661000000.0,725000000.0,-48000000.0,801000000.0,801000000.0,801000000.0,0.0,0.0,0.332,1398000000.0,1018000000.0,419000000,0.229,14.739,27.668,28.019,615000000,0.0,87.14,10.564,10.717,1109000000,13169000000,2416000000.0,2416000000.0,0.0,,,,,28000000.0,1314000000.0,1.0,1148452950,1153000000,1160000000.0,2.095,13093000000,396000000,206000000.0,115000000,11.356,4775000000
27,MA,ARQ,2014-09-30,2014-10-30,2014-09-30,2021-07-29,-92000000,14659000000,,10956000000,3703000000,,5.619,-70000000.0,5415000000,5415000000,0.0,1015000000.0,1.873,1.248,1494000000,0,1494000000,1494000000,0,83000000.0,953000000,0.005,0.11,1429000000.0,1512000000.0,0.604,1512000000.0,1429000000.0,1418000000.0,0.88,0.87,0.88,6501000000,,6501000000,91915844047.0,18.0,17.245,1315000000.0,1.137,1.0,2503000000.0,1.0,2161000000,11000000.0,2728000000,,0,1857000000,1857000000,0,8111000000,5849000000,2262000000,95836844047.0,1584000000.0,5000000.0,-397000000.0,0.0,-128000000.0,-510000000.0,880000000.0,949000000.0,1385000000.0,-171000000.0,1015000000.0,1015000000.0,1015000000.0,0.0,0.0,0.406,1083000000.0,1420000000.0,319000000,0.125,14.742,27.868,28.391,553000000,0.0,83.13,10.436,10.474,1071000000,12553000000,2503000000.0,2503000000.0,0.0,,,,,3000000.0,1000000000.0,1.0,1152855095,1157000000,1160000000.0,2.163,12498000000,385000000,403000000.0,119000000,10.802,5107000000
28,MA,ARQ,2014-06-30,2014-07-31,2014-06-30,2021-07-29,188000000,14375000000,,10577000000,3798000000,,5.379,-53000000.0,3796000000,3796000000,0.0,931000000.0,1.827,1.286,1494000000,0,1494000000,1494000000,0,81000000.0,918000000,0.005,0.11,1388000000.0,1469000000.0,0.618,1469000000.0,1388000000.0,1373000000.0,0.8,0.8,0.8,6266000000,,6266000000,83561563294.0,17.0,16.279,676000000.0,0.58,1.0,2377000000.0,1.0,2286000000,15000000.0,3997000000,,0,2836000000,2836000000,0,8061000000,5790000000,2271000000,85863563294.0,-1141000000.0,-195000000.0,-1150000000.0,0.0,-129000000.0,-1306000000.0,-562000000.0,-307000000.0,729000000.0,-2000000.0,931000000.0,931000000.0,931000000.0,0.0,0.0,0.392,994000000.0,1383000000.0,420000000,0.138,13.703,25.996,26.692,539000000,0.0,74.15,9.65,9.708,1134000000,11666000000,2377000000.0,2377000000.0,0.0,,,,,28000000.0,913000000.0,1.0,1157971184,1165000000,1169000000.0,2.04,12089000000,373000000,442000000.0,125000000,10.377,4787000000
29,MA,ARQ,2014-03-31,2014-05-01,2014-03-31,2021-07-29,180000000,14802000000,,11342000000,3460000000,,5.542,-49000000.0,4932000000,4932000000,0.0,870000000.0,1.892,1.252,1494000000,0,1494000000,1494000000,0,73000000.0,913000000,0.005,0.11,1287000000.0,1360000000.0,0.625,1360000000.0,1287000000.0,1281000000.0,0.73,0.73,0.73,6567000000,,6567000000,83280524498.0,18.0,16.78,519000000.0,0.438,1.0,2177000000.0,1.0,2009000000,6000000.0,3361000000,,0,2543000000,2543000000,0,8224000000,5994000000,2230000000,86718524498.0,420000000.0,-146000000.0,-1661000000.0,1487000000.0,-131000000.0,-279000000.0,130000000.0,147000000.0,568000000.0,1000000.0,870000000.0,870000000.0,870000000.0,0.0,0.0,0.4,892000000.0,1285000000.0,297000000,0.151,13.205,26.931,27.735,528000000,0.0,74.22,10.064,10.207,995000000,10861000000,2177000000.0,2177000000.0,0.0,,,,,-74000000.0,819000000.0,1.0,1168398336,1185000000,1189000000.0,1.837,12793000000,369000000,411000000.0,117000000,10.796,5348000000
30,MA,ARQ,2013-12-31,2014-02-14,2013-12-31,2021-07-29,178000000,14242000000,,10950000000,3292000000,,6.165,-146000000.0,4510000000,4510000000,0.0,623000000.0,1.815,0.902,0,0,0,0,0,71000000.0,911000000,0.004,0.11,918000000.0,989000000.0,0.465,989000000.0,918000000.0,911000000.0,0.518,0.514,0.518,7484000000,,7484000000,87316387095.0,19.0,18.298,1053000000.0,0.867,1.0,2126000000.0,1.0,1794000000,7000000.0,1906000000,,0,2696000000,2696000000,0,6747000000,6032000000,715000000,91826387095.0,186000000.0,0.0,-747000000.0,35000000.0,-73000000.0,-792000000.0,-239000000.0,-97000000.0,1199000000.0,18000000.0,623000000.0,623000000.0,623000000.0,0.0,0.0,0.293,1206000000.0,920000000.0,338000000,0.212,12.27,29.469,30.113,526000000,0.0,77.39,11.002,11.229,966000000,10121000000,2126000000.0,2126000000.0,0.0,,,,,36000000.0,1040000000.0,1.0,1186540730,1214000000,1200000000.0,1.751,12448000000,303000000,288000000.0,117000000,10.254,4918000000
31,MA,ARQ,2013-09-30,2013-10-31,2013-09-30,2021-07-29,120000000,13730000000,,10559000000,3171000000,,6.328,-50000000.0,4291000000,4291000000,0.0,879000000.0,1.948,0.792,0,0,0,0,0,64000000.0,878000000,0.003,0.06,1251000000.0,1315000000.0,0.593,1315000000.0,1251000000.0,1254000000.0,0.73,0.727,0.73,7657000000,,7657000000,82031767638.0,18.0,17.284,1272000000.0,1.051,1.0,2218000000.0,1.0,1756000000,-3000000.0,2263000000,,0,2594000000,2594000000,0,6062000000,5420000000,642000000,86322767638.0,1065000000.0,0.0,-339000000.0,0.0,-72000000.0,-416000000.0,117000000.0,178000000.0,1322000000.0,42000000.0,879000000.0,879000000.0,879000000.0,0.0,0.0,0.396,970000000.0,1248000000.0,280000000,0.082,11.274,27.864,28.21,474000000,0.0,71.71,10.637,10.692,990000000,9630000000,2218000000.0,2218000000.0,0.0,,,,,28000000.0,906000000.0,1.0,1203775870,1210000000,1210000000.0,1.833,11974000000,211000000,375000000.0,93000000,9.896,5139000000
32,MA,ARQ,2013-06-30,2013-07-31,2013-06-30,2021-07-29,-15000000,12021000000,,8962000000,3059000000,,5.8,-61000000.0,3188000000,3188000000,0.0,848000000.0,2.071,0.711,0,0,0,0,0,61000000.0,840000000,0.003,0.06,1238000000.0,1299000000.0,0.62,1299000000.0,1238000000.0,1233000000.0,0.698,0.696,0.698,7018000000,,7018000000,70466314063.0,16.0,15.457,681000000.0,0.563,1.0,2096000000.0,1.0,1687000000,5000000.0,2819000000,,0,2742000000,2742000000,0,4992000000,4327000000,665000000,73654314063.0,364000000.0,0.0,-570000000.0,0.0,-73000000.0,-638000000.0,225000000.0,285000000.0,742000000.0,35000000.0,848000000.0,848000000.0,848000000.0,0.0,0.0,0.405,868000000.0,1228000000.0,259000000,0.086,10.495,24.625,25.118,471000000,0.0,61.061,9.425,9.454,949000000,8823000000,2096000000.0,2096000000.0,0.0,,,,,22000000.0,807000000.0,1.0,1206241530,1210000000,1220000000.0,1.732,10334000000,211000000,385000000.0,98000000,8.54,4635000000
33,MA,ARQ,2013-03-31,2013-05-01,2013-03-31,2021-07-29,-50000000,11809000000,,8783000000,3026000000,,5.482,-42000000.0,2796000000,2796000000,0.0,766000000.0,1.99,0.749,0,0,0,0,0,62000000.0,812000000,0.003,0.06,1107000000.0,1169000000.0,0.613,1169000000.0,1107000000.0,1102000000.0,0.625,0.623,0.625,6743000000,,6743000000,62828958140.0,15.0,14.639,830000000.0,0.675,1.0,1906000000.0,1.0,1679000000,5000000.0,2920000000,,0,3036000000,3036000000,0,5053000000,4414000000,639000000,65624958140.0,-68000000.0,0.0,-761000000.0,0.0,-37000000.0,-783000000.0,-107000000.0,-67000000.0,872000000.0,-50000000.0,766000000.0,766000000.0,766000000.0,0.0,0.0,0.402,799000000.0,1107000000.0,262000000,0.096,9.732,23.083,23.583,468000000,0.0,53.982,8.705,8.807,941000000,8047000000,1906000000.0,1906000000.0,0.0,,,,,-23000000.0,737000000.0,1.0,1215682230,1230000000,1230000000.0,1.55,10130000000,187000000,336000000.0,99000000,8.236,4369000000
34,MA,ARQ,2012-12-31,2013-02-14,2012-12-31,2021-07-29,61000000,12462000000,,9357000000,3105000000,,5.67,-54000000.0,2829000000,2829000000,0.0,605000000.0,1.907,0.8,0,0,0,0,0,62000000.0,777000000,0.002,0.03,901000000.0,963000000.0,0.508,963000000.0,901000000.0,894000000.0,0.489,0.487,0.489,6917000000,,6917000000,61276903806.0,16.0,14.649,812000000.0,0.666,1.0,1895000000.0,1.0,1764000000,7000000.0,2963000000,,0,2951000000,2951000000,0,5533000000,4906000000,627000000,64105903806.0,-993000000.0,0.0,-610000000.0,0.0,-38000000.0,-647000000.0,-1227000000.0,-441000000.0,866000000.0,15000000.0,605000000.0,605000000.0,605000000.0,0.0,0.0,0.319,996000000.0,899000000.0,357000000,0.061,9.268,23.235,23.713,472000000,0.0,52.216,8.674,8.831,925000000,7354000000,1895000000.0,1895000000.0,0.0,,,,,22000000.0,934000000.0,1.0,1227706140,1220000000,1260000000.0,1.553,10698000000,188000000,289000000.0,104000000,8.769,4451000000
35,MA,ARQ,2012-09-30,2012-10-31,2012-09-30,2021-07-29,34000000,12120000000,,9072000000,3048000000,,5.53,-57000000.0,3820000000,3820000000,0.0,772000000.0,1.995,0.752,0,0,0,0,0,58000000.0,775000000,0.002,0.03,1070000000.0,1128000000.0,0.588,1128000000.0,1070000000.0,1066000000.0,0.619,0.617,0.619,6912000000,,6912000000,53455601527.0,18.0,16.357,957000000.0,0.766,1.0,1918000000.0,1.0,1763000000,4000000.0,1989000000,,0,2594000000,2594000000,0,5196000000,4548000000,648000000,57275601527.0,-108000000.0,-70000000.0,-206000000.0,0.0,-37000000.0,-229000000.0,-922000000.0,-794000000.0,1014000000.0,29000000.0,772000000.0,772000000.0,772000000.0,0.0,0.0,0.403,854000000.0,1064000000.0,319000000,0.048,8.286,26.358,26.613,465000000,0.0,46.093,7.929,7.976,912000000,6786000000,1918000000.0,1918000000.0,0.0,,,,,12000000.0,796000000.0,1.0,1242609540,1250000000,1250000000.0,1.534,10357000000,457000000,294000000.0,103000000,8.286,4524000000
36,MA,ARQ,2012-06-30,2012-08-01,2012-06-30,2021-07-29,-47000000,11240000000,,8283000000,2957000000,,4.972,-56000000.0,3879000000,3879000000,0.0,700000000.0,1.923,0.792,0,0,0,0,0,56000000.0,726000000,0.002,0.03,976000000.0,1032000000.0,0.567,1032000000.0,976000000.0,973000000.0,0.556,0.555,0.556,6265000000,,6265000000,49434841450.0,16.0,15.314,585000000.0,0.464,1.0,1820000000.0,1.0,1665000000,3000000.0,1389000000,,0,1803000000,1803000000,0,4964000000,4307000000,657000000,53313841450.0,-531000000.0,0.0,-667000000.0,0.0,-38000000.0,-702000000.0,-388000000.0,-332000000.0,641000000.0,-82000000.0,700000000.0,700000000.0,700000000.0,0.0,0.0,0.385,846000000.0,974000000.0,330000000,0.054,8.51,25.172,25.459,458000000,0.0,42.72,7.484,7.556,844000000,6052000000,1820000000.0,1820000000.0,0.0,,,,,23000000.0,770000000.0,1.0,1247983180,1260000000,1260000000.0,1.444,9575000000,474000000,273000000.0,105000000,7.599,3976000000
37,MA,ARQ,2012-03-31,2012-05-02,2012-03-31,2021-07-29,78000000,11131000000,,8113000000,3018000000,,5.017,-51000000.0,4333000000,4333000000,0.0,681000000.0,1.983,0.746,0,0,0,0,0,54000000.0,649000000,0.002,0.03,1006000000.0,1060000000.0,0.603,1060000000.0,1006000000.0,1000000000.0,0.538,0.536,0.538,6371000000,,6371000000,52721445575.0,18.0,16.796,376000000.0,0.296,1.0,1758000000.0,1.0,1724000000,6000000.0,982000000,,0,1457000000,1457000000,0,4752000000,4092000000,660000000,57054445575.0,-50000000.0,0.0,-234000000.0,0.0,-19000000.0,-220000000.0,-302000000.0,-251000000.0,427000000.0,45000000.0,682000000.0,682000000.0,682000000.0,0.0,-1000000.0,0.388,758000000.0,1000000000.0,274000000,0.056,8.955,28.161,28.233,450000000,0.0,45.145,8.185,8.225,812000000,5389000000,1758000000.0,1758000000.0,0.0,,,,,-15000000.0,704000000.0,1.0,1263804310,1270000000,1270000000.0,1.384,9407000000,440000000,318000000.0,112000000,7.407,4021000000
38,MA,ARQ,2011-12-31,2012-02-16,2011-12-31,2021-07-29,-2000000,10693000000,,7741000000,2952000000,,4.584,-61000000.0,4370000000,4370000000,0.0,18000000.0,1.836,0.821,0,0,0,0,0,52000000.0,636000000,0.002,0.015,-4000000.0,48000000.0,0.028,48000000.0,-4000000.0,-11000000.0,0.019,0.019,0.019,5868000000,,5868000000,45367909732.0,16.0,15.291,723000000.0,0.565,1.0,1728000000.0,1.0,1679000000,7000000.0,427000000,,0,1321000000,1215000000,106000000,4816000000,4217000000,599000000,49737909732.0,-19000000.0,0.0,-26000000.0,0.0,-19000000.0,-44000000.0,-693000000.0,-637000000.0,784000000.0,-66000000.0,19000000.0,19000000.0,19000000.0,0.0,-1000000.0,0.011,1738000000.0,-10000000.0,360000000,0.789,8.476,26.095,26.386,449000000,0.0,39.315,7.408,7.495,808000000,4745000000,1728000000.0,1728000000.0,0.0,,,,,26000000.0,916000000.0,1.0,1265112800,1280000000,1250000000.0,1.35,9014000000,431000000,-30000000.0,113000000,7.042,3524000000
39,MA,ARQ,2011-09-30,2011-11-02,2011-09-30,2021-07-29,104000000,9674000000,,6753000000,2921000000,,4.702,-44000000.0,4389000000,4389000000,0.0,716000000.0,2.175,0.618,0,0,0,0,0,51000000.0,636000000,0.002,0.015,1037000000.0,1088000000.0,0.598,1088000000.0,1037000000.0,1031000000.0,0.565,0.563,0.565,5972000000,,5972000000,41004397815.0,12.0,11.544,963000000.0,0.758,1.0,1818000000.0,1.0,1709000000,6000000.0,471000000,,0,753000000,639000000,114000000,3692000000,3105000000,587000000,45393397815.0,989000000.0,0.0,-70000000.0,0.0,-19000000.0,-88000000.0,159000000.0,194000000.0,1007000000.0,-89000000.0,717000000.0,717000000.0,717000000.0,0.0,-1000000.0,0.394,816000000.0,1002000000.0,289000000,0.027,7.601,19.719,19.981,450000000,0.0,35.766,7.066,7.071,763000000,4745000000,1818000000.0,1818000000.0,0.0,,,,,16000000.0,765000000.0,1.0,1269177370,1270000000,1270000000.0,1.431,7965000000,118000000,314000000.0,125000000,6.272,3648000000
40,MA,ARQ,2011-06-30,2011-08-03,2011-06-30,2021-07-29,247000000,9025000000,,6011000000,3014000000,,4.307,-47000000.0,3372000000,3372000000,0.0,608000000.0,2.028,0.648,0,0,0,0,0,49000000.0,608000000,0.002,0.015,894000000.0,943000000.0,0.566,943000000.0,894000000.0,892000000.0,0.477,0.476,0.477,5470000000,,5470000000,39634399625.0,13.0,12.095,491000000.0,0.387,1.0,1667000000.0,1.0,1768000000,2000000.0,921000000,,0,957000000,840000000,117000000,3544000000,2964000000,580000000,43006399625.0,-190000000.0,-460000000.0,-381000000.0,-21000000.0,-19000000.0,-418000000.0,-349000000.0,158000000.0,538000000.0,39000000.0,608000000.0,608000000.0,608000000.0,0.0,0.0,0.365,782000000.0,885000000.0,336000000,0.031,7.862,20.45,20.88,454000000,0.0,33.847,7.127,7.124,713000000,4047000000,1667000000.0,1667000000.0,0.0,,,,,18000000.0,733000000.0,1.0,1270611860,1270000000,1280000000.0,1.313,7257000000,157000000,284000000.0,130000000,5.714,3047000000
41,MA,ARQ,2011-03-31,2011-05-03,2011-03-31,2021-07-29,201000000,8502000000,,6073000000,2429000000,,3.993,-25000000.0,3530000000,3530000000,0.0,562000000.0,2.176,0.636,0,0,0,0,0,42000000.0,576000000,0.002,0.015,846000000.0,888000000.0,0.592,888000000.0,846000000.0,836000000.0,0.431,0.429,0.431,5191000000,,5191000000,32400142458.0,11.0,10.455,330000000.0,0.254,1.0,1501000000.0,1.0,1249000000,10000000.0,932000000,,0,1114000000,985000000,129000000,3300000000,2791000000,509000000,35930142458.0,-113000000.0,0.0,-652000000.0,0.0,-20000000.0,-665000000.0,135000000.0,160000000.0,355000000.0,62000000.0,562000000.0,562000000.0,562000000.0,0.0,0.0,0.374,665000000.0,836000000.0,283000000,0.035,6.922,18.397,18.901,436000000,0.0,28.238,6.268,6.404,642000000,3457000000,1501000000.0,1501000000.0,0.0,,,,,8000000.0,623000000.0,1.0,1272403940,1300000000,1310000000.0,1.155,7253000000,187000000,274000000.0,95000000,5.579,3282000000
42,MA,ARQ,2010-12-31,2011-02-24,2010-12-31,2021-07-29,95000000,8837000000,,6454000000,2383000000,,3.973,-46000000.0,3560000000,3560000000,0.0,415000000.0,2.053,0.696,0,0,0,0,0,42000000.0,493000000,0.002,0.015,591000000.0,633000000.0,0.44,633000000.0,591000000.0,582000000.0,0.317,0.316,0.317,5205000000,,5205000000,28329036766.0,10.0,9.584,624000000.0,0.476,1.0,1438000000.0,1.0,1207000000,9000000.0,927000000,,0,1273000000,1131000000,142000000,3621000000,3143000000,478000000,31889036766.0,588000000.0,-498000000.0,1000000.0,0.0,-20000000.0,-17000000.0,-58000000.0,-39000000.0,670000000.0,-7000000.0,415000000.0,415000000.0,415000000.0,0.0,0.0,0.289,869000000.0,569000000.0,272000000,0.047,6.127,17.275,17.318,439000000,0.0,24.418,5.757,5.775,650000000,2915000000,1438000000.0,1438000000.0,0.0,,,,,14000000.0,823000000.0,1.0,1305964320,1310000000,1310000000.0,1.098,7630000000,221000000,167000000.0,74000000,5.824,3311000000
43,MA,ARQ,2010-09-30,2010-11-02,2010-09-30,2021-07-29,141000000,8166000000,,6233000000,1933000000,,3.696,-40000000.0,3473000000,3473000000,0.0,519000000.0,2.201,0.685,1000000,0,1000000,1000000,0,36000000.0,467000000,0.002,0.015,777000000.0,813000000.0,0.569,813000000.0,777000000.0,766000000.0,0.396,0.394,0.396,4842000000,,4842000000,28722150443.0,11.0,10.103,549000000.0,0.419,1.0,1428000000.0,1.0,709000000,11000000.0,1153000000,,0,1291000000,1137000000,154000000,3315000000,2832000000,483000000,32194150443.0,156000000.0,3000000.0,1000000.0,0.0,-20000000.0,-23000000.0,-563000000.0,2000000.0,589000000.0,153000000.0,518000000.0,518000000.0,518000000.0,0.0,1000000.0,0.363,662000000.0,766000000.0,243000000,0.038,6.649,18.663,18.677,433000000,0.0,24.598,5.963,5.968,580000000,2520000000,1428000000.0,1428000000.0,0.0,,,,,22000000.0,625000000.0,1.0,1308811710,1310000000,1310000000.0,1.09,7457000000,355000000,248000000.0,90000000,5.692,3401000000
44,MA,ARQ,2010-06-30,2010-08-03,2010-06-30,2021-07-29,-72000000,7432000000,,5543000000,1889000000,,3.143,-45000000.0,2804000000,2804000000,0.0,458000000.0,1.967,0.803,19000000,0,19000000,19000000,0,35000000.0,481000000,0.003,0.015,730000000.0,765000000.0,0.56,765000000.0,730000000.0,713000000.0,0.35,0.349,0.35,4117000000,,4117000000,23505670132.0,9.0,8.505,298000000.0,0.227,1.0,1365000000.0,1.0,657000000,17000000.0,1172000000,,0,1300000000,1130000000,170000000,3307000000,2818000000,489000000,26290670132.0,204000000.0,-2000000.0,3000000.0,0.0,-19000000.0,-18000000.0,3000000.0,50000000.0,343000000.0,-124000000.0,458000000.0,458000000.0,458000000.0,0.0,0.0,0.336,648000000.0,717000000.0,244000000,0.043,6.386,15.845,15.857,435000000,0.0,20.091,4.927,4.933,517000000,2022000000,1365000000.0,1365000000.0,0.0,,,,,17000000.0,613000000.0,1.0,1308579470,1310000000,1310000000.0,1.042,6775000000,402000000,255000000.0,74000000,5.172,2725000000
45,MA,ARQ,2010-03-31,2010-05-04,2010-03-31,2021-07-29,88000000,7286000000,,5106000000,2180000000,,2.942,-20000000.0,2563000000,2563000000,0.0,455000000.0,1.809,0.903,21000000,0,21000000,21000000,0,35000000.0,444000000,0.002,0.015,710000000.0,745000000.0,0.57,745000000.0,710000000.0,695000000.0,0.347,0.346,0.347,3824000000,,3824000000,30323436635.0,12.0,11.651,75000000.0,0.058,1.0,1308000000.0,1.0,701000000,15000000.0,1221000000,,0,1341000000,982000000,359000000,3454000000,2822000000,632000000,32865436635.0,64000000.0,-1000000.0,6000000.0,0.0,-20000000.0,77000000.0,-23000000.0,-2000000.0,95000000.0,-85000000.0,455000000.0,455000000.0,455000000.0,0.0,0.0,0.348,608000000.0,700000000.0,251000000,0.043,8.595,21.2,21.22,433000000,0.0,25.125,6.259,6.221,505000000,1583000000,1308000000.0,1308000000.0,0.0,,,,,-75000000.0,573000000.0,1.0,1308077080,1300000000,1310000000.0,1.006,6585000000,458000000,240000000.0,74000000,5.065,2284000000
46,MA,ARQ,2009-12-31,2010-02-18,2009-12-31,2021-07-29,193678000,7470279000,,5003147000,2467132000,,2.695,-42929000.0,2501428000,2501428000,0.0,294395000.0,1.58,1.13,21598000,0,21598000,21598000,0,38427000.0,445989000,0.003,0.015,481381000.0,519808000.0,0.4,519808000.0,481381000.0,457939000.0,0.224,0.224,0.224,3503760000,,3503760000,26473641990.0,11.0,10.699,241316000.0,0.186,1.0,1298418000.0,1.0,723932000,23442000.0,1099386000,,0,1342129000,824345000,517784000,3958412000,3167131000,791281000,28953471990.0,-260952000.0,-1666000.0,2929000.0,0.0,-19666000.0,-9961000.0,-523764000.0,-478053000.0,284245000.0,-11472000.0,294001000.0,294001000.0,294001000.0,0.0,394000.0,0.226,830292000.0,468126000.0,290414000,0.067,8.264,19.797,19.839,448994000,0.0,22.2,5.679,5.653,536472000,1147714000,1298418000.0,1298418000.0,0.0,,,,,12167000.0,791865000.0,1.0,1304210450,1300330000,1304720000.0,0.999,6746347000,507798000,163938000.0,79728000,5.188,1836016000
47,MA,ARQ,2009-09-30,2009-11-03,2009-09-30,2021-07-29,209805000,6939348000,,4752667000,2186681000,,2.476,-33817000.0,2577160000,2577160000,0.0,452140000.0,1.703,1.154,21690000,0,21690000,21690000,0,36242000.0,260769000,0.003,0.015,697551000.0,733793000.0,0.538,733793000.0,697551000.0,673453000.0,0.346,0.345,0.346,3217523000,,3217523000,25886046525.0,11.0,10.496,282017000.0,0.217,1.0,1364275000.0,1.0,724963000,24098000.0,867583000,,0,862428000,629678000,232750000,3714112000,2791332000,922780000,28441516525.0,268197000.0,2041000.0,3522000.0,0.0,-19660000.0,-9436000.0,-52696000.0,-14925000.0,315834000.0,14495000.0,452199000.0,452199000.0,452199000.0,0.0,-59000.0,0.331,690772000.0,673503000.0,277715000,0.043,8.84,20.2,20.334,450915000,0.0,21.92,5.66,5.668,503472000,873424000,1364275000.0,1364275000.0,0.0,,,,,22171000.0,648285000.0,1.0,1297514440,1299360000,1303590000.0,1.05,6214385000,636748000,221254000.0,76186000,4.783,1961335000
48,MA,ARQ,2009-06-30,2009-07-31,2009-06-30,2021-07-29,128797000,6983933000,,4690202000,2293731000,,2.055,-34720000.0,2291524000,2291524000,0.0,348879000.0,1.573,1.616,20564000,0,20564000,20564000,0,35721000.0,243330000,0.003,0.015,568412000.0,604133000.0,0.472,604133000.0,568412000.0,536641000.0,0.267,0.267,0.267,2666269000,,2666269000,22887207487.0,17.0,15.219,327280000.0,0.252,1.0,1279889000.0,1.0,697709000,31771000.0,1033652000,,0,829313000,605403000,223910000,4309892000,2981612000,1328280000,25158167487.0,370002000.0,-295000.0,1838000.0,0.0,-19683000.0,-260000.0,-38190000.0,-2789000.0,362000000.0,46452000.0,349074000.0,349074000.0,349074000.0,0.0,-195000.0,0.273,722703000.0,557186000.0,259484000,0.056,9.436,33.008,33.281,456750000,0.0,19.403,5.033,5.036,545255000,440901000,1279889000.0,1279889000.0,0.0,,,,,8433000.0,686482000.0,1.0,1296612250,1297430000,1301180000.0,0.986,6286224000,764925000,187567000.0,73668000,4.845,1708590000
49,MA,ARQ,2009-03-31,2009-05-01,2009-03-31,2021-07-29,39519000,6415312000,,4106900000,2308412000,,1.714,-27894000.0,1883454000,1883454000,0.0,367210000.0,1.493,1.884,18407000,0,18407000,18407000,0,30987000.0,205262000,0.003,0.015,585724000.0,616711000.0,0.533,616711000.0,585724000.0,549926000.0,0.281,0.28,0.281,2221362000,,2221362000,20502077125.0,-52.0,-73.206,388189000.0,0.299,1.0,1156102000.0,1.0,656789000,35798000.0,1142172000,,0,825818000,597669000,228149000,4185983000,2751304000,1434679000,22367124125.0,173032000.0,-20702000.0,431000.0,-149380000.0,-19676000.0,-165283000.0,-49530000.0,-2627000.0,416083000.0,-28238000.0,367258000.0,367258000.0,367258000.0,0.0,-48000.0,0.318,594809000.0,561293000.0,262622000,0.053,10.069,-67.061,-67.016,454227000,0.0,17.29,4.504,4.514,533654000,111477000,1156102000.0,1156102000.0,0.0,,,,,6634000.0,563822000.0,1.0,1293645120,1296360000,1299750000.0,0.892,5758523000,810915000,182668000.0,69436000,4.442,1355596000
50,MA,ARQ,2008-12-31,2009-02-19,2008-12-31,2021-07-29,108837000,6475849000,,4311507000,2164342000,,1.488,-47756000.0,1688405000,1688405000,0.0,239442000.0,1.442,2.358,168767000,149380000,19387000,168767000,0,30050000.0,183245000,0.004,0.015,481585000.0,511635000.0,0.418,511635000.0,481585000.0,445060000.0,0.184,0.184,0.184,1927355000,,1927355000,18473682412.0,-66.0,-110.22,-565112000.0,-0.436,1.0,1224834000.0,1.0,692275000,36525000.0,1273485000,,0,971305000,742095000,229210000,4543874000,2990451000,1553423000,19993320412.0,-566297000.0,-81731000.0,211000.0,0.0,-19683000.0,-20570000.0,-29990000.0,100848000.0,-517356000.0,1619000.0,239442000.0,239442000.0,239442000.0,0.0,0.0,0.195,762478000.0,462356000.0,262342000,0.082,10.373,-78.74,-79.256,306798000,0.0,15.455,4.005,4.03,639482000,-236100000,1224834000.0,1224834000.0,0.0,,,,,17851000.0,726428000.0,1.0,1293647390,1295660000,1295660000.0,0.945,5783574000,1049670000,205618000.0,74518000,4.464,1321056000
51,MA,ARQ,2008-09-30,2008-11-04,2008-09-30,2021-07-29,181263000,7272975000,,5070643000,2202332000,,1.363,-54772000.0,2213816000,2213816000,0.0,-193582000.0,1.334,3.118,168966000,149380000,19586000,168966000,0,28742000.0,142359000,0.004,0.015,-257353000.0,-228611000.0,-0.171,-228611000.0,-257353000.0,-293672000.0,-0.149,-0.149,-0.149,1765131000,,1765131000,19955954842.0,-72.0,-116.879,333013000.0,0.257,1.0,1338178000.0,1.0,610261000,36319000.0,817481000,,0,1090110000,833645000,256465000,5503224000,3800383000,1702841000,22000804842.0,302246000.0,0.0,4679000.0,0.0,-19698000.0,-9947000.0,-16200000.0,41504000.0,387785000.0,-59392000.0,-193582000.0,-193582000.0,-193582000.0,0.0,0.0,-0.145,1617442000.0,-279264000.0,224255000,-0.101,12.464,-116.33,-110.545,299791000,0.0,17.024,4.546,4.557,610760000,-475559000,1338178000.0,1338178000.0,0.0,,,,,10156000.0,761200000.0,1.0,1292340510,1295360000,1295360000.0,1.033,6662714000,1139894000,-100090000.0,76181000,5.144,1270260000
52,MA,ARQ,2008-06-30,2008-08-01,2008-06-30,2021-07-29,276013000,6860175000,,4399637000,2460538000,,1.575,-36019000.0,1912408000,1912408000,0.0,-746653000.0,1.571,2.347,170637000,0,170637000,170637000,0,27950000.0,143197000,0.003,0.015,-1207744000.0,-1179794000.0,-0.946,-1179794000.0,-1207744000.0,-1223182000.0,-0.574,-0.574,-0.574,2048087000,,2048087000,28907406619.0,61.0,49.936,282868000.0,0.217,1.0,1246504000.0,1.0,634538000,15438000.0,1683287000,,0,1135188000,719023000,416165000,4807468000,2800579000,2006889000,30649177619.0,-103339000.0,0.0,-352371000.0,-80000000.0,-19840000.0,-449043000.0,25805000.0,59005000.0,318887000.0,1012000.0,-746653000.0,-746653000.0,-746653000.0,0.0,0.0,-0.599,2479708000.0,-1233204000.0,260702000,-0.026,14.965,96.103,104.524,297178000,0.0,23.727,6.686,6.732,575493000,-282020000,1246504000.0,1246504000.0,0.0,,,,,14770000.0,802413000.0,1.0,1291742640,1300730000,1300730000.0,0.958,6225637000,928418000,-476529000.0,83935000,4.786,1599058000
53,MA,ARQ,2008-03-31,2008-04-29,2008-03-31,2021-07-29,287981000,6425607000,,4424429000,2001178000,,2.403,-31726000.0,2006791000,2006791000,0.0,446878000.0,1.871,1.033,229974000,80000000,149974000,229974000,0,25264000.0,134241000,0.002,0.015,703899000.0,729163000.0,0.617,729163000.0,703899000.0,688581000.0,0.34,0.338,0.34,3157939000,,3157939000,33843216770.0,16.0,15.516,192186000.0,0.146,1.0,1182084000.0,1.0,601360000,15318000.0,1682197000,,0,1218867000,790199000,428668000,3263048000,2365233000,897815000,35620033770.0,213255000.0,0.0,-292441000.0,0.0,-20038000.0,-271818000.0,222036000.0,255872000.0,223912000.0,39125000.0,446878000.0,446878000.0,446878000.0,0.0,0.0,0.378,666477000.0,515607000.0,266448000,0.044,11.28,27.029,27.759,292748000,0.0,27.398,8.218,8.307,527065000,464585000,1182084000.0,1182084000.0,0.0,,,,,-29610000.0,641213000.0,1.0,1300096130,1314260000,1322200000.0,0.899,5824247000,285503000,241703000.0,76356000,4.432,2059196000
54,MA,ARQ,2007-12-31,2008-02-21,2007-12-31,2021-07-29,277746000,6260041000,,4591741000,1668300000,,2.285,-44761000.0,1659295000,1659295000,0.0,304233000.0,1.943,1.066,229824000,80000000,149824000,229824000,0,26152000.0,0,0.003,0.015,482349000.0,508501000.0,0.474,508501000.0,482349000.0,467036000.0,0.229,0.227,0.229,3027307000,,3027307000,25384178090.0,15.0,13.899,7437000.0,0.006,1.0,1072687000.0,1.0,560384000,15313000.0,1906844000,,0,1503176000,1310687000,192489000,3228114000,2363342000,864772000,26813649090.0,-28128000.0,0.0,-322854000.0,0.0,-20197000.0,-335219000.0,239322000.0,284725000.0,52198000.0,15571000.0,304233000.0,304233000.0,304233000.0,0.0,0.0,0.284,900631000.0,172056000.0,252391000,0.066,8.857,24.693,25.401,290200000,0.0,20.448,6.592,6.781,532633000,37699000,1072687000.0,1072687000.0,0.0,,,,,25665000.0,864479000.0,1.0,1311309130,1324870000,1332740000.0,0.81,5699657000,263143000,162803000.0,71278000,4.302,2228399000
55,MA,ARQ,2007-09-30,2007-10-31,2007-09-30,2021-07-29,414707000,6134980000,,4481330000,1653650000,,2.344,-36978000.0,1687423000,1687423000,0.0,314461000.0,2.244,0.932,229747000,80000000,149747000,229747000,0,22274000.0,0,0.003,0.015,498746000.0,521020000.0,0.481,521020000.0,498746000.0,482307000.0,0.232,0.231,0.232,3172718000,,3172718000,23561599338.0,18.0,16.477,234524000.0,0.173,1.0,1082850000.0,1.0,536987000,16439000.0,2143575000,,0,1782856000,1590368000,192488000,2957642000,1996742000,960900000,25019275338.0,167100000.0,0.0,-277164000.0,0.0,-20706000.0,-297006000.0,172546000.0,205978000.0,271502000.0,20058000.0,314461000.0,314461000.0,314461000.0,0.0,0.0,0.29,729547000.0,353303000.0,246273000,0.065,7.886,30.417,31.338,280370000,0.0,18.991,6.526,6.705,536401000,-226368000,1082850000.0,1082850000.0,0.0,,,,,11663000.0,697273000.0,1.0,1317428010,1353570000,1362280000.0,0.8,5597993000,290147000,167846000.0,130376000,4.136,2484588000
56,MA,ARQ,2007-06-30,2007-08-01,2007-06-30,2021-07-29,126355000,5606549000,,3988534000,1618015000,,2.101,-38580000.0,1520323000,1520323000,0.0,252286000.0,2.182,0.963,229647000,80000000,149647000,229647000,0,25028000.0,0,0.003,0.015,397469000.0,422497000.0,0.424,422497000.0,397469000.0,386299000.0,0.186,0.185,0.186,2853996000,,2853996000,18985619600.0,17.0,15.274,336607000.0,0.248,1.0,996959000.0,1.0,508832000,11170000.0,1979425000,,0,1503251000,1310262000,192989000,2747933000,1827616000,920317000,20276295600.0,310504000.0,0.0,1083000.0,0.0,-20942000.0,-16886000.0,-52620000.0,-17968000.0,375187000.0,4823000.0,252286000.0,252286000.0,252286000.0,0.0,0.0,0.253,728143000.0,268816000.0,236662000,0.081,7.105,28.921,29.07,269985000,0.0,15.0,5.55,5.579,480939000,-540830000,996959000.0,996959000.0,0.0,,,,,6791000.0,699716000.0,1.0,1351753040,1358650000,1366870000.0,0.734,5097717000,278337000,134013000.0,67029000,3.752,2160918000
57,MA,ARQ,2007-03-31,2007-05-02,2007-03-31,2021-07-29,118997000,5206153000,,3608547000,1597606000,,1.915,-36103000.0,1209819000,1209819000,0.0,214906000.0,2.239,1.0,229685000,0,229685000,229685000,0,24188000.0,0,0.003,0.015,350146000.0,374334000.0,0.409,374334000.0,350146000.0,335790000.0,0.158,0.157,0.158,2601246000,,2601246000,16087992966.0,32.0,26.784,34871000.0,0.026,1.0,915103000.0,1.0,502097000,14356000.0,2112179000,,0,1492339000,1299350000,192989000,2600287000,1611743000,988544000,17068126966.0,24739000.0,0.0,0.0,0.0,-12157000.0,-8396000.0,-44107000.0,-9081000.0,70974000.0,6268000.0,214906000.0,214906000.0,214906000.0,0.0,0.0,0.235,601165000.0,313938000.0,231443000,0.095,6.562,123.367,126.35,258032000,0.0,12.635,4.873,4.9,450372000,-793115000,915103000.0,915103000.0,0.0,,,,,-1336000.0,576977000.0,1.0,1350860860,1358470000,1365940000.0,0.674,4704056000,274434000,120884000.0,66822000,3.463,1996804000
58,MA,ARQ,2006-12-31,2007-02-28,2006-12-31,2021-07-29,103662000,5082470000,,3577229000,1505241000,,1.742,-31531000.0,1185080000,1185080000,0.0,40902000.0,1.975,1.148,229668000,0,229668000,229668000,0,24730000.0,0,0.002,0.009,87424000.0,112154000.0,0.134,112154000.0,87424000.0,69738000.0,0.03,0.03,0.03,2364359000,,2364359000,13522790264.0,38.0,29.714,171847000.0,0.127,1.0,839163000.0,1.0,488386000,17686000.0,1827082000,,0,1492318000,1298841000,193477000,2713491000,1811590000,901901000,14478202264.0,-236059000.0,0.0,0.0,0.0,-12373000.0,-12373000.0,-436704000.0,-405686000.0,203378000.0,9640000.0,40902000.0,40902000.0,40902000.0,0.0,0.0,0.049,793175000.0,45988000.0,278656000,0.3,6.124,288.468,289.676,252731000,0.0,10.718,4.353,4.364,451261000,-1029196000,839163000.0,839163000.0,0.0,,,,,5809000.0,752238000.0,1.0,1350830590,1357080000,1365830000.0,0.618,4594084000,216782000,28836000.0,66198000,3.385,1765639000
59,MA,ARQ,2006-09-30,2006-11-01,2006-09-30,2021-07-29,93574000,4871950000,,3358446000,1513504000,,1.71,-31381000.0,1421139000,1421139000,0.0,193004000.0,2.16,1.098,229588000,0,229588000,229588000,0,25139000.0,0,0.001,0.009,308866000.0,334005000.0,0.37,334005000.0,308866000.0,292109000.0,0.142,0.142,0.142,2320188000,,2320188000,10290289818.0,52.0,34.351,231821000.0,0.171,1.0,901969000.0,1.0,478996000,16757000.0,1646716000,,0,1096740000,903275000,193465000,2547142000,1554687000,992455000,11481840818.0,211283000.0,0.0,0.0,0.0,0.0,0.0,-56525000.0,-25666000.0,263202000.0,4606000.0,193004000.0,193004000.0,193004000.0,0.0,0.0,0.214,627209000.0,274760000.0,193153000,0.063,4.949,-263.224,-607.643,240315000,0.0,8.507,3.585,3.604,444946000,-1070098000,901969000.0,901969000.0,0.0,,,,,6547000.0,602070000.0,1.0,1349693290,1356840000,1361340000.0,0.665,4392954000,239877000,99105000.0,64071000,3.238,1803759000
60,MA,ARQ,2006-06-30,2006-08-02,2006-06-30,2021-07-29,77796000,4641939000,,3161768000,1480171000,,1.565,-19079000.0,1209856000,1209856000,0.0,-310460000.0,2.022,1.191,229580000,0,229580000,229580000,0,24693000.0,0,0.0,0.0,-244524000.0,-219831000.0,-0.26,-219831000.0,-244524000.0,-260592000.0,-0.23,-0.23,-0.23,2117006000,,2117006000,5770889837.0,82.0,33.288,123866000.0,0.092,1.0,846489000.0,1.0,480441000,16068000.0,1617799000,,0,1065356000,871416000,193940000,2520313000,1563423000,956890000,6751165837.0,715064000.0,0.0,0.0,0.0,0.0,0.0,-85005000.0,-64560000.0,142945000.0,7151000.0,-310460000.0,-310460000.0,-310460000.0,0.0,0.0,-0.367,1120455000.0,-273966000.0,202816000,0.0,3.189,-51.718,-100.04,227900000,0.0,5.002,2.183,2.188,410321000,-1263102000,846489000.0,846489000.0,0.0,,,,,6825000.0,672227000.0,1.0,1349693290,1352520000,1352520000.0,0.626,4161498000,229085000,49868000.0,64408000,3.077,1598345000
61,MA,ARQ,2006-03-31,2006-05-02,2006-03-31,2021-07-29,60829000,3710961000,,2246069000,1464892000,,1.308,-12477000.0,494792000,494792000,0.0,126744000.0,1.584,1.834,229551000,0,229551000,229551000,0,25220000.0,0,,0.0,203557000.0,228777000.0,0.31,228777000.0,203557000.0,192917000.0,0.127,0.127,0.127,1307707000,,1307707000,,,,28159000.0,0.028,1.0,738453000.0,1.0,472393000,10640000.0,1555092000,,0,1006124000,812184000,193940000,2398634000,1418235000,980399000,,-50481000.0,0.0,0.0,0.0,0.0,0.0,-97992000.0,-85478000.0,40636000.0,6875000.0,126744000.0,126744000.0,126744000.0,0.0,0.0,0.172,555740000.0,182713000.0,173271000,0.0,,,,226764000,0.0,,,,324473000,272259000,738453000.0,738453000.0,0.0,,,,,0.0,530520000.0,1.0,999777990,1000000000,1000000000.0,0.738,3238568000,217111000,66173000.0,62638000,3.239,827834000
62,MA,ARQ,2005-12-31,2006-03-16,2005-12-31,2021-07-29,49014000,3700544000,,2227898000,1472646000,,1.169,-24539000.0,545273000,545273000,0.0,-52908000.0,1.431,2.161,229489000,0,229489000,229489000,0,26570000.0,0,,0.0,-69956000.0,-43386000.0,-0.061,-43386000.0,-69956000.0,-88208000.0,-0.053,-0.053,-0.053,1169148000,,1169148000,,,,-100118000.0,-0.1,1.0,715918000.0,1.0,470555000,18252000.0,1357502000,,0,931022000,736619000,194403000,2526776000,1556703000,970073000,,14285000.0,0.0,0.0,0.0,0.0,0.0,93056000.0,119496000.0,-75579000.0,-3192000.0,-52908000.0,-52908000.0,-52908000.0,0.0,0.0,-0.074,814576000.0,-98658000.0,185021000,0.0,,,,230614000,0.0,,,,347754000,145515000,715918000.0,715918000.0,0.0,,,,,0.0,761036000.0,1.0,1000003480,1000000000,1000000000.0,0.716,3229989000,225034000,-35300000.0,61188000,3.23,671195000
63,MA,ARQ,2005-09-30,2005-11-03,2005-09-30,2021-07-29,62383000,3670362000,,2251573000,1418789000,,1.235,-16515000.0,530988000,530988000,0.0,106085000.0,1.574,1.967,229460000,0,229460000,229460000,0,26270000.0,0,,0.0,181530000.0,207800000.0,0.263,207800000.0,181530000.0,163957000.0,0.106,0.106,0.106,1235425000,,1235425000,,,,134633000.0,0.135,1.0,791605000.0,1.0,486411000,17573000.0,1451628000,,0,1054973000,860570000,194403000,2430317000,1430795000,999522000,,10907000.0,0.0,0.0,0.0,0.0,0.0,-139709000.0,-124320000.0,151148000.0,-532000.0,106085000.0,106085000.0,106085000.0,0.0,0.0,0.134,643712000.0,147893000.0,182207000,0.0,,,,227879000,0.0,,,,368594000,198423000,791605000.0,791605000.0,0.0,,,,,0.0,569254000.0,1.0,1000003480,1000000000,1000000000.0,0.792,3183951000,274733000,57872000.0,62845000,3.184,820778000
64,MA,ARQ,2005-06-30,2005-08-05,2005-06-30,2021-07-29,67822000,3347924000,,2038701000,1309223000,,1.129,-23192000.0,520081000,520081000,0.0,120248000.0,1.669,1.963,229476000,0,229476000,229476000,0,28666000.0,0,,0.0,204871000.0,233537000.0,0.303,233537000.0,204871000.0,187394000.0,0.12,0.12,0.12,1128528000,,1128528000,,,,188293000.0,0.188,1.0,771867000.0,1.0,489578000,17477000.0,1346163000,,0,937512000,742657000,194855000,2214776000,1221578000,993198000,,160089000.0,0.0,0.0,0.0,0.0,0.0,-39105000.0,-15566000.0,211485000.0,-12291000.0,120248000.0,120248000.0,120248000.0,0.0,0.0,0.156,579431000.0,192436000.0,177891000,0.0,,,,230720000,0.0,,,,324589000,92338000,771867000.0,771867000.0,0.0,,,,,0.0,550765000.0,1.0,1000003480,1000000000,1000000000.0,0.772,2858346000,249156000,67146000.0,63548000,2.858,817123000
65,MA,ARQ,2005-03-31,2005-05-09,2005-03-31,2021-07-29,97669000,3247049000,,1919881000,1327168000,,1.038,-17757000.0,359992000,359992000,0.0,93294000.0,1.556,2.123,229536000,0,229536000,229536000,0,28430000.0,0,,0.0,161051000.0,189481000.0,0.288,189481000.0,161051000.0,144195000.0,0.093,0.093,0.093,1038127000,,1038127000,,,,-31963000.0,-0.032,1.0,658238000.0,1.0,521801000,16856000.0,1360953000,,0,919611000,724756000,194855000,2204302000,1233839000,970463000,,30996000.0,0.0,0.0,0.0,0.0,0.0,52103000.0,69778000.0,-14206000.0,-6901000.0,93294000.0,93294000.0,93294000.0,0.0,0.0,0.142,506725000.0,151513000.0,199152000,0.0,,,,233682000,0.0,,,,299320000,-27910000,658238000.0,658238000.0,0.0,,,,,0.0,478295000.0,1.0,1000000000,1000000000,1000000000.0,0.658,2725248000,233366000,50901000.0,68974000,2.725,686042000
66,MA,ARQ,2004-12-31,2005-03-02,2004-12-31,2021-07-29,127788000,3264670000,,1902796000,1361874000,,0.975,-31581000.0,328996000,328996000,0.0,1270000.0,1.462,2.344,229569000,0,229569000,229569000,0,31198000.0,0,,0.0,-3453000.0,27745000.0,0.041,27745000.0,-3453000.0,-20970000.0,0.001,0.001,0.001,974952000,,974952000,,,,18158000.0,0.018,1.0,683904000.0,1.0,546638000,17517000.0,1317243000,,0,1004188000,808893000,195295000,2285098000,1301362000,983736000,,-123756000.0,0.0,0.0,-7642000.0,0.0,-7642000.0,-178405000.0,-147408000.0,49739000.0,12552000.0,1270000.0,1270000.0,1270000.0,0.0,0.0,0.002,703716000.0,-19812000.0,187035000,0.0,,,,242358000,0.0,,,,293292000,-121204000,683904000.0,683904000.0,0.0,,,,,0.0,668873000.0,1.0,1000000000,1000000000,,0.684,2718032000,235023000,-22240000.0,73227000,2.718,601434000
67,MA,ARQ,2004-09-30,2004-11-09,2004-09-30,2021-07-29,80242000,3177200000,,1872429000,1304771000,,0.926,-24284000.0,578802000,578802000,0.0,97515000.0,1.563,2.426,237150000,7642000,229508000,237150000,0,29177000.0,0,,0.0,158507000.0,187684000.0,0.281,187684000.0,158507000.0,140715000.0,0.098,0.098,0.098,926136000,,926136000,,,,124843000.0,0.125,1.0,667841000.0,1.0,517587000,17792000.0,1120174000,,0,732721000,537426000,195295000,2246444000,1197787000,1048657000,,136874000.0,0.0,0.0,7642000.0,0.0,7642000.0,-20761000.0,135000.0,149127000.0,866000.0,97515000.0,97515000.0,97515000.0,0.0,0.0,0.146,518290000.0,149551000.0,168777000,0.0,,,,232654000,0.0,,,,284944000,-122474000,667841000.0,667841000.0,0.0,,,,,0.0,475001000.0,1.0,1000000000,1000000000,,0.668,2659613000,248272000,43200000.0,67271000,2.66,674642000
68,MA,ARQ,2004-06-30,2004-08-05,2004-06-30,2021-07-29,72549000,2945153000,,1665440000,1279713000,,0.821,-11759000.0,441928000,441928000,0.0,65707000.0,1.513,2.582,229515000,0,229515000,229515000,0,31434000.0,0,,0.0,106859000.0,138293000.0,0.214,138293000.0,106859000.0,90175000.0,0.066,0.066,0.066,820928000,,820928000,,,,120251000.0,0.12,1.0,647275000.0,1.0,520556000,16684000.0,1111397000,,0,731126000,535403000,195723000,2119605000,1100787000,1018818000,,96807000.0,-10995000.0,0.0,0.0,0.0,0.0,-35915000.0,-11139000.0,132010000.0,712000.0,65707000.0,65707000.0,65707000.0,0.0,0.0,0.102,548814000.0,98461000.0,129996000,0.0,,,,237130000,0.0,,,,253303000,-219989000,647275000.0,647275000.0,0.0,,,,,0.0,513484000.0,1.0,1000000000,1000000000,,0.647,2424597000,225828000,24468000.0,58038000,2.425,564653000
69,MA,ARQ,2004-03-31,2004-05-10,2004-03-31,2021-07-29,79482000,2830966000,,1552699000,1278267000,,0.762,-10531000.0,345121000,345121000,0.0,73568000.0,1.475,2.708,229603000,0,229603000,229603000,0,31508000.0,0,,0.0,131509000.0,163017000.0,0.274,163017000.0,131509000.0,113780000.0,0.074,0.074,0.074,762154000,,762154000,,,,2388000.0,0.002,1.0,594310000.0,1.0,517719000,17729000.0,1144955000,,0,734260000,538537000,195723000,2064192000,1052774000,1011418000,,-29048000.0,-18866000.0,0.0,0.0,0.0,0.0,-39433000.0,-4244000.0,12919000.0,-2534000.0,73568000.0,73568000.0,73568000.0,0.0,0.0,0.124,475838000.0,118472000.0,166874000,0.0,,,,244933000,0.0,,,,230367000,-285696000,594310000.0,594310000.0,0.0,,,,,0.0,444330000.0,1.0,1000000000,1000000000,,0.594,2313247000,220190000,40212000.0,68913000,2.313,499925000
70,MA,ARQ,2003-12-31,2004-03-04,2003-12-31,2021-07-29,89617000,2900905000,,1609850000,1291055000,,0.699,-34657000.0,374169000,374169000,0.0,-67128000.0,1.354,3.145,229574000,0,229574000,229574000,0,30986000.0,0,,0.0,-87552000.0,-56566000.0,-0.1,-56566000.0,-87552000.0,-107674000.0,-0.067,-0.067,-0.067,698721000,,698721000,,,,-34578000.0,-0.035,1.0,567574000.0,1.0,515511000,20122000.0,1051941000,,0,732482000,536341000,196141000,2197564000,1188858000,1008706000,,-40467000.0,0.0,0.0,0.0,0.0,0.0,-45413000.0,-9695000.0,79000.0,4867000.0,-67128000.0,-67128000.0,-67128000.0,0.0,0.0,-0.118,670521000.0,-102947000.0,202604000,0.0,,,,258520000,0.0,,,,259429000,-359264000,567574000.0,567574000.0,0.0,,,,,0.0,597075000.0,1.0,1000000000,1000000000,,0.568,2385394000,223908000,-40546000.0,64125000,2.385,420992000
71,MA,ARQ,2003-09-30,2003-11-07,2003-09-30,2021-07-29,55702000,2854998000,,1570143000,1284855000,,0.732,-21116000.0,414636000,414636000,0.0,74399000.0,1.515,2.894,229546000,0,229546000,229546000,0,28183000.0,0,,0.0,130162000.0,158345000.0,0.266,158345000.0,130162000.0,111440000.0,0.074,0.074,0.074,731934000,,731934000,,,,121980000.0,0.122,1.0,594169000.0,1.0,482917000,18722000.0,1150646000,,0,730848000,538462000,192386000,2118444000,1036345000,1082099000,,109625000.0,0.0,0.0,0.0,0.0,0.0,-34061000.0,-12744000.0,143096000.0,590000.0,74399000.0,74399000.0,74399000.0,0.0,0.0,0.125,475269000.0,118900000.0,143930000,0.0,,,,250419000,0.0,,,,213497000,-292136000,594169000.0,594169000.0,0.0,,,,,0.0,447086000.0,1.0,1000000000,1000000000,,0.594,2372081000,256575000,37041000.0,70702000,2.372,533798000
72,MA,ARQ,2003-06-30,2003-08-08,2003-06-30,2021-07-29,48998000,2757238000,,1486244000,1270994000,,0.651,-35112000.0,305011000,305011000,0.0,32327000.0,1.432,3.229,229536000,0,229536000,229536000,0,30593000.0,0,,0.0,68730000.0,99323000.0,0.178,99323000.0,68730000.0,49982000.0,0.032,0.032,0.032,650831000,,650831000,,,,161079000.0,0.161,1.0,556893000.0,1.0,484898000,18748000.0,1159254000,,0,725228000,532435000,192793000,2101787000,1037611000,1064176000,,163792000.0,0.0,0.0,0.0,0.0,0.0,-35035000.0,-786000.0,196191000.0,2636000.0,32327000.0,32327000.0,32327000.0,0.0,0.0,0.058,506948000.0,49945000.0,146344000,0.0,,,,255638000,0.0,,,,210280000,-366535000,556893000.0,556893000.0,0.0,,,,,0.0,476355000.0,1.0,1000000000,1000000000,,0.557,2272340000,241615000,17655000.0,71150000,2.272,448633000
73,MA,ARQ,2003-03-31,2003-05-14,2003-03-31,2021-07-29,29523000,2548011000,,1342844000,1205167000,,0.599,-52585000.0,141219000,141219000,0.0,-425391000.0,1.437,3.245,229577000,0,229577000,229577000,0,29789000.0,0,,0.0,-654975000.0,-625186000.0,-1.221,-625186000.0,-654975000.0,-660319000.0,-0.425,-0.425,-0.425,599029000,,599029000,,,,-201506000.0,-0.202,1.0,512215000.0,1.0,457670000,5344000.0,1244351000,,0,684486000,524320000,160166000,1944103000,934348000,1009755000,,-195255000.0,0.0,0.0,0.0,0.0,0.0,-47174000.0,6746000.0,-148921000.0,840000.0,-425391000.0,-425391000.0,-425391000.0,0.0,0.0,-0.83,1179975000.0,-667760000.0,129063000,0.0,,,,251089000,0.0,,,,202925000,-398862000,512215000.0,512215000.0,0.0,,,,,0.0,429186000.0,1.0,1000000000,1000000000,,0.512,2090341000,235352000,-234928000.0,68078000,2.09,408496000
74,MA,ARQ,2002-12-31,2003-03-07,2002-12-31,2021-07-29,28509000,2260875000,,1455638000,805237000,,1.023,-36441000.0,336474000,336474000,0.0,-51486000.0,1.566,1.209,80107000,0,80107000,80107000,0,27565000.0,0,,0.0,-102838000.0,-75273000.0,-0.148,-75273000.0,-102838000.0,-105071000.0,-0.071,-0.071,-0.071,1023406000,,1023406000,,,,94895000.0,0.095,1.0,509235000.0,1.0,438644000,2233000.0,636120000,,0,535450000,535450000,0,1236825000,929744000,307081000,,66535000.0,659000.0,0.0,-172000.0,0.0,-172000.0,-65936000.0,-20923000.0,131336000.0,1307000.0,-51486000.0,-51486000.0,-51486000.0,0.0,0.0,-0.101,624838000.0,-115603000.0,172242000,0.0,,,,226720000,0.0,,,,198855000,26529000,509235000.0,509235000.0,0.0,,,,,0.0,597273000.0,1.0,1000000000,1000000000,,0.509,1822231000,41337000,-53585000.0,67445000,1.822,525894000
75,MA,ARQ,2002-09-30,2002-11-14,2002-09-30,2021-07-29,11252000,2179874000,,1404785000,775089000,,1.058,-26311000.0,269939000,269939000,0.0,77930000.0,1.706,1.061,80481000,0,80481000,80481000,0,27593000.0,0,,0.0,126177000.0,153770000.0,0.285,153770000.0,126177000.0,123056000.0,0.078,0.078,0.078,1057635000,,1057635000,,,,16944000.0,0.017,1.0,539435000.0,1.0,412020000,3121000.0,754861000,,0,512446000,512446000,0,1122025000,823535000,298490000,,-39463000.0,-35830000.0,0.0,-25191000.0,0.0,-25191000.0,-57527000.0,4228000.0,43255000.0,0.0,77930000.0,77930000.0,77930000.0,0.0,0.0,0.144,412908000.0,126527000.0,104262000,0.0,,,,215839000,0.0,,,,200650000,78015000,539435000.0,539435000.0,0.0,,,,,0.0,385315000.0,1.0,1000000000,1000000000,,0.539,1767854000,53850000,45126000.0,0,1.768,581250000
76,MA,ARQ,2002-06-30,2002-08-14,2002-06-30,2021-07-29,8410000,2021264000,,1282250000,739014000,,0.977,,309402000,309402000,0.0,36389000.0,1.735,1.069,148049000,67570000,80479000,148049000,0,,0,,0.0,58399000.0,,,,58399000.0,56312000.0,0.05,0.05,0.05,976863000,,976863000,,,,,,1.0,448757000.0,1.0,418040000,2087000.0,702821000,,0,516969000,516969000,0,1044195000,739050000,305145000,,,,,,,,,,,,36389000.0,36389000.0,36389000.0,0.0,0.0,0.081,396008000.0,52749000.0,114713000,0.0,,,,213157000,0.0,,,,193331000,85000,448757000.0,448757000.0,0.0,,,,,,377079000.0,1.0,1000000000,1000000000,,0.449,1603224000,51475000,19923000.0,0,1.603,543200000
0,MA,ART,2021-06-30,2021-07-29,2021-06-30,2021-07-29,-653000000,34911000000,33722250000.0,15079000000,19832000000,0.493,6.507,-653000000.0,8022000000,8022000000,0.0,7192000000.0,1.335,4.4,13899000000,649000000,13250000000,13899000000,0,640000000.0,1806000000,0.004,1.72,9174000000.0,9814000000.0,0.59,9814000000.0,9174000000.0,8751000000.0,7.23,7.2,7.23,6442000000,6239000000.0,6442000000,384246022104.0,42.0,39.153,6985000000.0,7.056,1.0,16640000000.0,1.0,11274000000,423000000.0,18217000000,17168250000.0,0,544000000,544000000,0,28342000000,11297000000,17045000000,378369022104.0,-4679000000.0,-5006000000.0,-6081000000.0,1282000000.0,-1674000000.0,-6644000000.0,-5955000000.0,-296000000.0,7638000000.0,282000000.0,7192000000.0,7192000000.0,7192000000.0,0.0,0.0,0.432,7939000000.0,8701000000.0,547000000,0.238,58.735,52.61,53.035,1839000000,0.0,383.44,22.739,22.813,2773000000,41771000000,16640000000.0,16640000000.0,0.0,0.213,1.153,0.534,0.551,279000000.0,7187000000.0,1.0,986775042,990000000,994000000.0,16.808,23637000000,454000000,1559000000.0,394000000,23.876,3782000000
1,MA,ART,2021-03-31,2021-04-29,2021-03-31,2021-07-29,-738000000,34800000000,33026250000.0,16405000000,18395000000,0.468,6.365,-643000000.0,9005000000,9005000000,0.0,6546000000.0,1.43,4.48,13870000000,649000000,13221000000,13870000000,0,599000000.0,1759000000,0.004,1.68,8381000000.0,8980000000.0,0.581,8980000000.0,8381000000.0,7963000000.0,6.55,6.53,6.55,6327000000,6246000000.0,6327000000,390332919680.0,47.0,43.467,6185000000.0,6.222,1.0,15447000000.0,1.0,10372000000,418000000.0,17818000000,16728000000.0,0,489000000,489000000,0,28347000000,11475000000,16872000000,385467919680.0,-2718000000.0,-4353000000.0,-4357000000.0,1282000000.0,-1641000000.0,-4858000000.0,-4932000000.0,-125000000.0,6828000000.0,244000000.0,6546000000.0,6546000000.0,6546000000.0,0.0,0.0,0.424,7380000000.0,8067000000.0,476000000,0.256,60.924,58.886,59.382,1850000000,0.0,388.95,24.954,25.029,2648000000,40140000000,15447000000.0,15447000000.0,0.0,0.198,1.048,0.501,0.543,267000000.0,6714000000.0,1.0,991047486,994000000,998000000.0,15.54,24428000000,459000000,1417000000.0,391000000,24.575,4930000000
2,MA,ART,2020-12-31,2021-02-12,2020-12-31,2021-07-29,-680000000,33584000000,31988250000.0,19113000000,14471000000,0.478,6.378,-708000000.0,11809000000,11809000000,0.0,6411000000.0,1.613,4.235,12672000000,649000000,12023000000,12672000000,0,580000000.0,1696000000,0.005,1.64,8140000000.0,8720000000.0,0.57,8720000000.0,8140000000.0,7760000000.0,6.4,6.37,6.4,6391000000,6013750000.0,6391000000,339599557258.0,42.0,38.945,6516000000.0,6.503,1.0,15301000000.0,1.0,6713000000,380000000.0,15887000000,16313500000.0,0,483000000,483000000,0,27067000000,11847000000,15220000000,338736557258.0,3450000000.0,-989000000.0,-4376000000.0,3959000000.0,-1605000000.0,-2152000000.0,-1879000000.0,-10000000.0,7224000000.0,257000000.0,6411000000.0,6411000000.0,6411000000.0,0.0,0.0,0.419,7220000000.0,8081000000.0,527000000,0.256,53.002,52.837,53.281,1902000000,0.0,341.0,22.138,22.331,2646000000,38747000000,15301000000.0,15301000000.0,0.0,0.2,1.066,0.499,0.532,254000000.0,6567000000.0,1.0,993362338,1002000000,1006000000.0,15.27,26871000000,491000000,1349000000.0,86000000,26.817,7266000000
3,MA,ART,2020-09-30,2020-10-28,2020-09-30,2021-07-29,-880000000,31594000000,30901250000.0,18469000000,13125000000,0.505,5.79,-742000000.0,11793000000,11793000000,0.0,6726000000.0,1.855,4.436,12574000000,0,12574000000,12574000000,0,576000000.0,1568000000,0.005,1.6,8406000000.0,8982000000.0,0.576,8982000000.0,8406000000.0,8067000000.0,6.68,6.67,6.68,5796000000,5889250000.0,5796000000,291265107900.0,35.0,32.428,7209000000.0,7.202,1.0,15595000000.0,1.0,5666000000,339000000.0,16751000000,15357500000.0,0,400000000,400000000,0,25713000000,9958000000,15755000000,290484107900.0,5432000000.0,-453000000.0,-4330000000.0,4703000000.0,-1539000000.0,-1359000000.0,-1285000000.0,87000000.0,7951000000.0,125000000.0,6726000000.0,6726000000.0,6726000000.0,0.0,0.0,0.431,7173000000.0,8422000000.0,341000000,0.24,50.118,43.188,43.62,1887000000,0.0,291.38,18.627,18.703,2357000000,37403000000,15595000000.0,15595000000.0,0.0,0.218,1.142,0.547,0.539,245000000.0,6569000000.0,1.0,996925348,1001000000,1005000000.0,15.579,25928000000,607000000,1341000000.0,86000000,25.902,8511000000
4,MA,ART,2020-06-30,2020-07-30,2020-06-30,2021-07-29,-1046000000,32127000000,29498000000.0,19381000000,12746000000,0.55,6.444,-796000000.0,12685000000,12685000000,0.0,7321000000.0,1.953,3.953,12498000000,0,12498000000,12498000000,0,572000000.0,1548000000,0.005,1.53,8983000000.0,9555000000.0,0.589,9555000000.0,8983000000.0,8686000000.0,7.25,7.23,7.25,6470000000,5677500000.0,6470000000,309140810993.0,34.0,32.354,7856000000.0,7.825,1.0,16225000000.0,1.0,5561000000,297000000.0,16456000000,14093250000.0,0,390000000,390000000,0,25579000000,9923000000,15656000000,309327810993.0,5857000000.0,-900000000.0,-4039000000.0,4703000000.0,-1472000000.0,-1016000000.0,-1712000000.0,167000000.0,8652000000.0,-67000000.0,7321000000.0,7321000000.0,7321000000.0,0.0,0.0,0.451,7253000000.0,8972000000.0,369000000,0.211,47.81,42.252,42.621,1872000000,0.0,309.0,19.065,19.121,2147000000,36288000000,16225000000.0,16225000000.0,0.0,0.248,1.289,0.637,0.554,247000000.0,6653000000.0,1.0,1001060877,1004000000,1008000000.0,16.16,26566000000,573000000,1365000000.0,83000000,26.46,9458000000
5,MA,ART,2020-03-31,2020-04-29,2020-03-31,2021-07-29,-1079000000,30648000000,27649000000.0,18123000000,12525000000,0.615,5.371,-795000000.0,11725000000,11725000000,0.0,7949000000.0,1.866,4.659,12466000000,0,12466000000,12466000000,0,549000000.0,1518000000,0.005,1.46,9762000000.0,10311000000.0,0.606,10311000000.0,9762000000.0,9515000000.0,7.85,7.82,7.85,5398000000,5312000000.0,5398000000,285492097906.0,29.0,27.688,7935000000.0,7.896,1.0,17003000000.0,1.0,5517000000,247000000.0,16160000000,12862250000.0,0,477000000,477000000,0,25150000000,9712000000,15438000000,284751097906.0,4748000000.0,-1440000000.0,-5953000000.0,6183000000.0,-1408000000.0,-1544000000.0,-2360000000.0,220000000.0,8730000000.0,-78000000.0,7949000000.0,7949000000.0,7949000000.0,0.0,0.0,0.468,7341000000.0,9662000000.0,371000000,0.186,52.751,35.822,36.139,1901000000,0.0,283.69,16.747,16.768,2441000000,35273000000,17003000000.0,17003000000.0,0.0,0.287,1.496,0.759,0.574,245000000.0,6786000000.0,1.0,1003740343,1005000000,1010000000.0,16.918,25131000000,550000000,1566000000.0,82000000,25.006,8411000000
6,MA,ART,2019-12-31,2020-02-14,2019-12-31,2021-07-29,-673000000,29236000000,25867000000.0,16902000000,12334000000,0.653,5.794,-728000000.0,8358000000,8358000000,0.0,8118000000.0,1.42,3.945,8527000000,0,8527000000,8527000000,0,522000000.0,1370000000,0.004,1.39,9955000000.0,10477000000.0,0.621,10477000000.0,9955000000.0,9731000000.0,7.98,7.94,7.98,5893000000,5254500000.0,5893000000,342860901276.0,34.0,32.725,7455000000.0,7.33,1.0,16883000000.0,1.0,5438000000,224000000.0,12063000000,10998000000.0,0,688000000,688000000,0,23245000000,11904000000,11341000000,342691901276.0,632000000.0,-1440000000.0,-6371000000.0,2224000000.0,-1345000000.0,-5867000000.0,-1640000000.0,532000000.0,8183000000.0,-44000000.0,8118000000.0,8118000000.0,8118000000.0,0.0,0.0,0.481,7219000000.0,9664000000.0,489000000,0.174,58.152,42.214,42.726,1828000000,0.0,340.95,20.298,20.538,2514000000,33984000000,16883000000.0,16883000000.0,0.0,0.314,1.545,0.905,0.59,250000000.0,6697000000.0,1.0,1005108964,1017000000,1022000000.0,16.601,23798000000,543000000,1613000000.0,85000000,23.4,4998000000
7,MA,ART,2019-09-30,2019-10-29,2019-09-30,2021-07-29,-858000000,25981000000,24773000000.0,14847000000,11134000000,0.657,4.885,-666000000.0,6274000000,6274000000,0.0,6917000000.0,1.386,4.23,7735000000,0,7735000000,7735000000,0,489000000.0,1173000000,0.005,1.32,8678000000.0,9167000000.0,0.563,9167000000.0,8678000000.0,8471000000.0,6.78,6.74,6.78,4949000000,5130000000.0,4949000000,278182222353.0,32.0,30.346,5869000000.0,5.794,1.0,16276000000.0,1.0,5034000000,207000000.0,11694000000,9968250000.0,0,751000000,751000000,0,20932000000,10714000000,10218000000,276721222353.0,-1506000000.0,-1170000000.0,-6272000000.0,1480000000.0,-1271000000.0,-6418000000.0,-1449000000.0,388000000.0,6535000000.0,-174000000.0,6917000000.0,6917000000.0,6917000000.0,0.0,0.0,0.425,7777000000.0,8499000000.0,505000000,0.195,55.915,40.006,40.456,1492000000,0.0,274.29,17.002,17.072,2500000000,32289000000,16276000000.0,16276000000.0,0.0,0.279,1.348,0.871,0.533,250000000.0,6531000000.0,1.0,1008863693,1013000000,1019000000.0,16.067,20947000000,518000000,1554000000.0,97000000,20.678,4133000000
8,MA,ART,2019-06-30,2019-07-30,2019-06-30,2021-07-29,-730000000,24731000000,24112750000.0,14165000000,10566000000,0.651,4.91,-577000000.0,6752000000,6752000000,0.0,6708000000.0,1.492,3.918,7806000000,0,7806000000,7806000000,0,463000000.0,1061000000,0.004,1.24,8393000000.0,8856000000.0,0.564,8856000000.0,8393000000.0,8201000000.0,6.53,6.49,6.53,5008000000,5336500000.0,5008000000,283263861341.0,34.0,31.986,5970000000.0,5.853,1.0,15707000000.0,1.0,4756000000,192000000.0,11532000000,9072500000.0,0,809000000,809000000,0,19622000000,9497000000,10125000000,282209861341.0,-323000000.0,-723000000.0,-5665000000.0,1480000000.0,-1196000000.0,-5710000000.0,-1054000000.0,246000000.0,6547000000.0,-106000000.0,6708000000.0,6708000000.0,6708000000.0,0.0,0.0,0.427,7576000000.0,8131000000.0,432000000,0.19,56.352,42.071,42.597,1348000000,0.0,278.16,17.967,18.063,2607000000,30517000000,15707000000.0,15707000000.0,0.0,0.278,1.257,0.925,0.534,228000000.0,6327000000.0,1.0,1014559467,1020000000,1025000000.0,15.399,19975000000,478000000,1493000000.0,95000000,19.583,4668000000
9,MA,ART,2019-03-31,2019-04-30,2019-03-31,2021-07-29,-673000000,23520000000,23547750000.0,14396000000,9124000000,0.648,5.037,-520000000.0,6901000000,6901000000,0.0,6229000000.0,1.405,3.533,6299000000,500000000,5799000000,6299000000,0,456000000.0,1044000000,0.005,1.16,7793000000.0,8249000000.0,0.541,8249000000.0,7793000000.0,7604000000.0,6.02,5.99,6.02,5168000000,5398750000.0,5168000000,259109766755.0,33.0,31.411,5980000000.0,5.828,1.0,15259000000.0,1.0,3969000000,189000000.0,8703000000,8103250000.0,0,1317000000,1317000000,0,18257000000,10246000000,8011000000,259711766755.0,-839000000.0,0.0,-5287000000.0,0.0,-1121000000.0,-6524000000.0,-660000000.0,-127000000.0,6500000000.0,-155000000.0,6229000000.0,6229000000.0,6229000000.0,0.0,0.0,0.408,7589000000.0,7670000000.0,508000000,0.193,50.254,41.694,42.233,1305000000,0.0,254.24,17.02,17.095,2577000000,28806000000,15259000000.0,15259000000.0,0.0,0.265,1.154,0.962,0.511,210000000.0,6122000000.0,1.0,1021522053,1026000000,1032000000.0,14.872,19551000000,504000000,1375000000.0,61000000,19.056,4150000000
10,MA,ART,2018-12-31,2019-02-13,2018-12-31,2021-07-29,-718000000,24860000000,23403750000.0,16171000000,8689000000,0.639,5.183,-504000000.0,7762000000,7762000000,0.0,5859000000.0,1.395,3.591,6334000000,500000000,5834000000,6334000000,0,459000000.0,1080000000,0.005,1.08,7390000000.0,7849000000.0,0.525,7849000000.0,7390000000.0,7204000000.0,5.63,5.6,5.63,5395000000,5532500000.0,5395000000,224825981446.0,30.0,28.644,5719000000.0,5.494,1.0,14950000000.0,1.0,3895000000,186000000.0,7944000000,8024500000.0,0,1696000000,1696000000,0,19371000000,11593000000,7778000000,226253981446.0,745000000.0,0.0,-4829000000.0,991000000.0,-1044000000.0,-4966000000.0,-506000000.0,12000000.0,6223000000.0,-6000000.0,5859000000.0,5859000000.0,5859000000.0,0.0,0.0,0.392,7668000000.0,7282000000.0,537000000,0.192,41.938,38.616,39.172,921000000,0.0,220.54,15.134,15.357,2276000000,27283000000,14950000000.0,14950000000.0,0.0,0.25,1.059,0.921,0.494,196000000.0,6081000000.0,1.0,1025909048,1041000000,1047000000.0,14.361,20965000000,570000000,1345000000.0,67000000,20.139,4578000000
11,MA,ART,2018-09-30,2018-10-30,2018-09-30,2021-07-29,-670000000,23340000000,22521000000.0,15064000000,8276000000,0.642,5.569,-503000000.0,7905000000,7905000000,0.0,5187000000.0,1.552,3.026,6358000000,500000000,5858000000,6358000000,0,462000000.0,1034000000,0.005,1.0,7653000000.0,8115000000.0,0.561,8115000000.0,7653000000.0,7473000000.0,4.97,4.95,4.97,5775000000,5550750000.0,5775000000,192339489145.0,25.0,23.702,6149000000.0,5.93,1.0,14455000000.0,1.0,3973000000,180000000.0,8111000000,7735250000.0,0,1622000000,1622000000,0,17473000000,9709000000,7764000000,193886489145.0,1260000000.0,0.0,-4975000000.0,991000000.0,-1018000000.0,-5103000000.0,-360000000.0,165000000.0,6652000000.0,71000000.0,5187000000.0,5187000000.0,5187000000.0,0.0,0.0,0.359,6885000000.0,7570000000.0,382000000,0.201,33.573,37.379,37.773,876000000,0.0,187.73,13.413,13.468,2277000000,26726000000,14455000000.0,14455000000.0,0.0,0.23,0.934,0.989,0.529,192000000.0,6053000000.0,1.0,1032794381,1037000000,1043000000.0,13.939,19367000000,502000000,2286000000.0,50000000,18.676,5355000000
12,MA,ART,2018-06-30,2018-07-26,2018-06-30,2021-07-29,-632000000,22471000000,21914500000.0,14305000000,8166000000,0.637,5.04,-506000000.0,7202000000,7202000000,0.0,4718000000.0,1.513,3.257,5858000000,0,5858000000,5858000000,0,469000000.0,992000000,0.005,0.97,7308000000.0,7777000000.0,0.557,7777000000.0,7308000000.0,7141000000.0,4.48,4.47,4.48,5257000000,5717500000.0,5257000000,213999886423.0,29.0,27.517,5534000000.0,5.306,1.0,13955000000.0,1.0,4017000000,167000000.0,7655000000,7601500000.0,0,1535000000,1535000000,0,17121000000,9455000000,7666000000,215343886423.0,932000000.0,-224000000.0,-4662000000.0,991000000.0,-993000000.0,-4728000000.0,-531000000.0,222000000.0,6040000000.0,151000000.0,4718000000.0,4718000000.0,4718000000.0,0.0,0.0,0.338,6731000000.0,7224000000.0,345000000,0.217,40.963,45.643,46.288,860000000,0.0,207.37,15.431,15.499,2164000000,25086000000,13955000000.0,13955000000.0,0.0,0.215,0.825,0.961,0.524,186000000.0,5921000000.0,1.0,1038452459,1043000000,1049000000.0,13.38,18454000000,395000000,2423000000.0,58000000,17.693,4850000000
13,MA,ART,2018-03-31,2018-05-02,2018-03-31,2021-07-29,-373000000,22944000000,21256500000.0,14707000000,8237000000,0.628,5.426,-455000000.0,7855000000,7855000000,0.0,4326000000.0,1.644,3.006,6469000000,0,6469000000,6469000000,0,465000000.0,965000000,0.005,0.94,7005000000.0,7470000000.0,0.56,7470000000.0,7005000000.0,6847000000.0,4.08,4.07,4.08,5703000000,5866250000.0,5703000000,192604698095.0,27.0,25.784,5390000000.0,5.128,1.0,13343000000.0,1.0,4222000000,158000000.0,8388000000,7569500000.0,0,1378000000,1378000000,0,17142000000,8948000000,8194000000,193990698095.0,759000000.0,-1175000000.0,-4074000000.0,927000000.0,-967000000.0,-4192000000.0,-1166000000.0,345000000.0,5845000000.0,272000000.0,4326000000.0,4326000000.0,4326000000.0,0.0,0.0,0.324,6402000000.0,6941000000.0,370000000,0.23,34.016,44.843,45.544,839000000,0.0,185.82,14.539,14.637,2122000000,23852000000,13343000000.0,13343000000.0,0.0,0.204,0.737,0.925,0.525,180000000.0,5821000000.0,1.0,1043971037,1051000000,1057000000.0,12.696,18722000000,350000000,2521000000.0,64000000,17.814,5759000000
14,MA,ART,2017-12-31,2018-02-14,2017-12-31,2021-07-29,-497000000,21329000000,20163000000.0,13797000000,7532000000,0.62,5.125,-423000000.0,7018000000,7018000000,0.0,3915000000.0,1.569,2.882,5424000000,0,5424000000,5424000000,0,437000000.0,1085000000,0.005,0.91,6676000000.0,7113000000.0,0.569,7113000000.0,6676000000.0,6522000000.0,3.67,3.65,3.67,5468000000,5843250000.0,5468000000,179790929159.0,27.0,25.276,5132000000.0,4.81,1.0,12497000000.0,1.0,4155000000,154000000.0,6787000000,7278500000.0,0,1849000000,1849000000,0,15761000000,8793000000,6968000000,181384929159.0,-788000000.0,-1175000000.0,-3705000000.0,-64000000.0,-942000000.0,-4764000000.0,-1779000000.0,-182000000.0,5555000000.0,200000000.0,3915000000.0,3915000000.0,3915000000.0,0.0,0.0,0.313,5875000000.0,6622000000.0,933000000,0.248,33.172,46.331,47.008,829000000,0.0,172.52,14.514,14.73,1969000000,22364000000,12497000000.0,12497000000.0,0.0,0.194,0.67,0.917,0.534,176000000.0,5424000000.0,1.0,1051384936,1067000000,1072000000.0,11.712,17174000000,250000000,2607000000.0,106000000,16.096,5004000000
15,MA,ART,2017-09-30,2017-10-31,2017-09-30,2021-07-29,-542000000,20914000000,19499500000.0,13231000000,7683000000,0.612,6.06,-403000000.0,6585000000,6585000000,0.0,4621000000.0,1.657,2.232,5393000000,0,5393000000,5393000000,0,413000000.0,1026000000,0.006,0.88,6492000000.0,6905000000.0,0.578,6905000000.0,6492000000.0,6349000000.0,4.3,4.3,4.3,6442000000,5890250000.0,6442000000,156305389276.0,24.0,22.637,4383000000.0,4.123,1.0,11941000000.0,1.0,4162000000,143000000.0,7576000000,7196500000.0,0,1864000000,1864000000,0,14376000000,7984000000,6392000000,157497389276.0,354000000.0,-1175000000.0,-3778000000.0,1908000000.0,-916000000.0,-2819000000.0,-1698000000.0,-111000000.0,4786000000.0,85000000.0,4621000000.0,4621000000.0,4621000000.0,0.0,0.0,0.387,5478000000.0,6463000000.0,722000000,0.205,24.449,34.083,34.598,901000000,0.0,148.77,13.19,13.244,1858000000,22401000000,11941000000.0,11941000000.0,0.0,0.237,0.785,0.902,0.544,172000000.0,5040000000.0,1.0,1058663637,1063000000,1068000000.0,11.233,16752000000,425000000,1728000000.0,139000000,15.759,5247000000
16,MA,ART,2017-06-30,2017-07-27,2017-06-30,2021-07-29,-699000000,19839000000,18601750000.0,12542000000,7297000000,0.614,5.469,-369000000.0,6170000000,6170000000,0.0,4375000000.0,1.654,2.374,5326000000,0,5326000000,5326000000,0,388000000.0,993000000,0.007,0.85,6181000000.0,6569000000.0,0.575,6569000000.0,6181000000.0,6050000000.0,4.04,4.04,4.04,5852000000,5834500000.0,5852000000,136453208115.0,22.0,20.772,4087000000.0,3.82,1.0,11423000000.0,1.0,3885000000,131000000.0,7527000000,6493750000.0,0,1782000000,1782000000,0,13891000000,7583000000,6308000000,137297208115.0,1000000.0,-951000000.0,-3528000000.0,1908000000.0,-890000000.0,-2551000000.0,-1926000000.0,-594000000.0,4456000000.0,22000000.0,4375000000.0,4375000000.0,4375000000.0,0.0,0.0,0.383,5231000000.0,6192000000.0,654000000,0.21,23.462,31.382,31.913,845000000,0.0,128.93,12.019,12.077,1708000000,21205000000,11423000000.0,11423000000.0,0.0,0.235,0.75,0.952,0.541,149000000.0,4818000000.0,1.0,1064897294,1070000000,1075000000.0,10.676,15954000000,375000000,1675000000.0,140000000,14.91,4959000000
17,MA,ART,2017-03-31,2017-05-02,2017-03-31,2021-07-29,-863000000,18570000000,17712500000.0,12885000000,5685000000,0.625,5.205,-401000000.0,6990000000,6990000000,0.0,4181000000.0,1.816,2.305,5216000000,0,5216000000,5216000000,0,370000000.0,984000000,0.007,0.82,5901000000.0,6271000000.0,0.567,6271000000.0,5901000000.0,5787000000.0,3.83,3.83,3.83,5611000000,5830750000.0,5611000000,124836515092.0,21.0,19.907,3820000000.0,3.544,1.0,11064000000.0,1.0,2477000000,114000000.0,7224000000,5716500000.0,0,1654000000,1654000000,0,12932000000,7095000000,5837000000,126610515092.0,1112000000.0,0.0,-3064000000.0,1972000000.0,-863000000.0,-1985000000.0,-1028000000.0,-472000000.0,4221000000.0,-96000000.0,4181000000.0,4181000000.0,4181000000.0,0.0,0.0,0.378,5145000000.0,5919000000.0,680000000,0.214,22.565,30.282,30.841,748000000,0.0,118.12,11.443,11.509,1553000000,20263000000,11064000000.0,11064000000.0,0.0,0.236,0.717,1.032,0.533,129000000.0,4643000000.0,1.0,1071880419,1078000000,1082000000.0,10.263,16093000000,313000000,1606000000.0,83000000,14.929,5790000000
18,MA,ART,2016-12-31,2017-02-15,2016-12-31,2021-07-29,-924000000,18675000000,17046250000.0,13228000000,5447000000,0.632,5.151,-382000000.0,7712000000,7712000000,0.0,4059000000.0,1.836,2.297,5180000000,0,5180000000,5180000000,0,373000000.0,991000000,0.007,0.79,5741000000.0,6114000000.0,0.567,6114000000.0,5741000000.0,5646000000.0,3.7,3.69,3.7,5656000000,5797750000.0,5656000000,115672681759.0,20.0,18.919,4102000000.0,3.736,1.0,10776000000.0,1.0,2478000000,95000000.0,6459000000,4983750000.0,0,1614000000,1614000000,0,12991000000,7206000000,5785000000,118204681759.0,974000000.0,0.0,-3474000000.0,1972000000.0,-837000000.0,-2293000000.0,-1167000000.0,-752000000.0,4484000000.0,-50000000.0,4059000000.0,4059000000.0,4059000000.0,0.0,0.0,0.377,5015000000.0,5761000000.0,609000000,0.214,20.899,29.122,29.638,733000000,0.0,109.66,10.969,11.174,1416000000,19418000000,10776000000.0,10776000000.0,0.0,0.238,0.7,1.152,0.533,50000000.0,4525000000.0,1.0,1077919768,1098000000,1101000000.0,9.814,16197000000,307000000,1587000000.0,81000000,14.751,6022000000
19,MA,ART,2016-09-30,2016-10-28,2016-09-30,2021-07-29,-717000000,17323000000,16444750000.0,11776000000,5547000000,0.641,5.674,-373000000.0,6202000000,6202000000,0.0,4016000000.0,1.654,1.781,3326000000,0,3326000000,3326000000,0,374000000.0,997000000,0.007,0.76,5437000000.0,5811000000.0,0.551,5811000000.0,5437000000.0,5360000000.0,3.62,3.62,3.62,6219000000,5890750000.0,6219000000,113603783422.0,21.0,19.55,4158000000.0,3.794,1.0,10537000000.0,1.0,2561000000,77000000.0,4765000000,4356750000.0,0,1774000000,1774000000,0,11074000000,7121000000,3953000000,116479783422.0,1328000000.0,0.0,-3170000000.0,1735000000.0,-809000000.0,-2210000000.0,-987000000.0,-607000000.0,4531000000.0,-6000000.0,4016000000.0,4016000000.0,4016000000.0,0.0,0.0,0.381,5032000000.0,5505000000.0,437000000,0.21,18.73,29.004,29.53,698000000,0.0,106.9,11.054,11.119,1298000000,18722000000,10537000000.0,10537000000.0,0.0,0.244,0.682,1.248,0.516,36000000.0,4551000000.0,1.0,1089614438,1096000000,1099000000.0,9.614,14762000000,327000000,1344000000.0,82000000,13.469,4655000000
20,MA,ART,2016-06-30,2016-07-28,2016-06-30,2021-07-29,-697000000,16282000000,15772500000.0,10998000000,5284000000,0.646,5.316,-380000000.0,6112000000,6112000000,0.0,3809000000.0,1.702,1.784,3306000000,0,3306000000,3306000000,0,375000000.0,936000000,0.008,0.73,5148000000.0,5523000000.0,0.542,5523000000.0,5148000000.0,5079000000.0,3.4,3.4,3.4,5837000000,5902750000.0,5837000000,102588357275.0,20.0,18.575,3998000000.0,3.641,1.0,10187000000.0,1.0,2596000000,69000000.0,4418000000,3843250000.0,0,1271000000,1271000000,0,10413000000,6462000000,3951000000,105394357275.0,1815000000.0,0.0,-3520000000.0,1735000000.0,-781000000.0,-2536000000.0,12000000.0,404000000.0,4378000000.0,-39000000.0,3809000000.0,3809000000.0,3809000000.0,0.0,0.0,0.374,4983000000.0,5204000000.0,452000000,0.215,18.056,27.67,28.238,680000000,0.0,96.01,10.346,10.348,1203000000,17746000000,10187000000.0,10187000000.0,0.0,0.241,0.645,1.339,0.505,34000000.0,4501000000.0,1.0,1097743540,1098000000,1101000000.0,9.278,13686000000,337000000,1270000000.0,83000000,12.464,4536000000
21,MA,ART,2016-03-31,2016-04-28,2016-03-31,2021-07-29,-620000000,15905000000,15520000000.0,10606000000,5299000000,0.637,4.94,-360000000.0,5831000000,5831000000,0.0,3747000000.0,1.647,1.897,3333000000,0,3333000000,3333000000,0,374000000.0,937000000,0.007,0.7,5019000000.0,5393000000.0,0.546,5393000000.0,5019000000.0,4955000000.0,3.32,3.32,3.32,5479000000,6044500000.0,5479000000,104307523415.0,21.0,19.341,3780000000.0,3.408,1.0,9883000000.0,1.0,2674000000,64000000.0,4293000000,3520750000.0,0,1314000000,1314000000,0,10394000000,6440000000,3954000000,106805523415.0,687000000.0,-572000000.0,-3907000000.0,1735000000.0,-755000000.0,-2903000000.0,-581000000.0,349000000.0,4140000000.0,31000000.0,3747000000.0,3747000000.0,3747000000.0,0.0,0.0,0.379,4808000000.0,5075000000.0,409000000,0.211,19.494,28.504,29.271,669000000,0.0,97.18,10.807,10.905,1186000000,16972000000,9883000000.0,9883000000.0,0.0,0.241,0.62,1.426,0.508,35000000.0,4373000000.0,1.0,1099048399,1109000000,1112000000.0,8.912,13231000000,353000000,1208000000.0,76000000,11.931,4166000000
22,MA,ART,2015-12-31,2016-02-12,2015-12-31,2021-07-29,-676000000,16269000000,15202000000.0,10985000000,5284000000,0.636,5.316,-342000000.0,6642000000,6642000000,0.0,3808000000.0,1.752,1.693,3287000000,0,3287000000,3287000000,0,366000000.0,895000000,0.008,0.67,5019000000.0,5385000000.0,0.557,5385000000.0,5019000000.0,4958000000.0,3.36,3.35,3.36,6028000000,6250000000.0,6028000000,90935612318.0,18.0,16.887,3701000000.0,3.264,1.0,9667000000.0,1.0,2694000000,61000000.0,3951000000,3176000000.0,0,991000000,991000000,0,10207000000,6269000000,3938000000,94290612318.0,610000000.0,-584000000.0,-3491000000.0,1735000000.0,-727000000.0,-2458000000.0,-715000000.0,210000000.0,4043000000.0,-260000000.0,3808000000.0,3808000000.0,3808000000.0,0.0,0.0,0.394,4589000000.0,5078000000.0,472000000,0.199,15.642,24.761,25.265,675000000,0.0,84.89,9.754,9.958,1079000000,16222000000,9667000000.0,9667000000.0,0.0,0.25,0.609,1.58,0.519,22000000.0,4162000000.0,1.0,1110738748,1134000000,1137000000.0,8.525,13575000000,317000000,1150000000.0,79000000,11.971,4716000000
23,MA,ART,2015-09-30,2015-10-29,2015-09-30,2021-07-29,-536000000,14634000000,14967000000.0,9625000000,5009000000,0.639,5.546,-411000000.0,4748000000,4748000000,0.0,3719000000.0,1.62,1.33,1495000000,0,1495000000,1495000000,0,357000000.0,871000000,0.006,0.64,5005000000.0,5362000000.0,0.561,5362000000.0,5005000000.0,4940000000.0,3.26,3.26,3.26,6267000000,6440500000.0,6267000000,109686309267.0,22.0,20.456,3318000000.0,2.936,1.0,9566000000.0,1.0,2727000000,65000000.0,2711000000,2757750000.0,0,1232000000,1232000000,0,8336000000,5943000000,2393000000,112939309267.0,-585000000.0,-773000000.0,-2850000000.0,43000000.0,-675000000.0,-3460000000.0,-611000000.0,649000000.0,3729000000.0,-243000000.0,3719000000.0,3719000000.0,3719000000.0,0.0,0.0,0.389,4577000000.0,4989000000.0,381000000,0.196,18.021,30.368,30.856,641000000,0.0,100.59,11.806,11.882,1081000000,15543000000,9566000000.0,9566000000.0,0.0,0.248,0.577,1.815,0.523,29000000.0,4159000000.0,1.0,1122768757,1130000000,1133000000.0,8.465,11907000000,290000000,1221000000.0,95000000,10.537,3682000000
24,MA,ART,2015-06-30,2015-07-29,2015-06-30,2021-07-29,-493000000,15272000000,14973250000.0,10217000000,5055000000,0.637,5.627,-375000000.0,4361000000,4361000000,0.0,3757000000.0,1.578,1.38,1495000000,0,1495000000,1495000000,0,346000000.0,1000000000,0.006,0.59,5067000000.0,5413000000.0,0.567,5413000000.0,5067000000.0,5006000000.0,3.28,3.27,3.28,6404000000,6499000000.0,6404000000,106642151494.0,21.0,19.701,3467000000.0,3.047,1.0,9539000000.0,1.0,2802000000,61000000.0,3128000000,2762000000.0,0,1716000000,1716000000,0,8836000000,6476000000,2360000000,109508151494.0,483000000.0,-768000000.0,-2321000000.0,43000000.0,-622000000.0,-2870000000.0,-100000000.0,1115000000.0,3842000000.0,-389000000.0,3757000000.0,3757000000.0,3757000000.0,0.0,0.0,0.394,4499000000.0,5040000000.0,481000000,0.18,17.1,29.148,29.491,632000000,0.0,96.73,11.48,11.54,1128000000,14746000000,9539000000.0,9539000000.0,0.0,0.251,0.578,1.835,0.531,8000000.0,4092000000.0,1.0,1132101225,1138000000,1141000000.0,8.382,12470000000,326000000,1249000000.0,101000000,10.958,3741000000
25,MA,ART,2015-03-31,2015-04-29,2015-03-31,2021-07-29,-639000000,14633000000,14749000000.0,10348000000,4285000000,0.646,5.489,-342000000.0,5160000000,5160000000,0.0,3767000000.0,1.743,1.317,1495000000,0,1495000000,1495000000,0,335000000.0,953000000,0.006,0.54,5197000000.0,5532000000.0,0.581,5532000000.0,5197000000.0,5138000000.0,3.27,3.26,3.27,6301000000,6464500000.0,6301000000,99241368854.0,19.0,17.94,3408000000.0,2.969,1.0,9526000000.0,1.0,2117000000,59000000.0,2914000000,2979250000.0,0,1589000000,1589000000,0,8299000000,5937000000,2362000000,102906368854.0,188000000.0,-391000000.0,-2634000000.0,43000000.0,-568000000.0,-3160000000.0,41000000.0,862000000.0,3750000000.0,-443000000.0,3767000000.0,3767000000.0,3767000000.0,0.0,0.0,0.395,4354000000.0,5172000000.0,406000000,0.165,16.332,27.318,27.599,602000000,0.0,90.25,10.803,10.876,1072000000,14006000000,9526000000.0,9526000000.0,0.0,0.255,0.583,1.744,0.546,6000000.0,4019000000.0,1.0,1140236774,1148000000,1152000000.0,8.298,12516000000,349000000,1371000000.0,102000000,10.902,4411000000
26,MA,ART,2014-12-31,2015-02-13,2014-12-31,2021-07-29,-260000000,15329000000,14791250000.0,10997000000,4332000000,0.64,5.828,-334000000.0,6087000000,6087000000,0.0,3617000000.0,1.767,1.253,1494000000,0,1494000000,1494000000,0,321000000.0,950000000,0.006,0.49,5127000000.0,5448000000.0,0.575,5448000000.0,5127000000.0,5079000000.0,3.11,3.1,3.11,6790000000,6531000000.0,6790000000,95483190063.0,19.0,17.526,3073000000.0,2.638,1.0,9473000000.0,1.0,2236000000,48000000.0,2278000000,3091000000.0,0,1168000000,1168000000,0,8505000000,6222000000,2283000000,100076190063.0,1538000000.0,-525000000.0,-3358000000.0,1530000000.0,-515000000.0,-2339000000.0,690000000.0,1450000000.0,3407000000.0,-220000000.0,3617000000.0,3617000000.0,3617000000.0,0.0,0.0,0.382,4367000000.0,5106000000.0,419000000,0.158,14.739,27.668,28.019,615000000,0.0,87.14,10.564,10.717,1109000000,13169000000,9473000000.0,9473000000.0,0.0,0.245,0.554,1.659,0.541,-15000000.0,4046000000.0,1.0,1148452950,1165000000,1169000000.0,8.131,13093000000,396000000,1462000000.0,115000000,11.239,4775000000
27,MA,ART,2014-09-30,2014-10-30,2014-09-30,2021-07-29,-92000000,14659000000,14519500000.0,10956000000,3703000000,0.632,5.619,-318000000.0,5415000000,5415000000,0.0,3439000000.0,1.873,1.248,1494000000,0,1494000000,1494000000,0,308000000.0,953000000,0.005,0.44,5022000000.0,5330000000.0,0.58,5330000000.0,5022000000.0,4983000000.0,2.928,2.914,2.928,6501000000,6704500000.0,6501000000,91915844047.0,18.0,17.245,3563000000.0,3.08,1.0,9183000000.0,1.0,2161000000,39000000.0,2728000000,2998000000.0,0,1857000000,1857000000,0,8111000000,5849000000,2262000000,95836844047.0,1049000000.0,-336000000.0,-3955000000.0,1522000000.0,-461000000.0,-2887000000.0,209000000.0,692000000.0,3881000000.0,-154000000.0,3439000000.0,3439000000.0,3439000000.0,0.0,0.0,0.374,4175000000.0,5008000000.0,319000000,0.15,14.742,27.868,28.391,553000000,0.0,83.13,10.436,10.474,1071000000,12553000000,9183000000.0,9183000000.0,0.0,0.237,0.513,1.675,0.547,-7000000.0,3772000000.0,1.0,1152855095,1157000000,1160000000.0,7.937,12498000000,385000000,1544000000.0,119000000,10.802,5107000000
28,MA,ART,2014-06-30,2014-07-31,2014-06-30,2021-07-29,188000000,14375000000,14287250000.0,10577000000,3798000000,0.623,5.379,-298000000.0,3796000000,3796000000,0.0,3303000000.0,1.827,1.286,1494000000,0,1494000000,1494000000,0,289000000.0,918000000,0.005,0.39,4844000000.0,5133000000.0,0.577,5133000000.0,4844000000.0,4819000000.0,2.778,2.771,2.778,6266000000,6993500000.0,6266000000,83561563294.0,17.0,16.279,3520000000.0,3.021,1.0,8898000000.0,1.0,2286000000,25000000.0,3997000000,2881750000.0,0,2836000000,2836000000,0,8061000000,5790000000,2271000000,85863563294.0,530000000.0,-341000000.0,-3897000000.0,1522000000.0,-405000000.0,-2793000000.0,-554000000.0,-79000000.0,3818000000.0,59000000.0,3303000000.0,3303000000.0,3303000000.0,0.0,0.0,0.371,4062000000.0,4836000000.0,420000000,0.14,13.703,25.996,26.692,539000000,0.0,74.15,9.65,9.708,1134000000,11666000000,8898000000.0,8898000000.0,0.0,0.231,0.472,1.681,0.544,18000000.0,3678000000.0,1.0,1157971184,1165000000,1169000000.0,7.638,12089000000,373000000,1516000000.0,125000000,10.377,4787000000
29,MA,ART,2014-03-31,2014-05-01,2014-03-31,2021-07-29,180000000,14802000000,13698750000.0,11342000000,3460000000,0.629,5.542,-306000000.0,4932000000,4932000000,0.0,3220000000.0,1.892,1.252,1494000000,0,1494000000,1494000000,0,269000000.0,913000000,0.005,0.34,4694000000.0,4963000000.0,0.576,4963000000.0,4694000000.0,4679000000.0,2.676,2.667,2.676,6567000000,7181500000.0,6567000000,83280524498.0,18.0,16.78,3525000000.0,2.975,1.0,8617000000.0,1.0,2009000000,15000000.0,3361000000,2587250000.0,0,2543000000,2543000000,0,8224000000,5994000000,2230000000,86718524498.0,2035000000.0,-146000000.0,-3317000000.0,1522000000.0,-349000000.0,-2125000000.0,233000000.0,513000000.0,3831000000.0,96000000.0,3220000000.0,3220000000.0,3220000000.0,0.0,0.0,0.374,3936000000.0,4681000000.0,297000000,0.127,13.205,26.931,27.735,528000000,0.0,74.22,10.064,10.207,995000000,10861000000,8617000000.0,8617000000.0,0.0,0.235,0.448,1.814,0.545,12000000.0,3572000000.0,1.0,1168398336,1185000000,1189000000.0,7.272,12793000000,369000000,1459000000.0,117000000,10.796,5348000000
30,MA,ART,2013-12-31,2014-02-14,2013-12-31,2021-07-29,178000000,14242000000,12950500000.0,10950000000,3292000000,0.644,6.18,-299000000.0,4510000000,4510000000,0.0,3116000000.0,1.815,0.902,0,0,0,0,0,258000000.0,911000000,0.004,0.29,4514000000.0,4772000000.0,0.572,4772000000.0,4514000000.0,4500000000.0,2.57,2.56,2.57,7484000000,7225500000.0,7484000000,87316387095.0,19.0,18.298,3836000000.0,3.168,1.0,8346000000.0,1.0,1794000000,14000000.0,1906000000,2477000000.0,0,2696000000,2696000000,0,6747000000,6032000000,715000000,91826387095.0,1547000000.0,0.0,-2417000000.0,35000000.0,-255000000.0,-2629000000.0,-4000000.0,299000000.0,4135000000.0,45000000.0,3116000000.0,3116000000.0,3116000000.0,0.0,0.0,0.373,3843000000.0,4503000000.0,338000000,0.113,12.27,29.469,30.113,526000000,0.0,77.39,11.002,11.229,966000000,10121000000,8346000000.0,8346000000.0,0.0,0.241,0.431,1.822,0.541,63000000.0,3490000000.0,1.0,1186540730,1211000000,1215000000.0,6.892,12448000000,303000000,1384000000.0,117000000,10.279,4918000000
31,MA,ART,2013-09-30,2013-10-31,2013-09-30,2021-07-29,120000000,13730000000,12505500000.0,10559000000,3171000000,0.649,6.328,-207000000.0,4291000000,4291000000,0.0,3098000000.0,1.948,0.792,0,0,0,0,0,249000000.0,878000000,0.003,0.21,4497000000.0,4746000000.0,0.585,4746000000.0,4497000000.0,4483000000.0,2.542,2.533,2.542,7657000000,7083750000.0,7657000000,82031767638.0,18.0,17.284,3595000000.0,2.971,1.0,8115000000.0,1.0,1756000000,14000000.0,2263000000,2741250000.0,0,2594000000,2594000000,0,6062000000,5420000000,642000000,86322767638.0,368000000.0,0.0,-2280000000.0,0.0,-220000000.0,-2484000000.0,-992000000.0,-45000000.0,3802000000.0,42000000.0,3098000000.0,3098000000.0,3098000000.0,0.0,0.0,0.382,3633000000.0,4482000000.0,280000000,0.083,11.274,27.864,28.21,474000000,0.0,71.71,10.637,10.692,990000000,9630000000,8115000000.0,8115000000.0,0.0,0.248,0.437,1.64,0.554,49000000.0,3384000000.0,1.0,1203775870,1210000000,1210000000.0,6.707,11974000000,211000000,1385000000.0,93000000,9.896,5139000000
32,MA,ART,2013-06-30,2013-07-31,2013-06-30,2021-07-29,-15000000,12021000000,12103000000.0,8962000000,3059000000,0.646,5.8,-214000000.0,3188000000,3188000000,0.0,2991000000.0,2.071,0.711,0,0,0,0,0,243000000.0,840000000,0.003,0.18,4316000000.0,4559000000.0,0.583,4559000000.0,4316000000.0,4295000000.0,2.431,2.423,2.431,7018000000,6897500000.0,7018000000,70466314063.0,16.0,15.457,3280000000.0,2.711,1.0,7815000000.0,1.0,1687000000,21000000.0,2819000000,2672750000.0,0,2742000000,2742000000,0,4992000000,4327000000,665000000,73654314063.0,-805000000.0,-70000000.0,-2147000000.0,0.0,-185000000.0,-2297000000.0,-2031000000.0,-1017000000.0,3494000000.0,29000000.0,2991000000.0,2991000000.0,2991000000.0,0.0,0.0,0.383,3517000000.0,4298000000.0,259000000,0.074,10.495,24.625,25.118,471000000,0.0,61.061,9.425,9.454,949000000,8823000000,7815000000.0,7815000000.0,0.0,0.247,0.434,1.615,0.552,33000000.0,3274000000.0,1.0,1206241530,1210000000,1220000000.0,6.459,10334000000,211000000,1304000000.0,98000000,8.54,4635000000
33,MA,ART,2013-03-31,2013-05-01,2013-03-31,2021-07-29,-50000000,11809000000,11907750000.0,8783000000,3026000000,0.633,5.482,-209000000.0,2796000000,2796000000,0.0,2843000000.0,1.99,0.749,0,0,0,0,0,238000000.0,812000000,0.003,0.15,4054000000.0,4292000000.0,0.569,4292000000.0,4054000000.0,4035000000.0,2.289,2.282,2.289,6743000000,6709250000.0,6743000000,62828958140.0,15.0,14.639,3184000000.0,2.589,1.0,7539000000.0,1.0,1679000000,19000000.0,2920000000,2315250000.0,0,3036000000,3036000000,0,5053000000,4414000000,639000000,65624958140.0,-1700000000.0,-70000000.0,-2244000000.0,0.0,-150000000.0,-2361000000.0,-2644000000.0,-1634000000.0,3393000000.0,-88000000.0,2843000000.0,2843000000.0,2843000000.0,0.0,0.0,0.377,3495000000.0,4044000000.0,262000000,0.066,9.732,23.083,23.583,468000000,0.0,53.982,8.705,8.807,941000000,8047000000,7539000000.0,7539000000.0,0.0,0.239,0.424,1.751,0.538,34000000.0,3237000000.0,1.0,1215682230,1230000000,1230000000.0,6.129,10130000000,187000000,1192000000.0,99000000,8.236,4369000000
34,MA,ART,2012-12-31,2013-02-14,2012-12-31,2021-07-29,61000000,12462000000,11738250000.0,9357000000,3105000000,0.63,5.534,-218000000.0,2829000000,2829000000,0.0,2758000000.0,1.907,0.8,0,0,0,0,0,230000000.0,777000000,0.002,0.12,3953000000.0,4183000000.0,0.566,4183000000.0,3953000000.0,3933000000.0,2.202,2.194,2.202,6917000000,6616250000.0,6917000000,61276903806.0,16.0,14.649,2730000000.0,2.184,1.0,7391000000.0,1.0,1764000000,20000000.0,2963000000,1830750000.0,0,2951000000,2951000000,0,5533000000,4906000000,627000000,64105903806.0,-1682000000.0,-70000000.0,-1717000000.0,0.0,-132000000.0,-1798000000.0,-2839000000.0,-1818000000.0,2948000000.0,7000000.0,2759000000.0,2759000000.0,2759000000.0,0.0,-1000000.0,0.373,3454000000.0,3937000000.0,357000000,0.054,9.268,23.235,23.713,472000000,0.0,52.216,8.674,8.831,925000000,7354000000,7391000000.0,7391000000.0,0.0,0.235,0.417,2.159,0.535,42000000.0,3204000000.0,1.0,1227706140,1250000000,1260000000.0,5.913,10698000000,188000000,1174000000.0,104000000,8.558,4451000000
35,MA,ART,2012-09-30,2012-10-31,2012-09-30,2021-07-29,34000000,12120000000,11296000000.0,9072000000,3048000000,0.64,5.53,-225000000.0,3820000000,3820000000,0.0,2171000000.0,1.995,0.752,0,0,0,0,0,220000000.0,775000000,0.002,0.105,3048000000.0,3268000000.0,0.452,3268000000.0,3048000000.0,3028000000.0,1.732,1.727,1.732,6912000000,6354000000.0,6912000000,53455601527.0,18.0,16.357,2641000000.0,2.113,1.0,7224000000.0,1.0,1763000000,20000000.0,1989000000,1196750000.0,0,2594000000,2594000000,0,5196000000,4548000000,648000000,57275601527.0,-708000000.0,-70000000.0,-1133000000.0,0.0,-113000000.0,-1195000000.0,-2305000000.0,-2014000000.0,2866000000.0,-74000000.0,2173000000.0,2173000000.0,2173000000.0,0.0,-2000000.0,0.301,4196000000.0,3028000000.0,319000000,0.061,8.286,26.358,26.613,465000000,0.0,46.093,7.929,7.976,912000000,6786000000,7224000000.0,7224000000.0,0.0,0.192,0.342,2.547,0.422,46000000.0,3186000000.0,1.0,1242609540,1250000000,1250000000.0,5.779,10357000000,457000000,855000000.0,103000000,8.286,4524000000
36,MA,ART,2012-06-30,2012-08-01,2012-06-30,2021-07-29,-47000000,11240000000,10684500000.0,8283000000,2957000000,0.667,4.972,-212000000.0,3879000000,3879000000,0.0,2115000000.0,1.923,0.792,0,0,0,0,0,213000000.0,726000000,0.002,0.09,3015000000.0,3228000000.0,0.453,3228000000.0,3015000000.0,2993000000.0,1.678,1.673,1.678,6265000000,6119000000.0,6265000000,49434841450.0,16.0,15.314,2647000000.0,2.101,1.0,7124000000.0,1.0,1665000000,22000000.0,1389000000,817250000.0,0,1803000000,1803000000,0,4964000000,4307000000,657000000,53313841450.0,389000000.0,0.0,-997000000.0,0.0,-95000000.0,-1054000000.0,-1224000000.0,-1026000000.0,2859000000.0,-192000000.0,2118000000.0,2118000000.0,2118000000.0,0.0,-3000000.0,0.297,4158000000.0,2966000000.0,330000000,0.054,8.51,25.172,25.459,458000000,0.0,42.72,7.484,7.556,844000000,6052000000,7124000000.0,7124000000.0,0.0,0.198,0.346,3.689,0.423,50000000.0,3155000000.0,1.0,1247983180,1260000000,1260000000.0,5.654,9575000000,474000000,875000000.0,105000000,7.599,3976000000
37,MA,ART,2012-03-31,2012-05-02,2012-03-31,2021-07-29,78000000,11131000000,10130750000.0,8113000000,3018000000,0.688,5.017,-203000000.0,4333000000,4333000000,0.0,2023000000.0,1.983,0.746,0,0,0,0,0,206000000.0,649000000,0.002,0.075,2933000000.0,3139000000.0,0.45,3139000000.0,2933000000.0,2912000000.0,1.599,1.594,1.599,6371000000,5920250000.0,6371000000,52721445575.0,18.0,16.796,2553000000.0,2.01,1.0,6971000000.0,1.0,1724000000,21000000.0,982000000,700250000.0,0,1457000000,1457000000,0,4752000000,4092000000,660000000,57054445575.0,730000000.0,-460000000.0,-711000000.0,-21000000.0,-76000000.0,-770000000.0,-1185000000.0,-536000000.0,2756000000.0,-71000000.0,2026000000.0,2026000000.0,2026000000.0,0.0,-3000000.0,0.291,4094000000.0,2877000000.0,274000000,0.047,8.955,28.161,28.233,450000000,0.0,45.145,8.185,8.225,812000000,5389000000,6971000000.0,6971000000.0,0.0,0.2,0.342,4.189,0.421,45000000.0,3118000000.0,1.0,1263804310,1270000000,1270000000.0,5.489,9407000000,440000000,886000000.0,112000000,7.407,4021000000
38,MA,ART,2011-12-31,2012-02-16,2011-12-31,2021-07-29,-2000000,10693000000,9473500000.0,7741000000,2952000000,0.709,4.584,-177000000.0,4370000000,4370000000,0.0,1904000000.0,1.836,0.821,0,0,0,0,0,194000000.0,636000000,0.002,0.06,2773000000.0,2967000000.0,0.442,2967000000.0,2773000000.0,2748000000.0,1.49,1.485,1.49,5868000000,5625250000.0,5868000000,45367909732.0,16.0,15.291,2507000000.0,1.959,1.0,6714000000.0,1.0,1679000000,25000000.0,427000000,687750000.0,0,1321000000,1215000000,106000000,4816000000,4217000000,599000000,49737909732.0,667000000.0,-460000000.0,-1129000000.0,-21000000.0,-77000000.0,-1215000000.0,-748000000.0,-125000000.0,2684000000.0,-54000000.0,1906000000.0,1906000000.0,1906000000.0,0.0,-2000000.0,0.284,4001000000.0,2713000000.0,360000000,0.04,8.476,26.095,26.386,449000000,0.0,39.315,7.408,7.495,808000000,4745000000,6714000000.0,6714000000.0,0.0,0.201,0.339,4.032,0.413,68000000.0,3037000000.0,1.0,1265112800,1280000000,1280000000.0,5.245,9014000000,431000000,842000000.0,113000000,7.042,3524000000
39,MA,ART,2011-09-30,2011-11-02,2011-09-30,2021-07-29,104000000,9674000000,9009500000.0,6753000000,2921000000,0.713,4.702,-162000000.0,4389000000,4389000000,0.0,2301000000.0,2.175,0.618,0,0,0,0,0,184000000.0,636000000,0.002,0.06,3368000000.0,3552000000.0,0.553,3552000000.0,3368000000.0,3341000000.0,1.79,1.784,1.79,5972000000,5459500000.0,5972000000,41004397815.0,12.0,11.544,2408000000.0,1.896,1.0,6424000000.0,1.0,1709000000,27000000.0,471000000,812750000.0,0,753000000,639000000,114000000,3692000000,3105000000,587000000,45393397815.0,1274000000.0,-958000000.0,-1102000000.0,-21000000.0,-78000000.0,-1188000000.0,-113000000.0,473000000.0,2570000000.0,5000000.0,2302000000.0,2302000000.0,2302000000.0,0.0,-1000000.0,0.358,3132000000.0,3292000000.0,289000000,0.034,7.601,19.719,19.981,450000000,0.0,35.766,7.066,7.071,763000000,4745000000,6424000000.0,6424000000.0,0.0,0.256,0.422,4.144,0.524,56000000.0,2944000000.0,1.0,1269177370,1270000000,1270000000.0,5.058,7965000000,118000000,1039000000.0,125000000,6.272,3648000000
40,MA,ART,2011-06-30,2011-08-03,2011-06-30,2021-07-29,247000000,9025000000,8632500000.0,6011000000,3014000000,0.699,4.307,-158000000.0,3372000000,3372000000,0.0,2104000000.0,2.028,0.648,0,0,0,0,0,169000000.0,608000000,0.002,0.06,3108000000.0,3277000000.0,0.543,3277000000.0,3108000000.0,3076000000.0,1.621,1.615,1.621,5470000000,5177000000.0,5470000000,39634399625.0,13.0,12.095,1994000000.0,1.57,1.0,6034000000.0,1.0,1768000000,32000000.0,921000000,983250000.0,0,957000000,840000000,117000000,3544000000,2964000000,580000000,43006399625.0,441000000.0,-955000000.0,-1031000000.0,-21000000.0,-79000000.0,-1123000000.0,-835000000.0,281000000.0,2152000000.0,247000000.0,2103000000.0,2103000000.0,2103000000.0,0.0,1000000.0,0.349,2978000000.0,3056000000.0,336000000,0.037,7.862,20.45,20.88,454000000,0.0,33.847,7.127,7.124,713000000,4047000000,6034000000.0,6034000000.0,0.0,0.244,0.406,3.161,0.515,62000000.0,2804000000.0,1.0,1270611860,1270000000,1280000000.0,4.751,7257000000,157000000,973000000.0,130000000,5.714,3047000000
41,MA,ART,2011-03-31,2011-05-03,2011-03-31,2021-07-29,201000000,8502000000,8234250000.0,6073000000,2429000000,0.696,3.993,-156000000.0,3530000000,3530000000,0.0,1954000000.0,2.176,0.636,0,0,0,0,0,155000000.0,576000000,0.002,0.06,2944000000.0,3099000000.0,0.541,3099000000.0,2944000000.0,2897000000.0,1.494,1.488,1.494,5191000000,4838750000.0,5191000000,32400142458.0,11.0,10.455,1801000000.0,1.385,1.0,5732000000.0,1.0,1249000000,47000000.0,932000000,1046000000.0,0,1114000000,985000000,129000000,3300000000,2791000000,509000000,35930142458.0,835000000.0,-497000000.0,-647000000.0,0.0,-79000000.0,-723000000.0,-483000000.0,173000000.0,1957000000.0,84000000.0,1953000000.0,1953000000.0,1953000000.0,0.0,1000000.0,0.341,2844000000.0,2888000000.0,283000000,0.04,6.922,18.397,18.901,436000000,0.0,28.238,6.268,6.404,642000000,3457000000,5732000000.0,5732000000.0,0.0,0.237,0.404,2.815,0.514,61000000.0,2684000000.0,1.0,1272403940,1300000000,1310000000.0,4.409,7253000000,187000000,944000000.0,95000000,5.579,3282000000
42,MA,ART,2010-12-31,2011-02-24,2010-12-31,2021-07-29,95000000,8837000000,7930250000.0,6454000000,2383000000,0.698,3.973,-151000000.0,3560000000,3560000000,0.0,1847000000.0,2.053,0.696,0,0,0,0,0,148000000.0,493000000,0.002,0.06,2808000000.0,2956000000.0,0.534,2956000000.0,2808000000.0,2756000000.0,1.41,1.405,1.41,5205000000,4497000000.0,5205000000,28329036766.0,10.0,9.584,1546000000.0,1.18,1.0,5539000000.0,1.0,1207000000,52000000.0,927000000,1118250000.0,0,1273000000,1131000000,142000000,3621000000,3143000000,478000000,31889036766.0,1012000000.0,-498000000.0,11000000.0,0.0,-79000000.0,19000000.0,-641000000.0,11000000.0,1697000000.0,-63000000.0,1846000000.0,1846000000.0,1846000000.0,0.0,1000000.0,0.333,2787000000.0,2752000000.0,272000000,0.043,6.127,17.275,17.318,439000000,0.0,24.418,5.757,5.775,650000000,2915000000,5539000000.0,5539000000.0,0.0,0.233,0.41,2.511,0.507,-22000000.0,2634000000.0,1.0,1305964320,1310000000,1310000000.0,4.228,7630000000,221000000,910000000.0,74000000,5.824,3311000000
43,MA,ART,2010-09-30,2010-11-02,2010-09-30,2021-07-29,141000000,8166000000,7588569750.0,6233000000,1933000000,0.712,3.696,-147929000.0,3473000000,3473000000,0.0,1726395000.0,2.201,0.685,1000000,0,1000000,1000000,0,144427000.0,467000000,0.002,0.06,2698381000.0,2842808000.0,0.527,2842808000.0,2698381000.0,2631939000.0,1.317,1.313,1.317,4842000000,4071690000.0,4842000000,28722150443.0,11.0,10.103,1163316000.0,0.888,1.0,5399418000.0,1.0,709000000,66442000.0,1153000000,1161346500.0,0,1291000000,1137000000,154000000,3315000000,2832000000,483000000,32194150443.0,163048000.0,-1666000.0,12929000.0,0.0,-78666000.0,26039000.0,-1106764000.0,-428053000.0,1311245000.0,-67472000.0,1725001000.0,1725001000.0,1725001000.0,0.0,1394000.0,0.319,2748292000.0,2651126000.0,243000000,0.046,6.649,18.663,18.677,433000000,0.0,24.598,5.963,5.968,580000000,2520000000,5399418000.0,5399418000.0,0.0,0.227,0.424,2.323,0.5,-23833000.0,2602865000.0,1.0,1308811710,1310000000,1310000000.0,4.122,7457000000,355000000,906938000.0,90000000,5.692,3401000000
44,MA,ART,2010-06-30,2010-08-03,2010-06-30,2021-07-29,-72000000,7432000000,7281906750.0,5543000000,1889000000,0.733,3.143,-141746000.0,2804000000,2804000000,0.0,1659535000.0,1.967,0.803,19000000,0,19000000,19000000,0,144669000.0,481000000,0.003,0.06,2618932000.0,2763601000.0,0.518,2763601000.0,2618932000.0,2539392000.0,1.267,1.264,1.267,4117000000,3665570750.0,4117000000,23505670132.0,9.0,8.505,896333000.0,0.684,1.0,5335693000.0,1.0,657000000,79540000.0,1172000000,1089992250.0,0,1300000000,1130000000,170000000,3307000000,2818000000,489000000,26290670132.0,275245000.0,-2625000.0,15451000.0,0.0,-78326000.0,39603000.0,-596460000.0,-444978000.0,1038079000.0,-205977000.0,1659200000.0,1659200000.0,1659200000.0,0.0,335000.0,0.311,2777064000.0,2558629000.0,244000000,0.047,6.386,15.845,15.857,435000000,0.0,20.091,4.927,4.933,517000000,2022000000,5335693000.0,5335693000.0,0.0,0.228,0.453,2.403,0.491,-23662000.0,2626150000.0,1.0,1308579470,1310000000,1310000000.0,4.073,6775000000,402000000,880192000.0,74000000,5.172,2725000000
45,MA,ART,2010-03-31,2010-05-04,2010-03-31,2021-07-29,88000000,7286000000,7169890000.0,5106000000,2180000000,0.732,2.942,-131466000.0,2563000000,2563000000,0.0,1550414000.0,1.809,0.903,21000000,0,21000000,21000000,0,145390000.0,444000000,0.002,0.06,2457344000.0,2602734000.0,0.496,2602734000.0,2457344000.0,2363033000.0,1.184,1.182,1.184,3824000000,3302888000.0,3824000000,30323436635.0,12.0,11.651,925613000.0,0.712,1.0,5250582000.0,1.0,701000000,94311000.0,1221000000,1055405250.0,0,1341000000,982000000,359000000,3454000000,2822000000,632000000,32865436635.0,441247000.0,-920000.0,14289000.0,0.0,-79009000.0,57343000.0,-637650000.0,-497767000.0,1057079000.0,-35525000.0,1550274000.0,1550274000.0,1550274000.0,0.0,140000.0,0.295,2851767000.0,2398815000.0,251000000,0.051,8.595,21.2,21.22,433000000,0.0,25.125,6.259,6.221,505000000,1583000000,5250582000.0,5250582000.0,0.0,0.216,0.469,2.328,0.468,-32229000.0,2699632000.0,1.0,1308077080,1300000000,1310000000.0,4.039,6585000000,458000000,812759000.0,74000000,5.065,2284000000
46,MA,ART,2009-12-31,2010-02-18,2009-12-31,2021-07-29,193678000,7470279000,6952218000.0,5003147000,2467132000,0.733,2.699,-139360000.0,2501428000,2501428000,0.0,1462624000.0,1.58,1.13,21598000,0,21598000,21598000,0,141377000.0,445989000,0.003,0.06,2333068000.0,2474445000.0,0.485,2474445000.0,2333068000.0,2217959000.0,1.119,1.116,1.119,3503760000,2902228500.0,3503760000,26473641990.0,11.0,10.699,1238802000.0,0.954,1.0,5098684000.0,1.0,723932000,115109000.0,1099386000,1035698250.0,0,1342129000,824345000,517784000,3958412000,3167131000,791281000,28953471990.0,550279000.0,-20622000.0,8720000.0,-149380000.0,-78685000.0,-184940000.0,-664180000.0,-498394000.0,1378162000.0,21237000.0,1462532000.0,1462532000.0,1462532000.0,0.0,92000.0,0.287,2838576000.0,2260108000.0,290414000,0.054,8.264,19.797,19.839,448994000,0.0,22.2,5.679,5.653,536472000,1147714000,5098684000.0,5098684000.0,0.0,0.21,0.504,2.253,0.458,49405000.0,2690454000.0,1.0,1304210450,1298380000,1302320000.0,3.927,6746347000,507798000,755427000.0,79728000,5.196,1836016000
47,MA,ART,2009-09-30,2009-11-03,2009-09-30,2021-07-29,209805000,6939348000,6703610500.0,4752667000,2186681000,0.75,2.476,-144187000.0,2577160000,2577160000,0.0,1407671000.0,1.703,1.154,21690000,0,21690000,21690000,0,133000000.0,260769000,0.003,0.06,2333272000.0,2466272000.0,0.491,2466272000.0,2333272000.0,2205080000.0,1.078,1.076,1.078,3217523000,2508127250.0,3217523000,25886046525.0,11.0,10.496,432374000.0,0.333,1.0,5025100000.0,1.0,724963000,128192000.0,867583000,1079223000.0,0,862428000,629678000,232750000,3714112000,2791332000,922780000,28441516525.0,244934000.0,-100687000.0,6002000.0,-149380000.0,-78702000.0,-195549000.0,-170406000.0,80507000.0,576561000.0,34328000.0,1407973000.0,1407973000.0,1407973000.0,0.0,-302000.0,0.28,2770762000.0,2254338000.0,277715000,0.056,8.84,20.2,20.334,450915000,0.0,21.92,5.66,5.668,503472000,873424000,5025100000.0,5025100000.0,0.0,0.21,0.561,2.162,0.464,55089000.0,2625017000.0,1.0,1297514440,1299360000,1303590000.0,3.867,6214385000,636748000,797107000.0,76186000,4.783,1961335000
48,MA,ART,2009-06-30,2009-07-31,2009-06-30,2021-07-29,128797000,6983933000,6787017250.0,4690202000,2293731000,0.737,2.055,-165142000.0,2291524000,2291524000,0.0,761949000.0,1.573,1.616,20564000,0,20564000,20564000,0,125500000.0,243330000,0.003,0.06,1378368000.0,1503868000.0,0.301,1503868000.0,1378368000.0,1237955000.0,0.583,0.582,0.583,2666269000,2145029250.0,2666269000,22887207487.0,17.0,15.219,483370000.0,0.373,1.0,4999003000.0,1.0,697709000,140413000.0,1033652000,1066697500.0,0,829313000,605403000,223910000,4309892000,2981612000,1328280000,25158167487.0,278983000.0,-102728000.0,7159000.0,-149380000.0,-78740000.0,-196060000.0,-133910000.0,136936000.0,648512000.0,-39559000.0,762192000.0,762192000.0,762192000.0,0.0,-243000.0,0.152,3697432000.0,1301571000.0,259484000,0.103,9.436,33.008,33.281,456750000,0.0,19.403,5.033,5.036,545255000,440901000,4999003000.0,4999003000.0,0.0,0.112,0.355,1.292,0.276,43074000.0,2737932000.0,1.0,1296612250,1297430000,1301180000.0,3.853,6286224000,764925000,475763000.0,73668000,4.845,1708590000
49,MA,ART,2009-03-31,2009-05-01,2009-03-31,2021-07-29,39519000,6415312000,6756077750.0,4106900000,2308412000,0.735,1.714,-166441000.0,1883454000,1883454000,0.0,-333583000.0,1.493,1.884,18407000,0,18407000,18407000,0,117729000.0,205262000,0.003,0.06,-397788000.0,-280059000.0,-0.056,-280059000.0,-397788000.0,-521868000.0,-0.258,-0.259,-0.258,2221362000,1990483750.0,2221362000,20502077125.0,-52.0,-73.206,438958000.0,0.339,1.0,4965618000.0,1.0,656789000,124080000.0,1142172000,1229106250.0,0,825818000,597669000,228149000,4185983000,2751304000,1434679000,22367124125.0,-194358000.0,-102433000.0,-347050000.0,-229380000.0,-78897000.0,-644843000.0,-69915000.0,198730000.0,605399000.0,-84999000.0,-333535000.0,-333535000.0,-333535000.0,0.0,-48000.0,-0.067,5454437000.0,-488819000.0,262622000,-0.233,10.069,-67.061,-67.016,454227000,0.0,17.29,4.504,4.514,533654000,111477000,4965618000.0,4965618000.0,0.0,-0.049,-0.168,-0.324,-0.08,49411000.0,2853863000.0,1.0,1293645120,1296360000,1299750000.0,3.83,5758523000,810915000,-188333000.0,69436000,4.442,1355596000
50,MA,ART,2008-12-31,2009-02-19,2008-12-31,2021-07-29,108837000,6475849000,6758651500.0,4311507000,2164342000,0.739,1.481,-170273000.0,1688405000,1688405000,0.0,-253915000.0,1.442,2.358,168767000,149380000,19387000,168767000,0,112006000.0,183245000,0.004,0.06,-279613000.0,-167607000.0,-0.034,-167607000.0,-279613000.0,-383213000.0,-0.195,-0.195,-0.195,1927355000,2224628000.0,1927355000,18473682412.0,-66.0,-110.22,242955000.0,0.187,1.0,4991600000.0,1.0,692275000,103600000.0,1273485000,1364112500.0,0,971305000,742095000,229210000,4543874000,2990451000,1553423000,19993320412.0,-154135000.0,-81731000.0,-639922000.0,-80000000.0,-79259000.0,-751378000.0,201651000.0,457229000.0,413228000.0,-17636000.0,-253915000.0,-253915000.0,-253915000.0,0.0,0.0,-0.051,5526105000.0,-534505000.0,262342000,-0.308,10.373,-78.74,-79.256,306798000,0.0,15.455,4.005,4.03,639482000,-236100000,4991600000.0,4991600000.0,0.0,-0.038,-0.114,-0.205,-0.056,13167000.0,2931254000.0,1.0,1293647390,1301480000,1301480000.0,3.835,5783574000,1049670000,-129298000.0,74518000,4.444,1321056000
51,MA,ART,2008-09-30,2008-11-04,2008-09-30,2021-07-29,181263000,7272975000,6704699500.0,5070643000,2202332000,0.722,1.363,-167278000.0,2213816000,2213816000,0.0,-189124000.0,1.334,3.118,168966000,149380000,19586000,168966000,0,108108000.0,142359000,0.004,0.06,-278849000.0,-170741000.0,-0.035,-170741000.0,-278849000.0,-361237000.0,-0.154,-0.158,-0.154,1765131000,2499616000.0,1765131000,19955954842.0,-72.0,-116.879,815504000.0,0.63,1.0,4839453000.0,1.0,610261000,82388000.0,817481000,1522452250.0,0,1090110000,833645000,256465000,5503224000,3800383000,1702841000,22000804842.0,384034000.0,0.0,-962987000.0,-80000000.0,-79773000.0,-1066027000.0,470963000.0,641106000.0,982782000.0,-3684000.0,-189124000.0,-189124000.0,-189124000.0,0.0,0.0,-0.039,5664258000.0,-824805000.0,224255000,-0.39,12.464,-116.33,-110.545,299791000,0.0,17.024,4.546,4.557,610760000,-475559000,4839453000.0,4839453000.0,0.0,-0.028,-0.076,-0.183,-0.058,20981000.0,3069305000.0,1.0,1292340510,1295360000,1295360000.0,3.736,6662714000,1139894000,-172113000.0,76181000,5.144,1270260000
52,MA,ART,2008-06-30,2008-08-01,2008-06-30,2021-07-29,276013000,6860175000,6420200750.0,4399637000,2460538000,0.714,1.575,-149484000.0,1912408000,1912408000,0.0,318919000.0,1.571,2.347,170637000,0,170637000,170637000,0,101640000.0,143197000,0.003,0.06,477250000.0,578890000.0,0.126,578890000.0,477250000.0,414742000.0,0.227,0.222,0.227,2048087000,2851512750.0,2048087000,28907406619.0,61.0,49.936,717015000.0,0.551,1.0,4584125000.0,1.0,634538000,62508000.0,1683287000,1853975750.0,0,1135188000,719023000,416165000,4807468000,2800579000,2006889000,30649177619.0,248888000.0,0.0,-1244830000.0,-80000000.0,-80781000.0,-1353086000.0,659709000.0,805580000.0,866499000.0,75766000.0,318919000.0,318919000.0,318919000.0,0.0,0.0,0.07,4776363000.0,-192238000.0,260702000,0.264,14.965,96.103,104.524,297178000,0.0,23.727,6.686,6.732,575493000,-282020000,4584125000.0,4584125000.0,0.0,0.05,0.112,0.257,0.104,22488000.0,3005378000.0,1.0,1291742640,1300730000,1300730000.0,3.524,6225637000,928418000,95823000.0,83935000,4.786,1599058000
53,MA,ART,2008-03-31,2008-04-29,2008-03-31,2021-07-29,287981000,6425607000,6106794250.0,4424429000,2001178000,0.71,2.403,-152045000.0,2006791000,2006791000,0.0,1317858000.0,1.871,1.033,229974000,80000000,149974000,229974000,0,98718000.0,134241000,0.002,0.06,2082463000.0,2181181000.0,0.503,2181181000.0,2082463000.0,2024223000.0,0.987,0.981,0.987,3157939000,3052990000.0,3157939000,33843216770.0,16.0,15.516,770754000.0,0.586,1.0,4334580000.0,1.0,601360000,58240000.0,1682197000,1928010250.0,0,1218867000,790199000,428668000,3263048000,2365233000,897815000,35620033770.0,662731000.0,0.0,-891376000.0,0.0,-81883000.0,-920929000.0,581284000.0,728607000.0,922799000.0,79577000.0,1317858000.0,1317858000.0,1317858000.0,0.0,0.0,0.304,3024798000.0,1309782000.0,266448000,0.061,11.28,27.029,27.759,292748000,0.0,27.398,8.218,8.307,527065000,464585000,4334580000.0,4334580000.0,0.0,0.216,0.432,1.08,0.48,14509000.0,2902681000.0,1.0,1300096130,1314260000,1322200000.0,3.298,5824247000,285503000,706365000.0,76356000,4.432,2059196000
54,MA,ART,2007-12-31,2008-02-21,2007-12-31,2021-07-29,277746000,6260041000,5801930750.0,4591741000,1668300000,0.701,2.244,-156422000.0,1659295000,1659295000,0.0,1085886000.0,1.943,1.066,229824000,80000000,149824000,229824000,0,97642000.0,0,0.003,0.06,1728709000.0,1826351000.0,0.449,1826351000.0,1728709000.0,1671432000.0,0.805,0.8,0.805,3027307000,2913816750.0,3027307000,25384178090.0,15.0,13.899,613439000.0,0.455,1.0,4067599000.0,1.0,560384000,57277000.0,1906844000,2035505750.0,0,1503176000,1310687000,192489000,3228114000,2363342000,864772000,26813649090.0,474215000.0,0.0,-598935000.0,0.0,-74002000.0,-657507000.0,315141000.0,463654000.0,769861000.0,46720000.0,1085886000.0,1085886000.0,1085886000.0,0.0,0.0,0.267,2959487000.0,1108112000.0,252391000,0.075,8.857,24.693,25.401,290200000,0.0,20.448,6.592,6.781,532633000,37699000,4067599000.0,4067599000.0,0.0,0.187,0.373,0.849,0.425,42783000.0,2838445000.0,1.0,1311309130,1348870000,1356950000.0,3.016,5699657000,263143000,585546000.0,71278000,4.226,2228399000
55,MA,ART,2007-09-30,2007-10-31,2007-09-30,2021-07-29,414707000,6134980000,5507538000.0,4481330000,1653650000,0.696,2.344,-143192000.0,1687423000,1687423000,0.0,822555000.0,2.244,0.932,229747000,80000000,149747000,229747000,0,96220000.0,0,0.003,0.054,1333785000.0,1430005000.0,0.373,1430005000.0,1333785000.0,1274134000.0,0.606,0.603,0.606,3172718000,2748079750.0,3172718000,23561599338.0,18.0,16.477,777849000.0,0.575,1.0,3834075000.0,1.0,536987000,59651000.0,2143575000,2015565250.0,0,1782856000,1590368000,192488000,2957642000,1996742000,960900000,25019275338.0,266284000.0,0.0,-276081000.0,0.0,-66178000.0,-334661000.0,-360885000.0,-226757000.0,921041000.0,40789000.0,822555000.0,822555000.0,822555000.0,0.0,0.0,0.215,2852030000.0,982045000.0,246273000,0.089,7.886,30.417,31.338,280370000,0.0,18.991,6.526,6.705,536401000,-226368000,3834075000.0,3834075000.0,0.0,0.149,0.299,0.662,0.348,22927000.0,2726204000.0,1.0,1317428010,1353570000,1362280000.0,2.833,5597993000,290147000,451579000.0,130376000,4.136,2484588000
56,MA,ART,2007-06-30,2007-08-01,2007-06-30,2021-07-29,126355000,5606549000,5191780500.0,3988534000,1618015000,0.704,2.101,-137595000.0,1520323000,1520323000,0.0,701098000.0,2.182,0.963,229647000,80000000,149647000,229647000,0,99085000.0,0,0.003,0.048,1143905000.0,1242990000.0,0.34,1242990000.0,1143905000.0,1083936000.0,0.516,0.514,0.516,2853996000,2534947250.0,2853996000,18985619600.0,17.0,15.274,775146000.0,0.571,1.0,3653194000.0,1.0,508832000,59969000.0,1979425000,1891350500.0,0,1503251000,1310262000,192989000,2747933000,1827616000,920317000,20276295600.0,310467000.0,0.0,1083000.0,0.0,-45472000.0,-37655000.0,-589956000.0,-458401000.0,912741000.0,25337000.0,701098000.0,701098000.0,701098000.0,0.0,0.0,0.192,2749692000.0,903502000.0,236662000,0.093,7.105,28.921,29.07,269985000,0.0,15.0,5.55,5.579,480939000,-540830000,3653194000.0,3653194000.0,0.0,0.135,0.277,0.605,0.313,17811000.0,2631001000.0,1.0,1351753040,1358650000,1366870000.0,2.689,5097717000,278337000,382838000.0,67029000,3.752,2160918000
57,MA,ART,2007-03-31,2007-05-02,2007-03-31,2021-07-29,118997000,5206153000,4950628000.0,3608547000,1597606000,0.708,1.915,-118094000.0,1209819000,1209819000,0.0,138352000.0,2.239,1.0,229685000,0,229685000,229685000,0,98750000.0,0,0.003,0.033,501912000.0,600662000.0,0.171,600662000.0,501912000.0,437045000.0,0.1,0.099,0.1,2601246000,2350699750.0,2601246000,16087992966.0,32.0,26.784,562405000.0,0.414,1.0,3502724000.0,1.0,502097000,64867000.0,2112179000,1800944000.0,0,1492339000,1299350000,192989000,2600287000,1611743000,988544000,17068126966.0,715027000.0,0.0,0.0,0.0,-24530000.0,-20769000.0,-622341000.0,-504993000.0,680499000.0,27665000.0,138352000.0,138352000.0,138352000.0,0.0,0.0,0.039,3142004000.0,360720000.0,231443000,0.33,6.562,123.367,126.35,258032000,0.0,12.635,4.873,4.9,450372000,-793115000,3502724000.0,3502724000.0,0.0,0.028,0.059,0.279,0.143,17845000.0,2603512000.0,1.0,1350860860,1358470000,1365940000.0,2.578,4704056000,274434000,298693000.0,66822000,3.463,1996804000
58,MA,ART,2006-12-31,2007-02-28,2006-12-31,2021-07-29,103662000,5082470000,4576830000.0,3577229000,1505241000,0.727,1.746,-94468000.0,1185080000,1185080000,0.0,50190000.0,1.975,1.148,229668000,0,229668000,229668000,0,99782000.0,0,0.002,0.018,355323000.0,455105000.0,0.137,455105000.0,355323000.0,294172000.0,0.037,0.037,0.037,2364359000,2027315000.0,2364359000,13522790264.0,38.0,29.714,555693000.0,0.41,1.0,3326074000.0,1.0,488386000,61151000.0,1827082000,1661672250.0,0,1492318000,1298841000,193477000,2713491000,1811590000,901901000,14478202264.0,639807000.0,0.0,649973000.0,0.0,-12373000.0,637600000.0,-676226000.0,-581390000.0,650161000.0,28272000.0,50190000.0,50190000.0,50190000.0,0.0,0.0,0.015,3096579000.0,229495000.0,278656000,0.486,6.124,288.468,289.676,252731000,0.0,10.718,4.353,4.364,451261000,-1029196000,3326074000.0,3326074000.0,0.0,0.011,0.025,0.214,0.107,19181000.0,2557055000.0,1.0,1350830590,1354110000,1357790000.0,2.456,4594084000,216782000,243982000.0,66198000,3.393,1765639000
59,MA,ART,2006-09-30,2006-11-01,2006-09-30,2021-07-29,93574000,4871950000,4231348500.0,3358446000,1513504000,0.757,1.71,-87476000.0,1421139000,1421139000,0.0,-43620000.0,2.16,1.098,229588000,0,229588000,229588000,0,101622000.0,0,0.001,0.009,197943000.0,299565000.0,0.094,299565000.0,197943000.0,136226000.0,-0.014,-0.014,-0.014,2320188000,1728512250.0,2320188000,10290289818.0,52.0,34.351,283728000.0,0.209,1.0,3202829000.0,1.0,478996000,61717000.0,1646716000,1544277250.0,0,1096740000,903275000,193465000,2547142000,1554687000,992455000,11481840818.0,890151000.0,0.0,0.0,0.0,0.0,0.0,-146466000.0,-56208000.0,371204000.0,15440000.0,-43620000.0,-43620000.0,-43620000.0,0.0,0.0,-0.014,3117980000.0,84849000.0,193153000,-0.643,4.949,-263.224,-607.643,240315000,0.0,8.507,3.585,3.604,444946000,-1070098000,3202829000.0,3202829000.0,0.0,-0.01,-0.025,0.128,0.062,13372000.0,2565853000.0,1.0,1349693290,1356840000,1361340000.0,2.361,4392954000,239877000,179846000.0,64071000,3.238,1803759000
60,MA,ART,2006-06-30,2006-08-02,2006-06-30,2021-07-29,77796000,4641939000,3930951500.0,3161768000,1480171000,0.787,1.565,-72610000.0,1209856000,1209856000,0.0,-130539000.0,2.022,1.191,229580000,0,229580000,229580000,0,102753000.0,0,0.0,0.0,70607000.0,173360000.0,0.056,173360000.0,70607000.0,8074000.0,-0.05,-0.05,-0.05,2117006000,1457321500.0,2117006000,5770889837.0,82.0,33.288,186540000.0,0.138,1.0,3092465000.0,1.0,480441000,62533000.0,1617799000,1495505250.0,0,1065356000,871416000,193940000,2520313000,1563423000,956890000,6751165837.0,689775000.0,0.0,0.0,0.0,0.0,0.0,-229650000.0,-154862000.0,259150000.0,10302000.0,-130539000.0,-130539000.0,-130539000.0,0.0,0.0,-0.042,3134483000.0,-42018000.0,202816000,0.0,3.189,-51.718,-100.04,227900000,0.0,5.002,2.183,2.188,410321000,-1263102000,3092465000.0,3092465000.0,0.0,-0.033,-0.09,0.047,0.023,6825000.0,2533037000.0,1.0,1349693290,1352520000,1352520000.0,2.286,4161498000,229085000,138613000.0,64408000,3.077,1598345000
61,MA,ART,2006-03-31,2006-05-02,2006-03-31,2021-07-29,60829000,3710961000,3607447750.0,2246069000,1464892000,0.837,1.308,-76723000.0,494792000,494792000,0.0,300169000.0,1.584,1.834,229551000,0,229551000,229551000,0,106726000.0,0,,0.0,520002000.0,626728000.0,0.208,626728000.0,520002000.0,456060000.0,0.3,0.3,0.3,1307707000,1210202000.0,1307707000,,,,250967000.0,0.251,1.0,3017843000.0,1.0,472393000,63942000.0,1555092000,1427596250.0,0,1006124000,812184000,193940000,2398634000,1418235000,980399000,,134800000.0,0.0,0.0,0.0,0.0,0.0,-183750000.0,-105868000.0,327690000.0,-9140000.0,300169000.0,300169000.0,300169000.0,0.0,0.0,0.099,2593459000.0,424384000.0,173271000,0.0,,,,226764000,0.0,,,,324473000,272259000,3017843000.0,3017843000.0,0.0,0.083,0.248,0.364,0.172,0.0,2411575000.0,1.0,999777990,1000000000,1000000000.0,3.018,3238568000,217111000,155891000.0,62638000,3.239,827834000
62,MA,ART,2005-12-31,2006-03-16,2005-12-31,2021-07-29,49014000,3700544000,3491469750.0,2227898000,1472646000,0.841,1.169,-82003000.0,545273000,545273000,0.0,266719000.0,1.431,2.161,229489000,0,229489000,229489000,0,109936000.0,0,,0.0,477496000.0,587432000.0,0.2,587432000.0,477496000.0,407338000.0,0.267,0.267,0.267,1169148000,1142807000.0,1169148000,,,,190845000.0,0.191,1.0,2937628000.0,1.0,470555000,70158000.0,1357502000,1379061500.0,0,931022000,736619000,194403000,2526776000,1556703000,970073000,,216277000.0,0.0,0.0,0.0,0.0,0.0,-33655000.0,49388000.0,272848000.0,-22916000.0,266719000.0,266719000.0,266719000.0,0.0,0.0,0.091,2544444000.0,393184000.0,185021000,0.0,,,,230614000,0.0,,,,347754000,145515000,2937628000.0,2937628000.0,0.0,0.076,0.233,0.346,0.163,0.0,2359350000.0,1.0,1000003480,1000000000,1000000000.0,2.938,3229989000,225034000,140619000.0,61188000,3.23,671195000
63,MA,ART,2005-09-30,2005-11-03,2005-09-30,2021-07-29,62383000,3670362000,3382501250.0,2251573000,1418789000,0.859,1.235,-89045000.0,530988000,530988000,0.0,320897000.0,1.574,1.967,229460000,0,229460000,229460000,0,114564000.0,0,,0.0,543999000.0,658563000.0,0.227,658563000.0,543999000.0,474576000.0,0.32,0.32,0.32,1235425000,1094258000.0,1235425000,,,,309121000.0,0.309,1.0,2905614000.0,1.0,486411000,69423000.0,1451628000,1368996750.0,0,1054973000,860570000,194403000,2430317000,1430795000,999522000,,78236000.0,0.0,0.0,-7642000.0,0.0,-7642000.0,-305116000.0,-217516000.0,398166000.0,-7172000.0,320897000.0,320897000.0,320897000.0,0.0,0.0,0.11,2433584000.0,472030000.0,182207000,0.0,,,,227879000,0.0,,,,368594000,198423000,2905614000.0,2905614000.0,0.0,0.095,0.293,0.397,0.187,0.0,2267187000.0,1.0,1000003480,1000000000,,2.906,3183951000,274733000,153679000.0,62845000,3.184,820778000
64,MA,ART,2005-06-30,2005-08-05,2005-06-30,2021-07-29,67822000,3347924000,3259210750.0,2038701000,1309223000,0.854,1.129,-96814000.0,520081000,520081000,0.0,312327000.0,1.669,1.963,229476000,0,229476000,229476000,0,117471000.0,0,,0.0,520976000.0,638447000.0,0.23,638447000.0,520976000.0,451334000.0,0.312,0.312,0.312,1128528000,1016935750.0,1128528000,,,,299331000.0,0.299,1.0,2781850000.0,1.0,489578000,69642000.0,1346163000,1286133250.0,0,937512000,742657000,194855000,2214776000,1221578000,993198000,,204203000.0,0.0,0.0,0.0,0.0,0.0,-186168000.0,-93061000.0,396145000.0,-5774000.0,312327000.0,312327000.0,312327000.0,0.0,0.0,0.112,2308162000.0,473688000.0,177891000,0.0,,,,230720000,0.0,,,,324589000,92338000,2781850000.0,2781850000.0,0.0,0.096,0.307,0.405,0.187,0.0,2172934000.0,1.0,1000003480,1000000000,,2.782,2858346000,249156000,139007000.0,63548000,2.858,817123000
65,MA,ART,2005-03-31,2005-05-09,2005-03-31,2021-07-29,97669000,3247049000,3158518000.0,1919881000,1327168000,0.841,1.038,-85381000.0,359992000,359992000,0.0,257786000.0,1.556,2.123,229536000,0,229536000,229536000,0,120239000.0,0,,0.0,422964000.0,543203000.0,0.204,543203000.0,422964000.0,354115000.0,0.258,0.258,0.258,1038127000,940035750.0,1038127000,,,,231289000.0,0.231,1.0,2657258000.0,1.0,521801000,68849000.0,1360953000,1227441750.0,0,919611000,724756000,194855000,2204302000,1233839000,970463000,,140921000.0,-10995000.0,0.0,0.0,0.0,0.0,-182978000.0,-88634000.0,316670000.0,7229000.0,257786000.0,257786000.0,257786000.0,0.0,0.0,0.097,2277545000.0,379713000.0,199152000,0.0,,,,233682000,0.0,,,,299320000,-27910000,2657258000.0,2657258000.0,0.0,0.082,0.274,0.345,0.159,0.0,2135653000.0,1.0,1000000000,1000000000,,2.657,2725248000,233366000,96329000.0,68974000,2.725,686042000
66,MA,ART,2004-12-31,2005-03-02,2004-12-31,2021-07-29,127788000,3264670000,3054497250.0,1902796000,1361874000,0.849,0.975,-78155000.0,328996000,328996000,0.0,238060000.0,1.462,2.344,229569000,0,229569000,229569000,0,123317000.0,0,,0.0,393422000.0,516739000.0,0.199,516739000.0,393422000.0,323700000.0,0.238,0.238,0.238,974952000,871042500.0,974952000,,,,265640000.0,0.266,1.0,2593330000.0,1.0,546638000,69722000.0,1317243000,1173442250.0,0,1004188000,808893000,195295000,2285098000,1301362000,983736000,,80877000.0,-29861000.0,0.0,0.0,0.0,0.0,-274514000.0,-162656000.0,343795000.0,11596000.0,238060000.0,238060000.0,238060000.0,0.0,0.0,0.092,2246658000.0,346672000.0,187035000,0.0,,,,242358000,0.0,,,,293292000,-121204000,2593330000.0,2593330000.0,0.0,0.078,0.273,0.335,0.152,0.0,2101688000.0,1.0,1000000000,1000000000,,2.593,2718032000,235023000,85640000.0,73227000,2.718,601434000
67,MA,ART,2004-09-30,2004-11-09,2004-09-30,2021-07-29,80242000,3177200000,2963556000.0,1872429000,1304771000,0.836,0.926,-81231000.0,578802000,578802000,0.0,169662000.0,1.563,2.426,237150000,7642000,229508000,237150000,0,123105000.0,0,,0.0,309323000.0,432428000.0,0.175,432428000.0,309323000.0,236996000.0,0.171,0.171,0.171,926136000,801984750.0,926136000,,,,212904000.0,0.213,1.0,2477000000.0,1.0,517587000,72327000.0,1120174000,1107116750.0,0,732721000,537426000,195295000,2246444000,1197787000,1048657000,,164166000.0,-29861000.0,0.0,7642000.0,0.0,7642000.0,-141522000.0,-24943000.0,294135000.0,3911000.0,169662000.0,169662000.0,169662000.0,0.0,0.0,0.068,2213463000.0,263537000.0,168777000,0.0,,,,232654000,0.0,,,,284944000,-122474000,2477000000.0,2477000000.0,0.0,0.057,0.212,0.279,0.125,0.0,2029890000.0,1.0,1000000000,1000000000,,2.477,2659613000,248272000,67334000.0,67271000,2.66,674642000
68,MA,ART,2004-06-30,2004-08-05,2004-06-30,2021-07-29,72549000,2945153000,2883005500.0,1665440000,1279713000,0.834,0.821,-78063000.0,441928000,441928000,0.0,146546000.0,1.513,2.582,229515000,0,229515000,229515000,0,122111000.0,0,,0.0,280978000.0,403089000.0,0.168,403089000.0,280978000.0,207721000.0,0.147,0.147,0.147,820928000,753434250.0,820928000,,,,210041000.0,0.21,1.0,2403328000.0,1.0,520556000,73257000.0,1111397000,1114734750.0,0,731126000,535403000,195723000,2119605000,1100787000,1018818000,,136917000.0,-29861000.0,0.0,0.0,0.0,0.0,-154822000.0,-37822000.0,288104000.0,3635000.0,146546000.0,146546000.0,146546000.0,0.0,0.0,0.061,2170442000.0,232886000.0,129996000,0.0,,,,237130000,0.0,,,,253303000,-219989000,2403328000.0,2403328000.0,0.0,0.051,0.195,0.252,0.117,0.0,2001975000.0,1.0,1000000000,1000000000,,2.403,2424597000,225828000,61175000.0,58038000,2.425,564653000
69,MA,ART,2004-03-31,2004-05-10,2004-03-31,2021-07-29,79482000,2830966000,2836026750.0,1552699000,1278267000,0.816,0.762,-101416000.0,345121000,345121000,0.0,113166000.0,1.475,2.708,229603000,0,229603000,229603000,0,121270000.0,0,,0.0,242849000.0,364119000.0,0.157,364119000.0,242849000.0,167528000.0,0.113,0.113,0.113,762154000,710910000.0,762154000,,,,250869000.0,0.251,1.0,2312946000.0,1.0,517719000,75321000.0,1144955000,1126699000.0,0,734260000,538537000,195723000,2064192000,1052774000,1011418000,,203902000.0,-18866000.0,0.0,0.0,0.0,0.0,-153942000.0,-27469000.0,352285000.0,5559000.0,113166000.0,113166000.0,113166000.0,0.0,0.0,0.049,2128576000.0,184370000.0,166874000,0.0,,,,244933000,0.0,,,,230367000,-285696000,2312946000.0,2312946000.0,0.0,0.04,0.159,0.216,0.105,0.0,1964846000.0,1.0,1000000000,1000000000,,2.313,2313247000,220190000,54362000.0,68913000,2.313,499925000
70,MA,ART,2003-12-31,2004-03-04,2003-12-31,2021-07-29,89617000,2900905000,2765288000.0,1609850000,1291055000,0.807,0.699,-143470000.0,374169000,374169000,0.0,-385793000.0,1.354,3.145,229574000,0,229574000,229574000,0,119551000.0,0,,0.0,-543635000.0,-424084000.0,-0.19,-424084000.0,-543635000.0,-606571000.0,-0.386,-0.386,-0.386,698721000,670128750.0,698721000,,,,46975000.0,0.047,1.0,2230851000.0,1.0,515511000,62936000.0,1051941000,1151548000.0,0,732482000,536341000,196141000,2197564000,1188858000,1008706000,,37695000.0,0.0,0.0,0.0,0.0,0.0,-161683000.0,-16479000.0,190445000.0,8933000.0,-385793000.0,-385793000.0,-385793000.0,0.0,0.0,-0.173,2832713000.0,-601862000.0,202604000,0.0,,,,258520000,0.0,,,,259429000,-359264000,2230851000.0,2230851000.0,0.0,-0.14,-0.576,-0.472,-0.244,0.0,1949702000.0,1.0,1000000000,1000000000,,2.231,2385394000,223908000,-220778000.0,64125000,2.385,420992000
71,MA,ART,2003-09-30,2003-11-07,2003-09-30,2021-07-29,55702000,2854998000,2605280500.0,1570143000,1284855000,0.834,0.732,-145254000.0,414636000,414636000,0.0,-370151000.0,1.515,2.894,229546000,0,229546000,229546000,0,116130000.0,0,,0.0,-558921000.0,-442791000.0,-0.204,-442791000.0,-558921000.0,-603968000.0,-0.39,-0.39,-0.39,731934000,751300000.0,731934000,,,,176448000.0,0.176,1.0,2172512000.0,1.0,482917000,45047000.0,1150646000,1047592750.0,0,730848000,538462000,192386000,2118444000,1036345000,1082099000,,144697000.0,659000.0,0.0,-172000.0,0.0,-172000.0,-182206000.0,-27707000.0,321702000.0,5373000.0,-370151000.0,-370151000.0,-370151000.0,0.0,0.0,-0.17,2787030000.0,-614518000.0,143930000,0.0,,,,250419000,0.0,,,,213497000,-292136000,2172512000.0,2172512000.0,0.0,-0.142,-0.493,-0.534,-0.257,0.0,1949900000.0,1.0,1000000000,1000000000,,2.173,2372081000,256575000,-233817000.0,70702000,2.372,533798000
72,MA,ART,2003-06-30,2003-08-08,2003-06-30,2021-07-29,48998000,2757238000,2436499500.0,1486244000,1270994000,0.869,0.651,-150449000.0,305011000,305011000,0.0,-366620000.0,1.432,3.229,229536000,0,229536000,229536000,0,115540000.0,0,,0.0,-562906000.0,-447366000.0,-0.211,-447366000.0,-562906000.0,-592352000.0,-0.386,-0.386,-0.386,650831000,832725250.0,650831000,,,,71412000.0,0.071,1.0,2117778000.0,1.0,484898000,29446000.0,1159254000,948646500.0,0,725228000,532435000,192793000,2101787000,1037611000,1064176000,,-4391000.0,-35171000.0,0.0,-25363000.0,0.0,-25363000.0,-205672000.0,-10735000.0,221861000.0,4783000.0,-366620000.0,-366620000.0,-366620000.0,0.0,0.0,-0.173,2724669000.0,-606891000.0,146344000,0.0,,,,255638000,0.0,,,,210280000,-366535000,2117778000.0,2117778000.0,0.0,-0.15,-0.44,-0.593,-0.266,0.0,1888129000.0,1.0,1000000000,1000000000,,2.118,2272340000,241615000,-225732000.0,71150000,2.272,448633000
73,MA,ART,2003-03-31,2003-05-14,2003-03-31,2021-07-29,29523000,2548011000,2252506000.0,1342844000,1205167000,0.892,0.599,,141219000,141219000,0.0,-362558000.0,1.437,3.245,229577000,0,229577000,229577000,0,,0,,0.0,-573237000.0,,,,-573237000.0,-586022000.0,-0.368,-0.368,-0.368,599029000,914233250.0,599029000,,,,,,1.0,2009642000.0,1.0,457670000,12785000.0,1244351000,834538250.0,0,684486000,524320000,160166000,1944103000,934348000,1009755000,,,,,,,,,,,,-362558000.0,-362558000.0,-362558000.0,0.0,0.0,-0.18,2613729000.0,-604087000.0,129063000,0.0,,,,251089000,0.0,,,,202925000,-398862000,2009642000.0,2009642000.0,0.0,-0.161,-0.397,-0.687,-0.285,,1788853000.0,1.0,1000000000,1000000000,,2.01,2090341000,235352000,-223464000.0,68078000,2.09,408496000
74,MA,ART,2002-12-31,2003-03-07,2002-12-31,2021-07-29,28509000,2260875000,,1455638000,805237000,,1.023,-101365000.0,336474000,336474000,0.0,116429000.0,1.566,1.209,80107000,0,80107000,80107000,0,90505000.0,0,,0.0,168279000.0,258784000.0,0.137,258784000.0,168279000.0,158388000.0,0.135,0.135,0.135,1023406000,,1023406000,,,,204407000.0,0.204,1.0,1891811000.0,1.0,438644000,9891000.0,636120000,,0,535450000,535450000,0,1236825000,929744000,307081000,,160331000.0,37839000.0,0.0,-34893000.0,0.0,-34893000.0,-111855000.0,-39861000.0,305772000.0,1307000.0,116429000.0,116429000.0,116429000.0,0.0,0.0,0.062,1749814000.0,141997000.0,172242000,0.0,,,,226720000,0.0,,,,198855000,26529000,1891811000.0,1891811000.0,0.0,,,,0.089,0.0,1659309000.0,1.0,1000000000,1000000000,,1.892,1822231000,41337000,41959000.0,67445000,1.822,525894000
75,MA,ART,2002-09-30,2002-11-14,2002-09-30,2021-07-29,11252000,2179874000,,1404785000,775089000,,1.058,,269939000,269939000,,,1.706,1.061,80481000,0,80481000,80481000,0,,0,,0.0,,,,,,,,,,1057635000,,1057635000,,,,,,1.0,,,412020000,,754861000,,0,512446000,512446000,0,1122025000,823535000,298490000,,,,,,,,,,,,,,,,,,,,104262000,,,,,215839000,,,,,200650000,78015000,,,,,,,,,,1.0,1000000000,1000000000,,,1767854000,53850000,,0,1.768,581250000
76,MA,ART,2002-06-30,2002-08-14,2002-06-30,2021-07-29,8410000,2021264000,,1282250000,739014000,,0.977,,309402000,309402000,,,1.735,1.069,148049000,67570000,80479000,148049000,0,,0,,0.0,,,,,,,,,,976863000,,976863000,,,,,,1.0,,,418040000,,702821000,,0,516969000,516969000,0,1044195000,739050000,305145000,,,,,,,,,,,,,,,,,,,,114713000,,,,,213157000,,,,,193331000,85000,,,,,,,,,,1.0,1000000000,1000000000,,,1603224000,51475000,,0,1.603,543200000
