None,ticker,dimension,calendardate,datekey,reportperiod,lastupdated,accoci,assets,assetsavg,assetsc,assetsnc,assetturnover,bvps,capex,cashneq,cashnequsd,cor,consolinc,currentratio,de,debt,debtc,debtnc,debtusd,deferredrev,depamor,deposits,divyield,dps,ebit,ebitda,ebitdamargin,ebitdausd,ebitusd,ebt,eps,epsdil,epsusd,equity,equityavg,equityusd,ev,evebit,evebitda,fcf,fcfps,fxusd,gp,grossmargin,intangibles,intexp,invcap,invcapavg,inventory,investments,investmentsc,investmentsnc,liabilities,liabilitiesc,liabilitiesnc,marketcap,ncf,ncfbus,ncfcommon,ncfdebt,ncfdiv,ncff,ncfi,ncfinv,ncfo,ncfx,netinc,netinccmn,netinccmnusd,netincdis,netincnci,netmargin,opex,opinc,payables,payoutratio,pb,pe,pe1,ppnenet,prefdivis,price,ps,ps1,receivables,retearn,revenue,revenueusd,rnd,roa,roe,roic,ros,sbcomp,sgna,sharefactor,sharesbas,shareswa,shareswadil,sps,tangibles,taxassets,taxexp,taxliabilities,tbvps,workingcapital
0,MA,MRY,2020-12-31,2020-12-31,2020-12-31,2021-07-29,-680000000.0,33584000000.0,31988250000.0,19113000000.0,14471000000.0,0.478,6.378,-708000000.0,11809000000.0,11809000000.0,0.0,6411000000.0,1.613,4.235,12672000000.0,649000000.0,12023000000.0,12672000000.0,0.0,580000000.0,1696000000.0,0.004,1.6,8140000000.0,8720000000.0,0.57,8720000000.0,8140000000.0,7760000000.0,6.4,6.37,6.4,6391000000.0,6013750000.0,6391000000.0,356623533715.0,44.0,40.897,6516000000.0,6.503,1.0,15301000000.0,1.0,6713000000.0,380000000.0,15887000000.0,16313500000.0,0.0,483000000.0,483000000.0,0.0,27067000000.0,11847000000.0,15220000000.0,355842533715.0,3450000000.0,-989000000.0,-4376000000.0,3959000000.0,-1605000000.0,-2152000000.0,-1879000000.0,-10000000.0,7224000000.0,257000000.0,6411000000.0,6411000000.0,6411000000.0,0.0,0.0,0.419,7220000000.0,8081000000.0,527000000.0,0.25,55.679,55.505,55.772,1902000000.0,0.0,356.94,23.256,23.375,2646000000.0,38747000000.0,15301000000.0,15301000000.0,0.0,0.2,1.066,0.499,0.532,254000000.0,6567000000.0,1.0,996925348.0,1002000000.0,1006000000.0,15.27,26871000000.0,491000000.0,1349000000.0,86000000.0,26.817,7266000000.0
1,MA,MRY,2019-12-31,2019-12-31,2019-12-31,2021-07-29,-673000000.0,29236000000.0,25867000000.0,16902000000.0,12334000000.0,0.653,5.794,-728000000.0,8358000000.0,8358000000.0,0.0,8118000000.0,1.42,3.945,8527000000.0,0.0,8527000000.0,8527000000.0,0.0,522000000.0,1370000000.0,0.004,1.32,9955000000.0,10477000000.0,0.621,10477000000.0,9955000000.0,9731000000.0,7.98,7.94,7.98,5893000000.0,5254500000.0,5893000000.0,302697610093.0,30.0,28.892,7455000000.0,7.33,1.0,16883000000.0,1.0,5438000000.0,224000000.0,12063000000.0,10998000000.0,0.0,688000000.0,688000000.0,0.0,23245000000.0,11904000000.0,11341000000.0,301236610093.0,632000000.0,-1440000000.0,-6371000000.0,2224000000.0,-1345000000.0,-5867000000.0,-1640000000.0,532000000.0,8183000000.0,-44000000.0,8118000000.0,8118000000.0,8118000000.0,0.0,0.0,0.481,7219000000.0,9664000000.0,489000000.0,0.165,51.118,37.107,37.417,1828000000.0,0.0,298.59,17.843,17.986,2514000000.0,33984000000.0,16883000000.0,16883000000.0,0.0,0.314,1.545,0.905,0.59,250000000.0,6697000000.0,1.0,1008863693.0,1017000000.0,1022000000.0,16.601,23798000000.0,543000000.0,1613000000.0,85000000.0,23.4,4998000000.0
2,MA,MRY,2018-12-31,2018-12-31,2018-12-31,2021-07-29,-718000000.0,24860000000.0,23403750000.0,16171000000.0,8689000000.0,0.639,5.183,-504000000.0,7762000000.0,7762000000.0,0.0,5859000000.0,1.395,3.591,6334000000.0,500000000.0,5834000000.0,6334000000.0,0.0,459000000.0,1080000000.0,0.005,1.0,7390000000.0,7849000000.0,0.525,7849000000.0,7390000000.0,7204000000.0,5.63,5.6,5.63,5395000000.0,5532500000.0,5395000000.0,193289659976.0,26.0,24.626,5719000000.0,5.494,1.0,14950000000.0,1.0,3895000000.0,186000000.0,7944000000.0,8024500000.0,0.0,1696000000.0,1696000000.0,0.0,19371000000.0,11593000000.0,7778000000.0,194836659976.0,745000000.0,0.0,-4829000000.0,991000000.0,-1044000000.0,-4966000000.0,-506000000.0,12000000.0,6223000000.0,-6000000.0,5859000000.0,5859000000.0,5859000000.0,0.0,0.0,0.392,7668000000.0,7282000000.0,537000000.0,0.178,36.114,33.254,33.508,921000000.0,0.0,188.65,13.033,13.136,2276000000.0,27283000000.0,14950000000.0,14950000000.0,0.0,0.25,1.059,0.921,0.494,196000000.0,6081000000.0,1.0,1032794381.0,1041000000.0,1047000000.0,14.361,20965000000.0,570000000.0,1345000000.0,67000000.0,20.139,4578000000.0
3,MA,MRY,2017-12-31,2017-12-31,2017-12-31,2021-07-29,-497000000.0,21329000000.0,20163000000.0,13797000000.0,7532000000.0,0.62,5.125,-423000000.0,7018000000.0,7018000000.0,0.0,3915000000.0,1.569,2.882,5424000000.0,0.0,5424000000.0,5424000000.0,0.0,437000000.0,1085000000.0,0.006,0.88,6676000000.0,7113000000.0,0.569,7113000000.0,6676000000.0,6522000000.0,3.67,3.65,3.67,5468000000.0,5843250000.0,5468000000.0,159047328096.0,24.0,22.36,5241000000.0,4.912,1.0,12497000000.0,1.0,4155000000.0,154000000.0,6787000000.0,7278500000.0,0.0,1849000000.0,1849000000.0,0.0,15761000000.0,8793000000.0,6968000000.0,160239328096.0,-681000000.0,-1175000000.0,-3705000000.0,-64000000.0,-942000000.0,-4764000000.0,-1781000000.0,-182000000.0,5664000000.0,200000000.0,3915000000.0,3915000000.0,3915000000.0,0.0,0.0,0.313,5875000000.0,6622000000.0,933000000.0,0.24,29.305,40.93,41.243,829000000.0,0.0,151.36,12.822,12.923,1969000000.0,22364000000.0,12497000000.0,12497000000.0,0.0,0.194,0.67,0.917,0.534,176000000.0,5424000000.0,1.0,1058663637.0,1067000000.0,1072000000.0,11.712,17174000000.0,250000000.0,2607000000.0,106000000.0,16.096,5004000000.0
4,MA,MRY,2016-12-31,2016-12-31,2016-12-31,2021-07-29,-924000000.0,18675000000.0,17046250000.0,13228000000.0,5447000000.0,0.632,5.151,-382000000.0,7712000000.0,7712000000.0,0.0,4059000000.0,1.836,2.297,5180000000.0,0.0,5180000000.0,5180000000.0,0.0,373000000.0,991000000.0,0.007,0.76,5741000000.0,6114000000.0,0.567,6114000000.0,5741000000.0,5646000000.0,3.7,3.69,3.7,5656000000.0,5797750000.0,5656000000.0,109626690724.0,19.0,17.93,4255000000.0,3.875,1.0,10776000000.0,1.0,2478000000.0,95000000.0,6459000000.0,4983750000.0,0.0,1614000000.0,1614000000.0,0.0,12991000000.0,7206000000.0,5785000000.0,112502690724.0,1080000000.0,0.0,-3474000000.0,1972000000.0,-837000000.0,-2344000000.0,-1163000000.0,-783000000.0,4637000000.0,-50000000.0,4059000000.0,4059000000.0,4059000000.0,0.0,0.0,0.377,5015000000.0,5761000000.0,609000000.0,0.205,19.891,27.717,27.905,733000000.0,0.0,103.25,10.44,10.52,1416000000.0,19418000000.0,10776000000.0,10776000000.0,0.0,0.238,0.7,1.152,0.533,101000000.0,4525000000.0,1.0,1089614438.0,1098000000.0,1101000000.0,9.814,16197000000.0,307000000.0,1587000000.0,81000000.0,14.751,6022000000.0
5,MA,MRY,2015-12-31,2015-12-31,2015-12-31,2021-07-29,-676000000.0,16250000000.0,15197250000.0,10984000000.0,5266000000.0,0.636,5.316,-342000000.0,6642000000.0,6642000000.0,0.0,3808000000.0,1.752,1.69,3268000000.0,0.0,3268000000.0,3268000000.0,0.0,366000000.0,895000000.0,0.007,0.64,5019000000.0,5385000000.0,0.557,5385000000.0,5019000000.0,4958000000.0,3.36,3.35,3.36,6028000000.0,6250000000.0,6028000000.0,106059766182.0,21.0,19.695,3759000000.0,3.315,1.0,9667000000.0,1.0,2694000000.0,61000000.0,3913000000.0,3166500000.0,0.0,991000000.0,991000000.0,0.0,10188000000.0,6269000000.0,3919000000.0,109312766182.0,610000000.0,-584000000.0,-3491000000.0,1735000000.0,-727000000.0,-2516000000.0,-715000000.0,212000000.0,4101000000.0,-260000000.0,3808000000.0,3808000000.0,3808000000.0,0.0,0.0,0.394,4589000000.0,5078000000.0,472000000.0,0.19,18.134,28.706,28.976,675000000.0,0.0,97.36,11.308,11.421,1079000000.0,16222000000.0,9667000000.0,9667000000.0,0.0,0.251,0.609,1.585,0.519,80000000.0,4162000000.0,1.0,1122768757.0,1134000000.0,1137000000.0,8.525,13556000000.0,317000000.0,1150000000.0,79000000.0,11.954,4715000000.0
6,MA,MRY,2014-12-31,2014-12-31,2014-12-31,2021-07-29,-260000000.0,15329000000.0,14791250000.0,10997000000.0,4332000000.0,0.638,5.828,-334000000.0,6087000000.0,6087000000.0,0.0,3617000000.0,1.767,1.253,1494000000.0,0.0,1494000000.0,1494000000.0,0.0,321000000.0,950000000.0,0.005,0.44,5127000000.0,5448000000.0,0.577,5448000000.0,5127000000.0,5079000000.0,3.11,3.1,3.11,6790000000.0,6531000000.0,6790000000.0,95408994985.0,19.0,17.513,3073000000.0,2.638,1.0,9441000000.0,1.0,2236000000.0,48000000.0,2278000000.0,3091000000.0,0.0,1238000000.0,1238000000.0,0.0,8505000000.0,6222000000.0,2283000000.0,99329994985.0,1538000000.0,-525000000.0,-3358000000.0,1530000000.0,-515000000.0,-2339000000.0,690000000.0,1450000000.0,3407000000.0,-220000000.0,3617000000.0,3617000000.0,3617000000.0,0.0,0.0,0.383,4335000000.0,5106000000.0,419000000.0,0.141,14.629,27.462,27.704,615000000.0,0.0,86.16,10.521,10.632,1109000000.0,13169000000.0,9441000000.0,9441000000.0,0.0,0.245,0.554,1.659,0.543,-15000000.0,4014000000.0,1.0,1152855095.0,1165000000.0,1169000000.0,8.104,13093000000.0,396000000.0,1462000000.0,115000000.0,11.239,4775000000.0
7,MA,MRY,2013-12-31,2013-12-31,2013-12-31,2021-07-29,178000000.0,14242000000.0,12950500000.0,10950000000.0,3292000000.0,0.642,6.18,-299000000.0,4510000000.0,4510000000.0,0.0,3116000000.0,1.815,0.902,0.0,0.0,0.0,0.0,0.0,258000000.0,911000000.0,0.003,0.21,4514000000.0,4772000000.0,0.574,4772000000.0,4514000000.0,4500000000.0,2.57,2.56,2.57,7484000000.0,7225500000.0,7484000000.0,96279658835.0,21.0,20.176,3836000000.0,3.168,1.0,8312000000.0,1.0,1794000000.0,14000000.0,1906000000.0,2477000000.0,0.0,2696000000.0,2696000000.0,0.0,6747000000.0,6032000000.0,715000000.0,100570658835.0,1547000000.0,0.0,-2417000000.0,35000000.0,-255000000.0,-2629000000.0,-4000000.0,319000000.0,4135000000.0,45000000.0,3116000000.0,3116000000.0,3116000000.0,0.0,0.0,0.375,3809000000.0,4503000000.0,338000000.0,0.082,13.438,32.276,32.508,526000000.0,0.0,83.546,12.099,12.172,966000000.0,10121000000.0,8312000000.0,8312000000.0,0.0,0.241,0.431,1.822,0.543,63000000.0,3456000000.0,1.0,1203775870.0,1211000000.0,1215000000.0,6.864,12448000000.0,303000000.0,1384000000.0,117000000.0,10.279,4918000000.0
8,MA,MRY,2012-12-31,2012-12-31,2012-12-31,2021-07-29,61000000.0,12462000000.0,11738250000.0,9357000000.0,3105000000.0,0.63,5.52,-218000000.0,2829000000.0,2829000000.0,0.0,2759000000.0,1.907,0.8,0.0,0.0,0.0,0.0,0.0,230000000.0,777000000.0,0.002,0.105,3953000000.0,4183000000.0,0.566,4183000000.0,3953000000.0,3933000000.0,2.2,2.19,2.2,6917000000.0,6616250000.0,6917000000.0,57226921481.0,14.0,13.681,2730000000.0,2.179,1.0,7391000000.0,1.0,1764000000.0,20000000.0,2963000000.0,1830750000.0,0.0,2951000000.0,2951000000.0,0.0,5533000000.0,4906000000.0,627000000.0,61046921481.0,-1682000000.0,-70000000.0,-1717000000.0,0.0,-132000000.0,-1798000000.0,-2839000000.0,-1700000000.0,2948000000.0,7000000.0,2759000000.0,2759000000.0,2759000000.0,0.0,0.0,0.373,3454000000.0,3937000000.0,357000000.0,0.048,8.826,22.126,22.331,472000000.0,0.0,49.128,8.26,8.329,925000000.0,7354000000.0,7391000000.0,7391000000.0,0.0,0.235,0.417,2.159,0.535,0.0,3204000000.0,1.0,1242609540.0,1253000000.0,1258000000.0,5.899,10698000000.0,188000000.0,1174000000.0,104000000.0,8.538,4451000000.0
9,MA,MRY,2011-12-31,2011-12-31,2011-12-31,2021-07-29,-2000000.0,10693000000.0,9473500000.0,7741000000.0,2952000000.0,0.709,4.588,-177000000.0,4370000000.0,4370000000.0,0.0,1906000000.0,1.836,0.821,0.0,0.0,0.0,0.0,0.0,194000000.0,636000000.0,0.002,0.06,2773000000.0,2967000000.0,0.442,2967000000.0,2773000000.0,2748000000.0,1.49,1.48,1.49,5868000000.0,5625250000.0,5868000000.0,42928470708.0,15.0,14.469,2507000000.0,1.96,1.0,6714000000.0,1.0,1679000000.0,25000000.0,427000000.0,687750000.0,0.0,1215000000.0,1215000000.0,0.0,4816000000.0,4217000000.0,599000000.0,47317470708.0,667000000.0,-460000000.0,-1129000000.0,0.0,-77000000.0,-1215000000.0,-748000000.0,-125000000.0,2684000000.0,-54000000.0,1906000000.0,1906000000.0,1906000000.0,0.0,0.0,0.284,4001000000.0,2713000000.0,360000000.0,0.04,8.064,24.826,25.021,449000000.0,0.0,37.282,7.048,7.102,808000000.0,4745000000.0,6714000000.0,6714000000.0,0.0,0.201,0.339,4.032,0.413,35000000.0,3037000000.0,1.0,1269177370.0,1279000000.0,1284000000.0,5.249,9014000000.0,431000000.0,842000000.0,113000000.0,7.048,3524000000.0
10,MA,MRY,2010-12-31,2010-12-31,2010-12-31,2021-07-29,95000000.0,8837000000.0,7930250000.0,6454000000.0,2383000000.0,0.698,3.973,-151000000.0,3560000000.0,3560000000.0,0.0,1847000000.0,2.053,0.696,0.0,0.0,0.0,0.0,0.0,148000000.0,493000000.0,0.003,0.06,2808000000.0,2956000000.0,0.534,2956000000.0,2808000000.0,2756000000.0,1.41,1.405,1.41,5205000000.0,4497000000.0,5205000000.0,25859779233.0,9.0,8.748,1546000000.0,1.18,1.0,5539000000.0,1.0,1207000000.0,52000000.0,927000000.0,1118250000.0,0.0,1273000000.0,1131000000.0,142000000.0,3621000000.0,3143000000.0,478000000.0,29331779233.0,1012000000.0,-498000000.0,11000000.0,0.0,-79000000.0,19000000.0,-641000000.0,11000000.0,1697000000.0,-63000000.0,1846000000.0,1846000000.0,1846000000.0,0.0,1000000.0,0.333,2787000000.0,2752000000.0,272000000.0,0.043,5.635,15.889,15.894,439000000.0,0.0,22.411,5.296,5.3,650000000.0,2915000000.0,5539000000.0,5539000000.0,0.0,0.233,0.41,2.511,0.507,-22000000.0,2639000000.0,1.0,1308811710.0,1310000000.0,1310000000.0,4.228,7630000000.0,221000000.0,910000000.0,74000000.0,5.824,3311000000.0
11,MA,MRY,2009-12-31,2009-12-31,2009-12-31,2021-07-29,194000000.0,7470000000.0,6952148250.0,5003000000.0,2467000000.0,0.733,2.695,-140000000.0,2501000000.0,2501000000.0,0.0,1463000000.0,1.58,1.13,22000000.0,0.0,22000000.0,22000000.0,0.0,141000000.0,446000000.0,0.002,0.06,2333000000.0,2474000000.0,0.485,2474000000.0,2333000000.0,2218000000.0,1.119,1.116,1.119,3504000000.0,2902288500.0,3504000000.0,30658304635.0,13.0,12.392,1238000000.0,0.952,1.0,5099000000.0,1.0,724000000.0,115000000.0,1100000000.0,1035851750.0,0.0,1342000000.0,824000000.0,518000000.0,3958000000.0,3167000000.0,791000000.0,33213774635.0,550000000.0,-3000000.0,9000000.0,-149000000.0,-79000000.0,-185000000.0,-664000000.0,-517000000.0,1378000000.0,21000000.0,1463000000.0,1463000000.0,1463000000.0,0.0,0.0,0.287,2839000000.0,2260000000.0,290000000.0,0.054,9.479,22.703,22.876,449000000.0,0.0,25.598,6.514,6.526,536000000.0,1148000000.0,5099000000.0,5099000000.0,0.0,0.21,0.504,2.252,0.458,49000000.0,2698000000.0,1.0,1297514440.0,1300000000.0,1300000000.0,3.922,6746000000.0,508000000.0,755000000.0,80000000.0,5.189,1836000000.0
12,MA,MRY,2008-12-31,2008-12-31,2008-12-31,2021-07-29,108837000.0,6475849000.0,6758651500.0,4311507000.0,2164342000.0,0.739,1.483,-171000000.0,1688405000.0,1688405000.0,0.0,-254000000.0,1.442,2.358,168767000.0,149380000.0,19387000.0,168767000.0,0.0,112000000.0,183245000.0,0.004,0.06,-279000000.0,-167000000.0,-0.033,-167000000.0,-279000000.0,-383000000.0,-0.194,-0.194,-0.194,1927355000.0,2224628000.0,1927355000.0,16426572909.0,-59.0,-98.363,242000000.0,0.186,1.0,4992000000.0,1.0,692275000.0,104000000.0,1273485000.0,1364112500.0,0.0,971305000.0,742095000.0,229210000.0,4543874000.0,2990451000.0,1553423000.0,18471422909.0,-154000000.0,-82000000.0,-640000000.0,-80000000.0,-79000000.0,-751000000.0,202000000.0,457000000.0,413000000.0,-18000000.0,-254000000.0,-254000000.0,-254000000.0,0.0,0.0,-0.051,5526000000.0,-534000000.0,253276000.0,-0.309,9.584,-72.722,-73.675,306798000.0,0.0,14.293,3.7,3.722,639482000.0,-236100000.0,4992000000.0,4992000000.0,0.0,-0.038,-0.114,-0.205,-0.056,13000000.0,2931000000.0,1.0,1292340510.0,1300000000.0,1300000000.0,3.84,5783574000.0,1049670000.0,-129000000.0,74518000.0,4.449,1321056000.0
13,MA,MRY,2007-12-31,2007-12-31,2007-12-31,2021-07-29,277746000.0,6260041000.0,5801930750.0,4591741000.0,1668300000.0,0.701,2.244,-156422000.0,1801347000.0,1801347000.0,0.0,1085886000.0,1.943,1.066,229824000.0,80000000.0,149824000.0,229824000.0,0.0,97642000.0,142052000.0,0.003,0.054,1728709000.0,1826351000.0,0.449,1826351000.0,1728709000.0,1671432000.0,0.798,0.796,0.798,3027307000.0,2913816750.0,3027307000.0,26893374775.0,16.0,14.725,613439000.0,0.455,1.0,4067599000.0,1.0,560384000.0,57277000.0,1764792000.0,1999992750.0,0.0,1503176000.0,1310687000.0,192489000.0,3228114000.0,2363342000.0,864772000.0,28351050775.0,474215000.0,0.0,-598935000.0,0.0,-74002000.0,-657507000.0,315141000.0,463654000.0,769861000.0,46720000.0,1085886000.0,1085886000.0,1085886000.0,0.0,0.0,0.267,2959487000.0,1108112000.0,252391000.0,0.068,9.365,26.109,26.967,290200000.0,0.0,21.52,6.97,7.136,532633000.0,37699000.0,4067599000.0,4067599000.0,0.0,0.187,0.373,0.864,0.425,42783000.0,2858445000.0,1.0,1317428010.0,1348870000.0,1351530000.0,3.016,5699657000.0,307668000.0,585546000.0,71278000.0,4.226,2228399000.0
14,MA,MRY,2006-12-31,2006-12-31,2006-12-31,2021-07-29,103662000.0,5082470000.0,4576830000.0,3577229000.0,1505241000.0,0.727,1.746,-94468000.0,1185080000.0,1185080000.0,0.0,50190000.0,1.975,1.148,229668000.0,0.0,229668000.0,229668000.0,0.0,99782000.0,0.0,0.001,0.009,355323000.0,455105000.0,0.137,455105000.0,355323000.0,294172000.0,0.037,0.037,0.037,2364359000.0,2027315000.0,2364359000.0,12101578213.0,34.0,26.591,555693000.0,0.41,1.0,3326074000.0,1.0,488386000.0,61151000.0,1827082000.0,1661672250.0,0.0,1492318000.0,1298841000.0,193477000.0,2713491000.0,1811590000.0,901901000.0,13293129213.0,639807000.0,0.0,649973000.0,0.0,-12373000.0,637600000.0,-676226000.0,-581390000.0,650161000.0,28272000.0,50190000.0,50190000.0,50190000.0,0.0,0.0,0.015,3096579000.0,229495000.0,278656000.0,0.243,5.622,264.856,266.189,252731000.0,0.0,9.849,3.997,4.01,451261000.0,-1029196000.0,3326074000.0,3326074000.0,0.0,0.011,0.025,0.214,0.107,19181000.0,2557055000.0,1.0,1349693290.0,1354110000.0,1357790000.0,2.456,4594084000.0,216782000.0,243982000.0,66198000.0,3.393,1765639000.0
15,MA,MRY,2005-12-31,2005-12-31,2005-12-31,2021-07-29,49014000.0,3700544000.0,3491469750.0,2227898000.0,1472646000.0,0.841,0.866,-82003000.0,545273000.0,545273000.0,0.0,266719000.0,1.431,2.161,229489000.0,0.0,229489000.0,229489000.0,0.0,109936000.0,0.0,,0.0,477496000.0,587432000.0,0.2,587432000.0,477496000.0,407338000.0,0.198,0.198,0.198,1169148000.0,1142807000.0,1169148000.0,,,,190845000.0,0.141,1.0,2937628000.0,1.0,470555000.0,70158000.0,1357502000.0,1379061500.0,0.0,931022000.0,736619000.0,194403000.0,2526776000.0,1556703000.0,970073000.0,,216277000.0,0.0,0.0,0.0,0.0,0.0,-33655000.0,49388000.0,272848000.0,-22916000.0,266719000.0,266719000.0,266719000.0,0.0,0.0,0.091,2544444000.0,393184000.0,185021000.0,0.0,,,,230614000.0,0.0,,,,347754000.0,145515000.0,2937628000.0,2937628000.0,0.0,0.076,0.233,0.346,0.163,0.0,2359350000.0,1.0,1000003480.0,1349690000.0,1349690000.0,2.177,3229989000.0,225034000.0,140619000.0,61188000.0,2.393,671195000.0
16,MA,MRY,2004-12-31,2004-12-31,2004-12-31,2021-07-29,127788000.0,3264670000.0,3054497250.0,1902796000.0,1361874000.0,0.849,0.722,-78155000.0,328996000.0,328996000.0,0.0,238060000.0,1.462,2.344,229569000.0,0.0,229569000.0,229569000.0,0.0,123317000.0,0.0,,0.0,393422000.0,516739000.0,0.199,516739000.0,393422000.0,323700000.0,0.176,0.176,0.176,974952000.0,871042500.0,974952000.0,,,,265640000.0,0.197,1.0,2593330000.0,1.0,546638000.0,69722000.0,1317243000.0,1173442250.0,0.0,1004188000.0,808893000.0,195295000.0,2285098000.0,1301362000.0,983736000.0,,80877000.0,-29861000.0,0.0,0.0,0.0,0.0,-274514000.0,-162656000.0,343795000.0,11596000.0,238060000.0,238060000.0,238060000.0,0.0,0.0,0.092,2246658000.0,346672000.0,187035000.0,0.0,,,,242358000.0,0.0,,,,293292000.0,-121204000.0,2593330000.0,2593330000.0,0.0,0.078,0.273,0.335,0.152,0.0,2101688000.0,1.0,1000000000.0,1349690000.0,1349690000.0,1.921,2718032000.0,235023000.0,85640000.0,73227000.0,2.014,601434000.0
17,MA,MRY,2003-12-31,2003-12-31,2003-12-31,2021-07-29,89617000.0,2900905000.0,2765288000.0,1609850000.0,1291055000.0,0.807,0.699,-149563000.0,248119000.0,248119000.0,0.0,-385793000.0,1.354,3.145,229574000.0,0.0,229574000.0,229574000.0,0.0,119551000.0,0.0,,0.0,-543635000.0,-424084000.0,-0.19,-424084000.0,-543635000.0,-606571000.0,-0.386,-0.386,-0.386,698721000.0,670128750.0,698721000.0,,,,40882000.0,0.041,1.0,2230851000.0,1.0,515511000.0,62936000.0,1177991000.0,1183060500.0,0.0,858532000.0,662391000.0,196141000.0,2197564000.0,1188858000.0,1008706000.0,,29544000.0,0.0,0.0,0.0,0.0,0.0,-169834000.0,-16915000.0,190445000.0,8933000.0,-385793000.0,-385793000.0,-385793000.0,0.0,0.0,-0.173,2832713000.0,-601862000.0,202604000.0,0.0,,,,258520000.0,0.0,,,,259429000.0,-359264000.0,2230851000.0,2230851000.0,0.0,-0.14,-0.576,-0.46,-0.244,0.0,1949702000.0,1.0,1000000000.0,1000000000.0,1000000000.0,2.231,2385394000.0,223908000.0,-220778000.0,64125000.0,2.385,420992000.0
18,MA,MRY,2002-12-31,2002-12-31,2002-12-31,2021-07-29,28509000.0,2260875000.0,1873590000.0,1455638000.0,805237000.0,1.01,1.023,-101365000.0,336474000.0,336474000.0,0.0,116429000.0,1.566,1.209,80107000.0,0.0,80107000.0,80107000.0,0.0,90505000.0,0.0,,0.0,168279000.0,258784000.0,0.137,258784000.0,168279000.0,158388000.0,0.135,0.135,0.135,1023406000.0,511703000.0,1023406000.0,,,,208507000.0,0.209,1.0,1891811000.0,1.0,438644000.0,9891000.0,636120000.0,647326500.0,0.0,542013000.0,535450000.0,6563000.0,1236825000.0,929744000.0,307081000.0,,63532000.0,31243000.0,0.0,-34893000.0,0.0,-34893000.0,-212754000.0,-136660000.0,309872000.0,1307000.0,116429000.0,116429000.0,116429000.0,0.0,0.0,0.062,1749814000.0,141997000.0,172242000.0,0.0,,,,226720000.0,0.0,,,,198855000.0,26529000.0,1891811000.0,1891811000.0,0.0,0.062,0.228,0.26,0.089,0.0,1659309000.0,1.0,1000000000.0,1000000000.0,,1.892,1822231000.0,41337000.0,41959000.0,67445000.0,1.822,525894000.0
19,MA,MRY,2001-12-31,2001-12-31,2001-12-31,2021-07-29,3937000.0,1486305000.0,,1117963000.0,368342000.0,,,-107562000.0,176143000.0,176143000.0,0.0,142061000.0,1.72,,89596000.0,9531000.0,80065000.0,89596000.0,0.0,69973000.0,0.0,,0.0,242487000.0,312460000.0,0.194,312460000.0,242487000.0,232939000.0,0.198,0.198,0.198,0.0,,0.0,,,,88934000.0,,1.0,1611334000.0,1.0,91254000.0,9548000.0,658533000.0,,0.0,494243000.0,494243000.0,0.0,879644000.0,649971000.0,229673000.0,,-17161000.0,0.0,0.0,5443000.0,0.0,5443000.0,-219100000.0,-135766000.0,196496000.0,0.0,142061000.0,142061000.0,142061000.0,0.0,0.0,0.088,1389632000.0,221702000.0,110907000.0,0.0,,,,159742000.0,0.0,,,,180510000.0,602724000.0,1611334000.0,1611334000.0,0.0,,,,0.15,0.0,1319659000.0,1.0,,,,,1395051000.0,66535000.0,90878000.0,0.0,,467992000.0
20,MA,MRY,2000-12-31,2000-12-31,2000-12-31,2021-07-29,,,,,,,,-154443000.0,,,0.0,118149000.0,,,,,,,,59397000.0,,,0.0,209883000.0,269280000.0,0.186,269280000.0,209883000.0,200231000.0,0.165,0.165,0.165,,,,,,,105676000.0,,1.0,1445409000.0,1.0,,9652000.0,,,,,,,,,,,-67940000.0,-6050000.0,0.0,-5808000.0,0.0,-5808000.0,-322251000.0,-166109000.0,260119000.0,0.0,118149000.0,118149000.0,118149000.0,0.0,0.0,0.082,1267389000.0,178020000.0,,0.0,,,,,0.0,,,,,,1445409000.0,1445409000.0,0.0,,,,0.145,0.0,1207992000.0,1.0,,,,,,,82082000.0,,,
0,MA,MRQ,2021-06-30,2021-06-30,2021-06-30,2021-07-29,-653000000.0,34911000000.0,,15079000000.0,19832000000.0,,6.507,-193000000.0,8022000000.0,8022000000.0,0.0,2066000000.0,1.335,4.4,13899000000.0,649000000.0,13250000000.0,13899000000.0,0.0,186000000.0,1806000000.0,0.005,0.44,2584000000.0,2770000000.0,0.612,2770000000.0,2584000000.0,2478000000.0,2.09,2.08,2.09,6442000000.0,,6442000000.0,366686526664.0,40.0,37.364,2075000000.0,2.096,1.0,4528000000.0,1.0,11274000000.0,106000000.0,18217000000.0,,0.0,544000000.0,544000000.0,0.0,28342000000.0,11297000000.0,17045000000.0,361821526664.0,-992000000.0,-836000000.0,-1690000000.0,0.0,-434000000.0,-2195000000.0,-1142000000.0,-95000000.0,2268000000.0,77000000.0,2066000000.0,2066000000.0,2066000000.0,0.0,0.0,0.456,2187000000.0,2341000000.0,547000000.0,0.211,56.166,50.309,50.497,1839000000.0,0.0,365.09,21.744,21.721,2773000000.0,41771000000.0,4528000000.0,4528000000.0,0.0,,,,,87000000.0,1934000000.0,1.0,991047486.0,990000000.0,994000000.0,4.574,23637000000.0,454000000.0,412000000.0,394000000.0,23.876,3782000000.0
1,MA,MRQ,2021-03-31,2021-03-31,2021-03-31,2021-07-29,-738000000.0,34800000000.0,,16405000000.0,18395000000.0,,6.365,-144000000.0,9005000000.0,9005000000.0,0.0,1828000000.0,1.43,4.48,13870000000.0,649000000.0,13221000000.0,13870000000.0,0.0,163000000.0,1759000000.0,0.005,0.44,2297000000.0,2460000000.0,0.592,2460000000.0,2297000000.0,2190000000.0,1.84,1.83,1.84,6327000000.0,,6327000000.0,354549660445.0,42.0,39.482,1319000000.0,1.327,1.0,4155000000.0,1.0,10372000000.0,107000000.0,17818000000.0,,0.0,489000000.0,489000000.0,0.0,28347000000.0,11475000000.0,16872000000.0,353686660445.0,-2804000000.0,-3364000000.0,-1333000000.0,1282000000.0,-439000000.0,-606000000.0,-3560000000.0,-61000000.0,1463000000.0,-101000000.0,1828000000.0,1828000000.0,1828000000.0,0.0,0.0,0.44,1958000000.0,2197000000.0,476000000.0,0.239,55.901,54.031,54.359,1850000000.0,0.0,356.05,22.897,22.911,2648000000.0,40140000000.0,4155000000.0,4155000000.0,0.0,,,,,65000000.0,1795000000.0,1.0,993362338.0,994000000.0,998000000.0,4.18,24428000000.0,459000000.0,362000000.0,391000000.0,24.575,4930000000.0
2,MA,MRQ,2020-12-31,2020-12-31,2020-12-31,2021-07-29,-680000000.0,33584000000.0,,19113000000.0,14471000000.0,,6.397,-151000000.0,11809000000.0,11809000000.0,0.0,1785000000.0,1.613,4.235,12672000000.0,649000000.0,12023000000.0,12672000000.0,0.0,150000000.0,1696000000.0,0.004,0.4,2273000000.0,2423000000.0,0.588,2423000000.0,2273000000.0,2168000000.0,1.79,1.78,1.79,6391000000.0,,6391000000.0,356623533715.0,44.0,40.897,2102000000.0,2.104,1.0,4120000000.0,1.0,6713000000.0,105000000.0,15887000000.0,,0.0,483000000.0,483000000.0,0.0,27067000000.0,11847000000.0,15220000000.0,355842533715.0,15000000.0,-806000000.0,-1021000000.0,0.0,-399000000.0,-1375000000.0,-1054000000.0,-100000000.0,2253000000.0,191000000.0,1785000000.0,1785000000.0,1785000000.0,0.0,0.0,0.433,2062000000.0,2058000000.0,527000000.0,0.223,55.679,55.505,55.772,1902000000.0,0.0,356.94,23.256,23.375,2646000000.0,38747000000.0,4120000000.0,4120000000.0,0.0,,,,,52000000.0,1867000000.0,1.0,996925348.0,999000000.0,1000000000.0,4.124,26871000000.0,491000000.0,383000000.0,86000000.0,26.898,7266000000.0
3,MA,MRQ,2020-09-30,2020-09-30,2020-09-30,2021-07-29,-880000000.0,31594000000.0,,18469000000.0,13125000000.0,,5.79,-165000000.0,11793000000.0,11793000000.0,0.0,1513000000.0,1.855,4.436,12574000000.0,0.0,12574000000.0,12574000000.0,0.0,141000000.0,1568000000.0,0.005,0.4,2020000000.0,2161000000.0,0.563,2161000000.0,2020000000.0,1915000000.0,1.51,1.51,1.51,5796000000.0,,5796000000.0,338341756775.0,40.0,37.669,1489000000.0,1.488,1.0,3837000000.0,1.0,5666000000.0,105000000.0,16751000000.0,,0.0,400000000.0,400000000.0,0.0,25713000000.0,9958000000.0,15755000000.0,338528756775.0,-898000000.0,0.0,-2037000000.0,0.0,-402000000.0,-2468000000.0,-199000000.0,-40000000.0,1654000000.0,115000000.0,1513000000.0,1513000000.0,1513000000.0,0.0,0.0,0.394,1732000000.0,2105000000.0,341000000.0,0.265,58.407,50.331,50.624,1887000000.0,0.0,338.17,21.708,21.706,2357000000.0,37403000000.0,3837000000.0,3837000000.0,0.0,,,,,75000000.0,1591000000.0,1.0,1001060877.0,1001000000.0,1005000000.0,3.833,25928000000.0,607000000.0,402000000.0,86000000.0,25.902,8511000000.0
4,MA,MRQ,2020-06-30,2020-06-30,2020-06-30,2021-07-29,-1046000000.0,32127000000.0,,19381000000.0,12746000000.0,,6.444,-183000000.0,12685000000.0,12685000000.0,0.0,1420000000.0,1.953,3.953,12498000000.0,0.0,12498000000.0,12498000000.0,0.0,145000000.0,1548000000.0,0.005,0.4,1791000000.0,1936000000.0,0.581,1936000000.0,1791000000.0,1690000000.0,1.41,1.41,1.41,6470000000.0,,6470000000.0,297547019425.0,33.0,31.14,1275000000.0,1.27,1.0,3335000000.0,1.0,5561000000.0,101000000.0,16456000000.0,,0.0,390000000.0,390000000.0,0.0,25579000000.0,9923000000.0,15656000000.0,296806019425.0,969000000.0,-183000000.0,34000000.0,0.0,-401000000.0,-409000000.0,-119000000.0,76000000.0,1458000000.0,39000000.0,1420000000.0,1420000000.0,1420000000.0,0.0,0.0,0.426,1628000000.0,1707000000.0,369000000.0,0.284,45.874,40.542,40.786,1872000000.0,0.0,295.7,18.293,18.298,2147000000.0,36288000000.0,3335000000.0,3335000000.0,0.0,,,,,75000000.0,1461000000.0,1.0,1003740343.0,1004000000.0,1008000000.0,3.322,26566000000.0,573000000.0,270000000.0,83000000.0,26.46,9458000000.0
5,MA,MRQ,2020-03-31,2020-03-31,2020-03-31,2021-07-29,-1079000000.0,30648000000.0,,18123000000.0,12525000000.0,,5.371,-209000000.0,11725000000.0,11725000000.0,0.0,1693000000.0,1.866,4.659,12466000000.0,0.0,12466000000.0,12466000000.0,0.0,144000000.0,1518000000.0,0.006,0.4,2056000000.0,2200000000.0,0.549,2200000000.0,2056000000.0,1987000000.0,1.68,1.68,1.68,5398000000.0,,5398000000.0,242963121344.0,25.0,23.563,1650000000.0,1.642,1.0,4009000000.0,1.0,5517000000.0,69000000.0,16160000000.0,,0.0,477000000.0,477000000.0,0.0,25150000000.0,9712000000.0,15438000000.0,242794121344.0,3364000000.0,0.0,-1352000000.0,3959000000.0,-403000000.0,2100000000.0,-507000000.0,54000000.0,1859000000.0,-88000000.0,1693000000.0,1693000000.0,1693000000.0,0.0,0.0,0.422,1798000000.0,2211000000.0,371000000.0,0.238,44.979,30.544,30.772,1901000000.0,0.0,241.56,14.279,14.278,2441000000.0,35273000000.0,4009000000.0,4009000000.0,0.0,,,,,52000000.0,1648000000.0,1.0,1005108964.0,1005000000.0,1010000000.0,3.989,25131000000.0,550000000.0,294000000.0,82000000.0,25.006,8411000000.0
6,MA,MRQ,2019-12-31,2019-12-31,2019-12-31,2021-07-29,-673000000.0,29236000000.0,,16902000000.0,12334000000.0,,5.846,-185000000.0,8358000000.0,8358000000.0,0.0,2100000000.0,1.42,3.945,8527000000.0,0.0,8527000000.0,8527000000.0,0.0,146000000.0,1370000000.0,0.004,0.33,2539000000.0,2685000000.0,0.608,2685000000.0,2539000000.0,2475000000.0,2.08,2.07,2.08,5893000000.0,,5893000000.0,302697610093.0,30.0,28.892,2795000000.0,2.773,1.0,4414000000.0,1.0,5438000000.0,64000000.0,12063000000.0,,0.0,688000000.0,688000000.0,0.0,23245000000.0,11904000000.0,11341000000.0,301236610093.0,1997000000.0,-270000000.0,-975000000.0,744000000.0,-333000000.0,-582000000.0,-460000000.0,-3000000.0,2980000000.0,59000000.0,2100000000.0,2100000000.0,2100000000.0,0.0,0.0,0.476,2015000000.0,2399000000.0,489000000.0,0.159,51.118,37.107,37.417,1828000000.0,0.0,298.59,17.843,17.986,2514000000.0,33984000000.0,4414000000.0,4414000000.0,0.0,,,,,43000000.0,1869000000.0,1.0,1008863693.0,1008000000.0,1013000000.0,4.379,23798000000.0,543000000.0,375000000.0,85000000.0,23.609,4998000000.0
7,MA,MRQ,2019-09-30,2019-09-30,2019-09-30,2021-07-29,-858000000.0,25981000000.0,,14847000000.0,11134000000.0,,4.885,-219000000.0,6274000000.0,6274000000.0,0.0,2108000000.0,1.386,4.23,7735000000.0,0.0,7735000000.0,7735000000.0,0.0,137000000.0,1173000000.0,0.005,0.33,2597000000.0,2734000000.0,0.612,2734000000.0,2597000000.0,2534000000.0,2.08,2.07,2.08,4949000000.0,,4949000000.0,276577914453.0,32.0,30.171,2136000000.0,2.109,1.0,4467000000.0,1.0,5034000000.0,63000000.0,11694000000.0,,0.0,751000000.0,751000000.0,0.0,20932000000.0,10714000000.0,10218000000.0,275523914453.0,-473000000.0,-447000000.0,-1746000000.0,0.0,-335000000.0,-2125000000.0,-626000000.0,40000000.0,2355000000.0,-77000000.0,2108000000.0,2108000000.0,2108000000.0,0.0,0.0,0.472,1812000000.0,2655000000.0,505000000.0,0.159,55.673,39.833,40.055,1492000000.0,0.0,271.57,16.928,16.902,2500000000.0,32289000000.0,4467000000.0,4467000000.0,0.0,,,,,77000000.0,1675000000.0,1.0,1014559467.0,1013000000.0,1019000000.0,4.41,20947000000.0,518000000.0,426000000.0,97000000.0,20.678,4133000000.0
8,MA,MRQ,2019-06-30,2019-06-30,2019-06-30,2021-07-29,-730000000.0,24731000000.0,,14165000000.0,10566000000.0,,4.91,-182000000.0,6752000000.0,6752000000.0,0.0,2048000000.0,1.492,3.918,7806000000.0,0.0,7806000000.0,7806000000.0,0.0,122000000.0,1061000000.0,0.004,0.33,2570000000.0,2692000000.0,0.655,2692000000.0,2570000000.0,2519000000.0,2.01,2.0,2.01,5008000000.0,,5008000000.0,269621228680.0,32.0,30.445,1354000000.0,1.327,1.0,4113000000.0,1.0,4756000000.0,51000000.0,11532000000.0,,0.0,809000000.0,809000000.0,0.0,19622000000.0,9497000000.0,10125000000.0,270223228680.0,-140000000.0,-723000000.0,-1880000000.0,1480000000.0,-337000000.0,-937000000.0,-767000000.0,129000000.0,1536000000.0,28000000.0,2048000000.0,2048000000.0,2048000000.0,0.0,0.0,0.498,1716000000.0,2397000000.0,432000000.0,0.164,53.958,40.284,40.51,1348000000.0,0.0,264.53,17.204,17.178,2607000000.0,30517000000.0,4113000000.0,4113000000.0,0.0,,,,,73000000.0,1594000000.0,1.0,1021522053.0,1020000000.0,1025000000.0,4.032,19975000000.0,478000000.0,471000000.0,95000000.0,19.583,4668000000.0
9,MA,MRQ,2019-03-31,2019-03-31,2019-03-31,2021-07-29,-673000000.0,23520000000.0,,14396000000.0,9124000000.0,,5.037,-142000000.0,6901000000.0,6901000000.0,0.0,1862000000.0,1.405,3.533,6299000000.0,500000000.0,5799000000.0,6299000000.0,0.0,117000000.0,1044000000.0,0.005,0.33,2249000000.0,2366000000.0,0.608,2366000000.0,2249000000.0,2203000000.0,1.81,1.8,1.81,5168000000.0,,5168000000.0,240122285352.0,31.0,29.109,1170000000.0,1.14,1.0,3889000000.0,1.0,3969000000.0,46000000.0,8703000000.0,,0.0,1317000000.0,1317000000.0,0.0,18257000000.0,10246000000.0,8011000000.0,241550285352.0,-752000000.0,0.0,-1770000000.0,0.0,-340000000.0,-2223000000.0,213000000.0,366000000.0,1312000000.0,-54000000.0,1862000000.0,1862000000.0,1862000000.0,0.0,0.0,0.479,1676000000.0,2213000000.0,508000000.0,0.182,46.74,38.778,39.111,1305000000.0,0.0,235.45,15.83,15.831,2577000000.0,28806000000.0,3889000000.0,3889000000.0,0.0,,,,,57000000.0,1559000000.0,1.0,1025909048.0,1026000000.0,1032000000.0,3.79,19551000000.0,504000000.0,341000000.0,61000000.0,19.056,4150000000.0
10,MA,MRQ,2018-12-31,2018-12-31,2018-12-31,2021-07-29,-718000000.0,24860000000.0,,16171000000.0,8689000000.0,,5.228,-123000000.0,7762000000.0,7762000000.0,0.0,899000000.0,1.395,3.591,6334000000.0,500000000.0,5834000000.0,6334000000.0,0.0,113000000.0,1080000000.0,0.005,0.25,1262000000.0,1375000000.0,0.361,1375000000.0,1262000000.0,1215000000.0,0.88,0.87,0.88,5395000000.0,,5395000000.0,193289659976.0,26.0,24.626,1209000000.0,1.172,1.0,3807000000.0,1.0,3895000000.0,47000000.0,7944000000.0,,0.0,1696000000.0,1696000000.0,0.0,19371000000.0,11593000000.0,7778000000.0,194836659976.0,-141000000.0,0.0,-876000000.0,0.0,-259000000.0,-1133000000.0,-269000000.0,-147000000.0,1332000000.0,-71000000.0,899000000.0,899000000.0,899000000.0,0.0,0.0,0.236,2573000000.0,1234000000.0,537000000.0,0.284,36.114,33.254,33.508,921000000.0,0.0,188.65,13.033,13.136,2276000000.0,27283000000.0,3807000000.0,3807000000.0,0.0,,,,,43000000.0,1703000000.0,1.0,1032794381.0,1032000000.0,1038000000.0,3.689,20965000000.0,570000000.0,316000000.0,67000000.0,20.315,4578000000.0
11,MA,MRQ,2018-09-30,2018-09-30,2018-09-30,2021-07-29,-670000000.0,23340000000.0,,15064000000.0,8276000000.0,,5.569,-130000000.0,7905000000.0,7905000000.0,0.0,1899000000.0,1.552,3.026,6358000000.0,500000000.0,5858000000.0,6358000000.0,0.0,111000000.0,1034000000.0,0.004,0.25,2312000000.0,2423000000.0,0.622,2423000000.0,2312000000.0,2264000000.0,1.83,1.82,1.83,5775000000.0,,5775000000.0,229825901898.0,30.0,28.321,2237000000.0,2.157,1.0,3898000000.0,1.0,3973000000.0,48000000.0,8111000000.0,,0.0,1622000000.0,1622000000.0,0.0,17473000000.0,9709000000.0,7764000000.0,231169901898.0,710000000.0,0.0,-1139000000.0,0.0,-260000000.0,-1417000000.0,-231000000.0,-102000000.0,2367000000.0,-9000000.0,1899000000.0,1899000000.0,1899000000.0,0.0,0.0,0.487,1611000000.0,2287000000.0,382000000.0,0.137,40.029,44.567,44.791,876000000.0,0.0,222.61,15.992,15.97,2277000000.0,26726000000.0,3898000000.0,3898000000.0,0.0,,,,,55000000.0,1471000000.0,1.0,1038452459.0,1037000000.0,1043000000.0,3.759,19367000000.0,502000000.0,365000000.0,50000000.0,18.676,5355000000.0
12,MA,MRQ,2018-06-30,2018-06-30,2018-06-30,2021-07-29,-632000000.0,22471000000.0,,14305000000.0,8166000000.0,,5.04,-125000000.0,7202000000.0,7202000000.0,0.0,1569000000.0,1.513,3.257,5858000000.0,0.0,5858000000.0,5858000000.0,0.0,115000000.0,992000000.0,0.005,0.25,1970000000.0,2085000000.0,0.569,2085000000.0,1970000000.0,1922000000.0,1.5,1.5,1.5,5257000000.0,,5257000000.0,203775188191.0,28.0,26.202,1364000000.0,1.308,1.0,3665000000.0,1.0,4017000000.0,48000000.0,7655000000.0,,0.0,1535000000.0,1535000000.0,0.0,17121000000.0,9455000000.0,7666000000.0,205161188191.0,-656000000.0,0.0,-1502000000.0,0.0,-262000000.0,-1751000000.0,-373000000.0,-244000000.0,1489000000.0,-21000000.0,1569000000.0,1569000000.0,1569000000.0,0.0,0.0,0.428,1729000000.0,1936000000.0,345000000.0,0.167,39.026,43.485,43.866,860000000.0,0.0,196.52,14.702,14.688,2164000000.0,25086000000.0,3665000000.0,3665000000.0,0.0,,,,,55000000.0,1389000000.0,1.0,1043971037.0,1043000000.0,1049000000.0,3.514,18454000000.0,395000000.0,353000000.0,58000000.0,17.693,4850000000.0
13,MA,MRQ,2018-03-31,2018-03-31,2018-03-31,2021-07-29,-373000000.0,22944000000.0,,14707000000.0,8237000000.0,,5.426,-126000000.0,7855000000.0,7855000000.0,0.0,1492000000.0,1.644,3.006,6469000000.0,0.0,6469000000.0,6469000000.0,0.0,120000000.0,965000000.0,0.005,0.25,1846000000.0,1966000000.0,0.549,1966000000.0,1846000000.0,1803000000.0,1.42,1.41,1.42,5703000000.0,,5703000000.0,182566585390.0,26.0,24.44,909000000.0,0.865,1.0,3580000000.0,1.0,4222000000.0,43000000.0,8388000000.0,,0.0,1378000000.0,1378000000.0,0.0,17142000000.0,8948000000.0,8194000000.0,184160585390.0,832000000.0,0.0,-1312000000.0,991000000.0,-263000000.0,-665000000.0,367000000.0,505000000.0,1035000000.0,95000000.0,1492000000.0,1492000000.0,1492000000.0,0.0,0.0,0.417,1755000000.0,1825000000.0,370000000.0,0.176,32.292,42.571,42.931,839000000.0,0.0,175.16,13.802,13.797,2122000000.0,23852000000.0,3580000000.0,3580000000.0,0.0,,,,,43000000.0,1518000000.0,1.0,1051384936.0,1051000000.0,1057000000.0,3.406,18722000000.0,350000000.0,311000000.0,64000000.0,17.814,5759000000.0
14,MA,MRQ,2017-12-31,2017-12-31,2017-12-31,2021-07-29,-497000000.0,21329000000.0,,13797000000.0,7532000000.0,,5.183,-122000000.0,7018000000.0,7018000000.0,0.0,227000000.0,1.569,2.882,5424000000.0,0.0,5424000000.0,5424000000.0,0.0,116000000.0,1085000000.0,0.006,0.22,1525000000.0,1641000000.0,0.495,1641000000.0,1525000000.0,1484000000.0,0.22,0.22,0.22,5468000000.0,,5468000000.0,159047328096.0,24.0,22.36,1701000000.0,1.612,1.0,3312000000.0,1.0,4155000000.0,41000000.0,6787000000.0,,0.0,1849000000.0,1849000000.0,0.0,15761000000.0,8793000000.0,6968000000.0,160239328096.0,401000000.0,0.0,-1022000000.0,0.0,-233000000.0,-1270000000.0,-158000000.0,6000000.0,1823000000.0,6000000.0,227000000.0,227000000.0,227000000.0,0.0,0.0,0.069,1790000000.0,1522000000.0,933000000.0,1.0,29.305,40.93,41.243,829000000.0,0.0,151.36,12.822,12.923,1969000000.0,22364000000.0,3312000000.0,3312000000.0,0.0,,,,,39000000.0,1675000000.0,1.0,1058663637.0,1055000000.0,1063000000.0,3.139,17174000000.0,250000000.0,1257000000.0,106000000.0,16.279,5004000000.0
15,MA,MRQ,2017-09-30,2017-09-30,2017-09-30,2021-07-29,-542000000.0,20914000000.0,,13231000000.0,7683000000.0,,6.06,-133000000.0,6585000000.0,6585000000.0,0.0,1430000000.0,1.657,2.232,5393000000.0,0.0,5393000000.0,5393000000.0,0.0,118000000.0,1026000000.0,0.006,0.22,1967000000.0,2085000000.0,0.614,2085000000.0,1967000000.0,1932000000.0,1.34,1.34,1.34,6442000000.0,,6442000000.0,149519497913.0,23.0,21.654,1656000000.0,1.558,1.0,3398000000.0,1.0,4162000000.0,35000000.0,7576000000.0,,0.0,1864000000.0,1864000000.0,0.0,14376000000.0,7984000000.0,6392000000.0,150363497913.0,440000000.0,-224000000.0,-826000000.0,0.0,-235000000.0,-1042000000.0,-378000000.0,-45000000.0,1789000000.0,71000000.0,1430000000.0,1430000000.0,1430000000.0,0.0,0.0,0.421,1457000000.0,1941000000.0,722000000.0,0.164,23.341,32.539,32.837,901000000.0,0.0,141.2,12.592,12.57,1858000000.0,22401000000.0,3398000000.0,3398000000.0,0.0,,,,,49000000.0,1339000000.0,1.0,1064897294.0,1063000000.0,1068000000.0,3.197,16752000000.0,425000000.0,502000000.0,139000000.0,15.759,5247000000.0
16,MA,MRQ,2017-06-30,2017-06-30,2017-06-30,2021-07-29,-699000000.0,19839000000.0,,12542000000.0,7297000000.0,,5.469,-74000000.0,6170000000.0,6170000000.0,0.0,1177000000.0,1.654,2.374,5326000000.0,0.0,5326000000.0,5326000000.0,0.0,111000000.0,993000000.0,0.007,0.22,1667000000.0,1778000000.0,0.582,1778000000.0,1667000000.0,1628000000.0,1.1,1.1,1.1,5852000000.0,,5852000000.0,128405876888.0,21.0,19.547,1251000000.0,1.169,1.0,3053000000.0,1.0,3885000000.0,39000000.0,7527000000.0,,0.0,1782000000.0,1782000000.0,0.0,13891000000.0,7583000000.0,6308000000.0,130179876888.0,-924000000.0,-951000000.0,-914000000.0,-64000000.0,-236000000.0,-1215000000.0,-1122000000.0,-121000000.0,1325000000.0,88000000.0,1177000000.0,1177000000.0,1177000000.0,0.0,0.0,0.386,1400000000.0,1653000000.0,654000000.0,0.2,22.245,29.755,30.062,845000000.0,0.0,121.45,11.396,11.376,1708000000.0,21205000000.0,3053000000.0,3053000000.0,0.0,,,,,49000000.0,1289000000.0,1.0,1071880419.0,1070000000.0,1075000000.0,2.853,15954000000.0,375000000.0,451000000.0,140000000.0,14.91,4959000000.0
17,MA,MRQ,2017-03-31,2017-03-31,2017-03-31,2021-07-29,-863000000.0,18570000000.0,,12885000000.0,5685000000.0,,5.205,-94000000.0,6990000000.0,6990000000.0,0.0,1081000000.0,1.816,2.305,5216000000.0,0.0,5216000000.0,5216000000.0,0.0,92000000.0,984000000.0,0.007,0.22,1517000000.0,1609000000.0,0.589,1609000000.0,1517000000.0,1478000000.0,1.0,1.0,1.0,5611000000.0,,5611000000.0,118701636307.0,20.0,18.929,633000000.0,0.587,1.0,2734000000.0,1.0,2477000000.0,39000000.0,7224000000.0,,0.0,1654000000.0,1654000000.0,0.0,12932000000.0,7095000000.0,5837000000.0,121233636307.0,-598000000.0,0.0,-943000000.0,0.0,-238000000.0,-1237000000.0,-123000000.0,-22000000.0,727000000.0,35000000.0,1081000000.0,1081000000.0,1081000000.0,0.0,0.0,0.395,1228000000.0,1506000000.0,680000000.0,0.22,21.606,28.996,29.366,748000000.0,0.0,112.47,10.957,10.958,1553000000.0,20263000000.0,2734000000.0,2734000000.0,0.0,,,,,39000000.0,1121000000.0,1.0,1077919768.0,1078000000.0,1082000000.0,2.536,16093000000.0,313000000.0,397000000.0,83000000.0,14.929,5790000000.0
18,MA,MRQ,2016-12-31,2016-12-31,2016-12-31,2021-07-29,-924000000.0,18675000000.0,,13228000000.0,5447000000.0,,5.194,-102000000.0,7712000000.0,7712000000.0,0.0,933000000.0,1.836,2.297,5180000000.0,0.0,5180000000.0,5180000000.0,0.0,92000000.0,991000000.0,0.007,0.19,1341000000.0,1433000000.0,0.52,1433000000.0,1341000000.0,1311000000.0,0.86,0.86,0.86,5656000000.0,,5656000000.0,109626690724.0,19.0,17.93,992000000.0,0.911,1.0,2756000000.0,1.0,2478000000.0,30000000.0,6459000000.0,,0.0,1614000000.0,1614000000.0,0.0,12991000000.0,7206000000.0,5785000000.0,112502690724.0,1622000000.0,0.0,-1095000000.0,1972000000.0,-207000000.0,675000000.0,-38000000.0,60000000.0,1094000000.0,-109000000.0,933000000.0,933000000.0,933000000.0,0.0,0.0,0.339,1393000000.0,1363000000.0,609000000.0,0.221,19.891,27.717,27.905,733000000.0,0.0,103.25,10.44,10.52,1416000000.0,19418000000.0,2756000000.0,2756000000.0,0.0,,,,,35000000.0,1291000000.0,1.0,1089614438.0,1089000000.0,1092000000.0,2.531,16197000000.0,307000000.0,378000000.0,81000000.0,14.873,6022000000.0
19,MA,MRQ,2016-09-30,2016-09-30,2016-09-30,2021-07-29,-717000000.0,17323000000.0,,11776000000.0,5547000000.0,,5.674,-99000000.0,6202000000.0,6202000000.0,0.0,1184000000.0,1.654,1.781,3326000000.0,0.0,3326000000.0,3326000000.0,0.0,93000000.0,997000000.0,0.007,0.19,1656000000.0,1749000000.0,0.607,1749000000.0,1656000000.0,1633000000.0,1.08,1.08,1.08,6219000000.0,,6219000000.0,108911360066.0,20.0,18.742,1325000000.0,1.209,1.0,2880000000.0,1.0,2561000000.0,23000000.0,4765000000.0,,0.0,1774000000.0,1774000000.0,0.0,11074000000.0,7121000000.0,3953000000.0,111717360066.0,29000000.0,0.0,-576000000.0,0.0,-209000000.0,-773000000.0,-630000000.0,-531000000.0,1424000000.0,8000000.0,1184000000.0,1184000000.0,1184000000.0,0.0,0.0,0.411,1210000000.0,1670000000.0,437000000.0,0.176,17.964,27.818,28.113,698000000.0,0.0,101.77,10.602,10.586,1298000000.0,18722000000.0,2880000000.0,2880000000.0,0.0,,,,,25000000.0,1117000000.0,1.0,1097743540.0,1096000000.0,1099000000.0,2.628,14762000000.0,327000000.0,449000000.0,82000000.0,13.469,4655000000.0
20,MA,MRQ,2016-06-30,2016-06-30,2016-06-30,2021-07-29,-697000000.0,16282000000.0,,10998000000.0,5284000000.0,,5.316,-106000000.0,6112000000.0,6112000000.0,0.0,983000000.0,1.702,1.784,3306000000.0,0.0,3306000000.0,3306000000.0,0.0,93000000.0,936000000.0,0.008,0.19,1387000000.0,1480000000.0,0.549,1480000000.0,1387000000.0,1365000000.0,0.89,0.89,0.89,5837000000.0,,5837000000.0,94284202016.0,18.0,17.071,955000000.0,0.87,1.0,2694000000.0,1.0,2596000000.0,22000000.0,4418000000.0,,0.0,1271000000.0,1271000000.0,0.0,10413000000.0,6462000000.0,3951000000.0,96782202016.0,282000000.0,0.0,-450000000.0,0.0,-209000000.0,-651000000.0,-110000000.0,-10000000.0,1061000000.0,-18000000.0,983000000.0,983000000.0,983000000.0,0.0,0.0,0.365,1314000000.0,1380000000.0,452000000.0,0.213,16.581,25.409,25.9,680000000.0,0.0,88.06,9.501,9.491,1203000000.0,17746000000.0,2694000000.0,2694000000.0,0.0,,,,,31000000.0,1114000000.0,1.0,1099048399.0,1098000000.0,1101000000.0,2.454,13686000000.0,337000000.0,382000000.0,83000000.0,12.464,4536000000.0
21,MA,MRQ,2016-03-31,2016-03-31,2016-03-31,2021-07-29,-620000000.0,15905000000.0,,10606000000.0,5299000000.0,,4.94,-75000000.0,5831000000.0,5831000000.0,0.0,959000000.0,1.647,1.897,3333000000.0,0.0,3333000000.0,3333000000.0,0.0,95000000.0,937000000.0,0.007,0.19,1357000000.0,1452000000.0,0.594,1452000000.0,1357000000.0,1337000000.0,0.86,0.86,0.86,5479000000.0,,5479000000.0,101609811686.0,20.0,18.841,983000000.0,0.886,1.0,2446000000.0,1.0,2674000000.0,20000000.0,4293000000.0,,0.0,1314000000.0,1314000000.0,0.0,10394000000.0,6440000000.0,3954000000.0,104964811686.0,-853000000.0,0.0,-1353000000.0,0.0,-212000000.0,-1595000000.0,-385000000.0,-302000000.0,1058000000.0,69000000.0,959000000.0,959000000.0,959000000.0,0.0,0.0,0.392,1098000000.0,1348000000.0,409000000.0,0.221,19.158,28.013,28.464,669000000.0,0.0,94.5,10.621,10.604,1186000000.0,16972000000.0,2446000000.0,2446000000.0,0.0,,,,,10000000.0,1003000000.0,1.0,1110738748.0,1109000000.0,1112000000.0,2.206,13231000000.0,353000000.0,378000000.0,76000000.0,11.931,4166000000.0
22,MA,MRQ,2015-12-31,2015-12-31,2015-12-31,2021-07-29,-676000000.0,16250000000.0,,10984000000.0,5266000000.0,,5.344,-93000000.0,6642000000.0,6642000000.0,0.0,890000000.0,1.752,1.69,3268000000.0,0.0,3268000000.0,3268000000.0,0.0,93000000.0,895000000.0,0.007,0.16,1037000000.0,1130000000.0,0.449,1130000000.0,1037000000.0,1025000000.0,0.79,0.79,0.79,6028000000.0,,6028000000.0,106059766182.0,21.0,19.695,1004000000.0,0.89,1.0,2517000000.0,1.0,2694000000.0,12000000.0,3913000000.0,,0.0,991000000.0,991000000.0,0.0,10188000000.0,6269000000.0,3919000000.0,109312766182.0,1870000000.0,0.0,-791000000.0,1735000000.0,-179000000.0,700000000.0,138000000.0,224000000.0,1097000000.0,-65000000.0,890000000.0,890000000.0,890000000.0,0.0,0.0,0.354,1410000000.0,1107000000.0,472000000.0,0.203,18.134,28.706,28.976,675000000.0,0.0,97.36,11.308,11.421,1079000000.0,16222000000.0,2517000000.0,2517000000.0,0.0,,,,,79000000.0,1317000000.0,1.0,1122768757.0,1128000000.0,1131000000.0,2.231,13556000000.0,317000000.0,135000000.0,79000000.0,12.018,4715000000.0
23,MA,MRQ,2015-09-30,2015-09-30,2015-09-30,2021-07-29,-536000000.0,14634000000.0,,9625000000.0,5009000000.0,,5.546,-106000000.0,4748000000.0,4748000000.0,0.0,977000000.0,1.62,1.33,1495000000.0,0.0,1495000000.0,1495000000.0,0.0,94000000.0,871000000.0,0.007,0.16,1367000000.0,1461000000.0,0.577,1461000000.0,1367000000.0,1352000000.0,0.86,0.86,0.86,6267000000.0,,6267000000.0,99158962397.0,20.0,18.493,1166000000.0,1.032,1.0,2530000000.0,1.0,2727000000.0,15000000.0,2711000000.0,,0.0,1232000000.0,1232000000.0,0.0,8336000000.0,5943000000.0,2393000000.0,102024962397.0,516000000.0,0.0,-926000000.0,0.0,-181000000.0,-1100000000.0,369000000.0,483000000.0,1272000000.0,-25000000.0,977000000.0,977000000.0,977000000.0,0.0,0.0,0.386,1161000000.0,1369000000.0,381000000.0,0.186,16.28,27.433,27.644,641000000.0,0.0,90.12,10.671,10.651,1081000000.0,15543000000.0,2530000000.0,2530000000.0,0.0,,,,,24000000.0,1067000000.0,1.0,1132101225.0,1130000000.0,1133000000.0,2.239,11907000000.0,290000000.0,375000000.0,95000000.0,10.537,3682000000.0
24,MA,MRQ,2015-06-30,2015-06-30,2015-06-30,2021-07-29,-493000000.0,15272000000.0,,10217000000.0,5055000000.0,,5.627,-86000000.0,4361000000.0,4361000000.0,0.0,921000000.0,1.578,1.38,1495000000.0,0.0,1495000000.0,1495000000.0,0.0,92000000.0,1000000000.0,0.006,0.16,1258000000.0,1350000000.0,0.565,1350000000.0,1258000000.0,1241000000.0,0.81,0.81,0.81,6404000000.0,,6404000000.0,102924333634.0,20.0,19.014,735000000.0,0.646,1.0,2390000000.0,1.0,2802000000.0,17000000.0,3128000000.0,,0.0,1716000000.0,1716000000.0,0.0,8836000000.0,6476000000.0,2360000000.0,106589333634.0,-846000000.0,-572000000.0,-837000000.0,0.0,-183000000.0,-1016000000.0,-703000000.0,-54000000.0,821000000.0,52000000.0,921000000.0,921000000.0,921000000.0,0.0,0.0,0.385,1139000000.0,1251000000.0,481000000.0,0.198,16.644,28.371,28.5,632000000.0,0.0,93.48,11.195,11.173,1128000000.0,14746000000.0,2390000000.0,2390000000.0,0.0,,,,,30000000.0,986000000.0,1.0,1140236774.0,1138000000.0,1141000000.0,2.1,12470000000.0,326000000.0,320000000.0,101000000.0,10.958,3741000000.0
25,MA,MRQ,2015-03-31,2015-03-31,2015-03-31,2021-07-29,-639000000.0,14633000000.0,,10348000000.0,4285000000.0,,5.489,-57000000.0,5160000000.0,5160000000.0,0.0,1020000000.0,1.743,1.317,1495000000.0,0.0,1495000000.0,1495000000.0,0.0,87000000.0,953000000.0,0.006,0.16,1357000000.0,1444000000.0,0.648,1444000000.0,1357000000.0,1340000000.0,0.89,0.89,0.89,6301000000.0,,6301000000.0,94621850350.0,18.0,17.104,854000000.0,0.744,1.0,2230000000.0,1.0,2117000000.0,17000000.0,2914000000.0,,0.0,1589000000.0,1589000000.0,0.0,8299000000.0,5937000000.0,2362000000.0,99214850350.0,-930000000.0,-12000000.0,-937000000.0,0.0,-184000000.0,-1100000000.0,-519000000.0,-441000000.0,911000000.0,-222000000.0,1020000000.0,1020000000.0,1020000000.0,0.0,0.0,0.457,879000000.0,1351000000.0,406000000.0,0.18,15.746,26.338,26.419,602000000.0,0.0,86.39,10.445,10.441,1072000000.0,14006000000.0,2230000000.0,2230000000.0,0.0,,,,,-53000000.0,792000000.0,1.0,1148452950.0,1148000000.0,1152000000.0,1.943,12516000000.0,349000000.0,320000000.0,102000000.0,10.902,4411000000.0
26,MA,MRQ,2014-12-31,2014-12-31,2014-12-31,2021-07-29,-260000000.0,15329000000.0,,10997000000.0,4332000000.0,,5.889,-162000000.0,6087000000.0,6087000000.0,0.0,801000000.0,1.767,1.253,1494000000.0,0.0,1494000000.0,1494000000.0,0.0,84000000.0,950000000.0,0.005,0.11,1023000000.0,1107000000.0,0.459,1107000000.0,1023000000.0,1007000000.0,0.7,0.7,0.7,6790000000.0,,6790000000.0,95408994985.0,19.0,17.513,563000000.0,0.488,1.0,2411000000.0,1.0,2236000000.0,16000000.0,2278000000.0,,0.0,1238000000.0,1238000000.0,0.0,8505000000.0,6222000000.0,2283000000.0,99329994985.0,675000000.0,-189000000.0,-150000000.0,43000000.0,-127000000.0,-244000000.0,242000000.0,661000000.0,725000000.0,-48000000.0,801000000.0,801000000.0,801000000.0,0.0,0.0,0.332,1393000000.0,1018000000.0,419000000.0,0.157,14.629,27.462,27.704,615000000.0,0.0,86.16,10.521,10.632,1109000000.0,13169000000.0,2411000000.0,2411000000.0,0.0,,,,,28000000.0,1309000000.0,1.0,1152855095.0,1153000000.0,1160000000.0,2.091,13093000000.0,396000000.0,206000000.0,115000000.0,11.356,4775000000.0
27,MA,MRQ,2014-09-30,2014-09-30,2014-09-30,2021-07-29,-92000000.0,14659000000.0,,10956000000.0,3703000000.0,,5.619,-70000000.0,5415000000.0,5415000000.0,0.0,1015000000.0,1.873,1.248,1494000000.0,0.0,1494000000.0,1494000000.0,0.0,83000000.0,953000000.0,0.005,0.11,1429000000.0,1512000000.0,0.607,1512000000.0,1429000000.0,1418000000.0,0.88,0.87,0.88,6501000000.0,,6501000000.0,83295229921.0,17.0,15.628,1315000000.0,1.137,1.0,2490000000.0,1.0,2161000000.0,11000000.0,2728000000.0,,0.0,1857000000.0,1857000000.0,0.0,8111000000.0,5849000000.0,2262000000.0,85597229921.0,1584000000.0,5000000.0,-397000000.0,0.0,-128000000.0,-510000000.0,880000000.0,949000000.0,1385000000.0,-171000000.0,1015000000.0,1015000000.0,1015000000.0,0.0,0.0,0.408,1070000000.0,1420000000.0,319000000.0,0.125,13.167,24.89,25.229,553000000.0,0.0,73.92,9.384,9.376,1071000000.0,12553000000.0,2490000000.0,2490000000.0,0.0,,,,,3000000.0,987000000.0,1.0,1157971184.0,1157000000.0,1160000000.0,2.152,12498000000.0,385000000.0,403000000.0,119000000.0,10.802,5107000000.0
28,MA,MRQ,2014-06-30,2014-06-30,2014-06-30,2021-07-29,188000000.0,14375000000.0,,10577000000.0,3798000000.0,,5.379,-53000000.0,3796000000.0,3796000000.0,0.0,931000000.0,1.827,1.286,1494000000.0,0.0,1494000000.0,1494000000.0,0.0,81000000.0,918000000.0,0.005,0.11,1388000000.0,1469000000.0,0.62,1469000000.0,1388000000.0,1373000000.0,0.8,0.8,0.8,6266000000.0,,6266000000.0,82404225746.0,17.0,16.054,676000000.0,0.58,1.0,2368000000.0,1.0,2286000000.0,15000000.0,3997000000.0,,0.0,2836000000.0,2836000000.0,0.0,8061000000.0,5790000000.0,2271000000.0,85842225746.0,-1141000000.0,-195000000.0,-1150000000.0,0.0,-129000000.0,-1306000000.0,-562000000.0,-307000000.0,729000000.0,-2000000.0,931000000.0,931000000.0,931000000.0,0.0,0.0,0.393,985000000.0,1383000000.0,420000000.0,0.138,13.7,25.989,26.428,539000000.0,0.0,73.47,9.7,9.671,1134000000.0,11666000000.0,2368000000.0,2368000000.0,0.0,,,,,28000000.0,904000000.0,1.0,1168398336.0,1165000000.0,1169000000.0,2.033,12089000000.0,373000000.0,442000000.0,125000000.0,10.377,4787000000.0
29,MA,MRQ,2014-03-31,2014-03-31,2014-03-31,2021-07-29,180000000.0,14802000000.0,,11342000000.0,3460000000.0,,5.542,-49000000.0,4932000000.0,4932000000.0,0.0,870000000.0,1.892,1.252,1494000000.0,0.0,1494000000.0,1494000000.0,0.0,73000000.0,913000000.0,0.004,0.11,1287000000.0,1360000000.0,0.626,1360000000.0,1287000000.0,1281000000.0,0.73,0.73,0.73,6567000000.0,,6567000000.0,84124592531.0,18.0,16.95,519000000.0,0.438,1.0,2172000000.0,1.0,2009000000.0,6000000.0,3361000000.0,,0.0,2543000000.0,2543000000.0,0.0,8224000000.0,5994000000.0,2230000000.0,88634592531.0,420000000.0,-146000000.0,-1661000000.0,1487000000.0,-131000000.0,-279000000.0,130000000.0,147000000.0,568000000.0,1000000.0,870000000.0,870000000.0,870000000.0,0.0,0.0,0.401,887000000.0,1285000000.0,297000000.0,0.151,13.497,27.526,27.873,528000000.0,0.0,74.7,10.333,10.319,995000000.0,10861000000.0,2172000000.0,2172000000.0,0.0,,,,,-74000000.0,814000000.0,1.0,1186540730.0,1185000000.0,1189000000.0,1.833,12793000000.0,369000000.0,411000000.0,117000000.0,10.796,5348000000.0
30,MA,MRQ,2013-12-31,2013-12-31,2013-12-31,2021-07-29,178000000.0,14242000000.0,,10950000000.0,3292000000.0,,6.242,-146000000.0,4510000000.0,4510000000.0,0.0,623000000.0,1.815,0.902,0.0,0.0,0.0,0.0,0.0,71000000.0,911000000.0,0.003,0.06,918000000.0,989000000.0,0.473,989000000.0,918000000.0,911000000.0,0.52,0.51,0.52,7484000000.0,,7484000000.0,96279658835.0,21.0,20.176,1053000000.0,0.878,1.0,2092000000.0,1.0,1794000000.0,7000000.0,1906000000.0,,0.0,2696000000.0,2696000000.0,0.0,6747000000.0,6032000000.0,715000000.0,100570658835.0,186000000.0,0.0,-747000000.0,35000000.0,-73000000.0,-792000000.0,-239000000.0,-89000000.0,1199000000.0,18000000.0,623000000.0,623000000.0,623000000.0,0.0,0.0,0.298,1172000000.0,920000000.0,338000000.0,0.115,13.438,32.276,32.508,526000000.0,0.0,83.546,12.099,12.172,966000000.0,10121000000.0,2092000000.0,2092000000.0,0.0,,,,,36000000.0,1006000000.0,1.0,1203775870.0,1199000000.0,1203000000.0,1.745,12448000000.0,303000000.0,288000000.0,117000000.0,10.382,4918000000.0
31,MA,MRQ,2013-09-30,2013-09-30,2013-09-30,2021-07-29,120000000.0,13730000000.0,,10559000000.0,3171000000.0,,6.354,-50000000.0,4291000000.0,4291000000.0,0.0,879000000.0,1.948,0.792,0.0,0.0,0.0,0.0,0.0,64000000.0,878000000.0,0.003,0.06,1251000000.0,1315000000.0,0.593,1315000000.0,1251000000.0,1254000000.0,0.73,0.73,0.73,7657000000.0,,7657000000.0,77965517655.0,17.0,16.428,1272000000.0,1.056,1.0,2218000000.0,1.0,1756000000.0,-3000000.0,2263000000.0,,0.0,2594000000.0,2594000000.0,0.0,6062000000.0,5420000000.0,642000000.0,81153517655.0,1065000000.0,0.0,-339000000.0,0.0,-72000000.0,-416000000.0,117000000.0,184000000.0,1322000000.0,42000000.0,879000000.0,879000000.0,879000000.0,0.0,0.0,0.396,970000000.0,1248000000.0,280000000.0,0.082,10.599,26.195,26.519,474000000.0,0.0,67.278,10.0,9.99,990000000.0,9630000000.0,2218000000.0,2218000000.0,0.0,,,,,28000000.0,906000000.0,1.0,1206241530.0,1205000000.0,1209000000.0,1.841,11974000000.0,211000000.0,375000000.0,93000000.0,9.937,5139000000.0
32,MA,MRQ,2013-06-30,2013-06-30,2013-06-30,2021-07-29,-15000000.0,12021000000.0,,8962000000.0,3059000000.0,,5.781,-61000000.0,3188000000.0,3188000000.0,0.0,848000000.0,2.071,0.711,0.0,0.0,0.0,0.0,0.0,61000000.0,840000000.0,0.003,0.06,1238000000.0,1299000000.0,0.62,1299000000.0,1238000000.0,1233000000.0,0.7,0.7,0.7,7018000000.0,,7018000000.0,67044944114.0,16.0,14.706,681000000.0,0.561,1.0,2096000000.0,1.0,1687000000.0,5000000.0,2819000000.0,,0.0,2742000000.0,2742000000.0,0.0,4992000000.0,4327000000.0,665000000.0,69840944114.0,364000000.0,0.0,-570000000.0,0.0,-73000000.0,-638000000.0,225000000.0,289000000.0,742000000.0,35000000.0,848000000.0,848000000.0,848000000.0,0.0,0.0,0.405,868000000.0,1228000000.0,259000000.0,0.086,9.952,23.35,23.681,471000000.0,0.0,57.45,8.937,8.924,949000000.0,8823000000.0,2096000000.0,2096000000.0,0.0,,,,,22000000.0,807000000.0,1.0,1215682230.0,1214000000.0,1217000000.0,1.727,10334000000.0,211000000.0,385000000.0,98000000.0,8.512,4635000000.0
33,MA,MRQ,2013-03-31,2013-03-31,2013-03-31,2021-07-29,-50000000.0,11809000000.0,,8783000000.0,3026000000.0,,5.5,-42000000.0,2796000000.0,2796000000.0,0.0,766000000.0,1.99,0.749,0.0,0.0,0.0,0.0,0.0,62000000.0,812000000.0,0.002,0.03,1107000000.0,1169000000.0,0.613,1169000000.0,1107000000.0,1102000000.0,0.62,0.62,0.62,6743000000.0,,6743000000.0,63605862354.0,16.0,14.82,830000000.0,0.677,1.0,1906000000.0,1.0,1679000000.0,5000000.0,2920000000.0,,0.0,3036000000.0,3036000000.0,0.0,5053000000.0,4414000000.0,639000000.0,66434862354.0,-68000000.0,0.0,-761000000.0,0.0,-37000000.0,-783000000.0,-107000000.0,-65000000.0,872000000.0,-50000000.0,766000000.0,766000000.0,766000000.0,0.0,0.0,0.402,799000000.0,1107000000.0,262000000.0,0.048,9.852,23.368,23.713,468000000.0,0.0,54.113,8.812,8.8,941000000.0,8047000000.0,1906000000.0,1906000000.0,0.0,,,,,-23000000.0,737000000.0,1.0,1227706140.0,1226000000.0,1230000000.0,1.555,10130000000.0,187000000.0,336000000.0,99000000.0,8.263,4369000000.0
34,MA,MRQ,2012-12-31,2012-12-31,2012-12-31,2021-07-29,61000000.0,12462000000.0,,9357000000.0,3105000000.0,,5.614,-54000000.0,2829000000.0,2829000000.0,0.0,605000000.0,1.907,0.8,0.0,0.0,0.0,0.0,0.0,62000000.0,777000000.0,0.002,0.03,901000000.0,963000000.0,0.508,963000000.0,901000000.0,894000000.0,0.487,0.483,0.487,6917000000.0,,6917000000.0,57226921481.0,14.0,13.681,812000000.0,0.659,1.0,1895000000.0,1.0,1764000000.0,7000000.0,2963000000.0,,0.0,2951000000.0,2951000000.0,0.0,5533000000.0,4906000000.0,627000000.0,61046921481.0,-993000000.0,0.0,-610000000.0,0.0,-38000000.0,-647000000.0,-1227000000.0,-323000000.0,866000000.0,15000000.0,605000000.0,605000000.0,605000000.0,0.0,0.0,0.319,996000000.0,899000000.0,357000000.0,0.062,8.826,22.126,22.331,472000000.0,0.0,49.128,8.26,8.329,925000000.0,7354000000.0,1895000000.0,1895000000.0,0.0,,,,,21000000.0,934000000.0,1.0,1242609540.0,1232000000.0,1252000000.0,1.538,10698000000.0,188000000.0,289000000.0,104000000.0,8.683,4451000000.0
35,MA,MRQ,2012-09-30,2012-09-30,2012-09-30,2021-07-29,34000000.0,12120000000.0,,9072000000.0,3048000000.0,,5.53,-57000000.0,3820000000.0,3820000000.0,0.0,772000000.0,1.995,0.752,0.0,0.0,0.0,0.0,0.0,58000000.0,775000000.0,0.002,0.03,1070000000.0,1128000000.0,0.588,1128000000.0,1070000000.0,1066000000.0,0.619,0.617,0.619,6912000000.0,,6912000000.0,52464944611.0,17.0,16.054,957000000.0,0.766,1.0,1918000000.0,1.0,1763000000.0,4000000.0,1989000000.0,,0.0,2594000000.0,2594000000.0,0.0,5196000000.0,4548000000.0,648000000.0,56343944611.0,-108000000.0,-70000000.0,-206000000.0,0.0,-37000000.0,-229000000.0,-922000000.0,-794000000.0,1014000000.0,29000000.0,772000000.0,772000000.0,772000000.0,0.0,0.0,0.403,854000000.0,1064000000.0,319000000.0,0.048,8.152,25.929,26.067,465000000.0,0.0,45.148,7.8,7.812,912000000.0,6786000000.0,1918000000.0,1918000000.0,0.0,,,,,9000000.0,796000000.0,1.0,1247983180.0,1250000000.0,1250000000.0,1.534,10357000000.0,457000000.0,294000000.0,103000000.0,8.286,4524000000.0
36,MA,MRQ,2012-06-30,2012-06-30,2012-06-30,2021-07-29,-47000000.0,11240000000.0,,8283000000.0,2957000000.0,,4.972,-56000000.0,3879000000.0,3879000000.0,0.0,700000000.0,1.923,0.792,0.0,0.0,0.0,0.0,0.0,56000000.0,726000000.0,0.002,0.03,976000000.0,1032000000.0,0.567,1032000000.0,976000000.0,973000000.0,0.556,0.555,0.556,6265000000.0,,6265000000.0,50024487177.0,17.0,15.497,585000000.0,0.464,1.0,1820000000.0,1.0,1665000000.0,3000000.0,1389000000.0,,0.0,1803000000.0,1803000000.0,0.0,4964000000.0,4307000000.0,657000000.0,54357487177.0,-531000000.0,0.0,-667000000.0,0.0,-38000000.0,-702000000.0,-388000000.0,-332000000.0,641000000.0,-82000000.0,700000000.0,700000000.0,700000000.0,0.0,0.0,0.385,846000000.0,974000000.0,330000000.0,0.054,8.676,25.665,25.632,458000000.0,0.0,43.011,7.63,7.607,844000000.0,6052000000.0,1820000000.0,1820000000.0,0.0,,,,,23000000.0,770000000.0,1.0,1263804310.0,1260000000.0,1260000000.0,1.444,9575000000.0,474000000.0,273000000.0,105000000.0,7.599,3976000000.0
37,MA,MRQ,2012-03-31,2012-03-31,2012-03-31,2021-07-29,78000000.0,11131000000.0,,8113000000.0,3018000000.0,,5.017,-51000000.0,4333000000.0,4333000000.0,0.0,682000000.0,1.983,0.746,0.0,0.0,0.0,0.0,0.0,54000000.0,649000000.0,0.001,0.015,1006000000.0,1060000000.0,0.603,1060000000.0,1006000000.0,1000000000.0,0.538,0.536,0.538,6371000000.0,,6371000000.0,48833053691.0,17.0,15.557,376000000.0,0.296,1.0,1758000000.0,1.0,1724000000.0,6000000.0,982000000.0,,0.0,1457000000.0,1457000000.0,0.0,4752000000.0,4092000000.0,660000000.0,53203053691.0,-50000000.0,0.0,-234000000.0,0.0,-19000000.0,-220000000.0,-302000000.0,-251000000.0,427000000.0,45000000.0,682000000.0,682000000.0,682000000.0,0.0,0.0,0.388,758000000.0,1000000000.0,274000000.0,0.028,8.351,26.26,26.3,450000000.0,0.0,42.054,7.632,7.662,812000000.0,5389000000.0,1758000000.0,1758000000.0,0.0,,,,,-53000000.0,704000000.0,1.0,1265112800.0,1270000000.0,1270000000.0,1.384,9407000000.0,440000000.0,318000000.0,112000000.0,7.407,4021000000.0
38,MA,MRQ,2011-12-31,2011-12-31,2011-12-31,2021-07-29,-2000000.0,10693000000.0,,7741000000.0,2952000000.0,,4.599,-61000000.0,4370000000.0,4370000000.0,0.0,20000000.0,1.836,0.821,0.0,0.0,0.0,0.0,0.0,52000000.0,636000000.0,0.002,0.015,-4000000.0,48000000.0,0.028,48000000.0,-4000000.0,-11000000.0,0.019,0.014,0.019,5868000000.0,,5868000000.0,42928470708.0,15.0,14.469,723000000.0,0.567,1.0,1728000000.0,1.0,1679000000.0,7000000.0,427000000.0,,0.0,1215000000.0,1215000000.0,0.0,4816000000.0,4217000000.0,599000000.0,47317470708.0,-19000000.0,0.0,-26000000.0,21000000.0,-19000000.0,-44000000.0,-693000000.0,-637000000.0,784000000.0,-66000000.0,19000000.0,19000000.0,19000000.0,0.0,1000000.0,0.011,1738000000.0,-10000000.0,360000000.0,0.789,8.064,24.826,25.021,449000000.0,0.0,37.282,7.048,7.102,808000000.0,4745000000.0,1728000000.0,1728000000.0,0.0,,,,,-7000000.0,916000000.0,1.0,1269177370.0,1276000000.0,1266000000.0,1.354,9014000000.0,431000000.0,-30000000.0,113000000.0,7.064,3524000000.0
39,MA,MRQ,2011-09-30,2011-09-30,2011-09-30,2021-07-29,104000000.0,9674000000.0,,6753000000.0,2921000000.0,,4.702,-44000000.0,4389000000.0,4389000000.0,0.0,716000000.0,2.175,0.618,0.0,0.0,0.0,0.0,0.0,51000000.0,636000000.0,0.002,0.015,1037000000.0,1088000000.0,0.598,1088000000.0,1037000000.0,1031000000.0,0.565,0.563,0.565,5972000000.0,,5972000000.0,36926725752.0,11.0,10.396,963000000.0,0.758,1.0,1818000000.0,1.0,1709000000.0,6000000.0,471000000.0,,0.0,753000000.0,639000000.0,114000000.0,3692000000.0,3105000000.0,587000000.0,40298725752.0,989000000.0,0.0,-70000000.0,0.0,-19000000.0,-88000000.0,159000000.0,194000000.0,1007000000.0,-89000000.0,717000000.0,717000000.0,717000000.0,0.0,-1000000.0,0.394,816000000.0,1002000000.0,289000000.0,0.027,6.748,17.506,17.718,450000000.0,0.0,31.716,6.273,6.27,763000000.0,4745000000.0,1818000000.0,1818000000.0,0.0,,,,,16000000.0,765000000.0,1.0,1270611860.0,1270000000.0,1270000000.0,1.431,7965000000.0,118000000.0,314000000.0,125000000.0,6.272,3648000000.0
40,MA,MRQ,2011-06-30,2011-06-30,2011-06-30,2021-07-29,247000000.0,9025000000.0,,6011000000.0,3014000000.0,,4.307,-47000000.0,3372000000.0,3372000000.0,0.0,608000000.0,2.028,0.648,0.0,0.0,0.0,0.0,0.0,49000000.0,608000000.0,0.002,0.015,894000000.0,943000000.0,0.566,943000000.0,894000000.0,892000000.0,0.477,0.476,0.477,5470000000.0,,5470000000.0,34812620328.0,11.0,10.623,491000000.0,0.387,1.0,1667000000.0,1.0,1768000000.0,2000000.0,921000000.0,,0.0,957000000.0,840000000.0,117000000.0,3544000000.0,2964000000.0,580000000.0,38342620328.0,-190000000.0,-460000000.0,-381000000.0,-21000000.0,-19000000.0,-418000000.0,-349000000.0,158000000.0,538000000.0,39000000.0,608000000.0,608000000.0,608000000.0,0.0,0.0,0.365,782000000.0,885000000.0,336000000.0,0.031,7.01,18.232,18.59,454000000.0,0.0,30.134,6.354,6.342,713000000.0,4047000000.0,1667000000.0,1667000000.0,0.0,,,,,18000000.0,733000000.0,1.0,1272403940.0,1270000000.0,1280000000.0,1.313,7257000000.0,157000000.0,284000000.0,130000000.0,5.714,3047000000.0
41,MA,MRQ,2011-03-31,2011-03-31,2011-03-31,2021-07-29,201000000.0,8502000000.0,,6073000000.0,2429000000.0,,3.993,-25000000.0,3530000000.0,3530000000.0,0.0,562000000.0,2.176,0.636,0.0,0.0,0.0,0.0,0.0,42000000.0,576000000.0,0.002,0.015,846000000.0,888000000.0,0.592,888000000.0,846000000.0,836000000.0,0.431,0.429,0.431,5191000000.0,,5191000000.0,29313733863.0,10.0,9.459,330000000.0,0.254,1.0,1501000000.0,1.0,1249000000.0,10000000.0,932000000.0,,0.0,1114000000.0,985000000.0,129000000.0,3300000000.0,2791000000.0,509000000.0,32873733863.0,-113000000.0,0.0,-652000000.0,0.0,-20000000.0,-665000000.0,135000000.0,160000000.0,355000000.0,62000000.0,562000000.0,562000000.0,562000000.0,0.0,0.0,0.374,665000000.0,836000000.0,283000000.0,0.035,6.333,16.832,16.849,436000000.0,0.0,25.172,5.735,5.709,642000000.0,3457000000.0,1501000000.0,1501000000.0,0.0,,,,,8000000.0,623000000.0,1.0,1305964320.0,1300000000.0,1310000000.0,1.155,7253000000.0,187000000.0,274000000.0,95000000.0,5.579,3282000000.0
42,MA,MRQ,2010-12-31,2010-12-31,2010-12-31,2021-07-29,95000000.0,8837000000.0,,6454000000.0,2383000000.0,,3.973,-46000000.0,3560000000.0,3560000000.0,0.0,415000000.0,2.053,0.696,0.0,0.0,0.0,0.0,0.0,42000000.0,493000000.0,0.003,0.015,591000000.0,633000000.0,0.44,633000000.0,591000000.0,582000000.0,0.317,0.316,0.317,5205000000.0,,5205000000.0,25859779233.0,9.0,8.748,624000000.0,0.476,1.0,1438000000.0,1.0,1207000000.0,9000000.0,927000000.0,,0.0,1273000000.0,1131000000.0,142000000.0,3621000000.0,3143000000.0,478000000.0,29331779233.0,588000000.0,-498000000.0,1000000.0,0.0,-20000000.0,-17000000.0,-58000000.0,-39000000.0,670000000.0,-7000000.0,415000000.0,415000000.0,415000000.0,0.0,0.0,0.289,869000000.0,569000000.0,272000000.0,0.047,5.635,15.889,15.894,439000000.0,0.0,22.411,5.296,5.3,650000000.0,2915000000.0,1438000000.0,1438000000.0,0.0,,,,,14000000.0,827000000.0,1.0,1308811710.0,1310000000.0,1310000000.0,1.098,7630000000.0,221000000.0,167000000.0,74000000.0,5.824,3311000000.0
43,MA,MRQ,2010-09-30,2010-09-30,2010-09-30,2021-07-29,141000000.0,8166000000.0,,6233000000.0,1933000000.0,,3.696,-40000000.0,3473000000.0,3473000000.0,0.0,519000000.0,2.201,0.685,1000000.0,0.0,1000000.0,1000000.0,0.0,36000000.0,467000000.0,0.003,0.015,777000000.0,813000000.0,0.569,813000000.0,777000000.0,766000000.0,0.396,0.394,0.396,4842000000.0,,4842000000.0,26527180128.0,10.0,9.334,549000000.0,0.419,1.0,1428000000.0,1.0,709000000.0,11000000.0,1153000000.0,,0.0,1291000000.0,1137000000.0,154000000.0,3315000000.0,2832000000.0,483000000.0,29312180128.0,156000000.0,0.0,1000000.0,0.0,-20000000.0,-23000000.0,-563000000.0,5000000.0,589000000.0,153000000.0,518000000.0,518000000.0,518000000.0,0.0,1000000.0,0.363,662000000.0,766000000.0,243000000.0,0.038,6.054,16.993,17.008,433000000.0,0.0,22.4,5.428,5.434,580000000.0,2520000000.0,1428000000.0,1428000000.0,0.0,,,,,22000000.0,626000000.0,1.0,1308579470.0,1310000000.0,1310000000.0,1.09,7457000000.0,355000000.0,248000000.0,90000000.0,5.692,3401000000.0
44,MA,MRQ,2010-06-30,2010-06-30,2010-06-30,2021-07-29,-72000000.0,7432000000.0,,5543000000.0,1889000000.0,,3.143,-45000000.0,2804000000.0,2804000000.0,0.0,458000000.0,1.967,0.803,19000000.0,0.0,19000000.0,19000000.0,0.0,35000000.0,481000000.0,0.003,0.015,730000000.0,765000000.0,0.56,765000000.0,730000000.0,713000000.0,0.35,0.349,0.35,4117000000.0,,4117000000.0,23558061977.0,9.0,8.529,298000000.0,0.227,1.0,1365000000.0,1.0,657000000.0,17000000.0,1172000000.0,,0.0,1300000000.0,1130000000.0,170000000.0,3307000000.0,2818000000.0,489000000.0,26100061977.0,204000000.0,0.0,3000000.0,0.0,-19000000.0,-18000000.0,3000000.0,48000000.0,343000000.0,-124000000.0,458000000.0,458000000.0,458000000.0,0.0,0.0,0.336,648000000.0,717000000.0,244000000.0,0.043,6.34,15.732,15.748,435000000.0,0.0,19.953,4.891,4.899,517000000.0,2022000000.0,1365000000.0,1365000000.0,0.0,,,,,17000000.0,613000000.0,1.0,1308077080.0,1310000000.0,1310000000.0,1.042,6775000000.0,402000000.0,255000000.0,74000000.0,5.172,2725000000.0
45,MA,MRQ,2010-03-31,2010-03-31,2010-03-31,2021-07-29,88000000.0,7286000000.0,,5106000000.0,2180000000.0,,2.942,-20000000.0,2563000000.0,2563000000.0,0.0,455000000.0,1.809,0.903,21000000.0,0.0,21000000.0,21000000.0,0.0,35000000.0,444000000.0,0.002,0.015,710000000.0,745000000.0,0.57,745000000.0,710000000.0,695000000.0,0.347,0.346,0.347,3824000000.0,,3824000000.0,30647115430.0,12.0,11.783,75000000.0,0.058,1.0,1308000000.0,1.0,701000000.0,15000000.0,1221000000.0,,0.0,1341000000.0,982000000.0,359000000.0,3454000000.0,2822000000.0,632000000.0,33126945430.0,64000000.0,0.0,6000000.0,0.0,-20000000.0,77000000.0,-23000000.0,-3000000.0,95000000.0,-85000000.0,455000000.0,455000000.0,455000000.0,0.0,0.0,0.348,608000000.0,700000000.0,251000000.0,0.043,8.663,21.372,21.453,433000000.0,0.0,25.4,6.309,6.288,505000000.0,1583000000.0,1308000000.0,1308000000.0,0.0,,,,,-75000000.0,573000000.0,1.0,1304210450.0,1300000000.0,1310000000.0,1.006,6585000000.0,458000000.0,240000000.0,74000000.0,5.065,2284000000.0
46,MA,MRQ,2009-12-31,2009-12-31,2009-12-31,2021-07-29,194000000.0,7470000000.0,,5003000000.0,2467000000.0,,2.695,-44000000.0,2501000000.0,2501000000.0,0.0,294000000.0,1.58,1.13,22000000.0,0.0,22000000.0,22000000.0,0.0,38000000.0,446000000.0,0.002,0.015,481000000.0,519000000.0,0.4,519000000.0,481000000.0,458000000.0,0.224,0.224,0.224,3504000000.0,,3504000000.0,30658304635.0,13.0,12.392,240000000.0,0.185,1.0,1299000000.0,1.0,724000000.0,23000000.0,1100000000.0,,0.0,1342000000.0,824000000.0,518000000.0,3958000000.0,3167000000.0,791000000.0,33213774635.0,-261000000.0,0.0,3000000.0,0.0,-20000000.0,-10000000.0,-524000000.0,-480000000.0,284000000.0,-11000000.0,294000000.0,294000000.0,294000000.0,0.0,0.0,0.226,831000000.0,468000000.0,290000000.0,0.067,9.479,22.703,22.876,449000000.0,0.0,25.598,6.514,6.526,536000000.0,1148000000.0,1299000000.0,1299000000.0,0.0,,,,,12000000.0,800000000.0,1.0,1297514440.0,1300000000.0,1300000000.0,0.999,6746000000.0,508000000.0,164000000.0,80000000.0,5.189,1836000000.0
47,MA,MRQ,2009-09-30,2009-09-30,2009-09-30,2021-07-29,209805000.0,6939348000.0,,4752667000.0,2186681000.0,,2.475,-33000000.0,2577160000.0,2577160000.0,0.0,452000000.0,1.703,1.154,21690000.0,0.0,21690000.0,21690000.0,0.0,36000000.0,260769000.0,0.003,0.015,697000000.0,733000000.0,0.537,733000000.0,697000000.0,673000000.0,0.346,0.345,0.346,3217523000.0,,3217523000.0,23940056634.0,10.0,9.707,283000000.0,0.218,1.0,1364000000.0,1.0,724963000.0,24000000.0,867583000.0,,0.0,862428000.0,629678000.0,232750000.0,3714112000.0,2791332000.0,922780000.0,26211016634.0,268000000.0,15000000.0,4000000.0,0.0,-20000000.0,-10000000.0,-52000000.0,-32000000.0,316000000.0,14000000.0,452000000.0,452000000.0,452000000.0,0.0,0.0,0.331,691000000.0,673000000.0,277715000.0,0.043,8.146,18.624,18.787,450915000.0,0.0,20.215,5.216,5.23,503472000.0,873424000.0,1364000000.0,1364000000.0,0.0,,,,,22000000.0,649000000.0,1.0,1296612250.0,1300000000.0,1300000000.0,1.049,6214385000.0,636748000.0,221000000.0,76186000.0,4.78,1961335000.0
48,MA,MRQ,2009-06-30,2009-06-30,2009-06-30,2021-07-29,128797000.0,6983933000.0,,4690202000.0,2293731000.0,,2.051,-35000000.0,2291524000.0,2291524000.0,0.0,349000000.0,1.573,1.616,20564000.0,0.0,20564000.0,20564000.0,0.0,36000000.0,243330000.0,0.004,0.015,568000000.0,604000000.0,0.472,604000000.0,568000000.0,536000000.0,0.267,0.267,0.267,2666269000.0,,2666269000.0,19778929503.0,14.0,13.145,327000000.0,0.252,1.0,1280000000.0,1.0,697709000.0,32000000.0,1033652000.0,,0.0,829313000.0,605403000.0,223910000.0,4309892000.0,2981612000.0,1328280000.0,21643976503.0,370000000.0,3000000.0,1000000.0,0.0,-19000000.0,0.0,-38000000.0,-3000000.0,362000000.0,46000000.0,349000000.0,349000000.0,349000000.0,0.0,0.0,0.273,723000000.0,557000000.0,259484000.0,0.056,8.118,28.413,28.747,456750000.0,0.0,16.731,4.329,4.351,545255000.0,440901000.0,1280000000.0,1280000000.0,0.0,,,,,8000000.0,687000000.0,1.0,1293645120.0,1300000000.0,1300000000.0,0.985,6286224000.0,764925000.0,187000000.0,73668000.0,4.836,1708590000.0
49,MA,MRQ,2009-03-31,2009-03-31,2009-03-31,2021-07-29,39519000.0,6415312000.0,,4106900000.0,2308412000.0,,1.709,-28000000.0,1883454000.0,1883454000.0,0.0,367000000.0,1.493,1.884,18407000.0,0.0,18407000.0,18407000.0,0.0,31000000.0,205262000.0,0.004,0.015,586000000.0,617000000.0,0.534,617000000.0,586000000.0,550000000.0,0.281,0.28,0.281,2221362000.0,,2221362000.0,20146368488.0,-51.0,-72.167,388000000.0,0.298,1.0,1156000000.0,1.0,656789000.0,36000000.0,1142172000.0,,0.0,825818000.0,597669000.0,228149000.0,4185983000.0,2751304000.0,1434679000.0,21666006488.0,173000000.0,-21000000.0,1000000.0,-149000000.0,-20000000.0,-165000000.0,-50000000.0,-2000000.0,416000000.0,-28000000.0,367000000.0,367000000.0,367000000.0,0.0,0.0,0.317,595000000.0,561000000.0,262622000.0,0.053,9.753,-64.892,-65.678,454227000.0,0.0,16.748,4.363,4.384,533654000.0,111477000.0,1156000000.0,1156000000.0,0.0,,,,,7000000.0,564000000.0,1.0,1293647390.0,1300000000.0,1300000000.0,0.889,5758523000.0,810915000.0,183000000.0,69436000.0,4.43,1355596000.0
50,MA,MRQ,2008-12-31,2008-12-31,2008-12-31,2021-07-29,108837000.0,6475849000.0,,4311507000.0,2164342000.0,,1.494,-48483000.0,1688405000.0,1688405000.0,0.0,239357000.0,1.442,2.358,168767000.0,149380000.0,19387000.0,168767000.0,0.0,30044000.0,183245000.0,0.004,0.015,482198000.0,512242000.0,0.418,512242000.0,482198000.0,445273000.0,0.182,0.182,0.182,1927355000.0,,1927355000.0,16426572909.0,-59.0,-98.363,-566067000.0,-0.439,1.0,1225234000.0,1.0,692275000.0,36925000.0,1273485000.0,,0.0,971305000.0,742095000.0,229210000.0,4543874000.0,2990451000.0,1553423000.0,18471422909.0,-566162000.0,-82000000.0,133000.0,0.0,-19424000.0,-20192000.0,-29641000.0,100619000.0,-517584000.0,1255000.0,239357000.0,239357000.0,239357000.0,0.0,0.0,0.195,762373000.0,462861000.0,253276000.0,0.082,9.584,-72.722,-73.675,306798000.0,0.0,14.293,3.7,3.722,639482000.0,-236100000.0,1225234000.0,1225234000.0,0.0,,,,,17684000.0,726174000.0,1.0,1292340510.0,1289740000.0,1289740000.0,0.95,5783574000.0,1049670000.0,205916000.0,74518000.0,4.484,1321056000.0
51,MA,MRQ,2008-09-30,2008-09-30,2008-09-30,2021-07-29,181263000.0,7272975000.0,,5070643000.0,2202332000.0,,1.363,-54772000.0,2213816000.0,2213816000.0,0.0,-193582000.0,1.334,3.118,168966000.0,149380000.0,19586000.0,168966000.0,0.0,28742000.0,142359000.0,0.003,0.015,-257353000.0,-228611000.0,-0.171,-228611000.0,-257353000.0,-293672000.0,-0.148,-0.148,-0.148,1765131000.0,,1765131000.0,21164701235.0,-76.0,-123.958,333013000.0,0.257,1.0,1338178000.0,1.0,610261000.0,36319000.0,817481000.0,,0.0,1090110000.0,833645000.0,256465000.0,5503224000.0,3800383000.0,1702841000.0,22906472235.0,302246000.0,0.0,4679000.0,0.0,-19698000.0,-9947000.0,-16200000.0,41504000.0,387785000.0,-59392000.0,-193582000.0,-193582000.0,-193582000.0,0.0,0.0,-0.145,1617442000.0,-279264000.0,224255000.0,-0.101,12.977,-121.119,-111.528,299791000.0,0.0,17.733,4.733,4.747,610760000.0,-475559000.0,1338178000.0,1338178000.0,0.0,,,,,10156000.0,761200000.0,1.0,1291742640.0,1295360000.0,1295360000.0,1.033,6662714000.0,1139894000.0,-100090000.0,76181000.0,5.144,1270260000.0
52,MA,MRQ,2008-06-30,2008-06-30,2008-06-30,2021-07-29,276013000.0,6860175000.0,,4399637000.0,2460538000.0,,1.575,-36019000.0,1912408000.0,1912408000.0,0.0,-746653000.0,1.571,2.347,170637000.0,0.0,170637000.0,170637000.0,0.0,27950000.0,143197000.0,0.002,0.015,-1207744000.0,-1179794000.0,-0.946,-1179794000.0,-1207744000.0,-1223182000.0,-0.57,-0.57,-0.57,2048087000.0,,2048087000.0,32743335444.0,69.0,56.562,282868000.0,0.217,1.0,1246504000.0,1.0,634538000.0,15438000.0,1683287000.0,,0.0,1135188000.0,719023000.0,416165000.0,4807468000.0,2800579000.0,2006889000.0,34520152444.0,-103339000.0,2624000.0,-352371000.0,-80000000.0,-19840000.0,-449043000.0,25805000.0,59005000.0,318887000.0,1012000.0,-746653000.0,-746653000.0,-746653000.0,0.0,0.0,-0.599,2479708000.0,-1233204000.0,260702000.0,-0.026,16.855,108.241,120.145,297178000.0,0.0,26.552,7.53,7.534,575493000.0,-282020000.0,1246504000.0,1246504000.0,0.0,,,,,14770000.0,802413000.0,1.0,1300096130.0,1300730000.0,1300730000.0,0.958,6225637000.0,928418000.0,-476529000.0,83935000.0,4.786,1599058000.0
53,MA,MRQ,2008-03-31,2008-03-31,2008-03-31,2021-07-29,287981000.0,6425607000.0,,4424429000.0,2001178000.0,,2.403,-31726000.0,2006791000.0,2006791000.0,0.0,446878000.0,1.871,1.033,229974000.0,80000000.0,149974000.0,229974000.0,0.0,25264000.0,134241000.0,0.003,0.015,703899000.0,729163000.0,0.617,729163000.0,703899000.0,688581000.0,0.337,0.337,0.337,3157939000.0,,3157939000.0,27811411290.0,13.0,12.751,192186000.0,0.146,1.0,1182084000.0,1.0,601360000.0,15318000.0,1682197000.0,,0.0,1218867000.0,790199000.0,428668000.0,3263048000.0,2365233000.0,897815000.0,29240882290.0,213255000.0,-2624000.0,-292441000.0,0.0,-20038000.0,-271818000.0,222036000.0,255872000.0,223912000.0,39125000.0,446878000.0,446878000.0,446878000.0,0.0,0.0,0.378,666477000.0,515607000.0,266448000.0,0.045,9.259,22.188,22.824,292748000.0,0.0,22.299,6.746,6.761,527065000.0,464585000.0,1182084000.0,1182084000.0,0.0,,,,,-29610000.0,641213000.0,1.0,1311309130.0,1314260000.0,1317640000.0,0.899,5824247000.0,285503000.0,241703000.0,76356000.0,4.432,2059196000.0
54,MA,MRQ,2007-12-31,2007-12-31,2007-12-31,2021-07-29,277746000.0,6260041000.0,,4591741000.0,1668300000.0,,2.285,-44761000.0,1801347000.0,1801347000.0,0.0,304233000.0,1.943,1.066,229824000.0,80000000.0,149824000.0,229824000.0,0.0,26152000.0,142052000.0,0.003,0.015,482349000.0,508501000.0,0.474,508501000.0,482349000.0,467036000.0,0.222,0.223,0.222,3027307000.0,,3027307000.0,26893374775.0,16.0,14.725,7437000.0,0.006,1.0,1072687000.0,1.0,560384000.0,15313000.0,1764792000.0,,0.0,1503176000.0,1310687000.0,192489000.0,3228114000.0,2363342000.0,864772000.0,28351050775.0,-28128000.0,0.0,-322854000.0,0.0,-20197000.0,-335219000.0,239322000.0,284725000.0,52198000.0,15571000.0,304233000.0,304233000.0,304233000.0,0.0,0.0,0.284,900631000.0,172056000.0,252391000.0,0.068,9.365,26.109,26.967,290200000.0,0.0,21.52,6.97,7.136,532633000.0,37699000.0,1072687000.0,1072687000.0,0.0,,,,,14472000.0,884479000.0,1.0,1317428010.0,1324870000.0,1311060000.0,0.81,5699657000.0,307668000.0,162803000.0,71278000.0,4.302,2228399000.0
55,MA,MRQ,2007-09-30,2007-09-30,2007-09-30,2021-07-29,414707000.0,6134980000.0,,4481330000.0,1653650000.0,,2.344,-36978000.0,1687423000.0,1687423000.0,0.0,314461000.0,2.244,0.932,229747000.0,80000000.0,149747000.0,229747000.0,0.0,22274000.0,0.0,0.003,0.0,498746000.0,521020000.0,0.481,521020000.0,498746000.0,482307000.0,0.232,0.231,0.232,3172718000.0,,3172718000.0,18711213733.0,14.0,13.085,234524000.0,0.173,1.0,1082850000.0,1.0,536987000.0,16439000.0,2143575000.0,,0.0,1782856000.0,1590368000.0,192488000.0,2957642000.0,1996742000.0,960900000.0,20001889733.0,167100000.0,0.0,-277164000.0,0.0,-20706000.0,-297006000.0,172546000.0,205978000.0,271502000.0,20058000.0,314461000.0,314461000.0,314461000.0,0.0,0.0,0.29,729547000.0,353303000.0,246273000.0,0.0,6.304,24.317,24.417,280370000.0,0.0,14.797,5.217,5.224,536401000.0,-226368000.0,1082850000.0,1082850000.0,0.0,,,,,11663000.0,697273000.0,1.0,1351753040.0,1353570000.0,1362280000.0,0.8,5597993000.0,290147000.0,167846000.0,130376000.0,4.136,2484588000.0
56,MA,MRQ,2007-06-30,2007-06-30,2007-06-30,2021-07-29,126355000.0,5606549000.0,,3988534000.0,1618015000.0,,2.101,-38580000.0,1520323000.0,1520323000.0,0.0,252286000.0,2.182,0.963,229647000.0,80000000.0,149647000.0,229647000.0,0.0,25028000.0,0.0,0.003,0.03,397469000.0,422497000.0,0.424,422497000.0,397469000.0,386299000.0,0.186,0.185,0.186,2853996000.0,,2853996000.0,21426595085.0,19.0,17.238,336607000.0,0.248,1.0,996959000.0,1.0,508832000.0,11170000.0,1979425000.0,,0.0,1503251000.0,1310262000.0,192989000.0,2747933000.0,1827616000.0,920317000.0,22406729085.0,310504000.0,0.0,1083000.0,0.0,-20942000.0,-16886000.0,-52620000.0,-17968000.0,375187000.0,4823000.0,252286000.0,252286000.0,252286000.0,0.0,0.0,0.253,728143000.0,268816000.0,236662000.0,0.161,7.851,31.959,32.145,269985000.0,0.0,16.587,6.133,6.169,480939000.0,-540830000.0,996959000.0,996959000.0,0.0,,,,,11984000.0,699716000.0,1.0,1350860860.0,1358650000.0,1366870000.0,0.734,5097717000.0,278337000.0,134013000.0,67029000.0,3.752,2160918000.0
57,MA,MRQ,2007-03-31,2007-03-31,2007-03-31,2021-07-29,118997000.0,5206153000.0,,3608547000.0,1597606000.0,,1.915,-36103000.0,1209819000.0,1209819000.0,0.0,214906000.0,2.239,1.0,229685000.0,0.0,229685000.0,229685000.0,0.0,24188000.0,0.0,0.002,0.009,350146000.0,374334000.0,0.409,374334000.0,350146000.0,335790000.0,0.158,0.157,0.158,2601246000.0,,2601246000.0,13395812188.0,27.0,22.302,34871000.0,0.026,1.0,915103000.0,1.0,502097000.0,14356000.0,2112179000.0,,0.0,1492339000.0,1299350000.0,192989000.0,2600287000.0,1611743000.0,988544000.0,14351224188.0,24739000.0,0.0,0.0,0.0,-12157000.0,-8396000.0,-44107000.0,-9081000.0,70974000.0,6268000.0,214906000.0,214906000.0,214906000.0,0.0,0.0,0.235,601165000.0,313938000.0,231443000.0,0.057,5.517,103.73,106.24,258032000.0,0.0,10.624,4.097,4.12,450372000.0,-793115000.0,915103000.0,915103000.0,0.0,,,,,4664000.0,576977000.0,1.0,1350830590.0,1358470000.0,1365940000.0,0.674,4704056000.0,274434000.0,120884000.0,66822000.0,3.463,1996804000.0
58,MA,MRQ,2006-12-31,2006-12-31,2006-12-31,2021-07-29,103662000.0,5082470000.0,,3577229000.0,1505241000.0,,1.742,-31531000.0,1185080000.0,1185080000.0,0.0,40902000.0,1.975,1.148,229668000.0,0.0,229668000.0,229668000.0,0.0,24730000.0,0.0,0.001,0.009,87424000.0,112154000.0,0.134,112154000.0,87424000.0,69738000.0,0.03,0.03,0.03,2364359000.0,,2364359000.0,12101578213.0,34.0,26.591,171847000.0,0.127,1.0,839163000.0,1.0,488386000.0,17686000.0,1827082000.0,,0.0,1492318000.0,1298841000.0,193477000.0,2713491000.0,1811590000.0,901901000.0,13293129213.0,-236059000.0,0.0,0.0,0.0,-12373000.0,-12373000.0,-436704000.0,-405686000.0,203378000.0,9640000.0,40902000.0,40902000.0,40902000.0,0.0,0.0,0.049,793175000.0,45988000.0,278656000.0,0.3,5.622,264.856,266.189,252731000.0,0.0,9.849,3.997,4.01,451261000.0,-1029196000.0,839163000.0,839163000.0,0.0,,,,,5809000.0,752238000.0,1.0,1349693290.0,1357080000.0,1365830000.0,0.618,4594084000.0,216782000.0,28836000.0,66198000.0,3.385,1765639000.0
59,MA,MRQ,2006-09-30,2006-09-30,2006-09-30,2021-07-29,93574000.0,4871950000.0,,3358446000.0,1513504000.0,,1.71,-31381000.0,1421139000.0,1421139000.0,0.0,193004000.0,2.16,1.098,229588000.0,0.0,229588000.0,229588000.0,0.0,25139000.0,0.0,0.0,0.0,308866000.0,334005000.0,0.37,334005000.0,308866000.0,292109000.0,0.142,0.142,0.142,2320188000.0,,2320188000.0,8514816295.0,43.0,28.424,231821000.0,0.171,1.0,901969000.0,1.0,478996000.0,16757000.0,1646716000.0,,0.0,1096740000.0,903275000.0,193465000.0,2547142000.0,1554687000.0,992455000.0,9495092295.0,211283000.0,0.0,0.0,0.0,0.0,0.0,-56525000.0,-25666000.0,263202000.0,4606000.0,193004000.0,193004000.0,193004000.0,0.0,0.0,0.214,627209000.0,274760000.0,193153000.0,0.0,4.092,-217.677,-213.182,240315000.0,0.0,7.035,2.965,2.98,444946000.0,-1070098000.0,901969000.0,901969000.0,0.0,,,,,6547000.0,602070000.0,1.0,1349693290.0,1356840000.0,1361340000.0,0.665,4392954000.0,239877000.0,99105000.0,64071000.0,3.238,1803759000.0
60,MA,MRQ,2006-06-30,2006-06-30,2006-06-30,2021-07-29,77796000.0,4641939000.0,,3161768000.0,1480171000.0,,1.565,-19079000.0,1209856000.0,1209856000.0,0.0,-310460000.0,2.022,1.191,229580000.0,0.0,229580000.0,229580000.0,0.0,24693000.0,0.0,0.0,0.0,-244524000.0,-219831000.0,-0.26,-219831000.0,-244524000.0,-260592000.0,-0.23,-0.23,-0.23,2117006000.0,,2117006000.0,4533693352.0,64.0,26.152,123866000.0,0.092,1.0,846489000.0,1.0,480441000.0,16068000.0,1617799000.0,,0.0,1065356000.0,871416000.0,193940000.0,2520313000.0,1563423000.0,956890000.0,4798934352.0,715064000.0,0.0,649973000.0,0.0,0.0,649973000.0,-85005000.0,-64560000.0,142945000.0,7151000.0,-310460000.0,-310460000.0,-310460000.0,0.0,0.0,-0.367,1120455000.0,-273966000.0,202816000.0,0.0,2.267,-36.762,-50.0,227900000.0,0.0,4.8,1.552,2.099,410321000.0,-1263102000.0,846489000.0,846489000.0,0.0,,,,,6825000.0,672227000.0,1.0,999777990.0,1352520000.0,1352520000.0,0.626,4161498000.0,229085000.0,49868000.0,64408000.0,3.077,1598345000.0
61,MA,MRQ,2006-03-31,2006-03-31,2006-03-31,2021-07-29,60829000.0,3710961000.0,,2246069000.0,1464892000.0,,0.969,-12477000.0,494792000.0,494792000.0,0.0,126744000.0,1.584,1.834,229551000.0,0.0,229551000.0,229551000.0,0.0,25220000.0,0.0,,0.0,203557000.0,228777000.0,0.31,228777000.0,203557000.0,192917000.0,0.094,0.094,0.094,1307707000.0,,1307707000.0,,,,28159000.0,0.021,1.0,738453000.0,1.0,472393000.0,10640000.0,1555092000.0,,0.0,1006124000.0,812184000.0,193940000.0,2398634000.0,1418235000.0,980399000.0,,-50481000.0,0.0,0.0,0.0,0.0,0.0,-97992000.0,-85478000.0,40636000.0,6875000.0,126744000.0,126744000.0,126744000.0,0.0,0.0,0.172,555740000.0,182713000.0,173271000.0,0.0,,,,226764000.0,0.0,,,,324473000.0,272259000.0,738453000.0,738453000.0,0.0,,,,,0.0,530520000.0,1.0,1000003480.0,1349690000.0,1349690000.0,0.547,3238568000.0,217111000.0,66173000.0,62638000.0,2.399,827834000.0
62,MA,MRQ,2005-12-31,2005-12-31,2005-12-31,2021-07-29,49014000.0,3700544000.0,,2227898000.0,1472646000.0,,0.866,-24539000.0,545273000.0,545273000.0,0.0,-52908000.0,1.431,2.161,229489000.0,0.0,229489000.0,229489000.0,0.0,26570000.0,0.0,,0.0,-69956000.0,-43386000.0,-0.061,-43386000.0,-69956000.0,-88208000.0,-0.039,-0.039,-0.039,1169148000.0,,1169148000.0,,,,-100118000.0,-0.074,1.0,715918000.0,1.0,470555000.0,18252000.0,1357502000.0,,0.0,931022000.0,736619000.0,194403000.0,2526776000.0,1556703000.0,970073000.0,,14285000.0,0.0,0.0,0.0,0.0,0.0,93056000.0,119496000.0,-75579000.0,-3192000.0,-52908000.0,-52908000.0,-52908000.0,0.0,0.0,-0.074,814576000.0,-98658000.0,185021000.0,0.0,,,,230614000.0,0.0,,,,347754000.0,145515000.0,715918000.0,715918000.0,0.0,,,,,0.0,761036000.0,1.0,1000003480.0,1349690000.0,1349690000.0,0.53,3229989000.0,225034000.0,-35300000.0,61188000.0,2.393,671195000.0
63,MA,MRQ,2005-09-30,2005-09-30,2005-09-30,2021-07-29,62383000.0,3670362000.0,,2251573000.0,1418789000.0,,0.915,-16515000.0,530988000.0,530988000.0,0.0,106085000.0,1.574,1.967,229460000.0,0.0,229460000.0,229460000.0,0.0,26270000.0,0.0,,0.0,181530000.0,207800000.0,0.263,207800000.0,181530000.0,163957000.0,0.079,0.079,0.079,1235425000.0,,1235425000.0,,,,134633000.0,0.1,1.0,791605000.0,1.0,486411000.0,17573000.0,1451628000.0,,0.0,1054973000.0,860570000.0,194403000.0,2430317000.0,1430795000.0,999522000.0,,10907000.0,0.0,0.0,0.0,0.0,0.0,-139709000.0,-124320000.0,151148000.0,-532000.0,106085000.0,106085000.0,106085000.0,0.0,0.0,0.134,643712000.0,147893000.0,182207000.0,0.0,,,,227879000.0,0.0,,,,368594000.0,198423000.0,791605000.0,791605000.0,0.0,,,,,0.0,569254000.0,1.0,1000003480.0,1349690000.0,1349690000.0,0.587,3183951000.0,274733000.0,57872000.0,62845000.0,2.359,820778000.0
64,MA,MRQ,2005-06-30,2005-06-30,2005-06-30,2021-07-29,67822000.0,3347924000.0,,2038701000.0,1309223000.0,,0.836,-23192000.0,520081000.0,520081000.0,0.0,120248000.0,1.669,1.963,229476000.0,0.0,229476000.0,229476000.0,0.0,28666000.0,0.0,,0.0,204871000.0,233537000.0,0.303,233537000.0,204871000.0,187394000.0,0.089,0.089,0.089,1128528000.0,,1128528000.0,,,,188293000.0,0.14,1.0,771867000.0,1.0,489578000.0,17477000.0,1346163000.0,,0.0,937512000.0,742657000.0,194855000.0,2214776000.0,1221578000.0,993198000.0,,160089000.0,0.0,0.0,0.0,0.0,0.0,-39105000.0,-15566000.0,211485000.0,-12291000.0,120248000.0,120248000.0,120248000.0,0.0,0.0,0.156,579431000.0,192436000.0,177891000.0,0.0,,,,230720000.0,0.0,,,,324589000.0,92338000.0,771867000.0,771867000.0,0.0,,,,,0.0,550765000.0,1.0,1000000000.0,1349690000.0,1349690000.0,0.572,2858346000.0,249156000.0,67146000.0,63548000.0,2.118,817123000.0
65,MA,MRQ,2005-03-31,2005-03-31,2005-03-31,2021-07-29,97669000.0,3247049000.0,,1919881000.0,1327168000.0,,1.038,-17757000.0,359992000.0,359992000.0,0.0,93294000.0,1.556,2.123,229536000.0,0.0,229536000.0,229536000.0,0.0,28430000.0,0.0,,0.0,161051000.0,189481000.0,0.288,189481000.0,161051000.0,144195000.0,0.093,0.093,0.093,1038127000.0,,1038127000.0,,,,-31963000.0,-0.032,1.0,658238000.0,1.0,521801000.0,16856000.0,1360953000.0,,0.0,919611000.0,724756000.0,194855000.0,2204302000.0,1233839000.0,970463000.0,,30996000.0,0.0,0.0,0.0,0.0,0.0,52103000.0,69778000.0,-14206000.0,-6901000.0,93294000.0,93294000.0,93294000.0,0.0,0.0,0.142,506725000.0,151513000.0,199152000.0,0.0,,,,233682000.0,0.0,,,,299320000.0,-27910000.0,658238000.0,658238000.0,0.0,,,,,0.0,478295000.0,1.0,1000000000.0,1000000000.0,1000000000.0,0.658,2725248000.0,233366000.0,50901000.0,68974000.0,2.725,686042000.0
66,MA,MRQ,2004-12-31,2004-12-31,2004-12-31,2021-07-29,127788000.0,3264670000.0,,1902796000.0,1361874000.0,,0.722,-31581000.0,328996000.0,328996000.0,0.0,1270000.0,1.462,2.344,229569000.0,0.0,229569000.0,229569000.0,0.0,31198000.0,0.0,,0.0,-3453000.0,27745000.0,0.041,27745000.0,-3453000.0,-20970000.0,-0.061,-0.061,-0.061,974952000.0,,974952000.0,,,,18158000.0,0.013,1.0,683904000.0,1.0,546638000.0,17517000.0,1317243000.0,,0.0,1004188000.0,808893000.0,195295000.0,2285098000.0,1301362000.0,983736000.0,,19394000.0,0.0,0.0,-7642000.0,0.0,-7642000.0,-35255000.0,-4258000.0,49739000.0,12552000.0,1270000.0,1270000.0,1270000.0,0.0,0.0,0.002,703716000.0,-19812000.0,187035000.0,0.0,,,,242358000.0,0.0,,,,293292000.0,-121204000.0,683904000.0,683904000.0,0.0,,,,,0.0,668873000.0,1.0,1000000000.0,1349690000.0,1349690000.0,0.507,2718032000.0,235023000.0,-22240000.0,73227000.0,2.014,601434000.0
67,MA,MRQ,2004-09-30,2004-09-30,2004-09-30,2021-07-29,80242000.0,3177200000.0,,1872429000.0,1304771000.0,,0.926,-21477000.0,578802000.0,578802000.0,0.0,97515000.0,1.563,2.426,237150000.0,7642000.0,229508000.0,237150000.0,0.0,29177000.0,0.0,,0.0,158507000.0,187684000.0,0.281,187684000.0,158507000.0,140715000.0,0.098,0.098,0.098,926136000.0,,926136000.0,,,,127650000.0,0.128,1.0,667841000.0,1.0,517587000.0,17792000.0,1120174000.0,,0.0,732721000.0,537426000.0,195295000.0,2246444000.0,1197787000.0,1048657000.0,,-5273000.0,0.0,0.0,7642000.0,0.0,7642000.0,-162908000.0,-142012000.0,149127000.0,866000.0,97515000.0,97515000.0,97515000.0,0.0,0.0,0.146,518290000.0,149551000.0,168777000.0,0.0,,,,232654000.0,0.0,,,,284944000.0,-122474000.0,667841000.0,667841000.0,0.0,,,,,0.0,475001000.0,1.0,1000000000.0,1000000000.0,1000000000.0,0.668,2659613000.0,248272000.0,43200000.0,67271000.0,2.66,674642000.0
68,MA,MRQ,2004-06-30,2004-06-30,2004-06-30,2021-07-29,72549000.0,2945153000.0,,1665440000.0,1279713000.0,,0.821,-14566000.0,441928000.0,441928000.0,0.0,65707000.0,1.513,2.582,229515000.0,0.0,229515000.0,229515000.0,0.0,31434000.0,0.0,,0.0,106859000.0,138293000.0,0.214,138293000.0,106859000.0,90175000.0,0.066,0.066,0.066,820928000.0,,820928000.0,,,,117444000.0,0.117,1.0,647275000.0,1.0,520556000.0,16684000.0,1111397000.0,,0.0,731126000.0,535403000.0,195723000.0,2119605000.0,1100787000.0,1018818000.0,,21904000.0,-10995000.0,0.0,0.0,0.0,0.0,-110818000.0,-86042000.0,132010000.0,712000.0,65707000.0,65707000.0,65707000.0,0.0,0.0,0.102,548814000.0,98461000.0,129996000.0,0.0,,,,237130000.0,0.0,,,,253303000.0,-219989000.0,647275000.0,647275000.0,0.0,,,,,0.0,513484000.0,1.0,1000000000.0,1000000000.0,1000000000.0,0.647,2424597000.0,225828000.0,24468000.0,58038000.0,2.425,564653000.0
69,MA,MRQ,2004-03-31,2004-03-31,2004-03-31,2021-07-29,79482000.0,2830966000.0,,1552699000.0,1278267000.0,,0.762,-10531000.0,345121000.0,345121000.0,0.0,73568000.0,1.475,2.708,229603000.0,0.0,229603000.0,229603000.0,0.0,31508000.0,0.0,,0.0,131509000.0,163017000.0,0.274,163017000.0,131509000.0,113780000.0,0.074,0.074,0.074,762154000.0,,762154000.0,,,,2388000.0,0.002,1.0,594310000.0,1.0,517719000.0,17729000.0,1144955000.0,,0.0,734260000.0,538537000.0,195723000.0,2064192000.0,1052774000.0,1011418000.0,,44852000.0,-18866000.0,0.0,0.0,0.0,0.0,34467000.0,69656000.0,12919000.0,-2534000.0,73568000.0,73568000.0,73568000.0,0.0,0.0,0.124,475838000.0,118472000.0,166874000.0,0.0,,,,244933000.0,0.0,,,,230367000.0,-285696000.0,594310000.0,594310000.0,0.0,,,,,0.0,444330000.0,1.0,1000000000.0,1000000000.0,1000000000.0,0.594,2313247000.0,220190000.0,40212000.0,68913000.0,2.313,499925000.0
70,MA,MRQ,2003-12-31,2003-12-31,2003-12-31,2021-07-29,89617000.0,2900905000.0,,1609850000.0,1291055000.0,,0.699,-40750000.0,248119000.0,248119000.0,0.0,-67128000.0,1.354,3.145,229574000.0,0.0,229574000.0,229574000.0,0.0,30986000.0,0.0,,0.0,-87552000.0,-56566000.0,-0.1,-56566000.0,-87552000.0,-107674000.0,-0.067,-0.067,-0.067,698721000.0,,698721000.0,,,,-40671000.0,-0.041,1.0,567574000.0,1.0,515511000.0,20122000.0,1177991000.0,,0.0,858532000.0,662391000.0,196141000.0,2197564000.0,1188858000.0,1008706000.0,,-48618000.0,0.0,0.0,0.0,0.0,0.0,-53564000.0,-12401000.0,79000.0,4867000.0,-67128000.0,-67128000.0,-67128000.0,0.0,0.0,-0.118,670521000.0,-102947000.0,202604000.0,0.0,,,,258520000.0,0.0,,,,259429000.0,-359264000.0,567574000.0,567574000.0,0.0,,,,,0.0,605834000.0,1.0,1000000000.0,1000000000.0,,0.568,2385394000.0,223908000.0,-40546000.0,64125000.0,2.385,420992000.0
71,MA,MRQ,2003-09-30,2003-09-30,2003-09-30,2021-07-29,55702000.0,2854998000.0,,1570143000.0,1284855000.0,,0.732,-21116000.0,414636000.0,414636000.0,0.0,74399000.0,1.515,2.894,229546000.0,0.0,229546000.0,229546000.0,0.0,28183000.0,0.0,,0.0,130162000.0,158345000.0,0.266,158345000.0,130162000.0,111440000.0,0.074,0.074,0.074,731934000.0,,731934000.0,,,,121980000.0,0.122,1.0,594169000.0,1.0,482917000.0,18722000.0,1150646000.0,,0.0,730848000.0,538462000.0,192386000.0,2118444000.0,1036345000.0,1082099000.0,,109625000.0,0.0,0.0,0.0,0.0,0.0,-34061000.0,-10974000.0,143096000.0,590000.0,74399000.0,74399000.0,74399000.0,0.0,0.0,0.125,475269000.0,118900000.0,143930000.0,0.0,,,,250419000.0,0.0,,,,213497000.0,-292136000.0,594169000.0,594169000.0,0.0,,,,,0.0,438327000.0,1.0,1000000000.0,1000000000.0,,0.594,2372081000.0,256575000.0,37041000.0,70702000.0,2.372,533798000.0
72,MA,MRQ,2003-06-30,2003-06-30,2003-06-30,2021-07-29,48998000.0,2757238000.0,,1486244000.0,1270994000.0,,0.651,-35112000.0,305011000.0,305011000.0,0.0,32327000.0,1.432,3.229,229536000.0,0.0,229536000.0,229536000.0,0.0,30593000.0,0.0,,0.0,68730000.0,99323000.0,0.178,99323000.0,68730000.0,49982000.0,0.032,0.032,0.032,650831000.0,,650831000.0,,,,161079000.0,0.161,1.0,556893000.0,1.0,484898000.0,18748000.0,1159254000.0,,0.0,725228000.0,532435000.0,192793000.0,2101787000.0,1037611000.0,1064176000.0,,163792000.0,0.0,0.0,0.0,0.0,0.0,-35035000.0,-286000.0,196191000.0,2636000.0,32327000.0,32327000.0,32327000.0,0.0,0.0,0.058,506948000.0,49945000.0,146344000.0,0.0,,,,255638000.0,0.0,,,,210280000.0,-366535000.0,556893000.0,556893000.0,0.0,,,,,0.0,476355000.0,1.0,1000000000.0,1000000000.0,,0.557,2272340000.0,241615000.0,17655000.0,71150000.0,2.272,448633000.0
73,MA,MRQ,2003-03-31,2003-03-31,2003-03-31,2021-07-29,29523000.0,2548011000.0,,1342844000.0,1205167000.0,,0.599,-52585000.0,141219000.0,141219000.0,0.0,-425391000.0,1.437,3.245,229577000.0,0.0,229577000.0,229577000.0,0.0,29789000.0,0.0,,0.0,-654975000.0,-625186000.0,-1.221,-625186000.0,-654975000.0,-660319000.0,-0.425,-0.425,-0.425,599029000.0,,599029000.0,,,,-201506000.0,-0.202,1.0,512215000.0,1.0,457670000.0,5344000.0,1244351000.0,,0.0,684486000.0,524320000.0,160166000.0,1944103000.0,934348000.0,1009755000.0,,-195255000.0,0.0,0.0,0.0,0.0,0.0,-47174000.0,6746000.0,-148921000.0,840000.0,-425391000.0,-425391000.0,-425391000.0,0.0,0.0,-0.83,1179975000.0,-667760000.0,129063000.0,0.0,,,,251089000.0,0.0,,,,202925000.0,-398862000.0,512215000.0,512215000.0,0.0,,,,,0.0,429186000.0,1.0,1000000000.0,1000000000.0,,0.512,2090341000.0,235352000.0,-234928000.0,68078000.0,2.09,408496000.0
74,MA,MRQ,2002-12-31,2002-12-31,2002-12-31,2021-07-29,28509000.0,2260875000.0,,1455638000.0,805237000.0,,1.023,-37331000.0,336474000.0,336474000.0,0.0,-51486000.0,1.566,1.209,80107000.0,0.0,80107000.0,80107000.0,0.0,27565000.0,0.0,,0.0,-102838000.0,-75273000.0,-0.148,-75273000.0,-102838000.0,-105071000.0,-0.071,-0.071,-0.071,1023406000.0,,1023406000.0,,,,96666000.0,0.097,1.0,509235000.0,1.0,438644000.0,2233000.0,636120000.0,,0.0,542013000.0,535450000.0,6563000.0,1236825000.0,929744000.0,307081000.0,,-30264000.0,0.0,0.0,-327000.0,0.0,-327000.0,-165705000.0,-117722000.0,133997000.0,1771000.0,-51486000.0,-51486000.0,-51486000.0,0.0,0.0,-0.101,624838000.0,-115603000.0,172242000.0,0.0,,,,226720000.0,0.0,,,,198855000.0,26529000.0,509235000.0,509235000.0,0.0,,,,,0.0,597273000.0,1.0,1000000000.0,1000000000.0,,0.509,1822231000.0,41337000.0,-53585000.0,67445000.0,1.822,525894000.0
75,MA,MRQ,2002-09-30,2002-09-30,2002-09-30,2021-07-29,11252000.0,2179874000.0,,1404785000.0,775089000.0,,1.058,-25483000.0,269939000.0,269939000.0,0.0,77930000.0,1.706,1.061,80481000.0,0.0,80481000.0,80481000.0,0.0,27593000.0,0.0,,0.0,126177000.0,153770000.0,0.285,153770000.0,126177000.0,123056000.0,0.078,0.078,0.078,1057635000.0,,1057635000.0,,,,19275000.0,0.019,1.0,539435000.0,1.0,412020000.0,3121000.0,754861000.0,,0.0,512446000.0,512446000.0,0.0,1122025000.0,823535000.0,298490000.0,,-2958000.0,0.0,0.0,-25036000.0,0.0,-25036000.0,-22216000.0,4227000.0,44758000.0,-464000.0,77930000.0,77930000.0,77930000.0,0.0,0.0,0.144,412908000.0,126527000.0,104262000.0,0.0,,,,215839000.0,0.0,,,,200650000.0,78015000.0,539435000.0,539435000.0,0.0,,,,,0.0,385315000.0,1.0,1000000000.0,1000000000.0,,0.539,1767854000.0,53850000.0,45126000.0,0.0,1.768,581250000.0
76,MA,MRQ,2002-06-30,2002-06-30,2002-06-30,2021-07-29,8410000.0,2021264000.0,,1282250000.0,739014000.0,,0.977,-21518000.0,309402000.0,309402000.0,0.0,36389000.0,1.735,1.069,148049000.0,67570000.0,80479000.0,148049000.0,0.0,18929000.0,0.0,,0.0,58399000.0,77328000.0,0.172,77328000.0,58399000.0,56312000.0,0.05,0.05,0.05,976863000.0,,976863000.0,,,,74706000.0,0.075,1.0,450189000.0,1.0,418040000.0,2087000.0,702821000.0,,0.0,516969000.0,516969000.0,0.0,1044195000.0,739050000.0,305145000.0,,82108000.0,31243000.0,0.0,1000.0,0.0,1000.0,-14117000.0,-31359000.0,96224000.0,0.0,36389000.0,36389000.0,36389000.0,0.0,0.0,0.081,397440000.0,52749000.0,114713000.0,0.0,,,,213157000.0,0.0,,,,193331000.0,85000.0,450189000.0,450189000.0,0.0,,,,,0.0,378511000.0,1.0,1000000000.0,1000000000.0,,0.45,1603224000.0,51475000.0,19923000.0,0.0,1.603,543200000.0
77,MA,MRQ,2002-03-31,2002-03-31,2002-03-31,2021-07-29,,,,,,,,-17033000.0,,,0.0,53596000.0,,,,,,,,16418000.0,,,0.0,86541000.0,102959000.0,0.262,102959000.0,86541000.0,84091000.0,0.075,0.075,0.075,,,,,,,17860000.0,,1.0,392952000.0,1.0,,2450000.0,,,,,,,,,,,14646000.0,0.0,0.0,-9531000.0,0.0,-9531000.0,-10716000.0,8194000.0,34893000.0,0.0,53596000.0,53596000.0,53596000.0,0.0,0.0,0.136,314628000.0,78324000.0,,0.0,,,,,0.0,,,,,,392952000.0,392952000.0,0.0,,,,,0.0,298210000.0,1.0,,,,,,,30495000.0,,,
78,MA,MRQ,2001-12-31,2001-12-31,2001-12-31,2021-07-29,3937000.0,1486305000.0,,1117963000.0,368342000.0,,,-16534000.0,176143000.0,176143000.0,0.0,-3707000.0,1.72,,89596000.0,9531000.0,80065000.0,89596000.0,0.0,19579000.0,0.0,,0.0,-1483000.0,18096000.0,0.044,18096000.0,-1483000.0,-3572000.0,-0.005,-0.005,-0.005,0.0,,0.0,,,,-16107000.0,,1.0,412450000.0,1.0,91254000.0,2089000.0,658533000.0,,0.0,494243000.0,494243000.0,0.0,879644000.0,649971000.0,229673000.0,,-63247000.0,-16750000.0,0.0,-5998000.0,0.0,-5998000.0,-57676000.0,-41555000.0,427000.0,0.0,-3707000.0,-3707000.0,-3707000.0,0.0,0.0,-0.009,419063000.0,-6613000.0,110907000.0,0.0,,,,159742000.0,0.0,,,,180510000.0,602724000.0,412450000.0,412450000.0,0.0,,,,,0.0,399484000.0,1.0,,,,,1395051000.0,66535000.0,135000.0,0.0,,467992000.0
79,MA,MRQ,2001-09-30,2001-09-30,2001-09-30,2021-07-29,,,,,,,,-29408000.0,,,0.0,46625000.0,,,,,,,,18225000.0,,,0.0,76026000.0,94251000.0,0.234,94251000.0,76026000.0,73456000.0,0.065,0.065,0.065,,,,,,,78952000.0,,1.0,403425000.0,1.0,,2570000.0,,,,,,,,,,,23879000.0,18022000.0,0.0,15136000.0,0.0,15136000.0,-99617000.0,-91644000.0,108360000.0,0.0,46625000.0,46625000.0,46625000.0,0.0,0.0,0.116,329408000.0,74017000.0,,0.0,,,,,0.0,,,,,,403425000.0,403425000.0,0.0,,,,,0.0,311183000.0,1.0,,,,,,,26831000.0,,,
80,MA,MRQ,2001-06-30,2001-06-30,2001-06-30,2021-07-29,,,,,,,,,,,0.0,47834000.0,,,,,,,,,,,0.0,80588000.0,,,,80588000.0,78203000.0,0.067,0.067,0.067,,,,,,,,,1.0,417413000.0,1.0,,2385000.0,,,,,,,,,,,,,,,,,,,,,47834000.0,47834000.0,47834000.0,0.0,0.0,0.115,348530000.0,68883000.0,,0.0,,,,,0.0,,,,,,417413000.0,417413000.0,0.0,,,,,,332081000.0,1.0,,,,,,,30369000.0,,,
0,MA,MRT,2021-06-30,2021-06-30,2021-06-30,2021-07-29,-653000000.0,34911000000.0,33722250000.0,15079000000.0,19832000000.0,0.493,6.507,-653000000.0,8022000000.0,8022000000.0,0.0,7192000000.0,1.335,4.4,13899000000.0,649000000.0,13250000000.0,13899000000.0,0.0,640000000.0,1806000000.0,0.005,1.68,9174000000.0,9814000000.0,0.59,9814000000.0,9174000000.0,8751000000.0,7.23,7.2,7.23,6442000000.0,6239000000.0,6442000000.0,366686526664.0,40.0,37.364,6985000000.0,7.056,1.0,16640000000.0,1.0,11274000000.0,423000000.0,18217000000.0,17168250000.0,0.0,544000000.0,544000000.0,0.0,28342000000.0,11297000000.0,17045000000.0,361821526664.0,-4679000000.0,-5006000000.0,-6081000000.0,1282000000.0,-1674000000.0,-6644000000.0,-5955000000.0,-296000000.0,7638000000.0,282000000.0,7192000000.0,7192000000.0,7192000000.0,0.0,0.0,0.432,7939000000.0,8701000000.0,547000000.0,0.232,56.166,50.309,50.497,1839000000.0,0.0,365.09,21.744,21.721,2773000000.0,41771000000.0,16640000000.0,16640000000.0,0.0,0.213,1.153,0.534,0.551,279000000.0,7187000000.0,1.0,991047486.0,990000000.0,994000000.0,16.808,23637000000.0,454000000.0,1559000000.0,394000000.0,23.876,3782000000.0
1,MA,MRT,2021-03-31,2021-03-31,2021-03-31,2021-07-29,-738000000.0,34800000000.0,33026250000.0,16405000000.0,18395000000.0,0.468,6.365,-643000000.0,9005000000.0,9005000000.0,0.0,6546000000.0,1.43,4.48,13870000000.0,649000000.0,13221000000.0,13870000000.0,0.0,599000000.0,1759000000.0,0.005,1.64,8381000000.0,8980000000.0,0.581,8980000000.0,8381000000.0,7963000000.0,6.55,6.53,6.55,6327000000.0,6246000000.0,6327000000.0,354549660445.0,42.0,39.482,6185000000.0,6.222,1.0,15447000000.0,1.0,10372000000.0,418000000.0,17818000000.0,16728000000.0,0.0,489000000.0,489000000.0,0.0,28347000000.0,11475000000.0,16872000000.0,353686660445.0,-2718000000.0,-4353000000.0,-4357000000.0,1282000000.0,-1641000000.0,-4858000000.0,-4932000000.0,-125000000.0,6828000000.0,244000000.0,6546000000.0,6546000000.0,6546000000.0,0.0,0.0,0.424,7380000000.0,8067000000.0,476000000.0,0.25,55.901,54.031,54.359,1850000000.0,0.0,356.05,22.897,22.911,2648000000.0,40140000000.0,15447000000.0,15447000000.0,0.0,0.198,1.048,0.501,0.543,267000000.0,6714000000.0,1.0,993362338.0,994000000.0,998000000.0,15.54,24428000000.0,459000000.0,1417000000.0,391000000.0,24.575,4930000000.0
2,MA,MRT,2020-12-31,2020-12-31,2020-12-31,2021-07-29,-680000000.0,33584000000.0,31988250000.0,19113000000.0,14471000000.0,0.478,6.378,-708000000.0,11809000000.0,11809000000.0,0.0,6411000000.0,1.613,4.235,12672000000.0,649000000.0,12023000000.0,12672000000.0,0.0,580000000.0,1696000000.0,0.004,1.6,8140000000.0,8720000000.0,0.57,8720000000.0,8140000000.0,7760000000.0,6.4,6.37,6.4,6391000000.0,6013750000.0,6391000000.0,356623533715.0,44.0,40.897,6516000000.0,6.503,1.0,15301000000.0,1.0,6713000000.0,380000000.0,15887000000.0,16313500000.0,0.0,483000000.0,483000000.0,0.0,27067000000.0,11847000000.0,15220000000.0,355842533715.0,3450000000.0,-989000000.0,-4376000000.0,3959000000.0,-1605000000.0,-2152000000.0,-1879000000.0,-10000000.0,7224000000.0,257000000.0,6411000000.0,6411000000.0,6411000000.0,0.0,0.0,0.419,7220000000.0,8081000000.0,527000000.0,0.25,55.679,55.505,55.772,1902000000.0,0.0,356.94,23.256,23.375,2646000000.0,38747000000.0,15301000000.0,15301000000.0,0.0,0.2,1.066,0.499,0.532,254000000.0,6567000000.0,1.0,996925348.0,1002000000.0,1006000000.0,15.27,26871000000.0,491000000.0,1349000000.0,86000000.0,26.817,7266000000.0
3,MA,MRT,2020-09-30,2020-09-30,2020-09-30,2021-07-29,-880000000.0,31594000000.0,30901250000.0,18469000000.0,13125000000.0,0.505,5.79,-742000000.0,11793000000.0,11793000000.0,0.0,6726000000.0,1.855,4.436,12574000000.0,0.0,12574000000.0,12574000000.0,0.0,576000000.0,1568000000.0,0.005,1.53,8406000000.0,8982000000.0,0.576,8982000000.0,8406000000.0,8067000000.0,6.68,6.67,6.68,5796000000.0,5889250000.0,5796000000.0,338341756775.0,40.0,37.669,7209000000.0,7.202,1.0,15595000000.0,1.0,5666000000.0,339000000.0,16751000000.0,15357500000.0,0.0,400000000.0,400000000.0,0.0,25713000000.0,9958000000.0,15755000000.0,338528756775.0,5432000000.0,-453000000.0,-4330000000.0,4703000000.0,-1539000000.0,-1359000000.0,-1285000000.0,87000000.0,7951000000.0,125000000.0,6726000000.0,6726000000.0,6726000000.0,0.0,0.0,0.431,7173000000.0,8422000000.0,341000000.0,0.229,58.407,50.331,50.624,1887000000.0,0.0,338.17,21.708,21.706,2357000000.0,37403000000.0,15595000000.0,15595000000.0,0.0,0.218,1.142,0.547,0.539,245000000.0,6569000000.0,1.0,1001060877.0,1001000000.0,1005000000.0,15.579,25928000000.0,607000000.0,1341000000.0,86000000.0,25.902,8511000000.0
4,MA,MRT,2020-06-30,2020-06-30,2020-06-30,2021-07-29,-1046000000.0,32127000000.0,29498000000.0,19381000000.0,12746000000.0,0.55,6.444,-796000000.0,12685000000.0,12685000000.0,0.0,7321000000.0,1.953,3.953,12498000000.0,0.0,12498000000.0,12498000000.0,0.0,572000000.0,1548000000.0,0.005,1.46,8983000000.0,9555000000.0,0.589,9555000000.0,8983000000.0,8686000000.0,7.25,7.23,7.25,6470000000.0,5677500000.0,6470000000.0,297547019425.0,33.0,31.14,7856000000.0,7.825,1.0,16225000000.0,1.0,5561000000.0,297000000.0,16456000000.0,14093250000.0,0.0,390000000.0,390000000.0,0.0,25579000000.0,9923000000.0,15656000000.0,296806019425.0,5857000000.0,-900000000.0,-4039000000.0,4703000000.0,-1472000000.0,-1016000000.0,-1712000000.0,167000000.0,8652000000.0,-67000000.0,7321000000.0,7321000000.0,7321000000.0,0.0,0.0,0.451,7253000000.0,8972000000.0,369000000.0,0.201,45.874,40.542,40.786,1872000000.0,0.0,295.7,18.293,18.298,2147000000.0,36288000000.0,16225000000.0,16225000000.0,0.0,0.248,1.289,0.637,0.554,247000000.0,6653000000.0,1.0,1003740343.0,1004000000.0,1008000000.0,16.16,26566000000.0,573000000.0,1365000000.0,83000000.0,26.46,9458000000.0
5,MA,MRT,2020-03-31,2020-03-31,2020-03-31,2021-07-29,-1079000000.0,30648000000.0,27649000000.0,18123000000.0,12525000000.0,0.615,5.371,-795000000.0,11725000000.0,11725000000.0,0.0,7949000000.0,1.866,4.659,12466000000.0,0.0,12466000000.0,12466000000.0,0.0,549000000.0,1518000000.0,0.006,1.39,9762000000.0,10311000000.0,0.606,10311000000.0,9762000000.0,9515000000.0,7.85,7.82,7.85,5398000000.0,5312000000.0,5398000000.0,242963121344.0,25.0,23.563,7935000000.0,7.896,1.0,17003000000.0,1.0,5517000000.0,247000000.0,16160000000.0,12862250000.0,0.0,477000000.0,477000000.0,0.0,25150000000.0,9712000000.0,15438000000.0,242794121344.0,4748000000.0,-1440000000.0,-5953000000.0,6183000000.0,-1408000000.0,-1544000000.0,-2360000000.0,220000000.0,8730000000.0,-78000000.0,7949000000.0,7949000000.0,7949000000.0,0.0,0.0,0.468,7341000000.0,9662000000.0,371000000.0,0.177,44.979,30.544,30.772,1901000000.0,0.0,241.56,14.279,14.278,2441000000.0,35273000000.0,17003000000.0,17003000000.0,0.0,0.287,1.496,0.759,0.574,245000000.0,6786000000.0,1.0,1005108964.0,1005000000.0,1010000000.0,16.918,25131000000.0,550000000.0,1566000000.0,82000000.0,25.006,8411000000.0
6,MA,MRT,2019-12-31,2019-12-31,2019-12-31,2021-07-29,-673000000.0,29236000000.0,25867000000.0,16902000000.0,12334000000.0,0.653,5.794,-728000000.0,8358000000.0,8358000000.0,0.0,8118000000.0,1.42,3.945,8527000000.0,0.0,8527000000.0,8527000000.0,0.0,522000000.0,1370000000.0,0.004,1.32,9955000000.0,10477000000.0,0.621,10477000000.0,9955000000.0,9731000000.0,7.98,7.94,7.98,5893000000.0,5254500000.0,5893000000.0,302697610093.0,30.0,28.892,7455000000.0,7.33,1.0,16883000000.0,1.0,5438000000.0,224000000.0,12063000000.0,10998000000.0,0.0,688000000.0,688000000.0,0.0,23245000000.0,11904000000.0,11341000000.0,301236610093.0,632000000.0,-1440000000.0,-6371000000.0,2224000000.0,-1345000000.0,-5867000000.0,-1640000000.0,532000000.0,8183000000.0,-44000000.0,8118000000.0,8118000000.0,8118000000.0,0.0,0.0,0.481,7219000000.0,9664000000.0,489000000.0,0.165,51.118,37.107,37.417,1828000000.0,0.0,298.59,17.843,17.986,2514000000.0,33984000000.0,16883000000.0,16883000000.0,0.0,0.314,1.545,0.905,0.59,250000000.0,6697000000.0,1.0,1008863693.0,1017000000.0,1022000000.0,16.601,23798000000.0,543000000.0,1613000000.0,85000000.0,23.4,4998000000.0
7,MA,MRT,2019-09-30,2019-09-30,2019-09-30,2021-07-29,-858000000.0,25981000000.0,24773000000.0,14847000000.0,11134000000.0,0.657,4.885,-666000000.0,6274000000.0,6274000000.0,0.0,6917000000.0,1.386,4.23,7735000000.0,0.0,7735000000.0,7735000000.0,0.0,489000000.0,1173000000.0,0.005,1.24,8678000000.0,9167000000.0,0.563,9167000000.0,8678000000.0,8471000000.0,6.78,6.74,6.78,4949000000.0,5130000000.0,4949000000.0,276577914453.0,32.0,30.171,5869000000.0,5.794,1.0,16276000000.0,1.0,5034000000.0,207000000.0,11694000000.0,9968250000.0,0.0,751000000.0,751000000.0,0.0,20932000000.0,10714000000.0,10218000000.0,275523914453.0,-1506000000.0,-1170000000.0,-6272000000.0,1480000000.0,-1271000000.0,-6418000000.0,-1449000000.0,388000000.0,6535000000.0,-174000000.0,6917000000.0,6917000000.0,6917000000.0,0.0,0.0,0.425,7777000000.0,8499000000.0,505000000.0,0.183,55.673,39.833,40.055,1492000000.0,0.0,271.57,16.928,16.902,2500000000.0,32289000000.0,16276000000.0,16276000000.0,0.0,0.279,1.348,0.871,0.533,250000000.0,6531000000.0,1.0,1014559467.0,1013000000.0,1019000000.0,16.067,20947000000.0,518000000.0,1554000000.0,97000000.0,20.678,4133000000.0
8,MA,MRT,2019-06-30,2019-06-30,2019-06-30,2021-07-29,-730000000.0,24731000000.0,24112750000.0,14165000000.0,10566000000.0,0.651,4.91,-577000000.0,6752000000.0,6752000000.0,0.0,6708000000.0,1.492,3.918,7806000000.0,0.0,7806000000.0,7806000000.0,0.0,463000000.0,1061000000.0,0.004,1.16,8393000000.0,8856000000.0,0.564,8856000000.0,8393000000.0,8201000000.0,6.53,6.49,6.53,5008000000.0,5336500000.0,5008000000.0,269621228680.0,32.0,30.445,5970000000.0,5.853,1.0,15707000000.0,1.0,4756000000.0,192000000.0,11532000000.0,9072500000.0,0.0,809000000.0,809000000.0,0.0,19622000000.0,9497000000.0,10125000000.0,270223228680.0,-323000000.0,-723000000.0,-5665000000.0,1480000000.0,-1196000000.0,-5710000000.0,-1054000000.0,246000000.0,6547000000.0,-106000000.0,6708000000.0,6708000000.0,6708000000.0,0.0,0.0,0.427,7576000000.0,8131000000.0,432000000.0,0.178,53.958,40.284,40.51,1348000000.0,0.0,264.53,17.204,17.178,2607000000.0,30517000000.0,15707000000.0,15707000000.0,0.0,0.278,1.257,0.925,0.534,228000000.0,6327000000.0,1.0,1021522053.0,1020000000.0,1025000000.0,15.399,19975000000.0,478000000.0,1493000000.0,95000000.0,19.583,4668000000.0
9,MA,MRT,2019-03-31,2019-03-31,2019-03-31,2021-07-29,-673000000.0,23520000000.0,23547750000.0,14396000000.0,9124000000.0,0.648,5.037,-520000000.0,6901000000.0,6901000000.0,0.0,6229000000.0,1.405,3.533,6299000000.0,500000000.0,5799000000.0,6299000000.0,0.0,456000000.0,1044000000.0,0.005,1.08,7793000000.0,8249000000.0,0.541,8249000000.0,7793000000.0,7604000000.0,6.02,5.99,6.02,5168000000.0,5398750000.0,5168000000.0,240122285352.0,31.0,29.109,5980000000.0,5.828,1.0,15259000000.0,1.0,3969000000.0,189000000.0,8703000000.0,8103250000.0,0.0,1317000000.0,1317000000.0,0.0,18257000000.0,10246000000.0,8011000000.0,241550285352.0,-839000000.0,0.0,-5287000000.0,0.0,-1121000000.0,-6524000000.0,-660000000.0,-127000000.0,6500000000.0,-155000000.0,6229000000.0,6229000000.0,6229000000.0,0.0,0.0,0.408,7589000000.0,7670000000.0,508000000.0,0.179,46.74,38.778,39.111,1305000000.0,0.0,235.45,15.83,15.831,2577000000.0,28806000000.0,15259000000.0,15259000000.0,0.0,0.265,1.154,0.962,0.511,210000000.0,6122000000.0,1.0,1025909048.0,1026000000.0,1032000000.0,14.872,19551000000.0,504000000.0,1375000000.0,61000000.0,19.056,4150000000.0
10,MA,MRT,2018-12-31,2018-12-31,2018-12-31,2021-07-29,-718000000.0,24860000000.0,23403750000.0,16171000000.0,8689000000.0,0.639,5.183,-504000000.0,7762000000.0,7762000000.0,0.0,5859000000.0,1.395,3.591,6334000000.0,500000000.0,5834000000.0,6334000000.0,0.0,459000000.0,1080000000.0,0.005,1.0,7390000000.0,7849000000.0,0.525,7849000000.0,7390000000.0,7204000000.0,5.63,5.6,5.63,5395000000.0,5532500000.0,5395000000.0,193289659976.0,26.0,24.626,5719000000.0,5.494,1.0,14950000000.0,1.0,3895000000.0,186000000.0,7944000000.0,8024500000.0,0.0,1696000000.0,1696000000.0,0.0,19371000000.0,11593000000.0,7778000000.0,194836659976.0,745000000.0,0.0,-4829000000.0,991000000.0,-1044000000.0,-4966000000.0,-506000000.0,12000000.0,6223000000.0,-6000000.0,5859000000.0,5859000000.0,5859000000.0,0.0,0.0,0.392,7668000000.0,7282000000.0,537000000.0,0.178,36.114,33.254,33.508,921000000.0,0.0,188.65,13.033,13.136,2276000000.0,27283000000.0,14950000000.0,14950000000.0,0.0,0.25,1.059,0.921,0.494,196000000.0,6081000000.0,1.0,1032794381.0,1041000000.0,1047000000.0,14.361,20965000000.0,570000000.0,1345000000.0,67000000.0,20.139,4578000000.0
11,MA,MRT,2018-09-30,2018-09-30,2018-09-30,2021-07-29,-670000000.0,23340000000.0,22521000000.0,15064000000.0,8276000000.0,0.642,5.569,-503000000.0,7905000000.0,7905000000.0,0.0,5187000000.0,1.552,3.026,6358000000.0,500000000.0,5858000000.0,6358000000.0,0.0,462000000.0,1034000000.0,0.004,0.97,7653000000.0,8115000000.0,0.561,8115000000.0,7653000000.0,7473000000.0,4.97,4.95,4.97,5775000000.0,5550750000.0,5775000000.0,229825901898.0,30.0,28.321,6211000000.0,5.989,1.0,14455000000.0,1.0,3973000000.0,180000000.0,8111000000.0,7735250000.0,0.0,1622000000.0,1622000000.0,0.0,17473000000.0,9709000000.0,7764000000.0,231169901898.0,1287000000.0,0.0,-4975000000.0,991000000.0,-1018000000.0,-5103000000.0,-395000000.0,165000000.0,6714000000.0,71000000.0,5187000000.0,5187000000.0,5187000000.0,0.0,0.0,0.359,6885000000.0,7570000000.0,382000000.0,0.195,40.029,44.567,44.791,876000000.0,0.0,222.61,15.992,15.97,2277000000.0,26726000000.0,14455000000.0,14455000000.0,0.0,0.23,0.934,0.989,0.529,192000000.0,6053000000.0,1.0,1038452459.0,1037000000.0,1043000000.0,13.939,19367000000.0,502000000.0,2286000000.0,50000000.0,18.676,5355000000.0
12,MA,MRT,2018-06-30,2018-06-30,2018-06-30,2021-07-29,-632000000.0,22471000000.0,21914500000.0,14305000000.0,8166000000.0,0.637,5.04,-506000000.0,7202000000.0,7202000000.0,0.0,4718000000.0,1.513,3.257,5858000000.0,0.0,5858000000.0,5858000000.0,0.0,469000000.0,992000000.0,0.005,0.94,7308000000.0,7777000000.0,0.557,7777000000.0,7308000000.0,7141000000.0,4.48,4.47,4.48,5257000000.0,5717500000.0,5257000000.0,203775188191.0,28.0,26.202,5630000000.0,5.398,1.0,13955000000.0,1.0,4017000000.0,167000000.0,7655000000.0,7601500000.0,0.0,1535000000.0,1535000000.0,0.0,17121000000.0,9455000000.0,7666000000.0,205161188191.0,1017000000.0,-224000000.0,-4662000000.0,991000000.0,-993000000.0,-4728000000.0,-542000000.0,222000000.0,6136000000.0,151000000.0,4718000000.0,4718000000.0,4718000000.0,0.0,0.0,0.338,6731000000.0,7224000000.0,345000000.0,0.21,39.026,43.485,43.866,860000000.0,0.0,196.52,14.702,14.688,2164000000.0,25086000000.0,13955000000.0,13955000000.0,0.0,0.215,0.825,0.961,0.524,186000000.0,5921000000.0,1.0,1043971037.0,1043000000.0,1049000000.0,13.38,18454000000.0,395000000.0,2423000000.0,58000000.0,17.693,4850000000.0
13,MA,MRT,2018-03-31,2018-03-31,2018-03-31,2021-07-29,-373000000.0,22944000000.0,21256500000.0,14707000000.0,8237000000.0,0.628,5.426,-455000000.0,7855000000.0,7855000000.0,0.0,4326000000.0,1.644,3.006,6469000000.0,0.0,6469000000.0,6469000000.0,0.0,465000000.0,965000000.0,0.005,0.91,7005000000.0,7470000000.0,0.56,7470000000.0,7005000000.0,6847000000.0,4.08,4.07,4.08,5703000000.0,5866250000.0,5703000000.0,182566585390.0,26.0,24.44,5517000000.0,5.249,1.0,13343000000.0,1.0,4222000000.0,158000000.0,8388000000.0,7569500000.0,0.0,1378000000.0,1378000000.0,0.0,17142000000.0,8948000000.0,8194000000.0,184160585390.0,749000000.0,-1175000000.0,-4074000000.0,927000000.0,-967000000.0,-4192000000.0,-1291000000.0,345000000.0,5972000000.0,260000000.0,4326000000.0,4326000000.0,4326000000.0,0.0,0.0,0.324,6402000000.0,6941000000.0,370000000.0,0.223,32.292,42.571,42.931,839000000.0,0.0,175.16,13.802,13.797,2122000000.0,23852000000.0,13343000000.0,13343000000.0,0.0,0.204,0.737,0.925,0.525,180000000.0,5821000000.0,1.0,1051384936.0,1051000000.0,1057000000.0,12.696,18722000000.0,350000000.0,2521000000.0,64000000.0,17.814,5759000000.0
14,MA,MRT,2017-12-31,2017-12-31,2017-12-31,2021-07-29,-497000000.0,21329000000.0,20163000000.0,13797000000.0,7532000000.0,0.62,5.125,-423000000.0,7018000000.0,7018000000.0,0.0,3915000000.0,1.569,2.882,5424000000.0,0.0,5424000000.0,5424000000.0,0.0,437000000.0,1085000000.0,0.006,0.88,6676000000.0,7113000000.0,0.569,7113000000.0,6676000000.0,6522000000.0,3.67,3.65,3.67,5468000000.0,5843250000.0,5468000000.0,159047328096.0,24.0,22.36,5241000000.0,4.912,1.0,12497000000.0,1.0,4155000000.0,154000000.0,6787000000.0,7278500000.0,0.0,1849000000.0,1849000000.0,0.0,15761000000.0,8793000000.0,6968000000.0,160239328096.0,-681000000.0,-1175000000.0,-3705000000.0,-64000000.0,-942000000.0,-4764000000.0,-1781000000.0,-182000000.0,5664000000.0,200000000.0,3915000000.0,3915000000.0,3915000000.0,0.0,0.0,0.313,5875000000.0,6622000000.0,933000000.0,0.24,29.305,40.93,41.243,829000000.0,0.0,151.36,12.822,12.923,1969000000.0,22364000000.0,12497000000.0,12497000000.0,0.0,0.194,0.67,0.917,0.534,176000000.0,5424000000.0,1.0,1058663637.0,1067000000.0,1072000000.0,11.712,17174000000.0,250000000.0,2607000000.0,106000000.0,16.096,5004000000.0
15,MA,MRT,2017-09-30,2017-09-30,2017-09-30,2021-07-29,-542000000.0,20914000000.0,19499500000.0,13231000000.0,7683000000.0,0.612,6.06,-403000000.0,6585000000.0,6585000000.0,0.0,4621000000.0,1.657,2.232,5393000000.0,0.0,5393000000.0,5393000000.0,0.0,413000000.0,1026000000.0,0.006,0.85,6492000000.0,6905000000.0,0.578,6905000000.0,6492000000.0,6349000000.0,4.3,4.3,4.3,6442000000.0,5890250000.0,6442000000.0,149519497913.0,23.0,21.654,4532000000.0,4.263,1.0,11941000000.0,1.0,4162000000.0,143000000.0,7576000000.0,7196500000.0,0.0,1864000000.0,1864000000.0,0.0,14376000000.0,7984000000.0,6392000000.0,150363497913.0,540000000.0,-1175000000.0,-3778000000.0,1908000000.0,-916000000.0,-2819000000.0,-1661000000.0,-128000000.0,4935000000.0,85000000.0,4621000000.0,4621000000.0,4621000000.0,0.0,0.0,0.387,5478000000.0,6463000000.0,722000000.0,0.198,23.341,32.539,32.837,901000000.0,0.0,141.2,12.592,12.57,1858000000.0,22401000000.0,11941000000.0,11941000000.0,0.0,0.237,0.785,0.902,0.544,172000000.0,5040000000.0,1.0,1064897294.0,1063000000.0,1068000000.0,11.233,16752000000.0,425000000.0,1728000000.0,139000000.0,15.759,5247000000.0
16,MA,MRT,2017-06-30,2017-06-30,2017-06-30,2021-07-29,-699000000.0,19839000000.0,18601750000.0,12542000000.0,7297000000.0,0.614,5.469,-369000000.0,6170000000.0,6170000000.0,0.0,4375000000.0,1.654,2.374,5326000000.0,0.0,5326000000.0,5326000000.0,0.0,388000000.0,993000000.0,0.007,0.82,6181000000.0,6569000000.0,0.575,6569000000.0,6181000000.0,6050000000.0,4.04,4.04,4.04,5852000000.0,5834500000.0,5852000000.0,128405876888.0,21.0,19.547,4201000000.0,3.926,1.0,11423000000.0,1.0,3885000000.0,131000000.0,7527000000.0,6493750000.0,0.0,1782000000.0,1782000000.0,0.0,13891000000.0,7583000000.0,6308000000.0,130179876888.0,129000000.0,-951000000.0,-3528000000.0,1908000000.0,-890000000.0,-2550000000.0,-1913000000.0,-614000000.0,4570000000.0,22000000.0,4375000000.0,4375000000.0,4375000000.0,0.0,0.0,0.383,5231000000.0,6192000000.0,654000000.0,0.203,22.245,29.755,30.062,845000000.0,0.0,121.45,11.396,11.376,1708000000.0,21205000000.0,11423000000.0,11423000000.0,0.0,0.235,0.75,0.952,0.541,148000000.0,4818000000.0,1.0,1071880419.0,1070000000.0,1075000000.0,10.676,15954000000.0,375000000.0,1675000000.0,140000000.0,14.91,4959000000.0
17,MA,MRT,2017-03-31,2017-03-31,2017-03-31,2021-07-29,-863000000.0,18570000000.0,17712500000.0,12885000000.0,5685000000.0,0.625,5.205,-401000000.0,6990000000.0,6990000000.0,0.0,4181000000.0,1.816,2.305,5216000000.0,0.0,5216000000.0,5216000000.0,0.0,370000000.0,984000000.0,0.007,0.79,5901000000.0,6271000000.0,0.567,6271000000.0,5901000000.0,5787000000.0,3.83,3.83,3.83,5611000000.0,5830750000.0,5611000000.0,118701636307.0,20.0,18.929,3905000000.0,3.622,1.0,11064000000.0,1.0,2477000000.0,114000000.0,7224000000.0,5716500000.0,0.0,1654000000.0,1654000000.0,0.0,12932000000.0,7095000000.0,5837000000.0,121233636307.0,1335000000.0,0.0,-3064000000.0,1972000000.0,-863000000.0,-1986000000.0,-901000000.0,-503000000.0,4306000000.0,-84000000.0,4181000000.0,4181000000.0,4181000000.0,0.0,0.0,0.378,5145000000.0,5919000000.0,680000000.0,0.206,21.606,28.996,29.366,748000000.0,0.0,112.47,10.957,10.958,1553000000.0,20263000000.0,11064000000.0,11064000000.0,0.0,0.236,0.717,1.032,0.533,130000000.0,4643000000.0,1.0,1077919768.0,1078000000.0,1082000000.0,10.263,16093000000.0,313000000.0,1606000000.0,83000000.0,14.929,5790000000.0
18,MA,MRT,2016-12-31,2016-12-31,2016-12-31,2021-07-29,-924000000.0,18675000000.0,17046250000.0,13228000000.0,5447000000.0,0.632,5.151,-382000000.0,7712000000.0,7712000000.0,0.0,4059000000.0,1.836,2.297,5180000000.0,0.0,5180000000.0,5180000000.0,0.0,373000000.0,991000000.0,0.007,0.76,5741000000.0,6114000000.0,0.567,6114000000.0,5741000000.0,5646000000.0,3.7,3.69,3.7,5656000000.0,5797750000.0,5656000000.0,109626690724.0,19.0,17.93,4255000000.0,3.875,1.0,10776000000.0,1.0,2478000000.0,95000000.0,6459000000.0,4983750000.0,0.0,1614000000.0,1614000000.0,0.0,12991000000.0,7206000000.0,5785000000.0,112502690724.0,1080000000.0,0.0,-3474000000.0,1972000000.0,-837000000.0,-2344000000.0,-1163000000.0,-783000000.0,4637000000.0,-50000000.0,4059000000.0,4059000000.0,4059000000.0,0.0,0.0,0.377,5015000000.0,5761000000.0,609000000.0,0.205,19.891,27.717,27.905,733000000.0,0.0,103.25,10.44,10.52,1416000000.0,19418000000.0,10776000000.0,10776000000.0,0.0,0.238,0.7,1.152,0.533,101000000.0,4525000000.0,1.0,1089614438.0,1098000000.0,1101000000.0,9.814,16197000000.0,307000000.0,1587000000.0,81000000.0,14.751,6022000000.0
19,MA,MRT,2016-09-30,2016-09-30,2016-09-30,2021-07-29,-717000000.0,17323000000.0,16440000000.0,11776000000.0,5547000000.0,0.641,5.674,-373000000.0,6202000000.0,6202000000.0,0.0,4016000000.0,1.654,1.781,3326000000.0,0.0,3326000000.0,3326000000.0,0.0,374000000.0,997000000.0,0.007,0.73,5437000000.0,5811000000.0,0.551,5811000000.0,5437000000.0,5360000000.0,3.62,3.62,3.62,6219000000.0,5890750000.0,6219000000.0,108911360066.0,20.0,18.742,4267000000.0,3.893,1.0,10537000000.0,1.0,2561000000.0,77000000.0,4765000000.0,4347250000.0,0.0,1774000000.0,1774000000.0,0.0,11074000000.0,7121000000.0,3953000000.0,111717360066.0,1328000000.0,0.0,-3170000000.0,1735000000.0,-809000000.0,-2319000000.0,-987000000.0,-619000000.0,4640000000.0,-6000000.0,4016000000.0,4016000000.0,4016000000.0,0.0,0.0,0.381,5032000000.0,5505000000.0,437000000.0,0.202,17.964,27.818,28.113,698000000.0,0.0,101.77,10.602,10.586,1298000000.0,18722000000.0,10537000000.0,10537000000.0,0.0,0.244,0.682,1.251,0.516,145000000.0,4551000000.0,1.0,1097743540.0,1096000000.0,1099000000.0,9.614,14762000000.0,327000000.0,1344000000.0,82000000.0,13.469,4655000000.0
20,MA,MRT,2016-06-30,2016-06-30,2016-06-30,2021-07-29,-697000000.0,16282000000.0,15767750000.0,10998000000.0,5284000000.0,0.646,5.316,-380000000.0,6112000000.0,6112000000.0,0.0,3809000000.0,1.702,1.784,3306000000.0,0.0,3306000000.0,3306000000.0,0.0,375000000.0,936000000.0,0.008,0.7,5148000000.0,5523000000.0,0.542,5523000000.0,5148000000.0,5079000000.0,3.4,3.4,3.4,5837000000.0,5902750000.0,5837000000.0,94284202016.0,18.0,17.071,4108000000.0,3.741,1.0,10187000000.0,1.0,2596000000.0,69000000.0,4418000000.0,3833750000.0,0.0,1271000000.0,1271000000.0,0.0,10413000000.0,6462000000.0,3951000000.0,96782202016.0,1815000000.0,0.0,-3520000000.0,1735000000.0,-781000000.0,-2646000000.0,12000000.0,395000000.0,4488000000.0,-39000000.0,3809000000.0,3809000000.0,3809000000.0,0.0,0.0,0.374,4983000000.0,5204000000.0,452000000.0,0.206,16.581,25.409,25.9,680000000.0,0.0,88.06,9.501,9.491,1203000000.0,17746000000.0,10187000000.0,10187000000.0,0.0,0.242,0.645,1.343,0.505,144000000.0,4501000000.0,1.0,1099048399.0,1098000000.0,1101000000.0,9.278,13686000000.0,337000000.0,1270000000.0,83000000.0,12.464,4536000000.0
21,MA,MRT,2016-03-31,2016-03-31,2016-03-31,2021-07-29,-620000000.0,15905000000.0,15515250000.0,10606000000.0,5299000000.0,0.637,4.94,-360000000.0,5831000000.0,5831000000.0,0.0,3747000000.0,1.647,1.897,3333000000.0,0.0,3333000000.0,3333000000.0,0.0,374000000.0,937000000.0,0.007,0.67,5019000000.0,5393000000.0,0.546,5393000000.0,5019000000.0,4955000000.0,3.32,3.32,3.32,5479000000.0,6044500000.0,5479000000.0,101609811686.0,20.0,18.841,3888000000.0,3.506,1.0,9883000000.0,1.0,2674000000.0,64000000.0,4293000000.0,3511250000.0,0.0,1314000000.0,1314000000.0,0.0,10394000000.0,6440000000.0,3954000000.0,104964811686.0,687000000.0,-572000000.0,-3907000000.0,1735000000.0,-755000000.0,-3011000000.0,-581000000.0,351000000.0,4248000000.0,31000000.0,3747000000.0,3747000000.0,3747000000.0,0.0,0.0,0.379,4808000000.0,5075000000.0,409000000.0,0.202,19.158,28.013,28.464,669000000.0,0.0,94.5,10.621,10.604,1186000000.0,16972000000.0,9883000000.0,9883000000.0,0.0,0.242,0.62,1.429,0.508,143000000.0,4373000000.0,1.0,1110738748.0,1109000000.0,1112000000.0,8.912,13231000000.0,353000000.0,1208000000.0,76000000.0,11.931,4166000000.0
22,MA,MRT,2015-12-31,2015-12-31,2015-12-31,2021-07-29,-676000000.0,16250000000.0,15197250000.0,10984000000.0,5266000000.0,0.636,5.316,-342000000.0,6642000000.0,6642000000.0,0.0,3808000000.0,1.752,1.69,3268000000.0,0.0,3268000000.0,3268000000.0,0.0,366000000.0,895000000.0,0.007,0.64,5019000000.0,5385000000.0,0.557,5385000000.0,5019000000.0,4958000000.0,3.36,3.35,3.36,6028000000.0,6250000000.0,6028000000.0,106059766182.0,21.0,19.695,3759000000.0,3.315,1.0,9667000000.0,1.0,2694000000.0,61000000.0,3913000000.0,3166500000.0,0.0,991000000.0,991000000.0,0.0,10188000000.0,6269000000.0,3919000000.0,109312766182.0,610000000.0,-584000000.0,-3491000000.0,1735000000.0,-727000000.0,-2516000000.0,-715000000.0,212000000.0,4101000000.0,-260000000.0,3808000000.0,3808000000.0,3808000000.0,0.0,0.0,0.394,4589000000.0,5078000000.0,472000000.0,0.19,18.134,28.706,28.976,675000000.0,0.0,97.36,11.308,11.421,1079000000.0,16222000000.0,9667000000.0,9667000000.0,0.0,0.251,0.609,1.585,0.519,80000000.0,4162000000.0,1.0,1122768757.0,1134000000.0,1137000000.0,8.525,13556000000.0,317000000.0,1150000000.0,79000000.0,11.954,4715000000.0
23,MA,MRT,2015-09-30,2015-09-30,2015-09-30,2021-07-29,-536000000.0,14634000000.0,14967000000.0,9625000000.0,5009000000.0,0.639,5.546,-411000000.0,4748000000.0,4748000000.0,0.0,3719000000.0,1.62,1.33,1495000000.0,0.0,1495000000.0,1495000000.0,0.0,357000000.0,871000000.0,0.007,0.59,5005000000.0,5362000000.0,0.561,5362000000.0,5005000000.0,4940000000.0,3.26,3.26,3.26,6267000000.0,6440500000.0,6267000000.0,99158962397.0,20.0,18.493,3318000000.0,2.936,1.0,9561000000.0,1.0,2727000000.0,65000000.0,2711000000.0,2757750000.0,0.0,1232000000.0,1232000000.0,0.0,8336000000.0,5943000000.0,2393000000.0,102024962397.0,-585000000.0,-773000000.0,-2850000000.0,43000000.0,-675000000.0,-3460000000.0,-611000000.0,649000000.0,3729000000.0,-243000000.0,3719000000.0,3719000000.0,3719000000.0,0.0,0.0,0.389,4572000000.0,4989000000.0,381000000.0,0.181,16.28,27.433,27.644,641000000.0,0.0,90.12,10.671,10.651,1081000000.0,15543000000.0,9561000000.0,9561000000.0,0.0,0.248,0.577,1.815,0.523,29000000.0,4154000000.0,1.0,1132101225.0,1130000000.0,1133000000.0,8.461,11907000000.0,290000000.0,1221000000.0,95000000.0,10.537,3682000000.0
24,MA,MRT,2015-06-30,2015-06-30,2015-06-30,2021-07-29,-493000000.0,15272000000.0,14973250000.0,10217000000.0,5055000000.0,0.636,5.627,-375000000.0,4361000000.0,4361000000.0,0.0,3757000000.0,1.578,1.38,1495000000.0,0.0,1495000000.0,1495000000.0,0.0,346000000.0,1000000000.0,0.006,0.54,5067000000.0,5413000000.0,0.569,5413000000.0,5067000000.0,5006000000.0,3.28,3.27,3.28,6404000000.0,6499000000.0,6404000000.0,102924333634.0,20.0,19.014,3467000000.0,3.047,1.0,9521000000.0,1.0,2802000000.0,61000000.0,3128000000.0,2762000000.0,0.0,1716000000.0,1716000000.0,0.0,8836000000.0,6476000000.0,2360000000.0,106589333634.0,483000000.0,-768000000.0,-2321000000.0,43000000.0,-622000000.0,-2870000000.0,-100000000.0,1115000000.0,3842000000.0,-389000000.0,3757000000.0,3757000000.0,3757000000.0,0.0,0.0,0.395,4481000000.0,5040000000.0,481000000.0,0.165,16.644,28.371,28.5,632000000.0,0.0,93.48,11.195,11.173,1128000000.0,14746000000.0,9521000000.0,9521000000.0,0.0,0.251,0.578,1.835,0.532,8000000.0,4074000000.0,1.0,1140236774.0,1138000000.0,1141000000.0,8.366,12470000000.0,326000000.0,1249000000.0,101000000.0,10.958,3741000000.0
25,MA,MRT,2015-03-31,2015-03-31,2015-03-31,2021-07-29,-639000000.0,14633000000.0,14749000000.0,10348000000.0,4285000000.0,0.644,5.489,-342000000.0,5160000000.0,5160000000.0,0.0,3767000000.0,1.743,1.317,1495000000.0,0.0,1495000000.0,1495000000.0,0.0,335000000.0,953000000.0,0.006,0.49,5197000000.0,5532000000.0,0.582,5532000000.0,5197000000.0,5138000000.0,3.27,3.26,3.27,6301000000.0,6464500000.0,6301000000.0,94621850350.0,18.0,17.104,3408000000.0,2.969,1.0,9499000000.0,1.0,2117000000.0,59000000.0,2914000000.0,2979250000.0,0.0,1589000000.0,1589000000.0,0.0,8299000000.0,5937000000.0,2362000000.0,99214850350.0,188000000.0,-391000000.0,-2634000000.0,43000000.0,-568000000.0,-3160000000.0,41000000.0,862000000.0,3750000000.0,-443000000.0,3767000000.0,3767000000.0,3767000000.0,0.0,0.0,0.397,4327000000.0,5172000000.0,406000000.0,0.15,15.746,26.338,26.419,602000000.0,0.0,86.39,10.445,10.441,1072000000.0,14006000000.0,9499000000.0,9499000000.0,0.0,0.255,0.583,1.744,0.547,6000000.0,3992000000.0,1.0,1148452950.0,1148000000.0,1152000000.0,8.274,12516000000.0,349000000.0,1371000000.0,102000000.0,10.902,4411000000.0
26,MA,MRT,2014-12-31,2014-12-31,2014-12-31,2021-07-29,-260000000.0,15329000000.0,14791250000.0,10997000000.0,4332000000.0,0.638,5.828,-334000000.0,6087000000.0,6087000000.0,0.0,3617000000.0,1.767,1.253,1494000000.0,0.0,1494000000.0,1494000000.0,0.0,321000000.0,950000000.0,0.005,0.44,5127000000.0,5448000000.0,0.577,5448000000.0,5127000000.0,5079000000.0,3.11,3.1,3.11,6790000000.0,6531000000.0,6790000000.0,95408994985.0,19.0,17.513,3073000000.0,2.638,1.0,9441000000.0,1.0,2236000000.0,48000000.0,2278000000.0,3091000000.0,0.0,1238000000.0,1238000000.0,0.0,8505000000.0,6222000000.0,2283000000.0,99329994985.0,1538000000.0,-525000000.0,-3358000000.0,1530000000.0,-515000000.0,-2339000000.0,690000000.0,1450000000.0,3407000000.0,-220000000.0,3617000000.0,3617000000.0,3617000000.0,0.0,0.0,0.383,4335000000.0,5106000000.0,419000000.0,0.141,14.629,27.462,27.704,615000000.0,0.0,86.16,10.521,10.632,1109000000.0,13169000000.0,9441000000.0,9441000000.0,0.0,0.245,0.554,1.659,0.543,-15000000.0,4014000000.0,1.0,1152855095.0,1165000000.0,1169000000.0,8.104,13093000000.0,396000000.0,1462000000.0,115000000.0,11.239,4775000000.0
27,MA,MRT,2014-09-30,2014-09-30,2014-09-30,2021-07-29,-92000000.0,14659000000.0,14519500000.0,10956000000.0,3703000000.0,0.628,5.619,-318000000.0,5415000000.0,5415000000.0,0.0,3439000000.0,1.873,1.248,1494000000.0,0.0,1494000000.0,1494000000.0,0.0,308000000.0,953000000.0,0.005,0.39,5022000000.0,5330000000.0,0.584,5330000000.0,5022000000.0,4983000000.0,2.93,2.91,2.93,6501000000.0,6704500000.0,6501000000.0,83295229921.0,17.0,15.628,3563000000.0,3.08,1.0,9122000000.0,1.0,2161000000.0,39000000.0,2728000000.0,2998000000.0,0.0,1857000000.0,1857000000.0,0.0,8111000000.0,5849000000.0,2262000000.0,85597229921.0,1049000000.0,-336000000.0,-3955000000.0,1522000000.0,-461000000.0,-2887000000.0,209000000.0,700000000.0,3881000000.0,-154000000.0,3439000000.0,3439000000.0,3439000000.0,0.0,0.0,0.377,4114000000.0,5008000000.0,319000000.0,0.133,13.167,24.89,25.229,553000000.0,0.0,73.92,9.384,9.376,1071000000.0,12553000000.0,9122000000.0,9122000000.0,0.0,0.237,0.513,1.675,0.551,-7000000.0,3711000000.0,1.0,1157971184.0,1157000000.0,1160000000.0,7.884,12498000000.0,385000000.0,1544000000.0,119000000.0,10.802,5107000000.0
28,MA,MRT,2014-06-30,2014-06-30,2014-06-30,2021-07-29,188000000.0,14375000000.0,14287250000.0,10577000000.0,3798000000.0,0.619,5.379,-298000000.0,3796000000.0,3796000000.0,0.0,3303000000.0,1.827,1.286,1494000000.0,0.0,1494000000.0,1494000000.0,0.0,289000000.0,918000000.0,0.005,0.34,4844000000.0,5133000000.0,0.58,5133000000.0,4844000000.0,4819000000.0,2.78,2.77,2.78,6266000000.0,6993500000.0,6266000000.0,82404225746.0,17.0,16.054,3520000000.0,3.021,1.0,8850000000.0,1.0,2286000000.0,25000000.0,3997000000.0,2881750000.0,0.0,2836000000.0,2836000000.0,0.0,8061000000.0,5790000000.0,2271000000.0,85842225746.0,530000000.0,-341000000.0,-3897000000.0,1522000000.0,-405000000.0,-2793000000.0,-554000000.0,-65000000.0,3818000000.0,59000000.0,3303000000.0,3303000000.0,3303000000.0,0.0,0.0,0.373,4014000000.0,4836000000.0,420000000.0,0.122,13.7,25.989,26.428,539000000.0,0.0,73.47,9.7,9.671,1134000000.0,11666000000.0,8850000000.0,8850000000.0,0.0,0.231,0.472,1.681,0.547,18000000.0,3630000000.0,1.0,1168398336.0,1165000000.0,1169000000.0,7.597,12089000000.0,373000000.0,1516000000.0,125000000.0,10.377,4787000000.0
29,MA,MRT,2014-03-31,2014-03-31,2014-03-31,2021-07-29,180000000.0,14802000000.0,13698750000.0,11342000000.0,3460000000.0,0.626,5.542,-306000000.0,4932000000.0,4932000000.0,0.0,3220000000.0,1.892,1.252,1494000000.0,0.0,1494000000.0,1494000000.0,0.0,269000000.0,913000000.0,0.004,0.29,4694000000.0,4963000000.0,0.579,4963000000.0,4694000000.0,4679000000.0,2.68,2.67,2.68,6567000000.0,7181500000.0,6567000000.0,84124592531.0,18.0,16.95,3525000000.0,2.975,1.0,8578000000.0,1.0,2009000000.0,15000000.0,3361000000.0,2587250000.0,0.0,2543000000.0,2543000000.0,0.0,8224000000.0,5994000000.0,2230000000.0,88634592531.0,2035000000.0,-146000000.0,-3317000000.0,1522000000.0,-349000000.0,-2125000000.0,233000000.0,531000000.0,3831000000.0,96000000.0,3220000000.0,3220000000.0,3220000000.0,0.0,0.0,0.375,3897000000.0,4681000000.0,297000000.0,0.108,13.497,27.526,27.873,528000000.0,0.0,74.7,10.333,10.319,995000000.0,10861000000.0,8578000000.0,8578000000.0,0.0,0.235,0.448,1.814,0.547,12000000.0,3533000000.0,1.0,1186540730.0,1185000000.0,1189000000.0,7.239,12793000000.0,369000000.0,1459000000.0,117000000.0,10.796,5348000000.0
30,MA,MRT,2013-12-31,2013-12-31,2013-12-31,2021-07-29,178000000.0,14242000000.0,12950500000.0,10950000000.0,3292000000.0,0.642,6.18,-299000000.0,4510000000.0,4510000000.0,0.0,3116000000.0,1.815,0.902,0.0,0.0,0.0,0.0,0.0,258000000.0,911000000.0,0.003,0.21,4514000000.0,4772000000.0,0.574,4772000000.0,4514000000.0,4500000000.0,2.57,2.56,2.57,7484000000.0,7225500000.0,7484000000.0,96279658835.0,21.0,20.176,3836000000.0,3.168,1.0,8312000000.0,1.0,1794000000.0,14000000.0,1906000000.0,2477000000.0,0.0,2696000000.0,2696000000.0,0.0,6747000000.0,6032000000.0,715000000.0,100570658835.0,1547000000.0,0.0,-2417000000.0,35000000.0,-255000000.0,-2629000000.0,-4000000.0,319000000.0,4135000000.0,45000000.0,3116000000.0,3116000000.0,3116000000.0,0.0,0.0,0.375,3809000000.0,4503000000.0,338000000.0,0.082,13.438,32.276,32.508,526000000.0,0.0,83.546,12.099,12.172,966000000.0,10121000000.0,8312000000.0,8312000000.0,0.0,0.241,0.431,1.822,0.543,63000000.0,3456000000.0,1.0,1203775870.0,1211000000.0,1215000000.0,6.864,12448000000.0,303000000.0,1384000000.0,117000000.0,10.279,4918000000.0
31,MA,MRT,2013-09-30,2013-09-30,2013-09-30,2021-07-29,120000000.0,13730000000.0,12505500000.0,10559000000.0,3171000000.0,0.649,6.354,-207000000.0,4291000000.0,4291000000.0,0.0,3098000000.0,1.948,0.792,0.0,0.0,0.0,0.0,0.0,249000000.0,878000000.0,0.003,0.18,4497000000.0,4746000000.0,0.585,4746000000.0,4497000000.0,4483000000.0,2.537,2.533,2.537,7657000000.0,7083750000.0,7657000000.0,77965517655.0,17.0,16.428,3595000000.0,2.983,1.0,8115000000.0,1.0,1756000000.0,14000000.0,2263000000.0,2741250000.0,0.0,2594000000.0,2594000000.0,0.0,6062000000.0,5420000000.0,642000000.0,81153517655.0,368000000.0,0.0,-2280000000.0,0.0,-220000000.0,-2484000000.0,-992000000.0,85000000.0,3802000000.0,42000000.0,3098000000.0,3098000000.0,3098000000.0,0.0,0.0,0.382,3633000000.0,4482000000.0,280000000.0,0.071,10.599,26.195,26.519,474000000.0,0.0,67.278,10.0,9.99,990000000.0,9630000000.0,8115000000.0,8115000000.0,0.0,0.248,0.437,1.64,0.554,48000000.0,3384000000.0,1.0,1206241530.0,1205000000.0,1209000000.0,6.734,11974000000.0,211000000.0,1385000000.0,93000000.0,9.937,5139000000.0
32,MA,MRT,2013-06-30,2013-06-30,2013-06-30,2021-07-29,-15000000.0,12021000000.0,12103000000.0,8962000000.0,3059000000.0,0.646,5.781,-214000000.0,3188000000.0,3188000000.0,0.0,2991000000.0,2.071,0.711,0.0,0.0,0.0,0.0,0.0,243000000.0,840000000.0,0.003,0.15,4316000000.0,4559000000.0,0.583,4559000000.0,4316000000.0,4295000000.0,2.426,2.42,2.426,7018000000.0,6897500000.0,7018000000.0,67044944114.0,16.0,14.706,3280000000.0,2.702,1.0,7815000000.0,1.0,1687000000.0,21000000.0,2819000000.0,2672750000.0,0.0,2742000000.0,2742000000.0,0.0,4992000000.0,4327000000.0,665000000.0,69840944114.0,-805000000.0,-70000000.0,-2147000000.0,0.0,-185000000.0,-2297000000.0,-2031000000.0,-893000000.0,3494000000.0,29000000.0,2991000000.0,2991000000.0,2991000000.0,0.0,0.0,0.383,3517000000.0,4298000000.0,259000000.0,0.062,9.952,23.35,23.681,471000000.0,0.0,57.45,8.937,8.924,949000000.0,8823000000.0,7815000000.0,7815000000.0,0.0,0.247,0.434,1.615,0.552,29000000.0,3274000000.0,1.0,1215682230.0,1214000000.0,1217000000.0,6.437,10334000000.0,211000000.0,1304000000.0,98000000.0,8.512,4635000000.0
33,MA,MRT,2013-03-31,2013-03-31,2013-03-31,2021-07-29,-50000000.0,11809000000.0,11907750000.0,8783000000.0,3026000000.0,0.633,5.5,-209000000.0,2796000000.0,2796000000.0,0.0,2843000000.0,1.99,0.749,0.0,0.0,0.0,0.0,0.0,238000000.0,812000000.0,0.002,0.12,4054000000.0,4292000000.0,0.569,4292000000.0,4054000000.0,4035000000.0,2.282,2.275,2.282,6743000000.0,6709250000.0,6743000000.0,63605862354.0,16.0,14.82,3184000000.0,2.597,1.0,7539000000.0,1.0,1679000000.0,19000000.0,2920000000.0,2315250000.0,0.0,3036000000.0,3036000000.0,0.0,5053000000.0,4414000000.0,639000000.0,66434862354.0,-1700000000.0,-70000000.0,-2244000000.0,0.0,-150000000.0,-2361000000.0,-2644000000.0,-1514000000.0,3393000000.0,-88000000.0,2843000000.0,2843000000.0,2843000000.0,0.0,0.0,0.377,3495000000.0,4044000000.0,262000000.0,0.053,9.852,23.368,23.713,468000000.0,0.0,54.113,8.812,8.8,941000000.0,8047000000.0,7539000000.0,7539000000.0,0.0,0.239,0.424,1.751,0.538,30000000.0,3237000000.0,1.0,1227706140.0,1226000000.0,1230000000.0,6.149,10130000000.0,187000000.0,1192000000.0,99000000.0,8.263,4369000000.0
34,MA,MRT,2012-12-31,2012-12-31,2012-12-31,2021-07-29,61000000.0,12462000000.0,11738250000.0,9357000000.0,3105000000.0,0.63,5.52,-218000000.0,2829000000.0,2829000000.0,0.0,2759000000.0,1.907,0.8,0.0,0.0,0.0,0.0,0.0,230000000.0,777000000.0,0.002,0.105,3953000000.0,4183000000.0,0.566,4183000000.0,3953000000.0,3933000000.0,2.2,2.19,2.2,6917000000.0,6616250000.0,6917000000.0,57226921481.0,14.0,13.681,2730000000.0,2.179,1.0,7391000000.0,1.0,1764000000.0,20000000.0,2963000000.0,1830750000.0,0.0,2951000000.0,2951000000.0,0.0,5533000000.0,4906000000.0,627000000.0,61046921481.0,-1682000000.0,-70000000.0,-1717000000.0,0.0,-132000000.0,-1798000000.0,-2839000000.0,-1700000000.0,2948000000.0,7000000.0,2759000000.0,2759000000.0,2759000000.0,0.0,0.0,0.373,3454000000.0,3937000000.0,357000000.0,0.048,8.826,22.126,22.331,472000000.0,0.0,49.128,8.26,8.329,925000000.0,7354000000.0,7391000000.0,7391000000.0,0.0,0.235,0.417,2.159,0.535,0.0,3204000000.0,1.0,1242609540.0,1253000000.0,1258000000.0,5.899,10698000000.0,188000000.0,1174000000.0,104000000.0,8.538,4451000000.0
35,MA,MRT,2012-09-30,2012-09-30,2012-09-30,2021-07-29,34000000.0,12120000000.0,11296000000.0,9072000000.0,3048000000.0,0.64,5.53,-225000000.0,3820000000.0,3820000000.0,0.0,2174000000.0,1.995,0.752,0.0,0.0,0.0,0.0,0.0,220000000.0,775000000.0,0.002,0.09,3048000000.0,3268000000.0,0.452,3268000000.0,3048000000.0,3028000000.0,1.732,1.722,1.732,6912000000.0,6354000000.0,6912000000.0,52464944611.0,17.0,16.054,2641000000.0,2.113,1.0,7224000000.0,1.0,1763000000.0,20000000.0,1989000000.0,1196750000.0,0.0,2594000000.0,2594000000.0,0.0,5196000000.0,4548000000.0,648000000.0,56343944611.0,-708000000.0,-70000000.0,-1133000000.0,21000000.0,-113000000.0,-1195000000.0,-2305000000.0,-2014000000.0,2866000000.0,-74000000.0,2173000000.0,2173000000.0,2173000000.0,0.0,1000000.0,0.301,4196000000.0,3028000000.0,319000000.0,0.052,8.152,25.929,26.067,465000000.0,0.0,45.148,7.8,7.812,912000000.0,6786000000.0,7224000000.0,7224000000.0,0.0,0.192,0.342,2.547,0.422,-28000000.0,3186000000.0,1.0,1247983180.0,1250000000.0,1250000000.0,5.779,10357000000.0,457000000.0,855000000.0,103000000.0,8.286,4524000000.0
36,MA,MRT,2012-06-30,2012-06-30,2012-06-30,2021-07-29,-47000000.0,11240000000.0,10684500000.0,8283000000.0,2957000000.0,0.667,4.972,-212000000.0,3879000000.0,3879000000.0,0.0,2118000000.0,1.923,0.792,0.0,0.0,0.0,0.0,0.0,213000000.0,726000000.0,0.002,0.075,3015000000.0,3228000000.0,0.453,3228000000.0,3015000000.0,2993000000.0,1.678,1.668,1.678,6265000000.0,6119000000.0,6265000000.0,50024487177.0,17.0,15.497,2647000000.0,2.101,1.0,7124000000.0,1.0,1665000000.0,22000000.0,1389000000.0,817250000.0,0.0,1803000000.0,1803000000.0,0.0,4964000000.0,4307000000.0,657000000.0,54357487177.0,389000000.0,0.0,-997000000.0,21000000.0,-95000000.0,-1054000000.0,-1224000000.0,-1026000000.0,2859000000.0,-192000000.0,2118000000.0,2118000000.0,2118000000.0,0.0,0.0,0.297,4158000000.0,2966000000.0,330000000.0,0.045,8.676,25.665,25.632,458000000.0,0.0,43.011,7.63,7.607,844000000.0,6052000000.0,7124000000.0,7124000000.0,0.0,0.198,0.346,3.689,0.423,-21000000.0,3155000000.0,1.0,1263804310.0,1260000000.0,1260000000.0,5.654,9575000000.0,474000000.0,875000000.0,105000000.0,7.599,3976000000.0
37,MA,MRT,2012-03-31,2012-03-31,2012-03-31,2021-07-29,78000000.0,11131000000.0,10130750000.0,8113000000.0,3018000000.0,0.688,5.017,-203000000.0,4333000000.0,4333000000.0,0.0,2026000000.0,1.983,0.746,0.0,0.0,0.0,0.0,0.0,206000000.0,649000000.0,0.001,0.06,2933000000.0,3139000000.0,0.45,3139000000.0,2933000000.0,2912000000.0,1.599,1.589,1.599,6371000000.0,5920250000.0,6371000000.0,48833053691.0,17.0,15.557,2553000000.0,2.01,1.0,6971000000.0,1.0,1724000000.0,21000000.0,982000000.0,700250000.0,0.0,1457000000.0,1457000000.0,0.0,4752000000.0,4092000000.0,660000000.0,53203053691.0,730000000.0,-460000000.0,-711000000.0,0.0,-76000000.0,-770000000.0,-1185000000.0,-536000000.0,2756000000.0,-71000000.0,2026000000.0,2026000000.0,2026000000.0,0.0,0.0,0.291,4094000000.0,2877000000.0,274000000.0,0.038,8.351,26.26,26.3,450000000.0,0.0,42.054,7.632,7.662,812000000.0,5389000000.0,6971000000.0,6971000000.0,0.0,0.2,0.342,4.189,0.421,-26000000.0,3118000000.0,1.0,1265112800.0,1270000000.0,1270000000.0,5.489,9407000000.0,440000000.0,886000000.0,112000000.0,7.407,4021000000.0
38,MA,MRT,2011-12-31,2011-12-31,2011-12-31,2021-07-29,-2000000.0,10693000000.0,9473500000.0,7741000000.0,2952000000.0,0.709,4.588,-177000000.0,4370000000.0,4370000000.0,0.0,1906000000.0,1.836,0.821,0.0,0.0,0.0,0.0,0.0,194000000.0,636000000.0,0.002,0.06,2773000000.0,2967000000.0,0.442,2967000000.0,2773000000.0,2748000000.0,1.49,1.48,1.49,5868000000.0,5625250000.0,5868000000.0,42928470708.0,15.0,14.469,2507000000.0,1.96,1.0,6714000000.0,1.0,1679000000.0,25000000.0,427000000.0,687750000.0,0.0,1215000000.0,1215000000.0,0.0,4816000000.0,4217000000.0,599000000.0,47317470708.0,667000000.0,-460000000.0,-1129000000.0,0.0,-77000000.0,-1215000000.0,-748000000.0,-125000000.0,2684000000.0,-54000000.0,1906000000.0,1906000000.0,1906000000.0,0.0,0.0,0.284,4001000000.0,2713000000.0,360000000.0,0.04,8.064,24.826,25.021,449000000.0,0.0,37.282,7.048,7.102,808000000.0,4745000000.0,6714000000.0,6714000000.0,0.0,0.201,0.339,4.032,0.413,35000000.0,3037000000.0,1.0,1269177370.0,1279000000.0,1284000000.0,5.249,9014000000.0,431000000.0,842000000.0,113000000.0,7.048,3524000000.0
39,MA,MRT,2011-09-30,2011-09-30,2011-09-30,2021-07-29,104000000.0,9674000000.0,9009500000.0,6753000000.0,2921000000.0,0.713,4.702,-162000000.0,4389000000.0,4389000000.0,0.0,2301000000.0,2.175,0.618,0.0,0.0,0.0,0.0,0.0,184000000.0,636000000.0,0.002,0.06,3368000000.0,3552000000.0,0.553,3552000000.0,3368000000.0,3341000000.0,1.79,1.784,1.79,5972000000.0,5459500000.0,5972000000.0,36926725752.0,11.0,10.396,2408000000.0,1.896,1.0,6424000000.0,1.0,1709000000.0,27000000.0,471000000.0,812750000.0,0.0,753000000.0,639000000.0,114000000.0,3692000000.0,3105000000.0,587000000.0,40298725752.0,1274000000.0,-958000000.0,-1102000000.0,-21000000.0,-78000000.0,-1188000000.0,-113000000.0,473000000.0,2570000000.0,5000000.0,2302000000.0,2302000000.0,2302000000.0,0.0,-1000000.0,0.358,3132000000.0,3292000000.0,289000000.0,0.034,6.748,17.506,17.718,450000000.0,0.0,31.716,6.273,6.27,763000000.0,4745000000.0,6424000000.0,6424000000.0,0.0,0.256,0.422,4.144,0.524,56000000.0,2948000000.0,1.0,1270611860.0,1270000000.0,1270000000.0,5.058,7965000000.0,118000000.0,1039000000.0,125000000.0,6.272,3648000000.0
40,MA,MRT,2011-06-30,2011-06-30,2011-06-30,2021-07-29,247000000.0,9025000000.0,8632500000.0,6011000000.0,3014000000.0,0.699,4.307,-158000000.0,3372000000.0,3372000000.0,0.0,2104000000.0,2.028,0.648,0.0,0.0,0.0,0.0,0.0,169000000.0,608000000.0,0.002,0.06,3108000000.0,3277000000.0,0.543,3277000000.0,3108000000.0,3076000000.0,1.621,1.615,1.621,5470000000.0,5177000000.0,5470000000.0,34812620328.0,11.0,10.623,1994000000.0,1.57,1.0,6034000000.0,1.0,1768000000.0,32000000.0,921000000.0,983250000.0,0.0,957000000.0,840000000.0,117000000.0,3544000000.0,2964000000.0,580000000.0,38342620328.0,441000000.0,-958000000.0,-1031000000.0,-21000000.0,-79000000.0,-1123000000.0,-835000000.0,284000000.0,2152000000.0,247000000.0,2103000000.0,2103000000.0,2103000000.0,0.0,1000000.0,0.349,2978000000.0,3056000000.0,336000000.0,0.037,7.01,18.232,18.59,454000000.0,0.0,30.134,6.354,6.342,713000000.0,4047000000.0,6034000000.0,6034000000.0,0.0,0.244,0.406,3.161,0.515,62000000.0,2809000000.0,1.0,1272403940.0,1270000000.0,1280000000.0,4.751,7257000000.0,157000000.0,973000000.0,130000000.0,5.714,3047000000.0
41,MA,MRT,2011-03-31,2011-03-31,2011-03-31,2021-07-29,201000000.0,8502000000.0,8234250000.0,6073000000.0,2429000000.0,0.696,3.993,-156000000.0,3530000000.0,3530000000.0,0.0,1954000000.0,2.176,0.636,0.0,0.0,0.0,0.0,0.0,155000000.0,576000000.0,0.002,0.06,2944000000.0,3099000000.0,0.541,3099000000.0,2944000000.0,2897000000.0,1.494,1.488,1.494,5191000000.0,4838750000.0,5191000000.0,29313733863.0,10.0,9.459,1801000000.0,1.385,1.0,5732000000.0,1.0,1249000000.0,47000000.0,932000000.0,1046000000.0,0.0,1114000000.0,985000000.0,129000000.0,3300000000.0,2791000000.0,509000000.0,32873733863.0,835000000.0,-498000000.0,-647000000.0,0.0,-79000000.0,-723000000.0,-483000000.0,174000000.0,1957000000.0,84000000.0,1953000000.0,1953000000.0,1953000000.0,0.0,1000000.0,0.341,2844000000.0,2888000000.0,283000000.0,0.04,6.333,16.832,16.849,436000000.0,0.0,25.172,5.735,5.709,642000000.0,3457000000.0,5732000000.0,5732000000.0,0.0,0.237,0.404,2.815,0.514,61000000.0,2689000000.0,1.0,1305964320.0,1300000000.0,1310000000.0,4.409,7253000000.0,187000000.0,944000000.0,95000000.0,5.579,3282000000.0
42,MA,MRT,2010-12-31,2010-12-31,2010-12-31,2021-07-29,95000000.0,8837000000.0,7930250000.0,6454000000.0,2383000000.0,0.698,3.973,-151000000.0,3560000000.0,3560000000.0,0.0,1847000000.0,2.053,0.696,0.0,0.0,0.0,0.0,0.0,148000000.0,493000000.0,0.003,0.06,2808000000.0,2956000000.0,0.534,2956000000.0,2808000000.0,2756000000.0,1.41,1.405,1.41,5205000000.0,4497000000.0,5205000000.0,25859779233.0,9.0,8.748,1546000000.0,1.18,1.0,5539000000.0,1.0,1207000000.0,52000000.0,927000000.0,1118250000.0,0.0,1273000000.0,1131000000.0,142000000.0,3621000000.0,3143000000.0,478000000.0,29331779233.0,1012000000.0,-498000000.0,11000000.0,0.0,-79000000.0,19000000.0,-641000000.0,11000000.0,1697000000.0,-63000000.0,1846000000.0,1846000000.0,1846000000.0,0.0,1000000.0,0.333,2787000000.0,2752000000.0,272000000.0,0.043,5.635,15.889,15.894,439000000.0,0.0,22.411,5.296,5.3,650000000.0,2915000000.0,5539000000.0,5539000000.0,0.0,0.233,0.41,2.511,0.507,-22000000.0,2639000000.0,1.0,1308811710.0,1310000000.0,1310000000.0,4.228,7630000000.0,221000000.0,910000000.0,74000000.0,5.824,3311000000.0
43,MA,MRT,2010-09-30,2010-09-30,2010-09-30,2021-07-29,141000000.0,8166000000.0,7588500000.0,6233000000.0,1933000000.0,0.712,3.696,-149000000.0,3473000000.0,3473000000.0,0.0,1726000000.0,2.201,0.685,1000000.0,0.0,1000000.0,1000000.0,0.0,144000000.0,467000000.0,0.003,0.06,2698000000.0,2842000000.0,0.526,2842000000.0,2698000000.0,2632000000.0,1.317,1.313,1.317,4842000000.0,4071750000.0,4842000000.0,26527180128.0,10.0,9.334,1162000000.0,0.887,1.0,5400000000.0,1.0,709000000.0,66000000.0,1153000000.0,1161500000.0,0.0,1291000000.0,1137000000.0,154000000.0,3315000000.0,2832000000.0,483000000.0,29312180128.0,163000000.0,0.0,13000000.0,0.0,-79000000.0,26000000.0,-1107000000.0,-430000000.0,1311000000.0,-67000000.0,1725000000.0,1725000000.0,1725000000.0,0.0,1000000.0,0.319,2749000000.0,2651000000.0,243000000.0,0.046,6.054,16.993,17.008,433000000.0,0.0,22.4,5.428,5.434,580000000.0,2520000000.0,5400000000.0,5400000000.0,0.0,0.227,0.424,2.323,0.5,-24000000.0,2612000000.0,1.0,1308579470.0,1310000000.0,1310000000.0,4.122,7457000000.0,355000000.0,907000000.0,90000000.0,5.692,3401000000.0
44,MA,MRT,2010-06-30,2010-06-30,2010-06-30,2021-07-29,-72000000.0,7432000000.0,7281837000.0,5543000000.0,1889000000.0,0.733,3.143,-142000000.0,2804000000.0,2804000000.0,0.0,1659000000.0,1.967,0.803,19000000.0,0.0,19000000.0,19000000.0,0.0,144000000.0,481000000.0,0.003,0.06,2618000000.0,2762000000.0,0.518,2762000000.0,2618000000.0,2539000000.0,1.267,1.264,1.267,4117000000.0,3665630750.0,4117000000.0,23558061977.0,9.0,8.529,896000000.0,0.684,1.0,5336000000.0,1.0,657000000.0,79000000.0,1172000000.0,1090145750.0,0.0,1300000000.0,1130000000.0,170000000.0,3307000000.0,2818000000.0,489000000.0,26100061977.0,275000000.0,15000000.0,16000000.0,0.0,-79000000.0,39000000.0,-596000000.0,-467000000.0,1038000000.0,-206000000.0,1659000000.0,1659000000.0,1659000000.0,0.0,0.0,0.311,2778000000.0,2558000000.0,244000000.0,0.047,6.34,15.732,15.748,435000000.0,0.0,19.953,4.891,4.899,517000000.0,2022000000.0,5336000000.0,5336000000.0,0.0,0.228,0.453,2.402,0.491,-24000000.0,2635000000.0,1.0,1308077080.0,1310000000.0,1310000000.0,4.073,6775000000.0,402000000.0,880000000.0,74000000.0,5.172,2725000000.0
45,MA,MRT,2010-03-31,2010-03-31,2010-03-31,2021-07-29,88000000.0,7286000000.0,7169820250.0,5106000000.0,2180000000.0,0.732,2.942,-132000000.0,2563000000.0,2563000000.0,0.0,1550000000.0,1.809,0.903,21000000.0,0.0,21000000.0,21000000.0,0.0,145000000.0,444000000.0,0.002,0.06,2456000000.0,2601000000.0,0.495,2601000000.0,2456000000.0,2362000000.0,1.184,1.182,1.184,3824000000.0,3302948000.0,3824000000.0,30647115430.0,12.0,11.783,925000000.0,0.712,1.0,5251000000.0,1.0,701000000.0,94000000.0,1221000000.0,1055558750.0,0.0,1341000000.0,982000000.0,359000000.0,3454000000.0,2822000000.0,632000000.0,33126945430.0,441000000.0,18000000.0,14000000.0,0.0,-79000000.0,57000000.0,-637000000.0,-518000000.0,1057000000.0,-36000000.0,1550000000.0,1550000000.0,1550000000.0,0.0,0.0,0.295,2853000000.0,2398000000.0,251000000.0,0.051,8.663,21.372,21.453,433000000.0,0.0,25.4,6.309,6.288,505000000.0,1583000000.0,5251000000.0,5251000000.0,0.0,0.216,0.469,2.327,0.468,-33000000.0,2709000000.0,1.0,1304210450.0,1300000000.0,1310000000.0,4.039,6585000000.0,458000000.0,812000000.0,74000000.0,5.065,2284000000.0
46,MA,MRT,2009-12-31,2009-12-31,2009-12-31,2021-07-29,194000000.0,7470000000.0,6952148250.0,5003000000.0,2467000000.0,0.733,2.695,-140000000.0,2501000000.0,2501000000.0,0.0,1463000000.0,1.58,1.13,22000000.0,0.0,22000000.0,22000000.0,0.0,141000000.0,446000000.0,0.002,0.06,2333000000.0,2474000000.0,0.485,2474000000.0,2333000000.0,2218000000.0,1.119,1.116,1.119,3504000000.0,2902288500.0,3504000000.0,30658304635.0,13.0,12.392,1238000000.0,0.952,1.0,5099000000.0,1.0,724000000.0,115000000.0,1100000000.0,1035851750.0,0.0,1342000000.0,824000000.0,518000000.0,3958000000.0,3167000000.0,791000000.0,33213774635.0,550000000.0,-3000000.0,9000000.0,-149000000.0,-79000000.0,-185000000.0,-664000000.0,-517000000.0,1378000000.0,21000000.0,1463000000.0,1463000000.0,1463000000.0,0.0,0.0,0.287,2839000000.0,2260000000.0,290000000.0,0.054,9.479,22.703,22.876,449000000.0,0.0,25.598,6.514,6.526,536000000.0,1148000000.0,5099000000.0,5099000000.0,0.0,0.21,0.504,2.252,0.458,49000000.0,2698000000.0,1.0,1297514440.0,1300000000.0,1300000000.0,3.922,6746000000.0,508000000.0,755000000.0,80000000.0,5.189,1836000000.0
47,MA,MRT,2009-09-30,2009-09-30,2009-09-30,2021-07-29,209805000.0,6939348000.0,6703610500.0,4752667000.0,2186681000.0,0.75,2.475,-144483000.0,2577160000.0,2577160000.0,0.0,1407357000.0,1.703,1.154,21690000.0,0.0,21690000.0,21690000.0,0.0,133044000.0,260769000.0,0.003,0.06,2333198000.0,2466242000.0,0.491,2466242000.0,2333198000.0,2204273000.0,1.076,1.074,1.076,3217523000.0,2508127250.0,3217523000.0,23940056634.0,10.0,9.707,431933000.0,0.332,1.0,5025234000.0,1.0,724963000.0,128925000.0,867583000.0,1079223000.0,0.0,862428000.0,629678000.0,232750000.0,3714112000.0,2791332000.0,922780000.0,26211016634.0,244838000.0,-85000000.0,6133000.0,-149000000.0,-78424000.0,-195192000.0,-169641000.0,63619000.0,576416000.0,33255000.0,1407357000.0,1407357000.0,1407357000.0,0.0,0.0,0.28,2771373000.0,2253861000.0,277715000.0,0.056,8.146,18.624,18.787,450915000.0,0.0,20.215,5.216,5.23,503472000.0,873424000.0,5025234000.0,5025234000.0,0.0,0.21,0.561,2.162,0.464,54684000.0,2626174000.0,1.0,1296612250.0,1300000000.0,1300000000.0,3.866,6214385000.0,636748000.0,796916000.0,76186000.0,4.78,1961335000.0
48,MA,MRT,2009-06-30,2009-06-30,2009-06-30,2021-07-29,128797000.0,6983933000.0,6787017250.0,4690202000.0,2293731000.0,0.737,2.051,-166255000.0,2291524000.0,2291524000.0,0.0,761775000.0,1.573,1.616,20564000.0,0.0,20564000.0,20564000.0,0.0,125786000.0,243330000.0,0.004,0.06,1378845000.0,1504631000.0,0.301,1504631000.0,1378845000.0,1237601000.0,0.582,0.581,0.582,2666269000.0,2145029250.0,2666269000.0,19778929503.0,14.0,13.145,481946000.0,0.371,1.0,4999412000.0,1.0,697709000.0,141244000.0,1033652000.0,1066697500.0,0.0,829313000.0,605403000.0,223910000.0,4309892000.0,2981612000.0,1328280000.0,21643976503.0,279084000.0,-100000000.0,6812000.0,-149000000.0,-78122000.0,-195139000.0,-133841000.0,137123000.0,648201000.0,-40137000.0,761775000.0,761775000.0,761775000.0,0.0,0.0,0.152,3697815000.0,1301597000.0,259484000.0,0.103,8.118,28.413,28.747,456750000.0,0.0,16.731,4.329,4.351,545255000.0,440901000.0,4999412000.0,4999412000.0,0.0,0.112,0.355,1.293,0.276,42840000.0,2738374000.0,1.0,1293645120.0,1300000000.0,1300000000.0,3.846,6286224000.0,764925000.0,475826000.0,73668000.0,4.836,1708590000.0
49,MA,MRT,2009-03-31,2009-03-31,2009-03-31,2021-07-29,39519000.0,6415312000.0,6756077750.0,4106900000.0,2308412000.0,0.735,1.709,-167274000.0,1883454000.0,1883454000.0,0.0,-333878000.0,1.493,1.884,18407000.0,0.0,18407000.0,18407000.0,0.0,117736000.0,205262000.0,0.004,0.06,-396899000.0,-279163000.0,-0.056,-279163000.0,-396899000.0,-521581000.0,-0.255,-0.256,-0.255,2221362000.0,1990483750.0,2221362000.0,20146368488.0,-51.0,-72.167,437814000.0,0.337,1.0,4965916000.0,1.0,656789000.0,124682000.0,1142172000.0,1229106250.0,0.0,825818000.0,597669000.0,228149000.0,4185983000.0,2751304000.0,1434679000.0,21666006488.0,-194255000.0,-100376000.0,-346559000.0,-229000000.0,-78962000.0,-644182000.0,-70036000.0,199128000.0,605088000.0,-85125000.0,-333878000.0,-333878000.0,-333878000.0,0.0,0.0,-0.067,5454523000.0,-488607000.0,262622000.0,-0.235,9.753,-64.892,-65.678,454227000.0,0.0,16.748,4.363,4.384,533654000.0,111477000.0,4965916000.0,4965916000.0,0.0,-0.049,-0.168,-0.323,-0.08,49610000.0,2853787000.0,1.0,1293647390.0,1300000000.0,1300000000.0,3.82,5758523000.0,810915000.0,-187703000.0,69436000.0,4.43,1355596000.0
50,MA,MRT,2008-12-31,2008-12-31,2008-12-31,2021-07-29,108837000.0,6475849000.0,6758651500.0,4311507000.0,2164342000.0,0.739,1.483,-171000000.0,1688405000.0,1688405000.0,0.0,-254000000.0,1.442,2.358,168767000.0,149380000.0,19387000.0,168767000.0,0.0,112000000.0,183245000.0,0.004,0.06,-279000000.0,-167000000.0,-0.033,-167000000.0,-279000000.0,-383000000.0,-0.194,-0.194,-0.194,1927355000.0,2224628000.0,1927355000.0,16426572909.0,-59.0,-98.363,242000000.0,0.186,1.0,4992000000.0,1.0,692275000.0,104000000.0,1273485000.0,1364112500.0,0.0,971305000.0,742095000.0,229210000.0,4543874000.0,2990451000.0,1553423000.0,18471422909.0,-154000000.0,-82000000.0,-640000000.0,-80000000.0,-79000000.0,-751000000.0,202000000.0,457000000.0,413000000.0,-18000000.0,-254000000.0,-254000000.0,-254000000.0,0.0,0.0,-0.051,5526000000.0,-534000000.0,253276000.0,-0.309,9.584,-72.722,-73.675,306798000.0,0.0,14.293,3.7,3.722,639482000.0,-236100000.0,4992000000.0,4992000000.0,0.0,-0.038,-0.114,-0.205,-0.056,13000000.0,2931000000.0,1.0,1292340510.0,1300000000.0,1300000000.0,3.84,5783574000.0,1049670000.0,-129000000.0,74518000.0,4.449,1321056000.0
51,MA,MRT,2008-09-30,2008-09-30,2008-09-30,2021-07-29,181263000.0,7272975000.0,6704699500.0,5070643000.0,2202332000.0,0.722,1.363,-167278000.0,2213816000.0,2213816000.0,0.0,-189124000.0,1.334,3.118,168966000.0,149380000.0,19586000.0,168966000.0,0.0,108108000.0,142359000.0,0.003,0.06,-278849000.0,-170741000.0,-0.035,-170741000.0,-278849000.0,-361237000.0,-0.159,-0.158,-0.159,1765131000.0,2499616000.0,1765131000.0,21164701235.0,-76.0,-123.958,815504000.0,0.63,1.0,4839453000.0,1.0,610261000.0,82388000.0,817481000.0,1486939250.0,0.0,1090110000.0,833645000.0,256465000.0,5503224000.0,3800383000.0,1702841000.0,22906472235.0,384034000.0,0.0,-962987000.0,-80000000.0,-79773000.0,-1066027000.0,470963000.0,641106000.0,982782000.0,-3684000.0,-189124000.0,-189124000.0,-189124000.0,0.0,0.0,-0.039,5664258000.0,-824805000.0,224255000.0,-0.377,12.977,-121.119,-111.528,299791000.0,0.0,17.733,4.733,4.747,610760000.0,-475559000.0,4839453000.0,4839453000.0,0.0,-0.028,-0.076,-0.188,-0.058,9788000.0,3089305000.0,1.0,1291742640.0,1295360000.0,1295360000.0,3.736,6662714000.0,1139894000.0,-172113000.0,76181000.0,5.144,1270260000.0
52,MA,MRT,2008-06-30,2008-06-30,2008-06-30,2021-07-29,276013000.0,6860175000.0,6420200750.0,4399637000.0,2460538000.0,0.714,1.575,-149484000.0,1912408000.0,1912408000.0,0.0,318919000.0,1.571,2.347,170637000.0,0.0,170637000.0,170637000.0,0.0,101640000.0,143197000.0,0.002,0.045,477250000.0,578890000.0,0.126,578890000.0,477250000.0,414742000.0,0.221,0.221,0.221,2048087000.0,2851512750.0,2048087000.0,32743335444.0,69.0,56.562,717015000.0,0.551,1.0,4584125000.0,1.0,634538000.0,62508000.0,1683287000.0,1818462750.0,0.0,1135188000.0,719023000.0,416165000.0,4807468000.0,2800579000.0,2006889000.0,34520152444.0,248888000.0,0.0,-1244830000.0,-80000000.0,-80781000.0,-1353086000.0,659709000.0,805580000.0,866499000.0,75766000.0,318919000.0,318919000.0,318919000.0,0.0,0.0,0.07,4776363000.0,-192238000.0,260702000.0,0.204,16.855,108.241,120.145,297178000.0,0.0,26.552,7.53,7.534,575493000.0,-282020000.0,4584125000.0,4584125000.0,0.0,0.05,0.112,0.262,0.104,11295000.0,3025378000.0,1.0,1300096130.0,1300730000.0,1300730000.0,3.524,6225637000.0,928418000.0,95823000.0,83935000.0,4.786,1599058000.0
53,MA,MRT,2008-03-31,2008-03-31,2008-03-31,2021-07-29,287981000.0,6425607000.0,6106794250.0,4424429000.0,2001178000.0,0.71,2.403,-152045000.0,2006791000.0,2006791000.0,0.0,1317858000.0,1.871,1.033,229974000.0,80000000.0,149974000.0,229974000.0,0.0,98718000.0,134241000.0,0.003,0.06,2082463000.0,2181181000.0,0.503,2181181000.0,2082463000.0,2024223000.0,0.977,0.976,0.977,3157939000.0,3052990000.0,3157939000.0,27811411290.0,13.0,12.751,770754000.0,0.586,1.0,4334580000.0,1.0,601360000.0,58240000.0,1682197000.0,1892497250.0,0.0,1218867000.0,790199000.0,428668000.0,3263048000.0,2365233000.0,897815000.0,29240882290.0,662731000.0,-2624000.0,-891376000.0,0.0,-81883000.0,-920929000.0,581284000.0,728607000.0,922799000.0,79577000.0,1317858000.0,1317858000.0,1317858000.0,0.0,0.0,0.304,3024798000.0,1309782000.0,266448000.0,0.061,9.259,22.188,22.824,292748000.0,0.0,22.299,6.746,6.761,527065000.0,464585000.0,4334580000.0,4334580000.0,0.0,0.216,0.432,1.1,0.48,8509000.0,2922681000.0,1.0,1311309130.0,1314260000.0,1317640000.0,3.298,5824247000.0,285503000.0,706365000.0,76356000.0,4.432,2059196000.0
54,MA,MRT,2007-12-31,2007-12-31,2007-12-31,2021-07-29,277746000.0,6260041000.0,5801930750.0,4591741000.0,1668300000.0,0.701,2.244,-156422000.0,1801347000.0,1801347000.0,0.0,1085886000.0,1.943,1.066,229824000.0,80000000.0,149824000.0,229824000.0,0.0,97642000.0,142052000.0,0.003,0.054,1728709000.0,1826351000.0,0.449,1826351000.0,1728709000.0,1671432000.0,0.798,0.796,0.798,3027307000.0,2913816750.0,3027307000.0,26893374775.0,16.0,14.725,613439000.0,0.455,1.0,4067599000.0,1.0,560384000.0,57277000.0,1764792000.0,1999992750.0,0.0,1503176000.0,1310687000.0,192489000.0,3228114000.0,2363342000.0,864772000.0,28351050775.0,474215000.0,0.0,-598935000.0,0.0,-74002000.0,-657507000.0,315141000.0,463654000.0,769861000.0,46720000.0,1085886000.0,1085886000.0,1085886000.0,0.0,0.0,0.267,2959487000.0,1108112000.0,252391000.0,0.068,9.365,26.109,26.967,290200000.0,0.0,21.52,6.97,7.136,532633000.0,37699000.0,4067599000.0,4067599000.0,0.0,0.187,0.373,0.864,0.425,42783000.0,2858445000.0,1.0,1317428010.0,1348870000.0,1351530000.0,3.016,5699657000.0,307668000.0,585546000.0,71278000.0,4.226,2228399000.0
55,MA,MRT,2007-09-30,2007-09-30,2007-09-30,2021-07-29,414707000.0,6134980000.0,5507538000.0,4481330000.0,1653650000.0,0.696,2.344,-143192000.0,1687423000.0,1687423000.0,0.0,822555000.0,2.244,0.932,229747000.0,80000000.0,149747000.0,229747000.0,0.0,96220000.0,0.0,0.003,0.048,1333785000.0,1430005000.0,0.373,1430005000.0,1333785000.0,1274134000.0,0.606,0.603,0.606,3172718000.0,2748079750.0,3172718000.0,18711213733.0,14.0,13.085,777849000.0,0.575,1.0,3834075000.0,1.0,536987000.0,59651000.0,2143575000.0,2015565250.0,0.0,1782856000.0,1590368000.0,192488000.0,2957642000.0,1996742000.0,960900000.0,20001889733.0,266284000.0,0.0,-276081000.0,0.0,-66178000.0,-334661000.0,-360885000.0,-226757000.0,921041000.0,40789000.0,822555000.0,822555000.0,822555000.0,0.0,0.0,0.215,2852030000.0,982045000.0,246273000.0,0.079,6.304,24.317,24.417,280370000.0,0.0,14.797,5.217,5.224,536401000.0,-226368000.0,3834075000.0,3834075000.0,0.0,0.149,0.299,0.662,0.348,34120000.0,2726204000.0,1.0,1351753040.0,1353570000.0,1362280000.0,2.833,5597993000.0,290147000.0,451579000.0,130376000.0,4.136,2484588000.0
56,MA,MRT,2007-06-30,2007-06-30,2007-06-30,2021-07-29,126355000.0,5606549000.0,5191780500.0,3988534000.0,1618015000.0,0.704,2.101,-137595000.0,1520323000.0,1520323000.0,0.0,701098000.0,2.182,0.963,229647000.0,80000000.0,149647000.0,229647000.0,0.0,99085000.0,0.0,0.003,0.048,1143905000.0,1242990000.0,0.34,1242990000.0,1143905000.0,1083936000.0,0.516,0.514,0.516,2853996000.0,2534947250.0,2853996000.0,21426595085.0,19.0,17.238,775146000.0,0.571,1.0,3653194000.0,1.0,508832000.0,59969000.0,1979425000.0,1891350500.0,0.0,1503251000.0,1310262000.0,192989000.0,2747933000.0,1827616000.0,920317000.0,22406729085.0,310467000.0,0.0,1083000.0,0.0,-45472000.0,-37655000.0,-589956000.0,-458401000.0,912741000.0,25337000.0,701098000.0,701098000.0,701098000.0,0.0,0.0,0.192,2749692000.0,903502000.0,236662000.0,0.093,7.851,31.959,32.145,269985000.0,0.0,16.587,6.133,6.169,480939000.0,-540830000.0,3653194000.0,3653194000.0,0.0,0.135,0.277,0.605,0.313,29004000.0,2631001000.0,1.0,1350860860.0,1358650000.0,1366870000.0,2.689,5097717000.0,278337000.0,382838000.0,67029000.0,3.752,2160918000.0
57,MA,MRT,2007-03-31,2007-03-31,2007-03-31,2021-07-29,118997000.0,5206153000.0,4950628000.0,3608547000.0,1597606000.0,0.708,1.915,-118094000.0,1209819000.0,1209819000.0,0.0,138352000.0,2.239,1.0,229685000.0,0.0,229685000.0,229685000.0,0.0,98750000.0,0.0,0.002,0.018,501912000.0,600662000.0,0.171,600662000.0,501912000.0,437045000.0,0.1,0.099,0.1,2601246000.0,2350699750.0,2601246000.0,13395812188.0,27.0,22.302,562405000.0,0.414,1.0,3502724000.0,1.0,502097000.0,64867000.0,2112179000.0,1800944000.0,0.0,1492339000.0,1299350000.0,192989000.0,2600287000.0,1611743000.0,988544000.0,14351224188.0,715027000.0,0.0,649973000.0,0.0,-24530000.0,629204000.0,-622341000.0,-504993000.0,680499000.0,27665000.0,138352000.0,138352000.0,138352000.0,0.0,0.0,0.039,3142004000.0,360720000.0,231443000.0,0.18,5.517,103.73,106.24,258032000.0,0.0,10.624,4.097,4.12,450372000.0,-793115000.0,3502724000.0,3502724000.0,0.0,0.028,0.059,0.279,0.143,23845000.0,2603512000.0,1.0,1350830590.0,1358470000.0,1365940000.0,2.578,4704056000.0,274434000.0,298693000.0,66822000.0,3.463,1996804000.0
58,MA,MRT,2006-12-31,2006-12-31,2006-12-31,2021-07-29,103662000.0,5082470000.0,4576830000.0,3577229000.0,1505241000.0,0.727,1.746,-94468000.0,1185080000.0,1185080000.0,0.0,50190000.0,1.975,1.148,229668000.0,0.0,229668000.0,229668000.0,0.0,99782000.0,0.0,0.001,0.009,355323000.0,455105000.0,0.137,455105000.0,355323000.0,294172000.0,0.037,0.037,0.037,2364359000.0,2027315000.0,2364359000.0,12101578213.0,34.0,26.591,555693000.0,0.41,1.0,3326074000.0,1.0,488386000.0,61151000.0,1827082000.0,1661672250.0,0.0,1492318000.0,1298841000.0,193477000.0,2713491000.0,1811590000.0,901901000.0,13293129213.0,639807000.0,0.0,649973000.0,0.0,-12373000.0,637600000.0,-676226000.0,-581390000.0,650161000.0,28272000.0,50190000.0,50190000.0,50190000.0,0.0,0.0,0.015,3096579000.0,229495000.0,278656000.0,0.243,5.622,264.856,266.189,252731000.0,0.0,9.849,3.997,4.01,451261000.0,-1029196000.0,3326074000.0,3326074000.0,0.0,0.011,0.025,0.214,0.107,19181000.0,2557055000.0,1.0,1349693290.0,1354110000.0,1357790000.0,2.456,4594084000.0,216782000.0,243982000.0,66198000.0,3.393,1765639000.0
59,MA,MRT,2006-09-30,2006-09-30,2006-09-30,2021-07-29,93574000.0,4871950000.0,4231348500.0,3358446000.0,1513504000.0,0.757,1.71,-87476000.0,1421139000.0,1421139000.0,0.0,-43620000.0,2.16,1.098,229588000.0,0.0,229588000.0,229588000.0,0.0,101622000.0,0.0,0.0,0.0,197943000.0,299565000.0,0.094,299565000.0,197943000.0,136226000.0,-0.033,-0.033,-0.033,2320188000.0,1728512250.0,2320188000.0,8514816295.0,43.0,28.424,283728000.0,0.209,1.0,3202829000.0,1.0,478996000.0,61717000.0,1646716000.0,1544277250.0,0.0,1096740000.0,903275000.0,193465000.0,2547142000.0,1554687000.0,992455000.0,9495092295.0,890151000.0,0.0,649973000.0,0.0,0.0,649973000.0,-146466000.0,-56208000.0,371204000.0,15440000.0,-43620000.0,-43620000.0,-43620000.0,0.0,0.0,-0.014,3117980000.0,84849000.0,193153000.0,0.0,4.092,-217.677,-213.182,240315000.0,0.0,7.035,2.965,2.98,444946000.0,-1070098000.0,3202829000.0,3202829000.0,0.0,-0.01,-0.025,0.128,0.062,13372000.0,2565853000.0,1.0,1349693290.0,1356840000.0,1361340000.0,2.361,4392954000.0,239877000.0,179846000.0,64071000.0,3.238,1803759000.0
60,MA,MRT,2006-06-30,2006-06-30,2006-06-30,2021-07-29,77796000.0,4641939000.0,3930951500.0,3161768000.0,1480171000.0,0.787,1.565,-72610000.0,1209856000.0,1209856000.0,0.0,-130539000.0,2.022,1.191,229580000.0,0.0,229580000.0,229580000.0,0.0,102753000.0,0.0,0.0,0.0,70607000.0,173360000.0,0.056,173360000.0,70607000.0,8074000.0,-0.096,-0.096,-0.096,2117006000.0,1457321500.0,2117006000.0,4533693352.0,64.0,26.152,186540000.0,0.138,1.0,3092465000.0,1.0,480441000.0,62533000.0,1617799000.0,1495505250.0,0.0,1065356000.0,871416000.0,193940000.0,2520313000.0,1563423000.0,956890000.0,4798934352.0,689775000.0,0.0,649973000.0,0.0,0.0,649973000.0,-229650000.0,-154862000.0,259150000.0,10302000.0,-130539000.0,-130539000.0,-130539000.0,0.0,0.0,-0.042,3134483000.0,-42018000.0,202816000.0,0.0,2.267,-36.762,-50.0,227900000.0,0.0,4.8,1.552,2.099,410321000.0,-1263102000.0,3092465000.0,3092465000.0,0.0,-0.033,-0.09,0.047,0.023,6825000.0,2533037000.0,1.0,999777990.0,1352520000.0,1352520000.0,2.286,4161498000.0,229085000.0,138613000.0,64408000.0,3.077,1598345000.0
61,MA,MRT,2006-03-31,2006-03-31,2006-03-31,2021-07-29,60829000.0,3710961000.0,3607447750.0,2246069000.0,1464892000.0,0.837,0.969,-76723000.0,494792000.0,494792000.0,0.0,300169000.0,1.584,1.834,229551000.0,0.0,229551000.0,229551000.0,0.0,106726000.0,0.0,,0.0,520002000.0,626728000.0,0.208,626728000.0,520002000.0,456060000.0,0.223,0.223,0.223,1307707000.0,1210202000.0,1307707000.0,,,,250967000.0,0.186,1.0,3017843000.0,1.0,472393000.0,63942000.0,1555092000.0,1427596250.0,0.0,1006124000.0,812184000.0,193940000.0,2398634000.0,1418235000.0,980399000.0,,134800000.0,0.0,0.0,0.0,0.0,0.0,-183750000.0,-105868000.0,327690000.0,-9140000.0,300169000.0,300169000.0,300169000.0,0.0,0.0,0.099,2593459000.0,424384000.0,173271000.0,0.0,,,,226764000.0,0.0,,,,324473000.0,272259000.0,3017843000.0,3017843000.0,0.0,0.083,0.248,0.364,0.172,0.0,2411575000.0,1.0,1000003480.0,1349690000.0,1349690000.0,2.236,3238568000.0,217111000.0,155891000.0,62638000.0,2.399,827834000.0
62,MA,MRT,2005-12-31,2005-12-31,2005-12-31,2021-07-29,49014000.0,3700544000.0,3491469750.0,2227898000.0,1472646000.0,0.841,0.866,-82003000.0,545273000.0,545273000.0,0.0,266719000.0,1.431,2.161,229489000.0,0.0,229489000.0,229489000.0,0.0,109936000.0,0.0,,0.0,477496000.0,587432000.0,0.2,587432000.0,477496000.0,407338000.0,0.198,0.198,0.198,1169148000.0,1142807000.0,1169148000.0,,,,190845000.0,0.141,1.0,2937628000.0,1.0,470555000.0,70158000.0,1357502000.0,1379061500.0,0.0,931022000.0,736619000.0,194403000.0,2526776000.0,1556703000.0,970073000.0,,216277000.0,0.0,0.0,0.0,0.0,0.0,-33655000.0,49388000.0,272848000.0,-22916000.0,266719000.0,266719000.0,266719000.0,0.0,0.0,0.091,2544444000.0,393184000.0,185021000.0,0.0,,,,230614000.0,0.0,,,,347754000.0,145515000.0,2937628000.0,2937628000.0,0.0,0.076,0.233,0.346,0.163,0.0,2359350000.0,1.0,1000003480.0,1349690000.0,1349690000.0,2.177,3229989000.0,225034000.0,140619000.0,61188000.0,2.393,671195000.0
63,MA,MRT,2005-09-30,2005-09-30,2005-09-30,2021-07-29,62383000.0,3670362000.0,3382501250.0,2251573000.0,1418789000.0,0.859,0.915,-89045000.0,530988000.0,530988000.0,0.0,320897000.0,1.574,1.967,229460000.0,0.0,229460000.0,229460000.0,0.0,114564000.0,0.0,,0.0,543999000.0,658563000.0,0.227,658563000.0,543999000.0,474576000.0,0.2,0.2,0.2,1235425000.0,1094258000.0,1235425000.0,,,,309121000.0,0.229,1.0,2905614000.0,1.0,486411000.0,69423000.0,1451628000.0,1368996750.0,0.0,1054973000.0,860570000.0,194403000.0,2430317000.0,1430795000.0,999522000.0,,221386000.0,0.0,0.0,-7642000.0,0.0,-7642000.0,-161966000.0,-74366000.0,398166000.0,-7172000.0,320897000.0,320897000.0,320897000.0,0.0,0.0,0.11,2433584000.0,472030000.0,182207000.0,0.0,,,,227879000.0,0.0,,,,368594000.0,198423000.0,2905614000.0,2905614000.0,0.0,0.095,0.293,0.397,0.187,0.0,2267187000.0,1.0,1000003480.0,1349690000.0,1349690000.0,2.153,3183951000.0,274733000.0,153679000.0,62845000.0,2.359,820778000.0
64,MA,MRT,2005-06-30,2005-06-30,2005-06-30,2021-07-29,67822000.0,3347924000.0,3259210750.0,2038701000.0,1309223000.0,0.854,0.836,-94007000.0,520081000.0,520081000.0,0.0,312327000.0,1.669,1.963,229476000.0,0.0,229476000.0,229476000.0,0.0,117471000.0,0.0,,0.0,520976000.0,638447000.0,0.23,638447000.0,520976000.0,451334000.0,0.219,0.219,0.219,1128528000.0,1016935750.0,1128528000.0,,,,302138000.0,0.224,1.0,2781850000.0,1.0,489578000.0,69642000.0,1346163000.0,1286133250.0,0.0,937512000.0,742657000.0,194855000.0,2214776000.0,1221578000.0,993198000.0,,205206000.0,0.0,0.0,0.0,0.0,0.0,-185165000.0,-92058000.0,396145000.0,-5774000.0,312327000.0,312327000.0,312327000.0,0.0,0.0,0.112,2308162000.0,473688000.0,177891000.0,0.0,,,,230720000.0,0.0,,,,324589000.0,92338000.0,2781850000.0,2781850000.0,0.0,0.096,0.307,0.405,0.187,0.0,2172934000.0,1.0,1000000000.0,1349690000.0,1349690000.0,2.061,2858346000.0,249156000.0,139007000.0,63548000.0,2.118,817123000.0
65,MA,MRT,2005-03-31,2005-03-31,2005-03-31,2021-07-29,97669000.0,3247049000.0,3158518000.0,1919881000.0,1327168000.0,0.841,1.038,-85381000.0,359992000.0,359992000.0,0.0,257786000.0,1.556,2.123,229536000.0,0.0,229536000.0,229536000.0,0.0,120239000.0,0.0,,0.0,422964000.0,543203000.0,0.204,543203000.0,422964000.0,354115000.0,0.196,0.196,0.196,1038127000.0,940035750.0,1038127000.0,,,,231289000.0,0.231,1.0,2657258000.0,1.0,521801000.0,68849000.0,1360953000.0,1227441750.0,0.0,919611000.0,724756000.0,194855000.0,2204302000.0,1233839000.0,970463000.0,,67021000.0,-10995000.0,0.0,0.0,0.0,0.0,-256878000.0,-162534000.0,316670000.0,7229000.0,257786000.0,257786000.0,257786000.0,0.0,0.0,0.097,2277545000.0,379713000.0,199152000.0,0.0,,,,233682000.0,0.0,,,,299320000.0,-27910000.0,2657258000.0,2657258000.0,0.0,0.082,0.274,0.345,0.159,0.0,2135653000.0,1.0,1000000000.0,1000000000.0,1000000000.0,2.657,2725248000.0,233366000.0,96329000.0,68974000.0,2.725,686042000.0
66,MA,MRT,2004-12-31,2004-12-31,2004-12-31,2021-07-29,127788000.0,3264670000.0,3054497250.0,1902796000.0,1361874000.0,0.849,0.722,-78155000.0,328996000.0,328996000.0,0.0,238060000.0,1.462,2.344,229569000.0,0.0,229569000.0,229569000.0,0.0,123317000.0,0.0,,0.0,393422000.0,516739000.0,0.199,516739000.0,393422000.0,323700000.0,0.176,0.176,0.176,974952000.0,871042500.0,974952000.0,,,,265640000.0,0.197,1.0,2593330000.0,1.0,546638000.0,69722000.0,1317243000.0,1173442250.0,0.0,1004188000.0,808893000.0,195295000.0,2285098000.0,1301362000.0,983736000.0,,80877000.0,-29861000.0,0.0,0.0,0.0,0.0,-274514000.0,-162656000.0,343795000.0,11596000.0,238060000.0,238060000.0,238060000.0,0.0,0.0,0.092,2246658000.0,346672000.0,187035000.0,0.0,,,,242358000.0,0.0,,,,293292000.0,-121204000.0,2593330000.0,2593330000.0,0.0,0.078,0.273,0.335,0.152,0.0,2101688000.0,1.0,1000000000.0,1349690000.0,1349690000.0,1.921,2718032000.0,235023000.0,85640000.0,73227000.0,2.014,601434000.0
67,MA,MRT,2004-09-30,2004-09-30,2004-09-30,2021-07-29,80242000.0,3177200000.0,2963556000.0,1872429000.0,1304771000.0,0.836,0.926,-87324000.0,578802000.0,578802000.0,0.0,169662000.0,1.563,2.426,237150000.0,7642000.0,229508000.0,237150000.0,0.0,123105000.0,0.0,,0.0,309323000.0,432428000.0,0.175,432428000.0,309323000.0,236996000.0,0.171,0.171,0.171,926136000.0,801984750.0,926136000.0,,,,206811000.0,0.207,1.0,2477000000.0,1.0,517587000.0,72327000.0,1120174000.0,1138629250.0,0.0,732721000.0,537426000.0,195295000.0,2246444000.0,1197787000.0,1048657000.0,,12865000.0,-29861000.0,0.0,7642000.0,0.0,7642000.0,-292823000.0,-170799000.0,294135000.0,3911000.0,169662000.0,169662000.0,169662000.0,0.0,0.0,0.068,2213463000.0,263537000.0,168777000.0,0.0,,,,232654000.0,0.0,,,,284944000.0,-122474000.0,2477000000.0,2477000000.0,0.0,0.057,0.212,0.272,0.125,0.0,2038649000.0,1.0,1000000000.0,1000000000.0,,2.477,2659613000.0,248272000.0,67334000.0,67271000.0,2.66,674642000.0
68,MA,MRT,2004-06-30,2004-06-30,2004-06-30,2021-07-29,72549000.0,2945153000.0,2883005500.0,1665440000.0,1279713000.0,0.834,0.821,-86963000.0,441928000.0,441928000.0,0.0,146546000.0,1.513,2.582,229515000.0,0.0,229515000.0,229515000.0,0.0,122111000.0,0.0,,0.0,280978000.0,403089000.0,0.168,403089000.0,280978000.0,207721000.0,0.147,0.147,0.147,820928000.0,753434250.0,820928000.0,,,,201141000.0,0.201,1.0,2403328000.0,1.0,520556000.0,73257000.0,1111397000.0,1146247250.0,0.0,731126000.0,535403000.0,195723000.0,2119605000.0,1100787000.0,1018818000.0,,127763000.0,-29861000.0,0.0,0.0,0.0,0.0,-163976000.0,-39761000.0,288104000.0,3635000.0,146546000.0,146546000.0,146546000.0,0.0,0.0,0.061,2170442000.0,232886000.0,129996000.0,0.0,,,,237130000.0,0.0,,,,253303000.0,-219989000.0,2403328000.0,2403328000.0,0.0,0.051,0.195,0.245,0.117,0.0,2001975000.0,1.0,1000000000.0,1000000000.0,,2.403,2424597000.0,225828000.0,61175000.0,58038000.0,2.425,564653000.0
69,MA,MRT,2004-03-31,2004-03-31,2004-03-31,2021-07-29,79482000.0,2830966000.0,2836026750.0,1552699000.0,1278267000.0,0.816,0.762,-107509000.0,345121000.0,345121000.0,0.0,113166000.0,1.475,2.708,229603000.0,0.0,229603000.0,229603000.0,0.0,121270000.0,0.0,,0.0,242849000.0,364119000.0,0.157,364119000.0,242849000.0,167528000.0,0.113,0.113,0.113,762154000.0,710910000.0,762154000.0,,,,244776000.0,0.245,1.0,2312946000.0,1.0,517719000.0,75321000.0,1144955000.0,1158211500.0,0.0,734260000.0,538537000.0,195723000.0,2064192000.0,1052774000.0,1011418000.0,,269651000.0,-18866000.0,0.0,0.0,0.0,0.0,-88193000.0,45995000.0,352285000.0,5559000.0,113166000.0,113166000.0,113166000.0,0.0,0.0,0.049,2128576000.0,184370000.0,166874000.0,0.0,,,,244933000.0,0.0,,,,230367000.0,-285696000.0,2312946000.0,2312946000.0,0.0,0.04,0.159,0.21,0.105,0.0,1964846000.0,1.0,1000000000.0,1000000000.0,,2.313,2313247000.0,220190000.0,54362000.0,68913000.0,2.313,499925000.0
70,MA,MRT,2003-12-31,2003-12-31,2003-12-31,2021-07-29,89617000.0,2900905000.0,2765288000.0,1609850000.0,1291055000.0,0.807,0.699,-149563000.0,248119000.0,248119000.0,0.0,-385793000.0,1.354,3.145,229574000.0,0.0,229574000.0,229574000.0,0.0,119551000.0,0.0,,0.0,-543635000.0,-424084000.0,-0.19,-424084000.0,-543635000.0,-606571000.0,-0.386,-0.386,-0.386,698721000.0,670128750.0,698721000.0,,,,40882000.0,0.041,1.0,2230851000.0,1.0,515511000.0,62936000.0,1177991000.0,1183060500.0,0.0,858532000.0,662391000.0,196141000.0,2197564000.0,1188858000.0,1008706000.0,,29544000.0,0.0,0.0,0.0,0.0,0.0,-169834000.0,-16915000.0,190445000.0,8933000.0,-385793000.0,-385793000.0,-385793000.0,0.0,0.0,-0.173,2832713000.0,-601862000.0,202604000.0,0.0,,,,258520000.0,0.0,,,,259429000.0,-359264000.0,2230851000.0,2230851000.0,0.0,-0.14,-0.576,-0.46,-0.244,0.0,1949702000.0,1.0,1000000000.0,1000000000.0,1000000000.0,2.231,2385394000.0,223908000.0,-220778000.0,64125000.0,2.385,420992000.0
71,MA,MRT,2003-09-30,2003-09-30,2003-09-30,2021-07-29,55702000.0,2854998000.0,2605280500.0,1570143000.0,1284855000.0,0.834,0.732,-146144000.0,414636000.0,414636000.0,0.0,-370151000.0,1.515,2.894,229546000.0,0.0,229546000.0,229546000.0,0.0,116130000.0,0.0,,0.0,-558921000.0,-442791000.0,-0.204,-442791000.0,-558921000.0,-603968000.0,-0.39,-0.39,-0.39,731934000.0,751300000.0,731934000.0,,,,178219000.0,0.178,1.0,2172512000.0,1.0,482917000.0,45047000.0,1150646000.0,1047592750.0,0.0,730848000.0,538462000.0,192386000.0,2118444000.0,1036345000.0,1082099000.0,,47898000.0,0.0,0.0,-327000.0,0.0,-327000.0,-281975000.0,-122236000.0,324363000.0,5837000.0,-370151000.0,-370151000.0,-370151000.0,0.0,0.0,-0.17,2787030000.0,-614518000.0,143930000.0,0.0,,,,250419000.0,0.0,,,,213497000.0,-292136000.0,2172512000.0,2172512000.0,0.0,-0.142,-0.493,-0.534,-0.257,0.0,1941141000.0,1.0,1000000000.0,1000000000.0,,2.173,2372081000.0,256575000.0,-233817000.0,70702000.0,2.372,533798000.0
72,MA,MRT,2003-06-30,2003-06-30,2003-06-30,2021-07-29,48998000.0,2757238000.0,2436499500.0,1486244000.0,1270994000.0,0.869,0.651,-150511000.0,305011000.0,305011000.0,0.0,-366620000.0,1.432,3.229,229536000.0,0.0,229536000.0,229536000.0,0.0,115540000.0,0.0,,0.0,-562906000.0,-447366000.0,-0.211,-447366000.0,-562906000.0,-592352000.0,-0.386,-0.386,-0.386,650831000.0,832725250.0,650831000.0,,,,75514000.0,0.076,1.0,2117778000.0,1.0,484898000.0,29446000.0,1159254000.0,948646500.0,0.0,725228000.0,532435000.0,192793000.0,2101787000.0,1037611000.0,1064176000.0,,-64685000.0,0.0,0.0,-25363000.0,0.0,-25363000.0,-270130000.0,-107035000.0,226025000.0,4783000.0,-366620000.0,-366620000.0,-366620000.0,0.0,0.0,-0.173,2724669000.0,-606891000.0,146344000.0,0.0,,,,255638000.0,0.0,,,,210280000.0,-366535000.0,2117778000.0,2117778000.0,0.0,-0.15,-0.44,-0.593,-0.266,0.0,1888129000.0,1.0,1000000000.0,1000000000.0,,2.118,2272340000.0,241615000.0,-225732000.0,71150000.0,2.272,448633000.0
73,MA,MRT,2003-03-31,2003-03-31,2003-03-31,2021-07-29,29523000.0,2548011000.0,2252506000.0,1342844000.0,1205167000.0,0.893,0.599,-136917000.0,141219000.0,141219000.0,0.0,-362558000.0,1.437,3.245,229577000.0,0.0,229577000.0,229577000.0,0.0,103876000.0,0.0,,0.0,-573237000.0,-469361000.0,-0.233,-469361000.0,-573237000.0,-586022000.0,-0.368,-0.368,-0.368,599029000.0,914233250.0,599029000.0,,,,-10859000.0,-0.011,1.0,2011074000.0,1.0,457670000.0,12785000.0,1244351000.0,834538250.0,0.0,684486000.0,524320000.0,160166000.0,1944103000.0,934348000.0,1009755000.0,,-146369000.0,31243000.0,0.0,-25362000.0,0.0,-25362000.0,-249212000.0,-138108000.0,126058000.0,2147000.0,-362558000.0,-362558000.0,-362558000.0,0.0,0.0,-0.18,2615161000.0,-604087000.0,129063000.0,0.0,,,,251089000.0,0.0,,,,202925000.0,-398862000.0,2011074000.0,2011074000.0,0.0,-0.161,-0.397,-0.687,-0.285,0.0,1790285000.0,1.0,1000000000.0,1000000000.0,,2.011,2090341000.0,235352000.0,-223464000.0,68078000.0,2.09,408496000.0
74,MA,MRT,2002-12-31,2002-12-31,2002-12-31,2021-07-29,28509000.0,2260875000.0,1873590000.0,1455638000.0,805237000.0,1.01,1.023,-101365000.0,336474000.0,336474000.0,0.0,116429000.0,1.566,1.209,80107000.0,0.0,80107000.0,80107000.0,0.0,90505000.0,0.0,,0.0,168279000.0,258784000.0,0.137,258784000.0,168279000.0,158388000.0,0.135,0.135,0.135,1023406000.0,511703000.0,1023406000.0,,,,208507000.0,0.209,1.0,1891811000.0,1.0,438644000.0,9891000.0,636120000.0,647326500.0,0.0,542013000.0,535450000.0,6563000.0,1236825000.0,929744000.0,307081000.0,,63532000.0,31243000.0,0.0,-34893000.0,0.0,-34893000.0,-212754000.0,-136660000.0,309872000.0,1307000.0,116429000.0,116429000.0,116429000.0,0.0,0.0,0.062,1749814000.0,141997000.0,172242000.0,0.0,,,,226720000.0,0.0,,,,198855000.0,26529000.0,1891811000.0,1891811000.0,0.0,0.062,0.228,0.26,0.089,0.0,1659309000.0,1.0,1000000000.0,1000000000.0,,1.892,1822231000.0,41337000.0,41959000.0,67445000.0,1.822,525894000.0
75,MA,MRT,2002-09-30,2002-09-30,2002-09-30,2021-07-29,11252000.0,2179874000.0,,1404785000.0,775089000.0,,1.058,-80568000.0,269939000.0,269939000.0,0.0,164208000.0,1.706,1.061,80481000.0,0.0,80481000.0,80481000.0,0.0,82519000.0,0.0,,0.0,269634000.0,352153000.0,0.196,352153000.0,269634000.0,259887000.0,0.198,0.198,0.198,1057635000.0,,1057635000.0,,,,95734000.0,0.096,1.0,1795026000.0,1.0,412020000.0,9747000.0,754861000.0,,0.0,512446000.0,512446000.0,0.0,1122025000.0,823535000.0,298490000.0,,30549000.0,14493000.0,0.0,-40564000.0,0.0,-40564000.0,-104725000.0,-60493000.0,176302000.0,-464000.0,164208000.0,164208000.0,164208000.0,0.0,0.0,0.091,1544039000.0,250987000.0,104262000.0,0.0,,,,215839000.0,0.0,,,,200650000.0,78015000.0,1795026000.0,1795026000.0,0.0,,,,0.15,0.0,1461520000.0,1.0,1000000000.0,1000000000.0,,1.795,1767854000.0,53850000.0,95679000.0,0.0,1.768,581250000.0
76,MA,MRT,2002-06-30,2002-06-30,2002-06-30,2021-07-29,8410000.0,2021264000.0,,1282250000.0,739014000.0,,0.977,-84493000.0,309402000.0,309402000.0,0.0,132903000.0,1.735,1.069,148049000.0,67570000.0,80479000.0,148049000.0,0.0,73151000.0,0.0,,0.0,219483000.0,292634000.0,0.176,292634000.0,219483000.0,210287000.0,0.185,0.185,0.185,976863000.0,,976863000.0,,,,155411000.0,0.155,1.0,1659016000.0,1.0,418040000.0,9196000.0,702821000.0,,0.0,516969000.0,516969000.0,0.0,1044195000.0,739050000.0,305145000.0,,57386000.0,32515000.0,0.0,-392000.0,0.0,-392000.0,-182126000.0,-156364000.0,239904000.0,0.0,132903000.0,132903000.0,132903000.0,0.0,0.0,0.08,1460539000.0,198477000.0,114713000.0,0.0,,,,213157000.0,0.0,,,,193331000.0,85000.0,1659016000.0,1659016000.0,0.0,,,,0.132,0.0,1387388000.0,1.0,1000000000.0,1000000000.0,,1.659,1603224000.0,51475000.0,77384000.0,0.0,1.603,543200000.0
77,MA,MRT,2002-03-31,2002-03-31,2002-03-31,2021-07-29,,,,,,,,,,,0.0,144348000.0,,,,,,,,,,,0.0,241672000.0,,,,241672000.0,232178000.0,0.202,0.202,0.202,,,,,,,,,1.0,1626240000.0,1.0,,9494000.0,,,,,,,,,,,,,,,,,,,,,144348000.0,144348000.0,144348000.0,0.0,0.0,0.089,1411629000.0,214611000.0,,0.0,,,,,0.0,,,,,,1626240000.0,1626240000.0,0.0,,,,0.149,,1340958000.0,1.0,,,,,,,87830000.0,,,
78,MA,MRT,2001-12-31,2001-12-31,2001-12-31,2021-07-29,3937000.0,1486305000.0,,1117963000.0,368342000.0,,,-107562000.0,176143000.0,176143000.0,0.0,142061000.0,1.72,,89596000.0,9531000.0,80065000.0,89596000.0,0.0,69973000.0,0.0,,0.0,242487000.0,312460000.0,0.194,312460000.0,242487000.0,232939000.0,0.198,0.198,0.198,0.0,,0.0,,,,88934000.0,,1.0,1611334000.0,1.0,91254000.0,9548000.0,658533000.0,,0.0,494243000.0,494243000.0,0.0,879644000.0,649971000.0,229673000.0,,-17161000.0,0.0,0.0,5443000.0,0.0,5443000.0,-219100000.0,-135766000.0,196496000.0,0.0,142061000.0,142061000.0,142061000.0,0.0,0.0,0.088,1389632000.0,221702000.0,110907000.0,0.0,,,,159742000.0,0.0,,,,180510000.0,602724000.0,1611334000.0,1611334000.0,0.0,,,,0.15,0.0,1319659000.0,1.0,,,,,1395051000.0,66535000.0,90878000.0,0.0,,467992000.0
79,MA,MRT,2001-09-30,2001-09-30,2001-09-30,2021-07-29,,,,,,,,,,,,,,,,,,,,,,,0.0,,,,,,,,,,,,,,,,,,1.0,,,,,,,,,,,,,,,,,,,,,,,,,,,,,,,,,,,,,,,,,,,,,,,,,,,,,,1.0,,,,,,,,,,
80,MA,MRT,2001-06-30,2001-06-30,2001-06-30,2021-07-29,,,,,,,,,,,,,,,,,,,,,,,0.0,,,,,,,,,,,,,,,,,,1.0,,,,,,,,,,,,,,,,,,,,,,,,,,,,,,,,,,,,,,,,,,,,,,,,,,,,,,1.0,,,,,,,,,,
81,MA,MRT,2000-12-31,2000-12-31,2000-12-31,2021-07-29,,,,,,,,-154443000.0,,,0.0,118149000.0,,,,,,,,59397000.0,,,0.0,209883000.0,269280000.0,0.186,269280000.0,209883000.0,200231000.0,0.165,0.165,0.165,,,,,,,105676000.0,,1.0,1445409000.0,1.0,,9652000.0,,,,,,,,,,,-67940000.0,-6050000.0,0.0,-5808000.0,0.0,-5808000.0,-322251000.0,-166109000.0,260119000.0,0.0,118149000.0,118149000.0,118149000.0,0.0,0.0,0.082,1267389000.0,178020000.0,,0.0,,,,,0.0,,,,,,1445409000.0,1445409000.0,0.0,,,,0.145,0.0,1207992000.0,1.0,,,,,,,82082000.0,,,
