None,ticker,dimension,calendardate,datekey,reportperiod,lastupdated,accoci,assets,assetsavg,assetsc,assetsnc,assetturnover,bvps,capex,cashneq,cashnequsd,cor,consolinc,currentratio,de,debt,debtc,debtnc,debtusd,deferredrev,depamor,deposits,divyield,dps,ebit,ebitda,ebitdamargin,ebitdausd,ebitusd,ebt,eps,epsdil,epsusd,equity,equityavg,equityusd,ev,evebit,evebitda,fcf,fcfps,fxusd,gp,grossmargin,intangibles,intexp,invcap,invcapavg,inventory,investments,investmentsc,investmentsnc,liabilities,liabilitiesc,liabilitiesnc,marketcap,ncf,ncfbus,ncfcommon,ncfdebt,ncfdiv,ncff,ncfi,ncfinv,ncfo,ncfx,netinc,netinccmn,netinccmnusd,netincdis,netincnci,netmargin,opex,opinc,payables,payoutratio,pb,pe,pe1,ppnenet,prefdivis,price,ps,ps1,receivables,retearn,revenue,revenueusd,rnd,roa,roe,roic,ros,sbcomp,sgna,sharefactor,sharesbas,shareswa,shareswadil,sps,tangibles,taxassets,taxexp,taxliabilities,tbvps,workingcapital
0,CFC,MRY,2007-12-31,2007-12-31,2007-12-31,2020-09-14,-173309000.0,208366924000.0,210593938000.0,,,0.029,25.325,-234689000.0,8810399000.0,8810399000.0,0.0,-703538000.0,,13.217,119132553000.0,,,119132553000.0,0.0,306352000.0,60200599000.0,0.067,0.6,-1310274000.0,-1003922000.0,-0.166,-1003922000.0,-1310274000.0,-1310274000.0,-2.03,-2.03,-2.03,14655871000.0,14778111750.0,14655871000.0,122589120190.0,-94.0,-122.11,-1700082000.0,-2.938,1.0,6061437000.0,1.0,18958180000.0,0.0,299730898000.0,322765920000.0,0.0,166483132000.0,,,193711053000.0,,,5173580190.0,7403399000.0,0.0,-592474000.0,-4281280000.0,-366479000.0,1423040000.0,7445752000.0,7876751000.0,-1465393000.0,0.0,-703538000.0,-703538000.0,-703538000.0,0.0,0.0,-0.116,7371711000.0,-1310274000.0,10194358000.0,-0.296,0.353,-7.354,-4.404,1564438000.0,0.0,8.94,0.854,0.854,0.0,10644511000.0,6061437000.0,6061437000.0,0.0,-0.003,-0.048,-0.004,-0.216,96564000.0,5613015000.0,1.0,578700245.0,578700245.0,,10.474,189408744000.0,0.0,-606736000.0,4183543000.0,327.3,
1,CFC,MRY,2006-12-31,2006-12-31,2006-12-31,2020-09-14,-17556000.0,199946230000.0,191429330250.0,,,0.06,23.053,-552295000.0,1407000000.0,1407000000.0,0.0,2674846000.0,,12.965,113601085000.0,,,113601085000.0,0.0,264041000.0,55578682000.0,0.014,0.6,4334135000.0,4598176000.0,0.403,4598176000.0,4334135000.0,4334135000.0,4.42,4.3,4.42,14317846000.0,14305051000.0,14317846000.0,130123300419.0,30.0,28.299,-3653899000.0,-5.883,1.0,11417128000.0,1.0,0.0,0.0,312140315000.0,299124689500.0,0.0,187006221000.0,,,185628384000.0,,,26364647419.0,375892000.0,0.0,-1096298000.0,2945204000.0,-360939000.0,17743369000.0,-14265873000.0,-13563940000.0,-3101604000.0,0.0,2674846000.0,2674846000.0,2674846000.0,0.0,0.0,0.234,7082993000.0,4334135000.0,8187605000.0,0.136,1.841,9.857,9.604,1625456000.0,0.0,42.45,2.309,2.309,0.0,12151691000.0,11417128000.0,11417128000.0,0.0,0.014,0.187,0.014,0.38,150562000.0,5664801000.0,1.0,621075322.0,621075322.0,,18.383,199946230000.0,0.0,1659289000.0,4935763000.0,321.936,
2,CFC,MRY,2005-12-31,2005-12-31,2005-12-31,2020-09-14,61114000.0,175085370000.0,160507316750.0,,,0.062,21.433,-475907000.0,1031108000.0,1031108000.0,0.0,2528090000.0,,12.662,110341091000.0,,,110341091000.0,0.0,2531455000.0,39438916000.0,0.017,0.59,4147766000.0,6679221000.0,0.667,6679221000.0,4147766000.0,4147766000.0,4.28,4.11,4.28,12815860000.0,11915664250.0,12815860000.0,128300019907.0,31.0,19.209,-11714784000.0,-19.592,1.0,10016708000.0,1.0,0.0,0.0,284395353000.0,262389320250.0,0.0,164845130000.0,,,162269510000.0,,,20443701907.0,279871000.0,0.0,213303000.0,34422344000.0,-349017000.0,53813749000.0,-42295001000.0,-41516653000.0,-11238877000.0,0.0,2528090000.0,2528090000.0,2528090000.0,0.0,0.0,0.252,5868942000.0,4147766000.0,6358158000.0,0.138,1.595,8.087,7.988,1279659000.0,0.0,34.19,2.041,2.041,0.0,9770719000.0,10016708000.0,10016708000.0,0.0,0.016,0.212,0.016,0.414,39909000.0,4724346000.0,1.0,597943899.0,597943899.0,,16.752,175085370000.0,0.0,1619676000.0,3846174000.0,292.812,
3,CFC,MRY,2004-12-31,2004-12-31,2004-12-31,2020-09-14,118943000.0,128495705000.0,118541608250.0,,,0.072,17.763,-341738000.0,751237000.0,751237000.0,0.0,2197574000.0,,11.463,87078794000.0,,,87078794000.0,0.0,2091616000.0,20013208000.0,0.01,0.368,3595873000.0,5687489000.0,0.664,5687489000.0,3595873000.0,3595873000.0,3.9,3.63,3.9,10310076000.0,9552233750.0,10310076000.0,85165741430.0,24.0,14.974,-5361191000.0,-9.237,1.0,8566627000.0,1.0,0.0,0.0,214823262000.0,199209926000.0,0.0,121150168000.0,,,118185629000.0,,,21481283430.0,125054000.0,0.0,111176000.0,4240684000.0,-209362000.0,14916164000.0,-9771657000.0,-9044460000.0,-5019453000.0,0.0,2197574000.0,2197574000.0,2197574000.0,0.0,0.0,0.257,4970754000.0,3595873000.0,5594764000.0,0.094,2.084,9.775,9.49,985350000.0,0.0,37.01,2.508,2.508,0.0,7591646000.0,8566627000.0,8566627000.0,0.0,0.019,0.23,0.018,0.42,32776000.0,3952008000.0,1.0,580418358.0,580418358.0,,14.759,128495705000.0,0.0,1398299000.0,2586243000.0,221.385,
4,CFC,MRY,2003-12-31,2003-12-31,2003-12-31,2020-09-14,164526000.0,97977673000.0,88950351000.0,,,0.09,14.637,-260639000.0,633467000.0,633467000.0,0.0,2372950000.0,,11.119,71961873000.0,,,71961873000.0,0.0,2179328000.0,9327671000.0,0.006,0.148,3845772000.0,6025100000.0,0.755,6025100000.0,3845772000.0,3845772000.0,4.44,4.18,4.44,8084716000.0,6915644500.0,8084716000.0,80177206794.0,21.0,13.307,-10812338000.0,-19.575,1.0,7978642000.0,1.0,0.0,0.0,169306079000.0,152409546750.0,0.0,91559882000.0,,,89892957000.0,,,13965442794.0,16028000.0,0.0,542075000.0,28888106000.0,-80376000.0,36063205000.0,-25495478000.0,-25185232000.0,-10551699000.0,0.0,2372950000.0,2372950000.0,2372950000.0,0.0,0.0,0.297,4132870000.0,3845772000.0,6248624000.0,0.033,1.727,5.885,5.694,755276000.0,0.0,25.283,1.75,1.75,0.0,5603434000.0,7978642000.0,7978642000.0,0.0,0.027,0.343,0.025,0.482,111207000.0,3772824000.0,1.0,552357731.0,552357731.0,,14.445,97977673000.0,0.0,1472822000.0,2354789000.0,177.381,
5,CFC,MRY,2002-12-31,2002-12-31,2002-12-31,2020-09-14,186799000.0,58030783000.0,46933315250.0,,,0.091,10.21,-189554000.0,613280000.0,613280000.0,0.0,841779000.0,,10.147,42428627000.0,,,42428627000.0,0.0,1342084000.0,3114271000.0,0.008,0.108,1343023000.0,2685107000.0,0.626,2685107000.0,1343023000.0,1343023000.0,1.69,1.62,1.69,5161133000.0,4725844500.0,5161133000.0,35238420677.0,26.0,13.124,-4236592000.0,-8.381,1.0,4291667000.0,1.0,0.0,0.0,99846130000.0,78105222000.0,0.0,52089434000.0,,,52369650000.0,,,6527523677.0,117866000.0,0.0,113859000.0,15524713000.0,-56106000.0,18021257000.0,-13856353000.0,-9230471000.0,-4047038000.0,0.0,841779000.0,841779000.0,841779000.0,0.0,0.0,0.196,2948644000.0,1343023000.0,5342442000.0,0.064,1.265,7.754,7.641,576688000.0,0.0,12.913,1.521,1.521,0.0,3310860000.0,4291667000.0,4291667000.0,0.0,0.018,0.178,0.017,0.313,21999000.0,2307319000.0,1.0,505518568.0,505518568.0,,8.49,58030783000.0,0.0,501244000.0,1984310000.0,114.795,
6,CFC,MRY,2001-12-31,2001-02-28,2001-02-28,2020-09-14,173249000.0,22955507000.0,20112330500.0,,,0.103,7.644,-38721000.0,136146000.0,136146000.0,0.0,374153000.0,,5.309,15444021000.0,,,15444021000.0,0.0,70736000.0,0.0,0.009,0.1,586035000.0,656771000.0,0.317,656771000.0,586035000.0,586035000.0,0.815,0.785,0.815,3559264000.0,3209480250.0,3559264000.0,19413489352.0,33.0,29.559,-1811210000.0,-3.89,1.0,2073839000.0,1.0,0.0,0.0,38263382000.0,33598817250.0,0.0,15001636000.0,,,18896243000.0,,,5145425352.0,73211000.0,0.0,119266000.0,5161396000.0,-45906000.0,5234756000.0,-3389056000.0,-1564676000.0,-1772489000.0,0.0,374153000.0,374153000.0,374153000.0,0.0,0.0,0.18,1487804000.0,586035000.0,0.0,0.123,1.446,13.752,13.559,396943000.0,0.0,11.05,2.481,2.481,0.0,2072449000.0,2073839000.0,2073839000.0,0.0,0.019,0.117,0.017,0.283,0.0,1152886000.0,1.0,465628284.0,465628284.0,,4.454,22955507000.0,0.0,211882000.0,1570003000.0,49.3,
7,CFC,MRY,2000-12-31,2000-02-29,2000-02-29,2020-09-14,-33234000.0,15822328000.0,16247208750.0,,,0.116,6.371,-150537000.0,59890000.0,59890000.0,0.0,410243000.0,,4.306,10282625000.0,,,10282625000.0,0.0,65947000.0,0.0,0.016,0.1,631198000.0,697145000.0,0.369,697145000.0,631198000.0,631198000.0,0.908,0.88,0.908,2887879000.0,2747720500.0,2887879000.0,12723799159.0,20.0,18.251,3817063000.0,8.42,1.0,1888385000.0,1.0,0.0,0.0,26045063000.0,27100740000.0,0.0,13643478000.0,,,12434449000.0,,,2824358158.0,4187000.0,-403947000.0,16449000.0,-854525000.0,-45215000.0,-883291000.0,-3080122000.0,-1423345000.0,3967600000.0,0.0,410243000.0,410243000.0,410243000.0,0.0,0.0,0.217,1257187000.0,631198000.0,0.0,0.11,0.978,6.885,6.862,410899000.0,0.0,6.23,1.496,1.496,0.0,1744202000.0,1888385000.0,1888385000.0,0.0,0.025,0.149,0.023,0.334,0.0,1032713000.0,1.0,453316731.0,453316731.0,,4.166,15822328000.0,0.0,220955000.0,1272311000.0,34.903,
8,CFC,MRY,1999-12-31,1999-02-28,1999-02-28,2020-09-14,0.0,15648256000.0,14931014250.0,,,0.121,5.594,-119507000.0,58748000.0,58748000.0,0.0,385401000.0,,5.014,10435759000.0,,,10435759000.0,0.0,49210000.0,0.0,0.008,0.08,631805000.0,681015000.0,0.377,681015000.0,631805000.0,631805000.0,0.865,0.823,0.865,2518885000.0,2373354750.0,2518885000.0,14711318110.0,23.0,21.602,-927144000.0,-2.059,1.0,1804388000.0,1.0,0.0,0.0,26025267000.0,24594021500.0,0.0,13816258000.0,,,12629371000.0,,,4260757110.0,48041000.0,0.0,93361000.0,2779752000.0,-35648000.0,2837465000.0,-1981787000.0,35727000.0,-807637000.0,0.0,385401000.0,385401000.0,385401000.0,0.0,0.0,0.214,1172583000.0,631805000.0,0.0,0.092,1.692,11.055,10.94,311741000.0,0.0,9.463,2.361,2.361,0.0,1379174000.0,1804388000.0,1804388000.0,0.0,0.026,0.162,0.026,0.35,0.0,998771000.0,1.0,450265790.0,450265790.0,,4.007,15648256000.0,0.0,246404000.0,1092176000.0,34.753,
9,CFC,MRY,1998-12-31,1998-02-28,1998-02-28,2020-09-14,3697000.0,12183211000.0,9936150500.0,,,0.152,4.809,-70896000.0,10707000.0,10707000.0,0.0,344983000.0,,4.596,7975221000.0,,,7975221000.0,0.0,44930000.0,0.0,0.007,0.08,565546000.0,610476000.0,0.405,610476000.0,565546000.0,565546000.0,0.803,0.773,0.803,2087943000.0,1849737000.0,2087943000.0,12397342607.0,22.0,20.308,-2526664000.0,-5.819,1.0,1508960000.0,1.0,0.0,0.0,20147725000.0,16415935000.0,0.0,8904201000.0,,,9595268000.0,,,4820332607.0,-7562000.0,0.0,126309000.0,3304425000.0,-34391000.0,3596343000.0,-1148137000.0,72747000.0,-2455768000.0,0.0,344983000.0,344983000.0,344983000.0,0.0,0.0,0.229,943414000.0,565546000.0,0.0,0.1,2.309,13.973,13.826,226330000.0,0.0,11.102,3.194,3.194,0.0,1029421000.0,1508960000.0,1508960000.0,0.0,0.035,0.187,0.034,0.375,0.0,648976000.0,1.0,434172671.0,434172671.0,,3.475,12183211000.0,0.0,220563000.0,873084000.0,28.061,
10,CFC,MRY,1997-12-31,1997-02-28,1997-02-28,2020-09-14,-30545000.0,7689090000.0,,,,,,-77294000.0,18269000.0,18269000.0,0.0,257358000.0,,3.585,5013324000.0,,,5013324000.0,0.0,40378000.0,0.0,0.011,0.08,421898000.0,462276000.0,0.416,462276000.0,421898000.0,421898000.0,0.625,0.61,0.625,1611531000.0,,1611531000.0,,,,1882351000.0,,1.0,1112462000.0,1.0,0.0,0.0,12684145000.0,,0.0,5603798000.0,,,5777559000.0,,,,1825000.0,0.0,84831000.0,-1100457000.0,-32989000.0,-1048615000.0,-909205000.0,27001000.0,1959645000.0,0.0,257358000.0,257358000.0,257358000.0,0.0,0.0,0.231,690564000.0,421898000.0,0.0,0.128,,,11.643,190104000.0,0.0,7.277,,,0.0,718829000.0,1112462000.0,1112462000.0,0.0,,,,0.379,0.0,451016000.0,1.0,,,,,7689090000.0,0.0,164540000.0,635643000.0,,
11,CFC,MRY,1996-12-31,1996-02-28,1996-02-28,2020-09-14,,,,,,,,-19003000.0,,,0.0,195720000.0,,,,,,,,30545000.0,,0.015,0.08,326200000.0,356745000.0,0.414,356745000.0,326200000.0,326200000.0,0.498,0.488,0.498,,,,,,,-1483342000.0,,1.0,860742000.0,1.0,,0.0,,,,,,,,,,,-1180000.0,0.0,210475000.0,2172227000.0,-30961000.0,2351741000.0,-888582000.0,0.0,-1464339000.0,0.0,195720000.0,195720000.0,195720000.0,0.0,0.0,0.227,534542000.0,326200000.0,,0.161,,,10.849,,0.0,5.403,,,,,860742000.0,860742000.0,0.0,,,,0.379,0.0,363081000.0,1.0,,,,,,,130480000.0,,,
0,CFC,MRQ,2008-03-31,2008-03-31,2008-03-31,2020-09-14,-723255000.0,199017793000.0,,,,,22.65,-70217000.0,9014340000.0,9014340000.0,0.0,-893053000.0,,14.129,107695275000.0,,,107695275000.0,0.0,74847000.0,63293392000.0,0.109,0.15,-1492227000.0,-1417380000.0,-2.088,-1417380000.0,-1492227000.0,-1492227000.0,-1.6,-1.6,-1.6,13155056000.0,,13155056000.0,109829491350.0,-31.0,-34.358,183473000.0,0.316,1.0,678874000.0,1.0,17154574000.0,0.0,280544154000.0,,0.0,157067844000.0,,,185862737000.0,,,3194315350.0,203941000.0,0.0,16733000.0,-5711703000.0,-123321000.0,-2734135000.0,2684386000.0,2330558000.0,253690000.0,0.0,-893053000.0,-893053000.0,-893053000.0,0.0,0.0,-1.315,2171101000.0,-1492227000.0,11641310000.0,-0.094,0.243,-1.573,-1.247,1582483000.0,0.0,5.5,0.737,0.737,0.0,9662386000.0,678874000.0,678874000.0,0.0,,,,,15550000.0,1370024000.0,1.0,580784609.0,580784609.0,,1.169,181863219000.0,0.0,-599174000.0,3232760000.0,313.134,
1,CFC,MRQ,2007-12-31,2007-12-31,2007-12-31,2020-09-14,-173309000.0,208366924000.0,,,,,25.325,-47178000.0,8810399000.0,8810399000.0,0.0,-421894000.0,,13.217,119132553000.0,,,119132553000.0,0.0,77578000.0,60200599000.0,0.067,0.15,-708065000.0,-630487000.0,-0.545,-630487000.0,-708065000.0,-708065000.0,-0.79,-0.79,-0.79,14655871000.0,,14655871000.0,122589120190.0,-94.0,-122.11,3572232000.0,6.173,1.0,1157230000.0,1.0,18958180000.0,0.0,299730898000.0,,0.0,166483132000.0,,,193711053000.0,,,5173580190.0,4042036000.0,0.0,25886000.0,-6447171000.0,-102585000.0,-1083017000.0,1505643000.0,1553609000.0,3619410000.0,0.0,-421894000.0,-421894000.0,-421894000.0,0.0,0.0,-0.365,1865295000.0,-708065000.0,10194358000.0,-0.19,0.353,-7.354,-4.404,1564438000.0,0.0,8.94,0.854,0.854,0.0,10644511000.0,1157230000.0,1157230000.0,0.0,,,,,23441000.0,1299226000.0,1.0,578700245.0,578700245.0,,2.0,189408744000.0,0.0,-286171000.0,4183543000.0,327.3,
2,CFC,MRQ,2007-09-30,2007-09-30,2007-09-30,2020-09-14,-56550000.0,209236465000.0,,,,,26.479,-52338000.0,4768363000.0,4768363000.0,0.0,-1200693000.0,,12.718,122183903000.0,,,122183903000.0,0.0,77586000.0,54749389000.0,0.032,0.15,-1967702000.0,-1890116000.0,37.828,-1890116000.0,-1967702000.0,-1967702000.0,-2.85,-2.85,-2.85,15252232000.0,,15252232000.0,133651961874.0,350.0,195.511,1702342000.0,2.955,1.0,-49966000.0,1.0,0.0,0.0,326652005000.0,,0.0,191432401000.0,,,193984233000.0,,,10950078874.0,3614331000.0,0.0,40418000.0,-8079242000.0,-86362000.0,-11674347000.0,13533998000.0,13597347000.0,1754680000.0,0.0,-1200693000.0,-1200693000.0,-1200693000.0,0.0,0.0,24.03,1917736000.0,-1967702000.0,10095489000.0,-0.053,0.718,32.212,-79.208,1632818000.0,0.0,19.01,1.429,1.429,0.0,11168990000.0,-49966000.0,-49966000.0,0.0,,,,,24770000.0,1446578000.0,1.0,576016774.0,576016774.0,,-0.087,209236465000.0,0.0,-767009000.0,4570404000.0,363.247,
3,CFC,MRQ,2007-06-30,2007-06-30,2007-06-30,2020-09-14,-136228000.0,216821760000.0,,,,,24.243,-50085000.0,1154032000.0,1154032000.0,0.0,485068000.0,,14.072,123855915000.0,,,123855915000.0,0.0,76685000.0,60292841000.0,0.017,0.15,664698000.0,741383000.0,0.291,741383000.0,664698000.0,664698000.0,0.83,0.81,0.83,14385895000.0,,14385895000.0,138776329982.0,41.0,37.743,-4339323000.0,-7.313,1.0,2548397000.0,1.0,0.0,0.0,339523643000.0,,0.0,204013529000.0,,,202435865000.0,,,21569798982.0,-48082000.0,0.0,-770996000.0,5476989000.0,-89223000.0,7408964000.0,-3167808000.0,-3049804000.0,-4289238000.0,0.0,485068000.0,485068000.0,485068000.0,0.0,0.0,0.19,1883699000.0,664698000.0,8914175000.0,0.181,1.499,9.857,9.905,1644141000.0,0.0,36.35,2.047,2.047,0.0,12880489000.0,2548397000.0,2548397000.0,0.0,,,,,32455000.0,1457573000.0,1.0,593391994.0,593391994.0,,4.295,216821760000.0,0.0,179630000.0,5227509000.0,365.394,
4,CFC,MRQ,2007-03-31,2007-03-31,2007-03-31,2020-09-14,-16535000.0,207950603000.0,,,,,25.124,-85088000.0,1202114000.0,1202114000.0,0.0,433981000.0,,13.033,118408645000.0,,,118408645000.0,0.0,74503000.0,57525061000.0,0.018,0.15,700795000.0,775298000.0,0.322,775298000.0,700795000.0,700795000.0,0.74,0.72,0.74,14818449000.0,,14818449000.0,132035535507.0,34.0,31.498,-1610346000.0,-2.73,1.0,2405776000.0,1.0,0.0,0.0,325157134000.0,,0.0,194832424000.0,,,193132154000.0,,,19841450507.0,-204886000.0,0.0,112218000.0,4768144000.0,-88309000.0,6771440000.0,-5451068000.0,-5249388000.0,-1525258000.0,0.0,433981000.0,433981000.0,433981000.0,0.0,0.0,0.18,1704981000.0,700795000.0,8650035000.0,0.203,1.339,8.181,8.347,1653233000.0,0.0,33.64,1.806,1.806,0.0,12484644000.0,2405776000.0,2405776000.0,0.0,,,,,15898000.0,1409638000.0,1.0,589817197.0,589817197.0,,4.079,207950603000.0,0.0,266814000.0,5167561000.0,352.568,
5,CFC,MRQ,2006-12-31,2006-12-31,2006-12-31,2020-09-14,-17556000.0,199946230000.0,,,,,23.053,-111466000.0,1407000000.0,1407000000.0,0.0,621581000.0,,12.965,113601085000.0,,,113601085000.0,0.0,72501000.0,55578682000.0,0.014,0.15,984537000.0,1057038000.0,0.383,1057038000.0,984537000.0,984537000.0,1.04,1.01,1.04,14317846000.0,,14317846000.0,130123300419.0,30.0,28.299,-6337117000.0,-10.203,1.0,2758469000.0,1.0,0.0,0.0,312140315000.0,,0.0,187006221000.0,,,185628384000.0,,,26364647419.0,-176722000.0,0.0,-1347812000.0,8132915000.0,-87427000.0,6408232000.0,-359303000.0,-147016000.0,-6225651000.0,0.0,621581000.0,621581000.0,621581000.0,0.0,0.0,0.225,1773932000.0,984537000.0,8187605000.0,0.144,1.841,9.857,9.604,1625456000.0,0.0,42.45,2.309,2.309,0.0,12151691000.0,2758469000.0,2758469000.0,0.0,,,,,27207000.0,1348185000.0,1.0,621075322.0,621075322.0,,4.441,199946230000.0,0.0,362956000.0,4935763000.0,321.936,
6,CFC,MRQ,2006-09-30,2006-09-30,2006-09-30,2020-09-14,14878000.0,193194572000.0,,,,,24.671,-153687000.0,1583722000.0,1583722000.0,0.0,647564000.0,,11.795,105342375000.0,,,105342375000.0,0.0,66899000.0,55895651000.0,0.017,0.15,1036212000.0,1103111000.0,0.391,1103111000.0,1036212000.0,1036212000.0,1.06,1.03,1.06,15099148000.0,,15099148000.0,133764368407.0,31.0,25.257,3450274000.0,5.638,1.0,2822495000.0,1.0,0.0,0.0,296953225000.0,,0.0,181425526000.0,,,178095424000.0,,,21445121407.0,-785624000.0,0.0,82560000.0,-9421856000.0,-91853000.0,-4050151000.0,-339434000.0,-144997000.0,3603961000.0,0.0,647564000.0,647564000.0,647564000.0,0.0,0.0,0.229,1786283000.0,1036212000.0,8526122000.0,0.142,1.42,7.966,7.857,1569894000.0,0.0,35.04,1.906,1.906,0.0,11617537000.0,2822495000.0,2822495000.0,0.0,,,,,41173000.0,1465764000.0,1.0,612018305.0,612018305.0,,4.612,193194572000.0,0.0,388648000.0,4935590000.0,315.668,
7,CFC,MRQ,2006-06-30,2006-06-30,2006-06-30,2020-09-14,-63840000.0,194984463000.0,,,,,23.53,-180737000.0,2369346000.0,2369346000.0,0.0,722190000.0,,12.638,114688593000.0,,,114688593000.0,0.0,62452000.0,50552049000.0,0.016,0.15,1194023000.0,1256475000.0,0.419,1256475000.0,1194023000.0,1194023000.0,1.19,1.15,1.19,14296957000.0,,14296957000.0,125647440263.0,29.0,21.107,-4423622000.0,-7.28,1.0,3000216000.0,1.0,0.0,0.0,307303710000.0,,0.0,182756587000.0,,,180687506000.0,,,23137988263.0,-275275000.0,0.0,96905000.0,9366229000.0,-91326000.0,14578949000.0,-10611339000.0,-10424446000.0,-4242885000.0,0.0,722190000.0,722190000.0,722190000.0,0.0,0.0,0.241,1806193000.0,1194023000.0,7742575000.0,0.126,1.618,8.638,8.519,1469203000.0,0.0,38.08,2.077,2.077,0.0,11061826000.0,3000216000.0,3000216000.0,0.0,,,,,60029000.0,1470473000.0,1.0,607615238.0,607615238.0,,4.938,194984463000.0,0.0,471833000.0,4626962000.0,320.901,
8,CFC,MRQ,2006-03-31,2006-03-31,2006-03-31,2020-09-14,-26403000.0,177592056000.0,,,,,22.399,-106405000.0,2644621000.0,2644621000.0,0.0,683511000.0,,12.149,105154073000.0,,,105154073000.0,0.0,62189000.0,45377942000.0,0.016,0.15,1119363000.0,1181552000.0,0.417,1181552000.0,1119363000.0,1119363000.0,1.14,1.1,1.14,13506253000.0,,13506253000.0,131439905482.0,32.0,21.225,3656566000.0,6.064,1.0,2835948000.0,1.0,0.0,0.0,280101508000.0,,0.0,165048131000.0,,,164085803000.0,,,22129922482.0,1613513000.0,0.0,72049000.0,-5132084000.0,-90333000.0,806339000.0,-2955797000.0,-2847481000.0,3762971000.0,0.0,683511000.0,683511000.0,683511000.0,0.0,0.0,0.241,1716585000.0,1119363000.0,5920045000.0,0.132,1.638,8.772,8.656,1338293000.0,0.0,36.7,2.118,2.118,0.0,10430962000.0,2835948000.0,2835948000.0,0.0,,,,,22153000.0,1380379000.0,1.0,602995163.0,602995163.0,,4.703,177592056000.0,0.0,435852000.0,4240615000.0,294.517,
9,CFC,MRQ,2005-12-31,2005-12-31,2005-12-31,2020-09-14,61114000.0,175085370000.0,,,,,21.433,-105880000.0,1031108000.0,1031108000.0,0.0,638895000.0,,12.662,110341091000.0,,,110341091000.0,0.0,742707000.0,39438916000.0,0.017,0.15,1012210000.0,1754917000.0,0.677,1754917000.0,1012210000.0,1012210000.0,1.07,1.04,1.07,12815860000.0,,12815860000.0,128300019907.0,31.0,19.209,393667000.0,0.658,1.0,2592262000.0,1.0,0.0,0.0,284395353000.0,,0.0,164845130000.0,,,162269510000.0,,,20443701907.0,-457473000.0,0.0,32208000.0,1104852000.0,-89719000.0,2741094000.0,-3698114000.0,-3584203000.0,499547000.0,0.0,638895000.0,638895000.0,638895000.0,0.0,0.0,0.246,1580052000.0,1012210000.0,6358158000.0,0.14,1.595,8.087,7.988,1279659000.0,0.0,34.19,2.041,2.041,0.0,9770719000.0,2592262000.0,2592262000.0,0.0,,,,,10774000.0,1291848000.0,1.0,597943899.0,597943899.0,,4.335,175085370000.0,0.0,373315000.0,3846174000.0,292.812,
10,CFC,MRQ,2005-09-30,2005-09-30,2005-09-30,2020-09-14,100050000.0,171293035000.0,,,,,20.584,-101721000.0,1488581000.0,1488581000.0,0.0,633885000.0,,12.996,109344899000.0,,,109344899000.0,0.0,708220000.0,37798722000.0,0.017,0.15,1051678000.0,1759898000.0,0.649,1759898000.0,1051678000.0,1051678000.0,1.07,1.03,1.07,12239116000.0,,12239116000.0,122191295566.0,32.0,19.804,-6067172000.0,-10.204,1.0,2711618000.0,1.0,0.0,0.0,279149353000.0,,0.0,161191348000.0,,,159053919000.0,,,19610032566.0,572010000.0,0.0,42395000.0,5935792000.0,-89262000.0,13066640000.0,-6529179000.0,-6330088000.0,-5965451000.0,0.0,633885000.0,633885000.0,633885000.0,0.0,0.0,0.234,1659940000.0,1051678000.0,8389148000.0,0.14,1.602,8.681,8.589,1218559000.0,0.0,32.98,2.077,2.077,0.0,9221543000.0,2711618000.0,2711618000.0,0.0,,,,,9928000.0,1273289000.0,1.0,594603777.0,594603777.0,,4.56,171293035000.0,0.0,417793000.0,3521150000.0,288.079,
11,CFC,MRQ,2005-06-30,2005-06-30,2005-06-30,2020-09-14,142964000.0,158617821000.0,,,,,19.833,-126867000.0,916571000.0,916571000.0,0.0,566458000.0,,12.609,103497834000.0,,,103497834000.0,0.0,561558000.0,30613784000.0,0.013,0.15,934881000.0,1496439000.0,0.648,1496439000.0,934881000.0,934881000.0,0.96,0.92,0.96,11655634000.0,,11655634000.0,110471125108.0,31.0,19.622,-6093974000.0,-10.369,1.0,2307943000.0,1.0,0.0,0.0,261199084000.0,,0.0,150293434000.0,,,146962187000.0,,,22690675109.0,163316000.0,0.0,94595000.0,15125563000.0,-88301000.0,20098804000.0,-13968381000.0,-13739891000.0,-5967107000.0,0.0,566458000.0,566458000.0,566458000.0,0.0,0.0,0.245,1373062000.0,934881000.0,9573861000.0,0.156,1.947,10.687,10.578,1155712000.0,0.0,38.61,2.567,2.567,0.0,8676920000.0,2307943000.0,2307943000.0,0.0,,,,,10526000.0,1128895000.0,1.0,587689073.0,587689073.0,,3.927,158617821000.0,0.0,368423000.0,3276708000.0,269.901,
12,CFC,MRQ,2005-03-31,2005-03-31,2005-03-31,2020-09-14,72672000.0,137033041000.0,,,,,18.739,-141439000.0,766049000.0,766049000.0,0.0,688852000.0,,11.512,88546499000.0,,,88546499000.0,0.0,518970000.0,25679739000.0,0.013,0.14,1148997000.0,1667967000.0,0.694,1667967000.0,1148997000.0,1148997000.0,1.18,1.13,1.18,10952047000.0,,10952047000.0,105296601181.0,27.0,17.478,52695000.0,0.09,1.0,2404885000.0,1.0,0.0,0.0,224813491000.0,,0.0,129721593000.0,,,126080994000.0,,,18971224181.0,2018000.0,0.0,44105000.0,12256137000.0,-81735000.0,17907211000.0,-18099327000.0,-17862471000.0,194134000.0,0.0,688852000.0,688852000.0,688852000.0,0.0,0.0,0.286,1255888000.0,1148997000.0,8886722000.0,0.119,1.732,8.096,7.917,1093265000.0,0.0,32.46,2.106,2.106,0.0,8198763000.0,2404885000.0,2404885000.0,0.0,,,,,8681000.0,1030314000.0,1.0,584449297.0,584449297.0,,4.115,137033041000.0,0.0,460145000.0,2968034000.0,234.465,
13,CFC,MRQ,2004-12-31,2004-12-31,2004-12-31,2020-09-14,118943000.0,128495705000.0,,,,,17.763,-98909000.0,751237000.0,751237000.0,0.0,369835000.0,,11.463,87078794000.0,,,87078794000.0,0.0,604209000.0,20013208000.0,0.01,0.12,641537000.0,1245746000.0,0.618,1245746000.0,641537000.0,641537000.0,0.63,0.61,0.63,10310076000.0,,10310076000.0,85165741430.0,24.0,14.974,-4458954000.0,-7.682,1.0,2017160000.0,1.0,0.0,0.0,214823262000.0,,0.0,121150168000.0,,,118185629000.0,,,21481283430.0,65179000.0,0.0,7438000.0,4229359000.0,-69672000.0,5535764000.0,-1110540000.0,-3641849000.0,-4360045000.0,0.0,369835000.0,369835000.0,369835000.0,0.0,0.0,0.183,1375623000.0,641537000.0,5594764000.0,0.19,2.084,9.775,9.49,985350000.0,0.0,37.01,2.508,2.508,0.0,7591646000.0,2017160000.0,2017160000.0,0.0,,,,,-43472000.0,632025000.0,1.0,580418358.0,580418358.0,,3.475,128495705000.0,0.0,271702000.0,2586243000.0,221.385,
14,CFC,MRQ,2004-09-30,2004-09-30,2004-09-30,2020-09-14,61179000.0,118712487000.0,,,,,17.54,-64531000.0,595261000.0,595261000.0,0.0,498071000.0,,11.019,78868488000.0,,,78868488000.0,0.0,432715000.0,18732698000.0,0.008,0.1,787177000.0,1219892000.0,0.578,1219892000.0,787177000.0,787177000.0,0.88,0.81,0.88,9876766000.0,,9876766000.0,89254891757.0,23.0,11.948,-5184684000.0,-9.207,1.0,2109503000.0,1.0,0.0,0.0,196985714000.0,,0.0,110312882000.0,,,108835721000.0,,,22180511757.0,26276000.0,0.0,21646000.0,-371861000.0,-56345000.0,2855858000.0,2290571000.0,3363431000.0,-5120153000.0,0.0,498071000.0,498071000.0,498071000.0,0.0,0.0,0.236,1322326000.0,787177000.0,8447667000.0,0.114,2.246,9.275,9.203,917180000.0,0.0,39.39,2.599,2.599,0.0,7291483000.0,2109503000.0,2109503000.0,0.0,,,,,21133000.0,1215605000.0,1.0,563100070.0,563100070.0,,3.746,118712487000.0,0.0,289106000.0,2786868000.0,210.82,
15,CFC,MRQ,2004-06-30,2004-06-30,2004-06-30,2020-09-14,66377000.0,116210789000.0,,,,,16.794,-58036000.0,680910000.0,680910000.0,0.0,786479000.0,,11.384,80335609000.0,,,80335609000.0,0.0,606406000.0,15470280000.0,0.007,0.075,1284476000.0,1890882000.0,0.764,1890882000.0,1284476000.0,1284476000.0,1.41,1.29,1.41,9383870000.0,,9383870000.0,87278364998.0,17.0,10.599,2582707000.0,4.622,1.0,2474746000.0,1.0,0.0,0.0,195865488000.0,,0.0,107095882000.0,,,106826919000.0,,,19626657998.0,-535325000.0,0.0,44108000.0,-697990000.0,-42551000.0,2548407000.0,-5724475000.0,-4537063000.0,2640743000.0,0.0,786479000.0,786479000.0,786479000.0,0.0,0.0,0.318,1190270000.0,1284476000.0,8342002000.0,0.053,2.092,6.314,6.239,881042000.0,0.0,35.125,2.059,2.059,0.0,6849757000.0,2474746000.0,2474746000.0,0.0,,,,,33065000.0,1106518000.0,1.0,558766064.0,558766064.0,,4.429,116210789000.0,0.0,497997000.0,2679028000.0,207.978,
16,CFC,MRQ,2004-03-31,2004-03-31,2004-03-31,2020-09-14,149439000.0,110747452000.0,,,,,15.506,-120262000.0,1202391000.0,1202391000.0,0.0,543189000.0,,11.821,79620179000.0,,,79620179000.0,0.0,448286000.0,12225440000.0,0.006,0.073,882683000.0,1330969000.0,0.677,1330969000.0,882683000.0,882683000.0,0.98,0.9,0.98,8638223000.0,,8638223000.0,89109044599.0,21.0,13.093,1699740000.0,3.051,1.0,1965218000.0,1.0,0.0,0.0,189165240000.0,,0.0,102961793000.0,,,102109229000.0,,,17808518599.0,568924000.0,0.0,37984000.0,1081176000.0,-40794000.0,3976135000.0,-5227213000.0,-4228979000.0,1820002000.0,0.0,543189000.0,543189000.0,543189000.0,0.0,0.0,0.276,1082535000.0,882683000.0,7765896000.0,0.074,2.062,6.876,6.765,849877000.0,0.0,31.967,2.095,2.095,0.0,6105829000.0,1965218000.0,1965218000.0,0.0,,,,,22050000.0,997860000.0,1.0,557096457.0,557096457.0,,3.528,110747452000.0,0.0,339494000.0,2497714000.0,198.794,
17,CFC,MRQ,2003-12-31,2003-12-31,2003-12-31,2020-09-14,164526000.0,97977673000.0,,,,,14.637,-60866000.0,633467000.0,633467000.0,0.0,563731000.0,,11.119,71961873000.0,,,71961873000.0,0.0,2102395000.0,9327671000.0,0.006,0.05,925990000.0,3028385000.0,1.526,3028385000.0,925990000.0,925990000.0,1.01,0.92,1.01,8084716000.0,,8084716000.0,80177206794.0,21.0,13.307,-2102512000.0,-3.806,1.0,1983936000.0,1.0,0.0,0.0,169306079000.0,,0.0,91559882000.0,,,89892957000.0,,,13965442794.0,71018000.0,0.0,42508000.0,4948859000.0,-28312000.0,5130159000.0,-3017495000.0,-7967467000.0,-2041646000.0,0.0,563731000.0,563731000.0,563731000.0,0.0,0.0,0.284,1057946000.0,925990000.0,6248624000.0,0.05,1.727,5.885,5.694,755276000.0,0.0,25.283,1.75,1.75,0.0,5603434000.0,1983936000.0,1983936000.0,0.0,,,,,58142000.0,1388326000.0,1.0,552357731.0,552357731.0,,3.592,97977673000.0,0.0,362259000.0,2354789000.0,177.381,
18,CFC,MRQ,2003-09-30,2003-09-30,2003-09-30,2020-09-14,212166000.0,92427140000.0,,,,,13.811,-82075000.0,693767000.0,693767000.0,0.0,1215006000.0,,11.17,66905531000.0,,,66905531000.0,0.0,24689000.0,9160567000.0,0.007,0.035,1959617000.0,1984306000.0,0.638,1984306000.0,1959617000.0,1959617000.0,2.23,2.13,2.23,7512493000.0,,7512493000.0,74719367584.0,22.0,15.885,7908091000.0,14.538,1.0,3109095000.0,1.0,0.0,0.0,158638904000.0,,0.0,83708578000.0,,,83914647000.0,,,10645330584.0,-43561000.0,0.0,84699000.0,-780967000.0,-18745000.0,394782000.0,-8428509000.0,-6351770000.0,7990166000.0,0.0,1215006000.0,1215006000.0,1215006000.0,0.0,0.0,0.391,1149478000.0,1959617000.0,6321423000.0,0.016,1.417,5.157,5.041,717370000.0,0.0,19.57,1.484,1.484,0.0,5068015000.0,3109095000.0,3109095000.0,0.0,,,,,53065000.0,881534000.0,1.0,543960316.0,543960316.0,,5.716,92427140000.0,0.0,744611000.0,2527126000.0,169.915,
19,CFC,MRQ,2003-06-30,2003-06-30,2003-06-30,2020-09-14,277787000.0,91785566000.0,,,,,12.241,-47144000.0,707228000.0,707228000.0,0.0,267922000.0,,13.196,64781265000.0,,,64781265000.0,0.0,26382000.0,8050772000.0,0.007,0.033,435597000.0,461979000.0,0.32,461979000.0,435597000.0,435597000.0,0.505,0.48,0.505,6395296000.0,,6395296000.0,61309543354.0,35.0,19.864,-9210134000.0,-17.628,1.0,1442590000.0,1.0,0.0,0.0,155859603000.0,,0.0,84459762000.0,,,84390270000.0,,,9086967354.0,213322000.0,0.0,298651000.0,14503202000.0,-17315000.0,17695657000.0,-8319345000.0,-6466597000.0,-9162990000.0,0.0,267922000.0,267922000.0,267922000.0,0.0,0.0,0.186,1006993000.0,435597000.0,10256519000.0,0.065,1.421,8.433,8.255,656282000.0,0.0,17.393,1.723,1.723,0.0,3986693000.0,1442590000.0,1442590000.0,0.0,,,,,0.0,795511000.0,1.0,522463502.0,522463502.0,,2.761,91785566000.0,0.0,167675000.0,2301714000.0,175.678,
20,CFC,MRQ,2003-03-31,2003-03-31,2003-03-31,2020-09-14,254507000.0,73611025000.0,,,,,11.041,-70554000.0,446306000.0,446306000.0,0.0,326291000.0,,11.894,52668882000.0,,,52668882000.0,0.0,25862000.0,5639653000.0,0.008,0.03,524568000.0,550430000.0,0.379,550430000.0,524568000.0,524568000.0,0.64,0.61,0.64,5670073000.0,,5670073000.0,49113288254.0,31.0,16.65,-7407783000.0,-14.425,1.0,1450624000.0,1.0,0.0,0.0,125833601000.0,,0.0,68606661000.0,,,67440952000.0,,,7382118254.0,-224751000.0,0.0,116217000.0,10217012000.0,-16004000.0,12842607000.0,-5730129000.0,-4399398000.0,-7337229000.0,0.0,326291000.0,326291000.0,326291000.0,0.0,0.0,0.225,926056000.0,524568000.0,7517337000.0,0.047,1.302,7.378,7.235,628737000.0,0.0,14.375,1.529,1.529,0.0,3621147000.0,1450624000.0,1450624000.0,0.0,,,,,0.0,705909000.0,1.0,513537232.0,513537232.0,,2.825,73611025000.0,0.0,198277000.0,2115080000.0,143.341,
21,CFC,MRQ,2002-12-31,2002-12-31,2002-12-31,2020-09-14,186799000.0,58030783000.0,,,,,10.21,-63690000.0,613280000.0,613280000.0,0.0,254877000.0,,10.147,42428627000.0,,,42428627000.0,0.0,1299716000.0,3114271000.0,0.008,0.03,407447000.0,1707163000.0,1.461,1707163000.0,407447000.0,407447000.0,0.507,0.482,0.507,5161133000.0,,5161133000.0,35238420677.0,26.0,13.124,-7244576000.0,-14.331,1.0,1168884000.0,1.0,0.0,0.0,99846130000.0,,0.0,52089434000.0,,,52369650000.0,,,6527523677.0,104707000.0,0.0,-1140000.0,12353070000.0,-14772000.0,12343457000.0,-5057864000.0,-2902556000.0,-7180886000.0,0.0,254877000.0,254877000.0,254877000.0,0.0,0.0,0.218,761437000.0,407447000.0,5342442000.0,0.059,1.265,7.754,7.641,576688000.0,0.0,12.913,1.521,1.521,0.0,3310860000.0,1168884000.0,1168884000.0,0.0,,,,,21999000.0,675262000.0,1.0,505518568.0,505518568.0,,2.312,58030783000.0,0.0,152570000.0,1984310000.0,114.795,
22,CFC,MRQ,2002-09-30,2002-09-30,2002-09-30,2020-09-14,184647000.0,45210201000.0,,,,,9.762,-41129000.0,508573000.0,508573000.0,0.0,228487000.0,,8.118,29219470000.0,,,29219470000.0,0.0,2739000.0,3107972000.0,0.009,0.028,364208000.0,366947000.0,0.303,366947000.0,364208000.0,364208000.0,0.455,0.435,0.455,4903761000.0,,4903761000.0,33592935236.0,,,-750315000.0,-1.494,1.0,1210709000.0,1.0,0.0,0.0,73921098000.0,,0.0,27994556000.0,,,39806440000.0,,,5921440236.0,-517292000.0,0.0,47481000.0,1060649000.0,-13313000.0,1740314000.0,-1548420000.0,-339883000.0,-709186000.0,0.0,228487000.0,228487000.0,228487000.0,0.0,0.0,0.189,846501000.0,364208000.0,3919160000.0,0.062,1.208,,,548874000.0,0.0,11.788,,,0.0,3070755000.0,1210709000.0,1210709000.0,0.0,,,,,0.0,639390000.0,1.0,502347840.0,502347840.0,,2.41,45210201000.0,0.0,135721000.0,1964857000.0,89.998,
23,CFC,MRQ,2002-06-30,2002-06-30,2002-06-30,2020-09-14,183677000.0,41877875000.0,,,,,9.379,-59315000.0,1025865000.0,1025865000.0,0.0,190856000.0,,7.924,28697360000.0,,,28697360000.0,0.0,20007000.0,2462475000.0,0.008,0.025,305274000.0,325281000.0,0.326,325281000.0,305274000.0,305274000.0,0.385,0.37,0.385,4636647000.0,,4636647000.0,32453201199.0,,,-1119565000.0,-2.265,1.0,998322000.0,1.0,0.0,0.0,69549370000.0,,0.0,22384043000.0,,,36741228000.0,,,5963313199.0,-1087076000.0,0.0,56171000.0,186372000.0,-15082000.0,458187000.0,-485013000.0,-44496000.0,-1060250000.0,0.0,190856000.0,190856000.0,190856000.0,0.0,0.0,0.191,693048000.0,305274000.0,2931305000.0,0.065,1.286,,,503341000.0,0.0,12.063,,,0.0,2855581000.0,998322000.0,998322000.0,0.0,,,,,0.0,530676000.0,1.0,494366704.0,494366704.0,,2.019,41877875000.0,0.0,114418000.0,1844652000.0,84.71,
24,CFC,MRQ,2002-03-31,2002-03-31,2002-03-31,2020-09-14,-4717000.0,42614402000.0,,,,,8.56,-25420000.0,2112941000.0,2112941000.0,0.0,167559000.0,,9.023,28602829000.0,,,28602829000.0,0.0,19622000.0,2231749000.0,0.009,0.025,266094000.0,285716000.0,0.313,285716000.0,266094000.0,266094000.0,0.34,0.33,0.34,4201837000.0,,4201837000.0,29428093940.0,,,4877864000.0,9.937,1.0,913752000.0,1.0,0.0,0.0,69104290000.0,,0.0,27057314000.0,,,37912565000.0,,,5488327940.0,1617527000.0,0.0,11347000.0,1924622000.0,-12939000.0,3479299000.0,-6765056000.0,-5943536000.0,4903284000.0,0.0,167559000.0,167559000.0,167559000.0,0.0,0.0,0.183,647658000.0,266094000.0,4916858000.0,0.074,1.306,,,458641000.0,0.0,11.18,,,0.0,2679807000.0,913752000.0,913752000.0,0.0,,,,,0.0,504009000.0,1.0,490887457.0,490887457.0,,1.861,42614402000.0,0.0,98535000.0,1623777000.0,86.811,
25,CFC,MRQ,2001-12-31,2001-12-31,2001-12-31,2020-09-14,49467000.0,37216804000.0,,,,,8.361,,495414000.0,495414000.0,,,,7.982,26607855000.0,,,26607855000.0,0.0,,675480000.0,,0.025,,,,,,,,,,4087642000.0,,4087642000.0,26154704015.0,,,,,1.0,,,0.0,,63329245000.0,,0.0,28018555000.0,,,32629162000.0,,,5004476014.0,,,,,,,,,,,,,,,,,,,4030573000.0,,1.224,,,447022000.0,,10.236,,,0.0,2525187000.0,,,,,,,,,,1.0,488908386.0,488908386.0,,,37216804000.0,0.0,,1815254000.0,76.122,
26,CFC,MRQ,2001-09-30,2001-08-31,2001-08-31,2020-09-14,79535000.0,31134650000.0,,,,,8.179,-45977000.0,333771000.0,333771000.0,0.0,149234000.0,,6.862,21483999000.0,,,21483999000.0,0.0,16119000.0,0.0,0.01,0.025,238909000.0,255028000.0,0.338,255028000.0,238909000.0,238909000.0,0.313,0.3,0.313,3896780000.0,,3896780000.0,22741990744.0,30.0,27.752,-1923908000.0,-4.038,1.0,754948000.0,1.0,0.0,0.0,52284878000.0,,0.0,25315165000.0,,,26737870000.0,,,4939740743.0,115365000.0,0.0,139358000.0,3571303000.0,-11306000.0,3699355000.0,-1706059000.0,-1008111000.0,-1877931000.0,0.0,149234000.0,149234000.0,149234000.0,0.0,0.0,0.198,516039000.0,238909000.0,0.0,0.08,1.268,10.467,10.317,429826000.0,0.0,10.368,1.958,1.958,0.0,2322493000.0,754948000.0,754948000.0,0.0,,,,,0.0,402965000.0,1.0,476421285.0,476421285.0,,1.585,31134650000.0,0.0,89675000.0,1696264000.0,65.351,
27,CFC,MRQ,2001-06-30,2001-05-31,2001-05-31,2020-09-14,46572000.0,26177297000.0,,,,,7.569,-15331000.0,235978000.0,235978000.0,0.0,123050000.0,,6.162,18038228000.0,,,18038228000.0,0.0,17501000.0,0.0,0.01,0.025,196407000.0,213908000.0,0.31,213908000.0,196407000.0,196407000.0,0.26,0.25,0.26,3585209000.0,,3585209000.0,19901188103.0,31.0,27.652,-2580389000.0,-5.447,1.0,689707000.0,1.0,0.0,0.0,43979547000.0,,0.0,22051389000.0,,,22092088000.0,,,4583663103.0,109482000.0,0.0,35319000.0,2682675000.0,-10934000.0,2707060000.0,-32520000.0,649273000.0,-2565058000.0,0.0,123050000.0,123050000.0,123050000.0,0.0,0.0,0.178,493300000.0,196407000.0,0.0,0.096,1.278,11.079,10.836,399446000.0,0.0,9.676,2.007,2.007,0.0,2184565000.0,689707000.0,689707000.0,0.0,,,,,0.0,377109000.0,1.0,473696552.0,473696552.0,,1.456,26177297000.0,0.0,73357000.0,1572782000.0,55.262,
28,CFC,MRQ,2001-03-31,2001-02-28,2001-02-28,2020-09-14,173249000.0,22955507000.0,,,,,7.644,-7916000.0,136146000.0,136146000.0,0.0,104246000.0,,5.309,15444021000.0,,,15444021000.0,0.0,17815000.0,0.0,0.009,0.025,163268000.0,181083000.0,0.327,181083000.0,163268000.0,163268000.0,0.225,0.213,0.225,3559264000.0,,3559264000.0,19413489352.0,33.0,29.559,1986189000.0,4.266,1.0,553097000.0,1.0,0.0,0.0,38263382000.0,,0.0,15001636000.0,,,18896243000.0,,,5145425352.0,11243000.0,0.0,81264000.0,990758000.0,-11754000.0,1060268000.0,-3043130000.0,-2426559000.0,1994105000.0,0.0,104246000.0,104246000.0,104246000.0,0.0,0.0,0.188,389829000.0,163268000.0,0.0,0.111,1.446,13.752,13.559,396943000.0,0.0,11.05,2.481,2.481,0.0,2072449000.0,553097000.0,553097000.0,0.0,,,,,0.0,334227000.0,1.0,465628284.0,465628284.0,,1.188,22955507000.0,0.0,59022000.0,1570003000.0,49.3,
29,CFC,MRQ,2000-12-31,2000-11-30,2000-11-30,2020-09-14,7955000.0,20799467000.0,,,,,6.976,-9304000.0,121858000.0,121858000.0,0.0,95413000.0,,5.326,14389922000.0,,,14389922000.0,0.0,19814000.0,0.0,0.011,0.025,149627000.0,169441000.0,0.323,169441000.0,149627000.0,149627000.0,0.208,0.2,0.208,3208802000.0,,3208802000.0,16255450161.0,30.0,26.3,-2609169000.0,-5.672,1.0,524676000.0,1.0,0.0,0.0,35067531000.0,,0.0,17551399000.0,,,17090665000.0,,,4266637161.0,36603000.0,0.0,12120000.0,2412521000.0,-11420000.0,2413221000.0,223247000.0,677023000.0,-2599865000.0,0.0,95413000.0,95413000.0,95413000.0,0.0,0.0,0.182,375049000.0,149627000.0,0.0,0.12,1.33,11.541,11.451,401756000.0,0.0,9.275,2.158,2.158,0.0,1979957000.0,524676000.0,524676000.0,0.0,,,,,0.0,282225000.0,1.0,459995942.0,459995942.0,,1.141,20799467000.0,0.0,54214000.0,1433661000.0,45.217,
30,CFC,MRQ,2000-09-30,2000-08-31,2000-08-31,2020-09-14,26208000.0,18254258000.0,,,,,6.85,-9788000.0,85255000.0,85255000.0,0.0,91035000.0,,4.675,12074068000.0,,,12074068000.0,0.0,13058000.0,0.0,0.011,0.025,142215000.0,155273000.0,0.3,155273000.0,142215000.0,142215000.0,0.2,0.193,0.2,3128697000.0,,3128697000.0,16702974647.0,30.0,26.583,684221000.0,1.498,1.0,516822000.0,1.0,0.0,0.0,30243071000.0,,0.0,15499767000.0,,,14625561000.0,,,4321779647.0,-151578000.0,0.0,11256000.0,-659833000.0,-11586000.0,-660163000.0,-185424000.0,245594000.0,694009000.0,0.0,91035000.0,91035000.0,91035000.0,0.0,0.0,0.176,374607000.0,142215000.0,0.0,0.125,1.381,11.529,11.47,409288000.0,0.0,9.463,2.28,2.28,0.0,1895964000.0,516822000.0,516822000.0,0.0,,,,,0.0,278626000.0,1.0,456714494.0,456714494.0,,1.132,18254258000.0,0.0,51180000.0,1391784000.0,39.969,
31,CFC,MRQ,2000-06-30,2000-05-31,2000-05-31,2020-09-14,-68368000.0,18440090000.0,,,,,6.445,-11713000.0,236833000.0,236833000.0,0.0,83459000.0,,5.1,12618028000.0,,,12618028000.0,0.0,20049000.0,0.0,0.013,0.025,130925000.0,150974000.0,0.318,150974000.0,130925000.0,130925000.0,0.182,0.18,0.182,2941158000.0,,2941158000.0,13728796430.0,23.0,20.71,-1872451000.0,-4.103,1.0,474566000.0,1.0,0.0,0.0,30821285000.0,,0.0,15416739000.0,,,14998932000.0,,,3506061430.0,176943000.0,0.0,14626000.0,2417950000.0,-11146000.0,2421430000.0,-383749000.0,-60734000.0,-1860738000.0,0.0,83459000.0,83459000.0,83459000.0,0.0,0.0,0.176,343641000.0,130925000.0,0.0,0.137,1.192,8.982,8.933,408661000.0,0.0,7.683,1.875,1.875,0.0,1816515000.0,474566000.0,474566000.0,0.0,,,,,0.0,257808000.0,1.0,456362135.0,456362135.0,,1.04,18440090000.0,0.0,47466000.0,1295002000.0,40.407,
32,CFC,MRQ,2000-03-31,2000-02-29,2000-02-29,2020-09-14,-33234000.0,15822328000.0,,,,,6.371,-72579000.0,59890000.0,59890000.0,0.0,99797000.0,,4.306,10282625000.0,,,10282625000.0,0.0,20008000.0,0.0,0.016,0.025,122389000.0,142397000.0,0.309,142397000.0,122389000.0,122389000.0,0.22,0.217,0.22,2887879000.0,,2887879000.0,12723799159.0,20.0,18.251,1354892000.0,2.989,1.0,461383000.0,1.0,0.0,0.0,26045063000.0,,0.0,13643478000.0,,,12434449000.0,,,2824358158.0,-108568000.0,0.0,497000.0,225324000.0,-11333000.0,214488000.0,-1750527000.0,-1651354000.0,1427471000.0,0.0,99797000.0,99797000.0,99797000.0,0.0,0.0,0.216,338994000.0,122389000.0,0.0,0.114,0.978,6.885,6.862,410899000.0,0.0,6.23,1.496,1.496,0.0,1744202000.0,461383000.0,461383000.0,0.0,,,,,0.0,240536000.0,1.0,453316731.0,453316731.0,,1.018,15822328000.0,0.0,22592000.0,1272311000.0,34.903,
33,CFC,MRQ,1999-12-31,1999-11-30,1999-11-30,2020-09-14,-48022000.0,15570455000.0,,,,,6.148,-18405000.0,171503000.0,171503000.0,0.0,100564000.0,,4.415,10070944000.0,,,10070944000.0,0.0,14951000.0,0.0,0.014,0.025,164740000.0,179691000.0,0.406,179691000.0,164740000.0,164740000.0,0.223,0.218,0.223,2782968000.0,,2782968000.0,14462176064.0,21.0,19.836,2000287000.0,4.419,1.0,443061000.0,1.0,0.0,0.0,25469896000.0,,0.0,8819126000.0,,,12287487000.0,,,3180739064.0,123479000.0,-403947000.0,4806000.0,-1346036000.0,-11318000.0,-1352548000.0,-542665000.0,168740000.0,2018692000.0,0.0,100564000.0,100564000.0,100564000.0,0.0,0.0,0.227,278321000.0,164740000.0,0.0,0.112,1.143,7.719,7.696,354470000.0,0.0,7.027,1.738,1.738,0.0,1655738000.0,443061000.0,443061000.0,0.0,,,,,0.0,241394000.0,1.0,452658260.0,452658260.0,,0.979,15570455000.0,0.0,64176000.0,1291804000.0,34.398,
34,CFC,MRQ,1999-09-30,1999-08-31,1999-08-31,2020-09-14,-40176000.0,16231445000.0,,,,,5.97,-32510000.0,48024000.0,48024000.0,0.0,106503000.0,,4.833,11329461000.0,,,11329461000.0,0.0,15236000.0,0.0,0.011,0.025,174595000.0,189831000.0,0.387,189831000.0,174595000.0,174595000.0,0.235,0.228,0.235,2696995000.0,,2696995000.0,15650321095.0,23.0,21.599,1489437000.0,3.297,1.0,491074000.0,1.0,0.0,0.0,27512882000.0,,0.0,10740895000.0,,,13034450000.0,,,3639809095.0,15187000.0,0.0,2514000.0,-1121099000.0,-11296000.0,-1129881000.0,-376879000.0,9909000.0,1521947000.0,0.0,106503000.0,106503000.0,106503000.0,0.0,0.0,0.217,316479000.0,174595000.0,0.0,0.106,1.35,8.889,8.854,347292000.0,0.0,8.057,1.914,1.914,0.0,1566492000.0,491074000.0,491074000.0,0.0,,,,,0.0,273625000.0,1.0,451734939.0,451734939.0,,1.087,16231445000.0,0.0,68092000.0,1211759000.0,35.931,
35,CFC,MRQ,1999-06-30,1999-05-31,1999-05-31,2020-09-14,-16415000.0,17364607000.0,,,,,5.816,-27043000.0,32837000.0,32837000.0,0.0,103379000.0,,5.429,12043349000.0,,,12043349000.0,0.0,15752000.0,0.0,0.008,0.025,169474000.0,185226000.0,0.344,185226000.0,169474000.0,169474000.0,0.23,0.22,0.23,2623040000.0,,2623040000.0,15010836260.0,23.0,21.308,-1027553000.0,-2.278,1.0,538710000.0,1.0,0.0,0.0,29375119000.0,,0.0,11666405000.0,,,14241567000.0,,,4633825260.0,-25911000.0,0.0,8632000.0,1387286000.0,-11268000.0,1384650000.0,-410051000.0,49360000.0,-1000510000.0,0.0,103379000.0,103379000.0,103379000.0,0.0,0.0,0.192,369236000.0,169474000.0,0.0,0.109,1.767,11.642,11.545,326528000.0,0.0,10.275,2.448,2.448,0.0,1471285000.0,538710000.0,538710000.0,0.0,,,,,0.0,277157000.0,1.0,450991973.0,450991973.0,,1.195,17364607000.0,0.0,66095000.0,1159669000.0,38.503,
36,CFC,MRQ,1999-03-31,1999-02-28,1999-02-28,2020-09-14,0.0,15648256000.0,,,,,5.594,-34024000.0,58748000.0,58748000.0,0.0,101599000.0,,5.014,10435759000.0,,,10435759000.0,0.0,7792000.0,0.0,0.008,0.02,166556000.0,174348000.0,0.487,174348000.0,166556000.0,166556000.0,0.225,0.215,0.225,2518885000.0,,2518885000.0,14711318110.0,23.0,21.602,777114000.0,1.726,1.0,357769000.0,1.0,0.0,0.0,26025267000.0,,0.0,13816258000.0,,,12629371000.0,,,4260757110.0,6418000.0,0.0,13593000.0,-72678000.0,-9000000.0,-68085000.0,-736635000.0,-195828000.0,811138000.0,0.0,101599000.0,101599000.0,101599000.0,0.0,0.0,0.284,191213000.0,166556000.0,0.0,0.089,1.692,11.055,10.94,311741000.0,0.0,9.463,2.361,2.361,0.0,1379174000.0,357769000.0,357769000.0,0.0,,,,,0.0,270510000.0,1.0,450265790.0,450265790.0,,0.795,15648256000.0,0.0,64957000.0,1092176000.0,34.753,
37,CFC,MRQ,1998-12-31,1998-11-30,1998-11-30,2020-09-14,-11075000.0,16202843000.0,,,,,5.408,-32447000.0,52330000.0,52330000.0,0.0,97971000.0,,5.489,10502891000.0,,,10502891000.0,0.0,14584000.0,0.0,0.006,0.02,160608000.0,175192000.0,0.341,175192000.0,160608000.0,160608000.0,0.22,0.21,0.22,2419976000.0,,2419976000.0,14531359579.0,24.0,22.066,-1733378000.0,-3.874,1.0,514197000.0,1.0,0.0,0.0,26653404000.0,,0.0,11511745000.0,,,13282867000.0,,,5533718579.0,19620000.0,0.0,18744000.0,2093987000.0,-8952000.0,2103779000.0,-383228000.0,181879000.0,-1700931000.0,0.0,97971000.0,97971000.0,97971000.0,0.0,0.0,0.191,353589000.0,160608000.0,0.0,0.091,2.287,15.0,14.811,282097000.0,0.0,12.367,2.981,2.981,0.0,1286575000.0,514197000.0,514197000.0,0.0,,,,,0.0,264583000.0,1.0,447452293.0,447452293.0,,1.149,16202843000.0,0.0,62637000.0,1034079000.0,36.211,
38,CFC,MRQ,1998-09-30,1998-08-31,1998-08-31,2020-09-14,23871000.0,14251263000.0,,,,,5.275,-30014000.0,32710000.0,32710000.0,0.0,95077000.0,,4.869,9030351000.0,,,9030351000.0,0.0,13838000.0,0.0,0.009,0.02,155864000.0,169702000.0,0.352,169702000.0,155864000.0,155864000.0,0.215,0.203,0.215,2343082000.0,,2343082000.0,12981608552.0,23.0,20.784,580304000.0,1.306,1.0,482157000.0,1.0,0.0,0.0,23248904000.0,,0.0,9383666000.0,,,11408181000.0,,,4154792552.0,7905000.0,0.0,28566000.0,-189586000.0,-8884000.0,-169904000.0,-432509000.0,41057000.0,610318000.0,0.0,95077000.0,95077000.0,95077000.0,0.0,0.0,0.197,326293000.0,155864000.0,0.0,0.093,1.773,11.833,11.648,260031000.0,0.0,9.353,2.419,2.419,0.0,1197556000.0,482157000.0,482157000.0,0.0,,,,,0.0,241697000.0,1.0,444198938.0,444198938.0,,1.085,14251263000.0,0.0,60787000.0,998298000.0,32.083,
39,CFC,MRQ,1998-06-30,1998-05-31,1998-05-31,2020-09-14,11662000.0,13621695000.0,,,,,5.019,-23022000.0,24805000.0,24805000.0,0.0,90754000.0,,4.933,8851621000.0,,,8851621000.0,0.0,12996000.0,0.0,0.007,0.02,148777000.0,161773000.0,0.359,161773000.0,148777000.0,148777000.0,0.205,0.195,0.205,2211476000.0,,2211476000.0,13055738909.0,22.0,20.2,-551184000.0,-1.251,1.0,450265000.0,1.0,0.0,0.0,22448511000.0,,0.0,9891419000.0,,,10910219000.0,,,5091224909.0,14098000.0,0.0,32458000.0,948029000.0,-8812000.0,971675000.0,-429415000.0,8619000.0,-528162000.0,0.0,90754000.0,90754000.0,90754000.0,0.0,0.0,0.202,301488000.0,148777000.0,0.0,0.098,2.302,13.919,13.675,240084000.0,0.0,11.555,3.103,3.103,0.0,1111363000.0,450265000.0,450265000.0,0.0,,,,,0.0,223679000.0,1.0,440601090.0,440601090.0,,1.022,13621695000.0,0.0,58023000.0,934265000.0,30.916,
40,CFC,MRQ,1998-03-31,1998-02-28,1998-02-28,2020-09-14,3697000.0,12183211000.0,,,,,4.809,-17974000.0,10707000.0,10707000.0,0.0,85102000.0,,4.596,7975221000.0,,,7975221000.0,0.0,12371000.0,0.0,0.007,0.02,139511000.0,151882000.0,0.37,151882000.0,139511000.0,139511000.0,0.195,0.188,0.195,2087943000.0,,2087943000.0,12397342607.0,22.0,20.308,-391953000.0,-0.903,1.0,410018000.0,1.0,0.0,0.0,20147725000.0,,0.0,8904201000.0,,,9595268000.0,,,4820332607.0,-6731000.0,0.0,68007000.0,618084000.0,-8685000.0,677406000.0,-310158000.0,72747000.0,-373979000.0,0.0,85102000.0,85102000.0,85102000.0,0.0,0.0,0.208,270507000.0,139511000.0,0.0,0.103,2.309,13.973,13.826,226330000.0,0.0,11.102,3.194,3.194,0.0,1029421000.0,410018000.0,410018000.0,0.0,,,,,0.0,190913000.0,1.0,434172671.0,434172671.0,,0.944,12183211000.0,0.0,54409000.0,873084000.0,28.061,
41,CFC,MRQ,1997-12-31,1997-11-30,1997-11-30,2020-09-14,-6462000.0,11314415000.0,,,,,4.258,-20632000.0,17438000.0,17438000.0,0.0,80183000.0,,4.609,7594448000.0,,,7594448000.0,0.0,9790000.0,0.0,0.008,0.02,131448000.0,141238000.0,0.376,141238000.0,131448000.0,131448000.0,0.188,0.177,0.188,1927892000.0,,1927892000.0,,,,-1035619000.0,-2.287,1.0,375141000.0,1.0,0.0,0.0,18891425000.0,,0.0,7927236000.0,,,8886523000.0,,,4440674657.0,-138000.0,0.0,17010000.0,1338510000.0,-8635000.0,1346885000.0,-332036000.0,0.0,-1014987000.0,0.0,80183000.0,80183000.0,80183000.0,0.0,0.0,0.214,243693000.0,131448000.0,447949000.0,0.106,2.303,13.531,13.029,216779000.0,0.0,10.228,3.182,3.318,1745250000.0,953004000.0,375141000.0,375141000.0,0.0,,,,,0.0,169348000.0,1.0,434172671.0,452802868.0,449958875.0,0.828,11314415000.0,0.0,51265000.0,817152000.0,24.988,
42,CFC,MRQ,1997-09-30,1997-08-31,1997-08-31,2020-09-14,,,,,,,,-18793000.0,,,0.0,109729000.0,,,,,,,,11545000.0,,0.01,0.02,179884000.0,191429000.0,0.472,191429000.0,179884000.0,179884000.0,0.258,0.245,0.258,,,,,,,777859000.0,,1.0,405156000.0,1.0,,0.0,,,,,,,,,,,-4723000.0,0.0,22152000.0,-743020000.0,-8573000.0,-529441000.0,-271934000.0,0.0,796652000.0,0.0,109729000.0,109729000.0,109729000.0,0.0,0.0,0.271,225272000.0,179884000.0,,0.078,,,11.177,,0.0,8.417,,,,,405156000.0,405156000.0,0.0,,,,,0.0,152288000.0,1.0,,,,,,,70155000.0,,,
43,CFC,MRQ,1997-06-30,1997-05-31,1997-05-31,2020-09-14,,,,,,,,-13497000.0,,,0.0,69969000.0,,,,,,,,11224000.0,,0.012,0.02,114703000.0,125927000.0,0.395,125927000.0,114703000.0,114703000.0,0.165,0.16,0.165,,,,,,,-1876951000.0,,1.0,318645000.0,1.0,,0.0,,,,,,,,,,,4030000.0,0.0,19140000.0,2090851000.0,-8498000.0,2101493000.0,-234009000.0,0.0,-1863454000.0,0.0,69969000.0,69969000.0,69969000.0,0.0,0.0,0.22,203942000.0,114703000.0,,0.121,,,,,0.0,6.715,,,,,318645000.0,318645000.0,0.0,,,,,0.0,136427000.0,1.0,,,,,,,44734000.0,,,
44,CFC,MRQ,1997-03-31,1997-02-28,1997-02-28,2020-09-14,-30545000.0,7689090000.0,,,,,,-7529000.0,18269000.0,18269000.0,0.0,68302000.0,,3.585,5013324000.0,,,5013324000.0,0.0,10817000.0,0.0,0.011,0.02,111970000.0,122787000.0,0.414,122787000.0,111970000.0,111970000.0,0.175,0.165,0.175,1611531000.0,,1611531000.0,,,,1248256000.0,,1.0,296835000.0,1.0,0.0,0.0,12684145000.0,,0.0,5603798000.0,,,5777559000.0,,,,3434000.0,0.0,45799000.0,-1097049000.0,-8361000.0,-1059611000.0,-192740000.0,27001000.0,1255785000.0,0.0,68302000.0,68302000.0,68302000.0,0.0,0.0,0.23,184865000.0,111970000.0,0.0,0.114,,,11.643,190104000.0,0.0,7.277,,,0.0,718829000.0,296835000.0,296835000.0,0.0,,,,,0.0,122465000.0,1.0,,,,,7689090000.0,0.0,43668000.0,635643000.0,,
45,CFC,MRQ,1996-12-31,1996-11-30,1996-11-30,2020-09-14,,,,,,,,,,,0.0,65935000.0,,,,,,,,,,0.011,0.02,108090000.0,,,,108090000.0,108090000.0,0.155,0.155,0.155,,,,,,,,,1.0,281530000.0,1.0,,0.0,,,,,,,,,,,,,,,,,,,,,65935000.0,65935000.0,65935000.0,0.0,0.0,0.234,173440000.0,108090000.0,,0.129,,,,,0.0,7.214,,,,,281530000.0,281530000.0,0.0,,,,,,112327000.0,1.0,,427374932.0,425366937.0,0.659,,,42155000.0,,,
0,CFC,MRT,2008-03-31,2008-03-31,2008-03-31,2020-09-14,-723255000.0,199017793000.0,208360735500.0,,,0.021,22.65,-219818000.0,9014340000.0,9014340000.0,0.0,-2030572000.0,,14.129,107695275000.0,,,107695275000.0,0.0,306696000.0,63293392000.0,0.109,0.6,-3503296000.0,-3196600000.0,-0.737,-3196600000.0,-3503296000.0,-3503296000.0,-4.41,-4.43,-4.41,13155056000.0,14362263500.0,13155056000.0,109829491350.0,-31.0,-34.358,1118724000.0,1.926,1.0,4334535000.0,1.0,17154574000.0,0.0,280544154000.0,311612675000.0,0.0,157067844000.0,,,185862737000.0,,,3194315350.0,7812226000.0,0.0,-687959000.0,-14761127000.0,-401491000.0,-8082535000.0,14556219000.0,14431710000.0,1338542000.0,0.0,-2030572000.0,-2030572000.0,-2030572000.0,0.0,0.0,-0.468,7837831000.0,-3503296000.0,11641310000.0,-0.136,0.243,-1.573,-1.247,1582483000.0,0.0,5.5,0.737,0.737,0.0,9662386000.0,4334535000.0,4334535000.0,0.0,-0.01,-0.141,-0.011,-0.808,96216000.0,5573401000.0,1.0,580784609.0,580784609.0,,7.463,181863219000.0,0.0,-1472724000.0,3232760000.0,313.134,
1,CFC,MRT,2007-12-31,2007-12-31,2007-12-31,2020-09-14,-173309000.0,208366924000.0,210593938000.0,,,0.029,25.325,-234689000.0,8810399000.0,8810399000.0,0.0,-703538000.0,,13.217,119132553000.0,,,119132553000.0,0.0,306352000.0,60200599000.0,0.067,0.6,-1310274000.0,-1003922000.0,-0.166,-1003922000.0,-1310274000.0,-1310274000.0,-2.03,-2.03,-2.03,14655871000.0,14778111750.0,14655871000.0,122589120190.0,-94.0,-122.11,-1700082000.0,-2.938,1.0,6061437000.0,1.0,18958180000.0,0.0,299730898000.0,322765920000.0,0.0,166483132000.0,,,193711053000.0,,,5173580190.0,7403399000.0,0.0,-592474000.0,-4281280000.0,-366479000.0,1423040000.0,7445752000.0,7876751000.0,-1465393000.0,0.0,-703538000.0,-703538000.0,-703538000.0,0.0,0.0,-0.116,7371711000.0,-1310274000.0,10194358000.0,-0.296,0.353,-7.354,-4.404,1564438000.0,0.0,8.94,0.854,0.854,0.0,10644511000.0,6061437000.0,6061437000.0,0.0,-0.003,-0.048,-0.004,-0.216,96564000.0,5613015000.0,1.0,578700245.0,578700245.0,,10.474,189408744000.0,0.0,-606736000.0,4183543000.0,327.3,
2,CFC,MRT,2007-09-30,2007-09-30,2007-09-30,2020-09-14,-56550000.0,209236465000.0,208488764500.0,,,0.037,26.479,-298977000.0,4768363000.0,4768363000.0,0.0,339937000.0,,12.718,122183903000.0,,,122183903000.0,0.0,301275000.0,54749389000.0,0.032,0.6,382328000.0,683603000.0,0.089,683603000.0,382328000.0,382328000.0,-0.24,-0.31,-0.24,15252232000.0,14693605500.0,15252232000.0,133651961874.0,350.0,195.511,-10584444000.0,-18.375,1.0,7662676000.0,1.0,0.0,0.0,326652005000.0,325868274250.0,0.0,191432401000.0,,,193984233000.0,,,10950078874.0,3184641000.0,0.0,-1966172000.0,10298806000.0,-351321000.0,8914289000.0,4555819000.0,5151139000.0,-10285467000.0,0.0,339937000.0,339937000.0,339937000.0,0.0,0.0,0.044,7280348000.0,382328000.0,10095489000.0,-2.5,0.718,32.212,-79.208,1632818000.0,0.0,19.01,1.429,1.429,0.0,11168990000.0,7662676000.0,7662676000.0,0.0,0.002,0.023,0.001,0.05,100330000.0,5661974000.0,1.0,576016774.0,576016774.0,,13.303,209236465000.0,0.0,42391000.0,4570404000.0,363.247,
3,CFC,MRT,2007-06-30,2007-06-30,2007-06-30,2020-09-14,-136228000.0,216821760000.0,204478291250.0,,,0.052,24.243,-400326000.0,1154032000.0,1154032000.0,0.0,2188194000.0,,14.072,123855915000.0,,,123855915000.0,0.0,290588000.0,60292841000.0,0.017,0.6,3386242000.0,3676830000.0,0.349,3676830000.0,3386242000.0,3386242000.0,3.67,3.57,3.67,14385895000.0,14655334500.0,14385895000.0,138776329982.0,41.0,37.743,-8836512000.0,-14.892,1.0,10535137000.0,1.0,0.0,0.0,339523643000.0,318443579250.0,0.0,204013529000.0,,,202435865000.0,,,21569798982.0,-1215314000.0,0.0,-1924030000.0,8956192000.0,-356812000.0,16538485000.0,-9317613000.0,-8591205000.0,-8436186000.0,0.0,2188194000.0,2188194000.0,2188194000.0,0.0,0.0,0.208,7148895000.0,3386242000.0,8914175000.0,0.163,1.499,9.857,9.905,1644141000.0,0.0,36.35,2.047,2.047,0.0,12880489000.0,10535137000.0,10535137000.0,0.0,0.011,0.149,0.011,0.321,116733000.0,5681160000.0,1.0,593391994.0,593391994.0,,17.754,216821760000.0,0.0,1198048000.0,5227509000.0,365.394,
4,CFC,MRT,2007-03-31,2007-03-31,2007-03-31,2020-09-14,-16535000.0,207950603000.0,199018967000.0,,,0.055,25.124,-530978000.0,1202114000.0,1202114000.0,0.0,2425316000.0,,13.033,118408645000.0,,,118408645000.0,0.0,276355000.0,57525061000.0,0.018,0.6,3915567000.0,4191922000.0,0.382,4191922000.0,3915567000.0,3915567000.0,4.03,3.91,4.03,14818449000.0,14633100000.0,14818449000.0,132035535507.0,34.0,31.498,-8920811000.0,-15.125,1.0,10986956000.0,1.0,0.0,0.0,325157134000.0,310388596000.0,0.0,194832424000.0,,,193132154000.0,,,19841450507.0,-1442507000.0,0.0,-1056129000.0,12845432000.0,-358915000.0,23708470000.0,-16761144000.0,-15965847000.0,-8389833000.0,0.0,2425316000.0,2425316000.0,2425316000.0,0.0,0.0,0.221,7071389000.0,3915567000.0,8650035000.0,0.149,1.339,8.181,8.347,1653233000.0,0.0,33.64,1.806,1.806,0.0,12484644000.0,10986956000.0,10986956000.0,0.0,0.012,0.166,0.013,0.356,144307000.0,5694060000.0,1.0,589817197.0,589817197.0,,18.628,207950603000.0,0.0,1490251000.0,5167561000.0,352.568,
5,CFC,MRT,2006-12-31,2006-12-31,2006-12-31,2020-09-14,-17556000.0,199946230000.0,191429330250.0,,,0.06,23.053,-552295000.0,1407000000.0,1407000000.0,0.0,2674846000.0,,12.965,113601085000.0,,,113601085000.0,0.0,264041000.0,55578682000.0,0.014,0.6,4334135000.0,4598176000.0,0.403,4598176000.0,4334135000.0,4334135000.0,4.42,4.3,4.42,14317846000.0,14305051000.0,14317846000.0,130123300419.0,30.0,28.299,-3653899000.0,-5.883,1.0,11417128000.0,1.0,0.0,0.0,312140315000.0,299124689500.0,0.0,187006221000.0,,,185628384000.0,,,26364647419.0,375892000.0,0.0,-1096298000.0,2945204000.0,-360939000.0,17743369000.0,-14265873000.0,-13563940000.0,-3101604000.0,0.0,2674846000.0,2674846000.0,2674846000.0,0.0,0.0,0.234,7082993000.0,4334135000.0,8187605000.0,0.136,1.841,9.857,9.604,1625456000.0,0.0,42.45,2.309,2.309,0.0,12151691000.0,11417128000.0,11417128000.0,0.0,0.014,0.187,0.014,0.38,150562000.0,5664801000.0,1.0,621075322.0,621075322.0,,18.383,199946230000.0,0.0,1659289000.0,4935763000.0,321.936,
6,CFC,MRT,2006-09-30,2006-09-30,2006-09-30,2020-09-14,14878000.0,193194572000.0,185214115250.0,,,0.061,24.671,-546709000.0,1583722000.0,1583722000.0,0.0,2692160000.0,,11.795,105342375000.0,,,105342375000.0,0.0,934247000.0,55895651000.0,0.017,0.6,4361808000.0,5296055000.0,0.471,5296055000.0,4361808000.0,4361808000.0,4.46,4.32,4.46,15099148000.0,13929554500.0,15099148000.0,133764368407.0,31.0,25.257,3076885000.0,5.027,1.0,11250921000.0,1.0,0.0,0.0,296953225000.0,292188449000.0,0.0,181425526000.0,,,178095424000.0,,,21445121407.0,95141000.0,0.0,283722000.0,-4082859000.0,-363231000.0,14076231000.0,-17604684000.0,-17001127000.0,3623594000.0,0.0,2692160000.0,2692160000.0,2692160000.0,0.0,0.0,0.239,6889113000.0,4361808000.0,8526122000.0,0.135,1.42,7.966,7.857,1569894000.0,0.0,35.04,1.906,1.906,0.0,11617537000.0,11250921000.0,11250921000.0,0.0,0.015,0.193,0.015,0.388,134129000.0,5608464000.0,1.0,612018305.0,612018305.0,,18.383,193194572000.0,0.0,1669648000.0,4935590000.0,315.668,
7,CFC,MRT,2006-06-30,2006-06-30,2006-06-30,2020-09-14,-63840000.0,194984463000.0,179738731000.0,,,0.062,23.53,-494743000.0,2369346000.0,2369346000.0,0.0,2678481000.0,,12.638,114688593000.0,,,114688593000.0,0.0,1575568000.0,50552049000.0,0.016,0.6,4377274000.0,5952842000.0,0.534,5952842000.0,4377274000.0,4377274000.0,4.47,4.32,4.47,14296957000.0,13214546500.0,14296957000.0,125647440263.0,29.0,21.107,-6440561000.0,-10.6,1.0,11140044000.0,1.0,0.0,0.0,307303710000.0,287737481000.0,0.0,182756587000.0,,,180687506000.0,,,23137988263.0,1452775000.0,0.0,243557000.0,11274789000.0,-360640000.0,31193022000.0,-23794429000.0,-23186218000.0,-5945818000.0,0.0,2678481000.0,2678481000.0,2678481000.0,0.0,0.0,0.24,6762770000.0,4377274000.0,7742575000.0,0.134,1.618,8.638,8.519,1469203000.0,0.0,38.08,2.077,2.077,0.0,11061826000.0,11140044000.0,11140044000.0,0.0,0.015,0.203,0.015,0.393,102884000.0,5415989000.0,1.0,607615238.0,607615238.0,,18.334,194984463000.0,0.0,1698793000.0,4626962000.0,320.901,
8,CFC,MRT,2006-03-31,2006-03-31,2006-03-31,2020-09-14,-26403000.0,177592056000.0,170647070500.0,,,0.061,22.399,-440873000.0,2644621000.0,2644621000.0,0.0,2522749000.0,,12.149,105154073000.0,,,105154073000.0,0.0,2074674000.0,45377942000.0,0.016,0.6,4118132000.0,6192806000.0,0.593,6192806000.0,4118132000.0,4118132000.0,4.24,4.09,4.24,13506253000.0,12554215750.0,13506253000.0,131439905482.0,32.0,21.225,-8110913000.0,-13.451,1.0,10447771000.0,1.0,0.0,0.0,280101508000.0,276211324500.0,0.0,165048131000.0,,,164085803000.0,,,22129922482.0,1891366000.0,0.0,241247000.0,17034123000.0,-357615000.0,36712877000.0,-27151471000.0,-26501663000.0,-7670040000.0,0.0,2522749000.0,2522749000.0,2522749000.0,0.0,0.0,0.241,6329639000.0,4118132000.0,5920045000.0,0.142,1.638,8.772,8.656,1338293000.0,0.0,36.7,2.118,2.118,0.0,10430962000.0,10447771000.0,10447771000.0,0.0,0.015,0.201,0.015,0.394,53381000.0,5074411000.0,1.0,602995163.0,602995163.0,,17.326,177592056000.0,0.0,1595383000.0,4240615000.0,294.517,
9,CFC,MRT,2005-12-31,2005-12-31,2005-12-31,2020-09-14,61114000.0,175085370000.0,160507316750.0,,,0.062,21.433,-475907000.0,1031108000.0,1031108000.0,0.0,2528090000.0,,12.662,110341091000.0,,,110341091000.0,0.0,2531455000.0,39438916000.0,0.017,0.59,4147766000.0,6679221000.0,0.667,6679221000.0,4147766000.0,4147766000.0,4.28,4.11,4.28,12815860000.0,11915664250.0,12815860000.0,128300019907.0,31.0,19.209,-11714784000.0,-19.592,1.0,10016708000.0,1.0,0.0,0.0,284395353000.0,262389320250.0,0.0,164845130000.0,,,162269510000.0,,,20443701907.0,279871000.0,0.0,213303000.0,34422344000.0,-349017000.0,53813749000.0,-42295001000.0,-41516653000.0,-11238877000.0,0.0,2528090000.0,2528090000.0,2528090000.0,0.0,0.0,0.252,5868942000.0,4147766000.0,6358158000.0,0.138,1.595,8.087,7.988,1279659000.0,0.0,34.19,2.041,2.041,0.0,9770719000.0,10016708000.0,10016708000.0,0.0,0.016,0.212,0.016,0.414,39909000.0,4724346000.0,1.0,597943899.0,597943899.0,,16.752,175085370000.0,0.0,1619676000.0,3846174000.0,292.812,
10,CFC,MRT,2005-09-30,2005-09-30,2005-09-30,2020-09-14,100050000.0,171293035000.0,148859900500.0,,,0.063,20.584,-468936000.0,1488581000.0,1488581000.0,0.0,2259030000.0,,12.996,109344899000.0,,,109344899000.0,0.0,2392957000.0,37798722000.0,0.017,0.56,3777093000.0,6170050000.0,0.653,6170050000.0,3777093000.0,3777093000.0,3.84,3.69,3.84,12239116000.0,11289218250.0,12239116000.0,122191295566.0,32.0,19.804,-16567405000.0,-27.863,1.0,9441606000.0,1.0,0.0,0.0,279149353000.0,244996297500.0,0.0,161191348000.0,,,159053919000.0,,,19610032566.0,802523000.0,0.0,188533000.0,37546851000.0,-328970000.0,56608419000.0,-39707427000.0,-41574299000.0,-16098469000.0,0.0,2259030000.0,2259030000.0,2259030000.0,0.0,0.0,0.239,5664513000.0,3777093000.0,8389148000.0,0.146,1.602,8.681,8.589,1218559000.0,0.0,32.98,2.077,2.077,0.0,9221543000.0,9441606000.0,9441606000.0,0.0,0.015,0.2,0.015,0.4,-14337000.0,4064523000.0,1.0,594603777.0,594603777.0,,15.879,171293035000.0,0.0,1518063000.0,3521150000.0,288.079,
11,CFC,MRT,2005-06-30,2005-06-30,2005-06-30,2020-09-14,142964000.0,158617821000.0,135714763500.0,,,0.065,19.833,-431746000.0,916571000.0,916571000.0,0.0,2123216000.0,,12.609,103497834000.0,,,103497834000.0,0.0,2117452000.0,30613784000.0,0.013,0.51,3512592000.0,5630044000.0,0.637,5630044000.0,3512592000.0,3512592000.0,3.65,3.47,3.65,11655634000.0,10698630750.0,11655634000.0,110471125108.0,31.0,19.622,-15684917000.0,-26.689,1.0,8839491000.0,1.0,0.0,0.0,261199084000.0,224455387750.0,0.0,150293434000.0,,,146962187000.0,,,22690675109.0,256789000.0,0.0,167784000.0,31239198000.0,-296053000.0,46397637000.0,-30887677000.0,-31880780000.0,-15253171000.0,0.0,2123216000.0,2123216000.0,2123216000.0,0.0,0.0,0.24,5326899000.0,3512592000.0,9573861000.0,0.14,1.947,10.687,10.578,1155712000.0,0.0,38.61,2.567,2.567,0.0,8676920000.0,8839491000.0,8839491000.0,0.0,0.016,0.198,0.016,0.397,-3132000.0,4006839000.0,1.0,587689073.0,587689073.0,,15.041,158617821000.0,0.0,1389376000.0,3276708000.0,269.901,
12,CFC,MRT,2005-03-31,2005-03-31,2005-03-31,2020-09-14,72672000.0,137033041000.0,125113005500.0,,,0.072,18.739,-362915000.0,766049000.0,766049000.0,0.0,2343237000.0,,11.512,88546499000.0,,,88546499000.0,0.0,2162300000.0,25679739000.0,0.013,0.435,3862187000.0,6024487000.0,0.669,6024487000.0,3862187000.0,3862187000.0,4.1,3.84,4.1,10952047000.0,10130689750.0,10952047000.0,105296601181.0,27.0,17.478,-7008236000.0,-11.991,1.0,9006294000.0,1.0,0.0,0.0,224813491000.0,208121988750.0,0.0,129721593000.0,,,126080994000.0,,,18971224181.0,-441852000.0,0.0,117297000.0,15415645000.0,-250303000.0,28847240000.0,-22643771000.0,-22677952000.0,-6645321000.0,0.0,2343237000.0,2343237000.0,2343237000.0,0.0,0.0,0.26,5144107000.0,3862187000.0,8886722000.0,0.106,1.732,8.096,7.917,1093265000.0,0.0,32.46,2.106,2.106,0.0,8198763000.0,9006294000.0,9006294000.0,0.0,0.019,0.231,0.019,0.429,19407000.0,3984462000.0,1.0,584449297.0,584449297.0,,15.41,137033041000.0,0.0,1518950000.0,2968034000.0,234.465,
13,CFC,MRT,2004-12-31,2004-12-31,2004-12-31,2020-09-14,118943000.0,128495705000.0,118541608250.0,,,0.072,17.763,-341738000.0,751237000.0,751237000.0,0.0,2197574000.0,,11.463,87078794000.0,,,87078794000.0,0.0,2091616000.0,20013208000.0,0.01,0.368,3595873000.0,5687489000.0,0.664,5687489000.0,3595873000.0,3595873000.0,3.9,3.63,3.9,10310076000.0,9552233750.0,10310076000.0,85165741430.0,24.0,14.974,-5361191000.0,-9.237,1.0,8566627000.0,1.0,0.0,0.0,214823262000.0,199209926000.0,0.0,121150168000.0,,,118185629000.0,,,21481283430.0,125054000.0,0.0,111176000.0,4240684000.0,-209362000.0,14916164000.0,-9771657000.0,-9044460000.0,-5019453000.0,0.0,2197574000.0,2197574000.0,2197574000.0,0.0,0.0,0.257,4970754000.0,3595873000.0,5594764000.0,0.094,2.084,9.775,9.49,985350000.0,0.0,37.01,2.508,2.508,0.0,7591646000.0,8566627000.0,8566627000.0,0.0,0.019,0.23,0.018,0.42,32776000.0,3952008000.0,1.0,580418358.0,580418358.0,,14.759,128495705000.0,0.0,1398299000.0,2586243000.0,221.385,
14,CFC,MRT,2004-09-30,2004-09-30,2004-09-30,2020-09-14,61179000.0,118712487000.0,110912100250.0,,,0.077,17.54,-303695000.0,595261000.0,595261000.0,0.0,2391470000.0,,11.019,78868488000.0,,,78868488000.0,0.0,3589802000.0,18732698000.0,0.008,0.298,3880326000.0,7470128000.0,0.875,7470128000.0,3880326000.0,3880326000.0,4.28,3.92,4.28,9876766000.0,8995893750.0,9876766000.0,89254891757.0,23.0,11.948,-3004749000.0,-5.336,1.0,8533403000.0,1.0,0.0,0.0,196985714000.0,187830630250.0,0.0,110312882000.0,,,108835721000.0,,,22180511757.0,130893000.0,0.0,146246000.0,4960184000.0,-168002000.0,14510559000.0,-11678612000.0,-13370078000.0,-2701054000.0,0.0,2391470000.0,2391470000.0,2391470000.0,0.0,0.0,0.28,4653077000.0,3880326000.0,8447667000.0,0.07,2.246,9.275,9.203,917180000.0,0.0,39.39,2.599,2.599,0.0,7291483000.0,8533403000.0,8533403000.0,0.0,0.022,0.266,0.021,0.455,134390000.0,4708309000.0,1.0,563100070.0,563100070.0,,15.154,118712487000.0,0.0,1488856000.0,2786868000.0,210.82,
15,CFC,MRT,2004-06-30,2004-06-30,2004-06-30,2020-09-14,66377000.0,116210789000.0,104340763500.0,,,0.091,16.794,-321239000.0,680910000.0,680910000.0,0.0,3108405000.0,,11.384,80335609000.0,,,80335609000.0,0.0,3181776000.0,15470280000.0,0.007,0.233,5052766000.0,8234542000.0,0.864,8234542000.0,5052766000.0,5052766000.0,5.63,5.24,5.63,9383870000.0,8404825500.0,9383870000.0,87278364998.0,17.0,10.599,10088026000.0,18.054,1.0,9532995000.0,1.0,0.0,0.0,195865488000.0,178243927750.0,0.0,107095882000.0,,,106826919000.0,,,19626657998.0,61056000.0,0.0,209299000.0,4551078000.0,-130402000.0,12049483000.0,-22397692000.0,-23085279000.0,10409265000.0,0.0,3108405000.0,3108405000.0,3108405000.0,0.0,0.0,0.326,4480229000.0,5052766000.0,8342002000.0,0.041,2.092,6.314,6.239,881042000.0,0.0,35.125,2.059,2.059,0.0,6849757000.0,9532995000.0,9532995000.0,0.0,0.03,0.37,0.028,0.53,166322000.0,4374238000.0,1.0,558766064.0,558766064.0,,17.061,116210789000.0,0.0,1944361000.0,2679028000.0,207.978,
16,CFC,MRT,2004-03-31,2004-03-31,2004-03-31,2020-09-14,149439000.0,110747452000.0,98234457750.0,,,0.087,15.506,-310347000.0,1202391000.0,1202391000.0,0.0,2589848000.0,,11.821,79620179000.0,,,79620179000.0,0.0,2601752000.0,12225440000.0,0.006,0.191,4203887000.0,6805639000.0,0.801,6805639000.0,4203887000.0,4203887000.0,4.725,4.43,4.725,8638223000.0,7657682000.0,8638223000.0,89109044599.0,21.0,13.093,-1704815000.0,-3.06,1.0,8500839000.0,1.0,0.0,0.0,189165240000.0,168242456500.0,0.0,102961793000.0,,,102109229000.0,,,17808518599.0,809703000.0,0.0,463842000.0,19752270000.0,-105166000.0,27196733000.0,-24992562000.0,-25014813000.0,-1394468000.0,0.0,2589848000.0,2589848000.0,2589848000.0,0.0,0.0,0.305,4296952000.0,4203887000.0,7765896000.0,0.04,2.062,6.876,6.765,849877000.0,0.0,31.967,2.095,2.095,0.0,6105829000.0,8500839000.0,8500839000.0,0.0,0.026,0.338,0.025,0.495,133257000.0,4063231000.0,1.0,557096457.0,557096457.0,,15.259,110747452000.0,0.0,1614039000.0,2497714000.0,198.794,
17,CFC,MRT,2003-12-31,2003-12-31,2003-12-31,2020-09-14,164526000.0,97977673000.0,88950351000.0,,,0.09,14.637,-260639000.0,633467000.0,633467000.0,0.0,2372950000.0,,11.119,71961873000.0,,,71961873000.0,0.0,2179328000.0,9327671000.0,0.006,0.148,3845772000.0,6025100000.0,0.755,6025100000.0,3845772000.0,3845772000.0,4.44,4.18,4.44,8084716000.0,6915644500.0,8084716000.0,80177206794.0,21.0,13.307,-10812338000.0,-19.575,1.0,7978642000.0,1.0,0.0,0.0,169306079000.0,152409546750.0,0.0,91559882000.0,,,89892957000.0,,,13965442794.0,16028000.0,0.0,542075000.0,28888106000.0,-80376000.0,36063205000.0,-25495478000.0,-25185232000.0,-10551699000.0,0.0,2372950000.0,2372950000.0,2372950000.0,0.0,0.0,0.297,4132870000.0,3845772000.0,6248624000.0,0.033,1.727,5.885,5.694,755276000.0,0.0,25.283,1.75,1.75,0.0,5603434000.0,7978642000.0,7978642000.0,0.0,0.027,0.343,0.025,0.482,111207000.0,3772824000.0,1.0,552357731.0,552357731.0,,14.445,97977673000.0,0.0,1472822000.0,2354789000.0,177.381,
18,CFC,MRT,2003-09-30,2003-09-30,2003-09-30,2020-09-14,212166000.0,92427140000.0,78963628500.0,,,0.091,13.811,-263463000.0,693767000.0,693767000.0,0.0,2064096000.0,,11.17,66905531000.0,,,66905531000.0,0.0,1376649000.0,9160567000.0,0.007,0.128,3327229000.0,4703878000.0,0.656,4703878000.0,3327229000.0,3327229000.0,3.882,3.702,3.882,7512493000.0,6184748750.0,7512493000.0,74719367584.0,22.0,15.885,-15954402000.0,-29.33,1.0,7171193000.0,1.0,0.0,0.0,158638904000.0,135044559500.0,0.0,83708578000.0,,,83914647000.0,,,10645330584.0,49717000.0,0.0,498427000.0,36292317000.0,-66836000.0,43276503000.0,-27535847000.0,-20120321000.0,-15690939000.0,0.0,2064096000.0,2064096000.0,2064096000.0,0.0,0.0,0.288,3843964000.0,3327229000.0,6321423000.0,0.033,1.417,5.157,5.041,717370000.0,0.0,19.57,1.484,1.484,0.0,5068015000.0,7171193000.0,7171193000.0,0.0,0.026,0.334,0.025,0.464,75064000.0,3058216000.0,1.0,543960316.0,543960316.0,,13.183,92427140000.0,0.0,1263133000.0,2527126000.0,169.915,
19,CFC,MRT,2003-06-30,2003-06-30,2003-06-30,2020-09-14,277787000.0,91785566000.0,67159393750.0,,,0.079,12.241,-222517000.0,707228000.0,707228000.0,0.0,1077577000.0,,13.196,64781265000.0,,,64781265000.0,0.0,1354699000.0,8050772000.0,0.007,0.12,1731820000.0,3086519000.0,0.585,3086519000.0,1731820000.0,1731820000.0,2.107,2.007,2.107,6395296000.0,5532565750.0,6395296000.0,61309543354.0,35.0,19.864,-24612808000.0,-47.109,1.0,5272807000.0,1.0,0.0,0.0,155859603000.0,113865108000.0,0.0,84459762000.0,,,84390270000.0,,,9086967354.0,-424014000.0,0.0,461209000.0,38133933000.0,-61404000.0,44622035000.0,-20655758000.0,-14108434000.0,-24390291000.0,0.0,1077577000.0,1077577000.0,1077577000.0,0.0,0.0,0.204,3540987000.0,1731820000.0,10256519000.0,0.057,1.421,8.433,8.255,656282000.0,0.0,17.393,1.723,1.723,0.0,3986693000.0,5272807000.0,5272807000.0,0.0,0.016,0.195,0.015,0.328,21999000.0,2816072000.0,1.0,522463502.0,522463502.0,,10.092,91785566000.0,0.0,654243000.0,2301714000.0,175.678,
20,CFC,MRT,2003-03-31,2003-03-31,2003-03-31,2020-09-14,254507000.0,73611025000.0,54682471000.0,,,0.088,11.041,-234688000.0,446306000.0,446306000.0,0.0,1000511000.0,,11.894,52668882000.0,,,52668882000.0,0.0,1348324000.0,5639653000.0,0.008,0.113,1601497000.0,2949821000.0,0.611,2949821000.0,1601497000.0,1601497000.0,1.987,1.897,1.987,5670073000.0,5092903500.0,5670073000.0,49113288254.0,31.0,16.65,-16522239000.0,-32.173,1.0,4828539000.0,1.0,0.0,0.0,125833601000.0,92287549750.0,0.0,68606661000.0,,,67440952000.0,,,7382118254.0,-1724412000.0,0.0,218729000.0,23817103000.0,-59171000.0,27384565000.0,-12821426000.0,-7686333000.0,-16287551000.0,0.0,1000511000.0,1000511000.0,1000511000.0,0.0,0.0,0.207,3227042000.0,1601497000.0,7517337000.0,0.057,1.302,7.378,7.235,628737000.0,0.0,14.375,1.529,1.529,0.0,3621147000.0,4828539000.0,4828539000.0,0.0,0.018,0.196,0.017,0.332,21999000.0,2551237000.0,1.0,513537232.0,513537232.0,,9.403,73611025000.0,0.0,600986000.0,2115080000.0,143.341,
21,CFC,MRT,2002-12-31,2002-12-31,2002-12-31,2020-09-14,186799000.0,58030783000.0,46933315250.0,,,0.091,10.21,-189554000.0,613280000.0,613280000.0,0.0,841779000.0,,10.147,42428627000.0,,,42428627000.0,0.0,1342084000.0,3114271000.0,0.008,0.108,1343023000.0,2685107000.0,0.626,2685107000.0,1343023000.0,1343023000.0,1.69,1.62,1.69,5161133000.0,4725844500.0,5161133000.0,35238420677.0,26.0,13.124,-4236592000.0,-8.381,1.0,4291667000.0,1.0,0.0,0.0,99846130000.0,78105222000.0,0.0,52089434000.0,,,52369650000.0,,,6527523677.0,117866000.0,0.0,113859000.0,15524713000.0,-56106000.0,18021257000.0,-13856353000.0,-9230471000.0,-4047038000.0,0.0,841779000.0,841779000.0,841779000.0,0.0,0.0,0.196,2948644000.0,1343023000.0,5342442000.0,0.064,1.265,7.754,7.641,576688000.0,0.0,12.913,1.521,1.521,0.0,3310860000.0,4291667000.0,4291667000.0,0.0,0.018,0.178,0.017,0.313,21999000.0,2307319000.0,1.0,505518568.0,505518568.0,,8.49,58030783000.0,0.0,501244000.0,1984310000.0,114.795,
22,CFC,MRT,2002-09-30,2002-09-30,2002-09-30,2020-09-14,184647000.0,45210201000.0,41729820500.0,,,,9.762,,508573000.0,508573000.0,,,,8.118,29219470000.0,,,29219470000.0,0.0,,3107972000.0,0.009,0.103,,,,,,,,,,4903761000.0,4457471750.0,4903761000.0,33592935236.0,,,,,1.0,,,0.0,,73921098000.0,68976000750.0,0.0,27994556000.0,,,39806440000.0,,,5921440236.0,,,,,,,,,,,,,,,,,,,3919160000.0,,1.208,,,548874000.0,,11.788,,,0.0,3070755000.0,,,,,,,,,,1.0,502347840.0,502347840.0,,,45210201000.0,0.0,,1964857000.0,89.998,
23,CFC,MRT,2002-06-30,2002-06-30,2002-06-30,2020-09-14,183677000.0,41877875000.0,,,,,9.379,,1025865000.0,1025865000.0,,,,7.924,28697360000.0,,,28697360000.0,0.0,,2462475000.0,0.008,0.1,,,,,,,,,,4636647000.0,,4636647000.0,32453201199.0,,,,,1.0,,,0.0,,69549370000.0,,0.0,22384043000.0,,,36741228000.0,,,5963313199.0,,,,,,,,,,,,,,,,,,,2931305000.0,,1.286,,,503341000.0,,12.063,,,0.0,2855581000.0,,,,,,,,,,1.0,494366704.0,494366704.0,,,41877875000.0,0.0,,1844652000.0,84.71,
24,CFC,MRT,2002-03-31,2002-03-31,2002-03-31,2020-09-14,-4717000.0,42614402000.0,,,,,8.56,,2112941000.0,2112941000.0,,,,9.023,28602829000.0,,,28602829000.0,0.0,,2231749000.0,0.009,0.1,,,,,,,,,,4201837000.0,,4201837000.0,29428093940.0,,,,,1.0,,,0.0,,69104290000.0,,0.0,27057314000.0,,,37912565000.0,,,5488327940.0,,,,,,,,,,,,,,,,,,,4916858000.0,,1.306,,,458641000.0,,11.18,,,0.0,2679807000.0,,,,,,,,,,1.0,490887457.0,490887457.0,,,42614402000.0,0.0,,1623777000.0,86.811,
25,CFC,MRT,2001-12-31,2001-12-31,2001-12-31,2020-09-14,49467000.0,37216804000.0,,,,,,,495414000.0,495414000.0,,,,7.982,26607855000.0,,,26607855000.0,0.0,,675480000.0,,,,,,,,,,,,4087642000.0,,4087642000.0,26154704015.0,,,,,1.0,,,0.0,,63329245000.0,,0.0,28018555000.0,,,32629162000.0,,,5004476014.0,,,,,,,,,,,,,,,,,,,4030573000.0,,1.224,,,447022000.0,,10.236,,,0.0,2525187000.0,,,,,,,,,,1.0,488908386.0,,,,37216804000.0,0.0,,1815254000.0,,
26,CFC,MRT,2001-09-30,2001-08-31,2001-08-31,2020-09-14,79535000.0,31134650000.0,25266730250.0,,,0.1,8.179,-78528000.0,333771000.0,333771000.0,0.0,471943000.0,,6.862,21483999000.0,,,21483999000.0,0.0,71249000.0,0.0,0.01,0.1,748211000.0,819460000.0,0.325,819460000.0,748211000.0,748211000.0,1.005,0.963,1.005,3896780000.0,3562513750.0,3896780000.0,22741990744.0,30.0,27.752,-5127277000.0,-10.762,1.0,2522428000.0,1.0,0.0,0.0,52284878000.0,42398834500.0,0.0,25315165000.0,,,26737870000.0,,,4939740743.0,272693000.0,0.0,268061000.0,9657257000.0,-45414000.0,9879904000.0,-4558462000.0,-2108374000.0,-5048749000.0,0.0,471943000.0,471943000.0,471943000.0,0.0,0.0,0.187,1774217000.0,748211000.0,0.0,0.1,1.268,10.467,10.317,429826000.0,0.0,10.368,1.958,1.958,0.0,2322493000.0,2522428000.0,2522428000.0,0.0,0.019,0.132,0.018,0.297,0.0,1396526000.0,1.0,476421285.0,476421285.0,,5.295,31134650000.0,0.0,276268000.0,1696264000.0,65.351,
27,CFC,MRT,2001-06-30,2001-05-31,2001-05-31,2020-09-14,46572000.0,26177297000.0,22046632250.0,,,0.104,7.569,-42339000.0,235978000.0,235978000.0,0.0,413744000.0,,6.162,18038228000.0,,,18038228000.0,0.0,68188000.0,0.0,0.01,0.1,651517000.0,719705000.0,0.315,719705000.0,651517000.0,651517000.0,0.893,0.855,0.893,3585209000.0,3370493000.0,3585209000.0,19901188103.0,31.0,27.652,-2519148000.0,-5.318,1.0,2284302000.0,1.0,0.0,0.0,43979547000.0,36888382750.0,0.0,22051389000.0,,,22092088000.0,,,4583663103.0,5750000.0,0.0,139959000.0,5426121000.0,-45694000.0,5520386000.0,-3037827000.0,-854669000.0,-2476809000.0,0.0,413744000.0,413744000.0,413744000.0,0.0,0.0,0.181,1632785000.0,651517000.0,0.0,0.112,1.278,11.079,10.836,399446000.0,0.0,9.676,2.007,2.007,0.0,2184565000.0,2284302000.0,2284302000.0,0.0,0.019,0.123,0.018,0.285,0.0,1272187000.0,1.0,473696552.0,473696552.0,,4.822,26177297000.0,0.0,237773000.0,1572782000.0,55.262,
28,CFC,MRT,2001-03-31,2001-02-28,2001-02-28,2020-09-14,173249000.0,22955507000.0,20112330500.0,,,0.103,7.644,-38721000.0,136146000.0,136146000.0,0.0,374153000.0,,5.309,15444021000.0,,,15444021000.0,0.0,70736000.0,0.0,0.009,0.1,586035000.0,656771000.0,0.317,656771000.0,586035000.0,586035000.0,0.815,0.785,0.815,3559264000.0,3209480250.0,3559264000.0,19413489352.0,33.0,29.559,-1811210000.0,-3.89,1.0,2073839000.0,1.0,0.0,0.0,38263382000.0,33598817250.0,0.0,15001636000.0,,,18896243000.0,,,5145425352.0,73211000.0,0.0,119266000.0,5161396000.0,-45906000.0,5234756000.0,-3389056000.0,-1564676000.0,-1772489000.0,0.0,374153000.0,374153000.0,374153000.0,0.0,0.0,0.18,1487804000.0,586035000.0,0.0,0.123,1.446,13.752,13.559,396943000.0,0.0,11.05,2.481,2.481,0.0,2072449000.0,2073839000.0,2073839000.0,0.0,0.019,0.117,0.017,0.283,0.0,1152886000.0,1.0,465628284.0,465628284.0,,4.454,22955507000.0,0.0,211882000.0,1570003000.0,49.3,
29,CFC,MRT,2000-12-31,2000-11-30,2000-11-30,2020-09-14,7955000.0,20799467000.0,18329035750.0,,,0.108,6.976,-103384000.0,121858000.0,121858000.0,0.0,369704000.0,,5.326,14389922000.0,,,14389922000.0,0.0,72929000.0,0.0,0.011,0.1,545156000.0,618085000.0,0.313,618085000.0,545156000.0,545156000.0,0.81,0.79,0.81,3208802000.0,3041634000.0,3208802000.0,16255450161.0,30.0,26.3,-2442507000.0,-5.31,1.0,1977447000.0,1.0,0.0,0.0,35067531000.0,30544237500.0,0.0,17551399000.0,,,17090665000.0,,,4266637161.0,-46600000.0,0.0,38499000.0,4395962000.0,-45485000.0,4388976000.0,-2096453000.0,-789471000.0,-2339123000.0,0.0,369704000.0,369704000.0,369704000.0,0.0,0.0,0.187,1432291000.0,545156000.0,0.0,0.123,1.33,11.541,11.451,401756000.0,0.0,9.275,2.158,2.158,0.0,1979957000.0,1977447000.0,1977447000.0,0.0,0.02,0.122,0.018,0.276,0.0,1059195000.0,1.0,459995942.0,459995942.0,,4.299,20799467000.0,0.0,175452000.0,1433661000.0,45.217,
30,CFC,MRT,2000-09-30,2000-08-31,2000-08-31,2020-09-14,26208000.0,18254258000.0,17021782750.0,,,0.111,6.85,-112485000.0,85255000.0,85255000.0,0.0,374855000.0,,4.675,12074068000.0,,,12074068000.0,0.0,68066000.0,0.0,0.011,0.1,560269000.0,628335000.0,0.331,628335000.0,560269000.0,560269000.0,0.825,0.808,0.825,3128697000.0,2935175500.0,3128697000.0,16702974647.0,30.0,26.583,2166949000.0,4.745,1.0,1895832000.0,1.0,0.0,0.0,30243071000.0,28144828750.0,0.0,15499767000.0,,,14625561000.0,,,4321779647.0,40276000.0,-403947000.0,31185000.0,637405000.0,-45383000.0,623207000.0,-2862365000.0,-1297754000.0,2279434000.0,0.0,374855000.0,374855000.0,374855000.0,0.0,0.0,0.198,1335563000.0,560269000.0,0.0,0.121,1.381,11.529,11.47,409288000.0,0.0,9.463,2.28,2.28,0.0,1895964000.0,1895832000.0,1895832000.0,0.0,0.022,0.128,0.02,0.296,0.0,1018364000.0,1.0,456714494.0,456714494.0,,4.151,18254258000.0,0.0,185414000.0,1391784000.0,39.969,
31,CFC,MRT,2000-06-30,2000-05-31,2000-05-31,2020-09-14,-68368000.0,18440090000.0,16516079500.0,,,0.113,6.445,-135207000.0,236833000.0,236833000.0,0.0,390323000.0,,5.1,12618028000.0,,,12618028000.0,0.0,70244000.0,0.0,0.013,0.1,592649000.0,662893000.0,0.354,662893000.0,592649000.0,592649000.0,0.86,0.843,0.86,2941158000.0,2827250000.0,2941158000.0,13728796430.0,23.0,20.71,2972165000.0,6.513,1.0,1870084000.0,1.0,0.0,0.0,30821285000.0,27462281500.0,0.0,15416739000.0,,,14998932000.0,,,3506061430.0,207041000.0,-403947000.0,22443000.0,176139000.0,-45093000.0,153489000.0,-3053820000.0,-1533439000.0,3107372000.0,0.0,390323000.0,390323000.0,390323000.0,0.0,0.0,0.209,1277435000.0,592649000.0,0.0,0.116,1.192,8.982,8.933,408661000.0,0.0,7.683,1.875,1.875,0.0,1816515000.0,1870084000.0,1870084000.0,0.0,0.024,0.138,0.022,0.317,0.0,1013363000.0,1.0,456362135.0,456362135.0,,4.098,18440090000.0,0.0,202326000.0,1295002000.0,40.407,
32,CFC,MRT,2000-03-31,2000-02-29,2000-02-29,2020-09-14,-33234000.0,15822328000.0,16247208750.0,,,0.116,6.371,-150537000.0,59890000.0,59890000.0,0.0,410243000.0,,4.306,10282625000.0,,,10282625000.0,0.0,65947000.0,0.0,0.016,0.1,631198000.0,697145000.0,0.369,697145000.0,631198000.0,631198000.0,0.908,0.88,0.908,2887879000.0,2747720500.0,2887879000.0,12723799159.0,20.0,18.251,3817063000.0,8.42,1.0,1888385000.0,1.0,0.0,0.0,26045063000.0,27100740000.0,0.0,13643478000.0,,,12434449000.0,,,2824358158.0,4187000.0,-403947000.0,16449000.0,-854525000.0,-45215000.0,-883291000.0,-3080122000.0,-1423345000.0,3967600000.0,0.0,410243000.0,410243000.0,410243000.0,0.0,0.0,0.217,1257187000.0,631198000.0,0.0,0.11,0.978,6.885,6.862,410899000.0,0.0,6.23,1.496,1.496,0.0,1744202000.0,1888385000.0,1888385000.0,0.0,0.025,0.149,0.023,0.334,0.0,1032713000.0,1.0,453316731.0,453316731.0,,4.166,15822328000.0,0.0,220955000.0,1272311000.0,34.903,
33,CFC,MRT,1999-12-31,1999-11-30,1999-11-30,2020-09-14,-48022000.0,15570455000.0,16203690750.0,,,0.113,6.148,-111982000.0,171503000.0,171503000.0,0.0,412045000.0,,4.415,10070944000.0,,,10070944000.0,0.0,53731000.0,0.0,0.014,0.095,675365000.0,729096000.0,0.398,729096000.0,675365000.0,675365000.0,0.913,0.88,0.913,2782968000.0,2655472000.0,2782968000.0,14462176064.0,21.0,19.836,3239285000.0,7.156,1.0,1830614000.0,1.0,0.0,0.0,25469896000.0,27095791000.0,0.0,8819126000.0,,,12287487000.0,,,3180739064.0,119173000.0,-403947000.0,29545000.0,-1152527000.0,-42882000.0,-1165864000.0,-2066230000.0,32181000.0,3351267000.0,0.0,412045000.0,412045000.0,412045000.0,0.0,0.0,0.225,1155249000.0,675365000.0,0.0,0.104,1.143,7.719,7.696,354470000.0,0.0,7.027,1.738,1.738,0.0,1655738000.0,1830614000.0,1830614000.0,0.0,0.025,0.155,0.025,0.369,0.0,1062686000.0,1.0,452658260.0,452658260.0,,4.044,15570455000.0,0.0,263320000.0,1291804000.0,34.398,
34,CFC,MRT,1999-09-30,1999-08-31,1999-08-31,2020-09-14,-40176000.0,16231445000.0,16361787750.0,,,0.116,5.97,-126024000.0,48024000.0,48024000.0,0.0,409452000.0,,4.833,11329461000.0,,,11329461000.0,0.0,53364000.0,0.0,0.011,0.09,671233000.0,724597000.0,0.381,724597000.0,671233000.0,671233000.0,0.91,0.873,0.91,2696995000.0,2564724000.0,2696995000.0,15650321095.0,23.0,21.599,-494380000.0,-1.094,1.0,1901750000.0,1.0,0.0,0.0,27512882000.0,27391668000.0,0.0,10740895000.0,,,13034450000.0,,,3639809095.0,15314000.0,0.0,43483000.0,2287496000.0,-40516000.0,2290463000.0,-1906793000.0,45320000.0,-368356000.0,0.0,409452000.0,409452000.0,409452000.0,0.0,0.0,0.215,1230517000.0,671233000.0,0.0,0.099,1.35,8.889,8.854,347292000.0,0.0,8.057,1.914,1.914,0.0,1566492000.0,1901750000.0,1901750000.0,0.0,0.025,0.16,0.025,0.353,0.0,1085875000.0,1.0,451734939.0,451734939.0,,4.21,16231445000.0,0.0,261781000.0,1211759000.0,35.931,
35,CFC,MRT,1999-06-30,1999-05-31,1999-05-31,2020-09-14,-16415000.0,17364607000.0,15866742250.0,,,0.119,5.816,-123528000.0,32837000.0,32837000.0,0.0,398026000.0,,5.429,12043349000.0,,,12043349000.0,0.0,51966000.0,0.0,0.008,0.085,652502000.0,704468000.0,0.372,704468000.0,652502000.0,652502000.0,0.89,0.848,0.89,2623040000.0,2476245750.0,2623040000.0,15010836260.0,23.0,21.308,-1403513000.0,-3.112,1.0,1892833000.0,1.0,0.0,0.0,29375119000.0,26325673500.0,0.0,11666405000.0,,,14241567000.0,,,4633825260.0,8032000.0,0.0,69535000.0,3219009000.0,-38104000.0,3250440000.0,-1962423000.0,76468000.0,-1279985000.0,0.0,398026000.0,398026000.0,398026000.0,0.0,0.0,0.21,1240331000.0,652502000.0,0.0,0.096,1.767,11.642,11.545,326528000.0,0.0,10.275,2.448,2.448,0.0,1471285000.0,1892833000.0,1892833000.0,0.0,0.025,0.161,0.025,0.345,0.0,1053947000.0,1.0,450991973.0,450991973.0,,4.197,17364607000.0,0.0,254476000.0,1159669000.0,38.503,
36,CFC,MRT,1999-03-31,1999-02-28,1999-02-28,2020-09-14,0.0,15648256000.0,14931014250.0,,,0.121,5.594,-119507000.0,58748000.0,58748000.0,0.0,385401000.0,,5.014,10435759000.0,,,10435759000.0,0.0,49210000.0,0.0,0.008,0.08,631805000.0,681015000.0,0.377,681015000.0,631805000.0,631805000.0,0.865,0.823,0.865,2518885000.0,2373354750.0,2518885000.0,14711318110.0,23.0,21.602,-927144000.0,-2.059,1.0,1804388000.0,1.0,0.0,0.0,26025267000.0,24594021500.0,0.0,13816258000.0,,,12629371000.0,,,4260757110.0,48041000.0,0.0,93361000.0,2779752000.0,-35648000.0,2837465000.0,-1981787000.0,35727000.0,-807637000.0,0.0,385401000.0,385401000.0,385401000.0,0.0,0.0,0.214,1172583000.0,631805000.0,0.0,0.092,1.692,11.055,10.94,311741000.0,0.0,9.463,2.361,2.361,0.0,1379174000.0,1804388000.0,1804388000.0,0.0,0.026,0.162,0.026,0.35,0.0,998771000.0,1.0,450265790.0,450265790.0,,4.007,15648256000.0,0.0,246404000.0,1092176000.0,34.753,
37,CFC,MRT,1998-12-31,1998-11-30,1998-11-30,2020-09-14,-11075000.0,16202843000.0,14064753000.0,,,0.132,5.408,-103457000.0,52330000.0,52330000.0,0.0,368904000.0,,5.489,10502891000.0,,,10502891000.0,0.0,53789000.0,0.0,0.006,0.08,604760000.0,658549000.0,0.355,658549000.0,604760000.0,604760000.0,0.835,0.795,0.835,2419976000.0,2265619250.0,2419976000.0,14531359579.0,24.0,22.066,-2096211000.0,-4.685,1.0,1856637000.0,1.0,0.0,0.0,26653404000.0,23124636000.0,0.0,11511745000.0,,,13282867000.0,,,5533718579.0,34892000.0,0.0,147775000.0,3470514000.0,-35333000.0,3582956000.0,-1555310000.0,304302000.0,-1992754000.0,0.0,368904000.0,368904000.0,368904000.0,0.0,0.0,0.199,1251877000.0,604760000.0,0.0,0.096,2.287,15.0,14.811,282097000.0,0.0,12.367,2.981,2.981,0.0,1286575000.0,1856637000.0,1856637000.0,0.0,0.026,0.163,0.026,0.326,0.0,920872000.0,1.0,447452293.0,447452293.0,,4.149,16202843000.0,0.0,235856000.0,1034079000.0,36.211,
38,CFC,MRT,1998-09-30,1998-08-31,1998-08-31,2020-09-14,23871000.0,14251263000.0,12842646000.0,,,0.134,5.275,-91642000.0,32710000.0,32710000.0,0.0,351116000.0,,4.869,9030351000.0,,,9030351000.0,0.0,48995000.0,0.0,0.009,0.08,575600000.0,624595000.0,0.364,624595000.0,575600000.0,575600000.0,0.803,0.763,0.803,2343082000.0,2142598250.0,2343082000.0,12981608552.0,23.0,20.784,-1398452000.0,-3.148,1.0,1717581000.0,1.0,0.0,0.0,23248904000.0,21184141250.0,0.0,9383666000.0,,,11408181000.0,,,4154792552.0,15134000.0,0.0,146041000.0,2715037000.0,-35016000.0,2826062000.0,-1504118000.0,122423000.0,-1306810000.0,0.0,351116000.0,351116000.0,351116000.0,0.0,0.0,0.204,1141981000.0,575600000.0,0.0,0.1,1.773,11.833,11.648,260031000.0,0.0,9.353,2.419,2.419,0.0,1197556000.0,1717581000.0,1717581000.0,0.0,0.027,0.164,0.027,0.335,0.0,825637000.0,1.0,444198938.0,444198938.0,,3.867,14251263000.0,0.0,224484000.0,998298000.0,32.083,
39,CFC,MRT,1998-06-30,1998-05-31,1998-05-31,2020-09-14,11662000.0,13621695000.0,,,,,5.019,-80421000.0,24805000.0,24805000.0,0.0,365768000.0,,4.933,8851621000.0,,,8851621000.0,0.0,46702000.0,0.0,0.007,0.08,599620000.0,646322000.0,0.394,646322000.0,599620000.0,599620000.0,0.845,0.805,0.845,2211476000.0,,2211476000.0,13055738909.0,22.0,20.2,-1200897000.0,-2.726,1.0,1640580000.0,1.0,0.0,0.0,22448511000.0,,0.0,9891419000.0,,,10910219000.0,,,5091224909.0,2506000.0,0.0,139627000.0,2161603000.0,-34705000.0,2466525000.0,-1343543000.0,81366000.0,-1120476000.0,0.0,365768000.0,365768000.0,365768000.0,0.0,0.0,0.223,1040960000.0,599620000.0,0.0,0.095,2.302,13.919,13.675,240084000.0,0.0,11.555,3.103,3.103,0.0,1111363000.0,1640580000.0,1640580000.0,0.0,,,,0.365,0.0,736228000.0,1.0,440601090.0,440601090.0,,3.724,13621695000.0,0.0,233852000.0,934265000.0,30.916,
40,CFC,MRT,1998-03-31,1998-02-28,1998-02-28,2020-09-14,3697000.0,12183211000.0,9936150500.0,,,0.152,4.809,-70896000.0,10707000.0,10707000.0,0.0,344983000.0,,4.596,7975221000.0,,,7975221000.0,0.0,44930000.0,0.0,0.007,0.08,565546000.0,610476000.0,0.405,610476000.0,565546000.0,565546000.0,0.803,0.773,0.803,2087943000.0,1849737000.0,2087943000.0,12397342607.0,22.0,20.308,-2526664000.0,-5.819,1.0,1508960000.0,1.0,0.0,0.0,20147725000.0,16415935000.0,0.0,8904201000.0,,,9595268000.0,,,4820332607.0,-7562000.0,0.0,126309000.0,3304425000.0,-34391000.0,3596343000.0,-1148137000.0,72747000.0,-2455768000.0,0.0,344983000.0,344983000.0,344983000.0,0.0,0.0,0.229,943414000.0,565546000.0,0.0,0.1,2.309,13.973,13.826,226330000.0,0.0,11.102,3.194,3.194,0.0,1029421000.0,1508960000.0,1508960000.0,0.0,0.035,0.187,0.034,0.375,0.0,648976000.0,1.0,434172671.0,434172671.0,,3.475,12183211000.0,0.0,220563000.0,873084000.0,28.061,
41,CFC,MRT,1997-12-31,1997-11-30,1997-11-30,2020-09-14,-6462000.0,11314415000.0,,,,,4.258,-60451000.0,17438000.0,17438000.0,0.0,328183000.0,,4.609,7594448000.0,,,7594448000.0,0.0,43376000.0,0.0,0.008,0.08,538005000.0,581381000.0,0.417,581381000.0,538005000.0,538005000.0,0.785,0.748,0.785,1927892000.0,,1927892000.0,,,,-886455000.0,-1.958,1.0,1395777000.0,1.0,0.0,0.0,18891425000.0,,0.0,7927236000.0,,,8886523000.0,,,4440674657.0,2603000.0,0.0,104101000.0,1589292000.0,-34067000.0,1859326000.0,-1030719000.0,27001000.0,-826004000.0,0.0,328183000.0,328183000.0,328183000.0,0.0,0.0,0.235,857772000.0,538005000.0,447949000.0,0.102,2.303,13.531,13.029,216779000.0,0.0,10.228,3.182,3.318,1745250000.0,953004000.0,1395777000.0,1395777000.0,0.0,,,,0.385,0.0,580528000.0,1.0,434172671.0,452802868.0,,3.083,11314415000.0,0.0,209822000.0,817152000.0,24.988,
42,CFC,MRT,1997-09-30,1997-08-31,1997-08-31,2020-09-14,,,,,,,,,,,0.0,313935000.0,,,,,,,,,,0.01,0.08,514647000.0,,,,514647000.0,514647000.0,0.753,0.725,0.753,,,,,,,,,1.0,1302166000.0,1.0,,0.0,,,,,,,,,,,,,,,,,,,,,313935000.0,313935000.0,313935000.0,0.0,0.0,0.241,787519000.0,514647000.0,,0.106,,,11.177,,0.0,8.417,,,,,1302166000.0,1302166000.0,0.0,,,,0.395,,523507000.0,1.0,,,,,,,200712000.0,,,
43,CFC,MRT,1997-06-30,1997-05-31,1997-05-31,2020-09-14,,,,,,,,,,,,,,,,,,,,,,0.012,0.08,,,,,,,,,,,,,,,,,,1.0,,,,,,,,,,,,,,,,,,,,,,,,,,,,,,,,,,,,,,,,6.715,,,,,,,,,,,,,,1.0,,,,,,,,,,
44,CFC,MRT,1997-03-31,1997-02-28,1997-02-28,2020-09-14,-30545000.0,7689090000.0,,,,,,-77294000.0,18269000.0,18269000.0,0.0,257358000.0,,3.585,5013324000.0,,,5013324000.0,0.0,40378000.0,0.0,0.011,0.08,421898000.0,462276000.0,0.416,462276000.0,421898000.0,421898000.0,0.625,0.61,0.625,1611531000.0,,1611531000.0,,,,1882351000.0,,1.0,1112462000.0,1.0,0.0,0.0,12684145000.0,,0.0,5603798000.0,,,5777559000.0,,,,1825000.0,0.0,84831000.0,-1100457000.0,-32989000.0,-1048615000.0,-909205000.0,27001000.0,1959645000.0,0.0,257358000.0,257358000.0,257358000.0,0.0,0.0,0.231,690564000.0,421898000.0,0.0,0.128,,,11.643,190104000.0,0.0,7.277,,,0.0,718829000.0,1112462000.0,1112462000.0,0.0,,,,0.379,0.0,451016000.0,1.0,,,,,7689090000.0,0.0,164540000.0,635643000.0,,
45,CFC,MRT,1996-12-31,1996-11-30,1996-11-30,2020-09-14,,,,,,,,,,,,,,,,,,,,,,0.011,0.08,,,,,,,,,,,,,,,,,,1.0,,,,,,,,,,,,,,,,,,,,,,,,,,,,,,,,,,,,,,,,7.214,,,,,,,,,,,,,,1.0,,427374932.0,,,,,,,,
46,CFC,MRT,1996-03-31,1996-02-28,1996-02-28,2020-09-14,,,,,,,,-19003000.0,,,0.0,195720000.0,,,,,,,,30545000.0,,0.015,0.08,326200000.0,356745000.0,0.414,356745000.0,326200000.0,326200000.0,0.498,0.488,0.498,,,,,,,-1483342000.0,,1.0,860742000.0,1.0,,0.0,,,,,,,,,,,-1180000.0,0.0,210475000.0,2172227000.0,-30961000.0,2351741000.0,-888582000.0,0.0,-1464339000.0,0.0,195720000.0,195720000.0,195720000.0,0.0,0.0,0.227,534542000.0,326200000.0,,0.161,,,10.849,,0.0,5.403,,,,,860742000.0,860742000.0,0.0,,,,0.379,0.0,363081000.0,1.0,,,,,,,130480000.0,,,
