None,ticker,dimension,calendardate,datekey,reportperiod,lastupdated,accoci,assets,assetsavg,assetsc,assetsnc,assetturnover,bvps,capex,cashneq,cashnequsd,cor,consolinc,currentratio,de,debt,debtc,debtnc,debtusd,deferredrev,depamor,deposits,divyield,dps,ebit,ebitda,ebitdamargin,ebitdausd,ebitusd,ebt,eps,epsdil,epsusd,equity,equityavg,equityusd,ev,evebit,evebitda,fcf,fcfps,fxusd,gp,grossmargin,intangibles,intexp,invcap,invcapavg,inventory,investments,investmentsc,investmentsnc,liabilities,liabilitiesc,liabilitiesnc,marketcap,ncf,ncfbus,ncfcommon,ncfdebt,ncfdiv,ncff,ncfi,ncfinv,ncfo,ncfx,netinc,netinccmn,netinccmnusd,netincdis,netincnci,netmargin,opex,opinc,payables,payoutratio,pb,pe,pe1,ppnenet,prefdivis,price,ps,ps1,receivables,retearn,revenue,revenueusd,rnd,roa,roe,roic,ros,sbcomp,sgna,sharefactor,sharesbas,shareswa,shareswadil,sps,tangibles,taxassets,taxexp,taxliabilities,tbvps,workingcapital
0,RTN,ARY,2019-12-31,2020-02-12,2019-12-31,2020-04-01,-9260000000.0,34566000000.0,32786250000,13082000000,21484000000.0,0.89,43.898,-982000000.0,4292000000,4292000000,21413000000.0,3329000000.0,1.336,1.828,5466000000,1499000000,3967000000,5466000000,0.0,605000000.0,0.0,0.016,3.77,4181000000.0,4786000000.0,0.164,4786000000.0,4181000000.0,4001000000.0,11.94,11.93,11.94,12223000000,12279250000,12223000000,65148604160,16.0,13.612,3498000000.0,12.563,1.0,7763000000.0,0.266,14882000000.0,180000000.0,11067000000.0,12414500000,671000000,0.0,0,0,22343000000.0,9791000000,12552000000.0,63974604160,674000000.0,-8000000.0,-869000000.0,-300000000.0,-1036000000.0,-2803000000.0,-1003000000.0,0.0,4480000000.0,0.0,3343000000.0,3343000000.0,3343000000.0,-1000000.0,-14000000.0,0.115,2989000000.0,4774000000.0,1796000000,0.316,5.234,19.137,19.243,4228000000,0.0,229.76,2.193,2.193,1364000000,21480000000.0,29176000000.0,29176000000.0,0.0,0.102,0.272,0.337,0.143,184000000.0,2989000000.0,1.0,278441000,278441000,,104.783,19684000000.0,0,658000000.0,0,70.694,3291000000
1,RTN,ARY,2018-12-31,2019-02-13,2018-12-31,2020-04-01,-8618000000.0,31864000000.0,30808250000,12136000000,19728000000.0,0.878,40.646,-819000000.0,3608000000,3608000000,19573000000.0,2882000000.0,1.464,1.778,5055000000,300000000,4755000000,5055000000,0.0,568000000.0,0.0,0.019,3.471,3357000000.0,3925000000.0,0.145,3925000000.0,3357000000.0,3173000000.0,10.16,10.15,10.16,11472000000,10906500000,11472000000,52515324660,16.0,13.38,2609000000.0,9.244,1.0,7485000000.0,0.277,14864000000.0,184000000.0,10159000000.0,10804000000,758000000,0.0,0,0,20392000000.0,8288000000,12104000000.0,51068324660,509000000.0,11000000.0,-1418000000.0,0.0,-975000000.0,-2398000000.0,-521000000.0,309000000.0,3428000000.0,0.0,2909000000.0,2909000000.0,2909000000.0,1000000.0,-27000000.0,0.108,2947000000.0,4538000000.0,1964000000,0.342,4.452,17.555,17.809,2840000000,0.0,180.94,1.887,1.887,1648000000,20087000000.0,27058000000.0,27058000000.0,0.0,0.094,0.267,0.311,0.124,165000000.0,2947000000.0,1.0,282239000,282239000,,95.869,17000000000.0,0,264000000.0,0,60.233,3848000000
2,RTN,ARY,2017-12-31,2018-02-14,2017-12-31,2020-04-01,-7935000000.0,30860000000.0,30309000000,11326000000,19534000000.0,0.836,34.533,-565000000.0,3103000000,3103000000,19076000000.0,2001000000.0,1.541,2.097,5050000000,300000000,4750000000,5050000000,0.0,550000000.0,0.0,0.015,3.192,3343000000.0,3893000000.0,0.154,3893000000.0,3343000000.0,3138000000.0,6.96,6.95,6.96,9963000000,10504750000,9963000000,63277605480,19.0,16.254,2180000000.0,7.556,1.0,6272000000.0,0.247,14871000000.0,205000000.0,10588000000.0,11454250000,594000000,297000000.0,297000000,0,20897000000.0,7348000000,13549000000.0,61330605480,-188000000.0,-93000000.0,-885000000.0,-291000000.0,-910000000.0,-2116000000.0,-817000000.0,-179000000.0,2745000000.0,0.0,2024000000.0,2024000000.0,2024000000.0,-2000000.0,-23000000.0,0.08,2954000000.0,3318000000.0,1519000000,0.459,6.156,30.302,30.543,2439000000,0.0,212.58,2.42,2.42,1324000000,17895000000.0,25348000000.0,25348000000.0,0.0,0.067,0.193,0.292,0.132,173000000.0,2954000000.0,1.0,288506000,288506000,,87.86,15989000000.0,0,1114000000.0,0,55.42,3978000000
3,RTN,ARY,2016-12-31,2017-02-15,2016-12-31,2020-04-01,-7411000000.0,30052000000.0,29357750000,10678000000,19374000000.0,0.82,34.369,-591000000.0,3303000000,3303000000,17947000000.0,2174000000.0,1.661,1.985,5335000000,0,5335000000,5335000000,2239000000.0,515000000.0,0.0,0.019,2.93,3300000000.0,3815000000.0,0.159,3815000000.0,3300000000.0,3068000000.0,7.45,7.44,7.45,10066000000,10243250000,10066000000,46538044800,14.0,12.199,2261000000.0,7.72,1.0,6122000000.0,0.254,14788000000.0,232000000.0,10869000000.0,11454500000,659000000,100000000.0,100000000,0,19986000000.0,6427000000,13559000000.0,44506044800,975000000.0,-57000000.0,-996000000.0,0.0,-850000000.0,-1930000000.0,53000000.0,712000000.0,2852000000.0,0.0,2211000000.0,2211000000.0,2211000000.0,-1000000.0,-37000000.0,0.092,2882000000.0,3240000000.0,1520000000,0.393,4.421,20.129,20.397,2166000000,0.0,151.96,1.849,1.849,6202000000,17474000000.0,24069000000.0,24069000000.0,0.0,0.075,0.216,0.288,0.137,151000000.0,2882000000.0,1.0,292880000,292880000,,82.18,15264000000.0,0,857000000.0,0,52.117,4251000000
4,RTN,ARY,2015-12-31,2016-02-10,2015-12-31,2020-04-01,-7176000000.0,29281000000.0,28691250000,9812000000,19469000000.0,0.81,33.873,-398000000.0,2328000000,2328000000,17574000000.0,2067000000.0,1.602,1.871,5330000000,0,5330000000,5330000000,2193000000.0,489000000.0,0.0,0.021,2.68,3040000000.0,3529000000.0,0.152,3529000000.0,3040000000.0,2807000000.0,6.81,6.8,6.81,10128000000,10009750000,10128000000,40846176860,13.0,11.574,1961000000.0,6.559,1.0,5673000000.0,0.244,14731000000.0,233000000.0,11426000000.0,11423250000,635000000,872000000.0,872000000,0,18951000000.0,6126000000,12825000000.0,37844176860,-894000000.0,-1954000000.0,-1099000000.0,0.0,-797000000.0,-1509000000.0,-1744000000.0,610000000.0,2359000000.0,0.0,2074000000.0,2074000000.0,2074000000.0,-13000000.0,-7000000.0,0.089,2660000000.0,3013000000.0,1402000000,0.394,3.737,18.247,18.586,2005000000,0.0,126.57,1.628,1.628,5564000000,16903000000.0,23247000000.0,23247000000.0,0.0,0.072,0.207,0.266,0.131,93000000.0,2660000000.0,1.0,298998000,298998000,,77.75,14550000000.0,0,733000000.0,0,48.663,3686000000
5,RTN,ARY,2014-12-31,2015-02-11,2014-12-31,2020-04-01,-7458000000.0,27900000000.0,26782000000,10292000000,17608000000.0,0.852,30.993,-371000000.0,3222000000,3222000000,17295000000.0,2258000000.0,1.736,1.909,5330000000,0,5330000000,5330000000,2284000000.0,439000000.0,0.0,0.023,2.42,3247000000.0,3686000000.0,0.161,3686000000.0,3247000000.0,3034000000.0,7.19,7.18,7.19,9525000000,11113750000,9525000000,35037659450,11.0,9.506,1813000000.0,5.899,1.0,5531000000.0,0.242,13061000000.0,213000000.0,11017000000.0,9850000000,414000000,1497000000.0,1497000000,0,18179000000.0,5930000000,12249000000.0,32929659450,-74000000.0,-427000000.0,-838000000.0,592000000.0,-735000000.0,-936000000.0,-1322000000.0,-509000000.0,2184000000.0,0.0,2244000000.0,2244000000.0,2244000000.0,-65000000.0,14000000.0,0.098,2352000000.0,3179000000.0,1250000000,0.337,3.457,14.675,14.903,1935000000,0.0,107.15,1.443,1.443,4985000000,15671000000.0,22826000000.0,22826000000.0,0.0,0.084,0.202,0.33,0.142,101000000.0,2352000000.0,1.0,307323000,307323000,,74.274,14839000000.0,0,790000000.0,0,48.285,4362000000
6,RTN,ARY,2013-12-31,2014-02-11,2013-12-31,2020-04-01,-5113000000.0,25967000000.0,26452000000,9816000000,16151000000.0,0.896,35.086,-327000000.0,3296000000,3296000000,18532000000.0,2013000000.0,1.69,1.338,4734000000,0,4734000000,4734000000,2350000000.0,445000000.0,0.0,0.023,2.2,3014000000.0,3459000000.0,0.146,3459000000.0,3014000000.0,2804000000.0,6.17,6.16,6.17,11035000000,9183500000,11035000000,31093053610,10.0,8.989,2051000000.0,6.521,1.0,5174000000.0,0.218,12764000000.0,210000000.0,8831000000.0,9766500000,363000000,1001000000.0,1001000000,0,14770000000.0,5810000000,8960000000.0,29655053610,108000000.0,-9000000.0,-1099000000.0,0.0,-694000000.0,-1797000000.0,-473000000.0,-137000000.0,2378000000.0,0.0,1996000000.0,1996000000.0,1996000000.0,-64000000.0,17000000.0,0.084,2236000000.0,2938000000.0,1178000000,0.357,2.687,14.857,15.282,1937000000,0.0,94.29,1.251,1.251,4870000000,14173000000.0,23706000000.0,23706000000.0,0.0,0.075,0.217,0.309,0.127,113000000.0,2236000000.0,1.0,314509000,314509000,,75.375,13203000000.0,90000000,808000000.0,323000000,41.98,4006000000
7,RTN,ARY,2012-12-31,2013-02-13,2012-12-31,2020-04-01,-7788000000.0,26686000000.0,25772000000,9246000000,17440000000.0,0.947,24.593,-369000000.0,3188000000,3188000000,19092000000.0,1900000000.0,1.567,2.305,4731000000,0,4731000000,4731000000,2398000000.0,455000000.0,0.0,0.037,2.0,2967000000.0,3422000000.0,0.14,3422000000.0,2967000000.0,2766000000.0,5.67,5.65,5.67,8026000000,8516250000,8026000000,19156379350,6.0,5.598,1588000000.0,4.866,1.0,5322000000.0,0.218,12756000000.0,201000000.0,9571000000.0,9102000000,381000000,856000000.0,856000000,0,18496000000.0,5902000000,12594000000.0,17613379350,-812000000.0,-301000000.0,-731000000.0,122000000.0,-643000000.0,-1246000000.0,-1523000000.0,-850000000.0,1957000000.0,0.0,1888000000.0,1888000000.0,1888000000.0,1000000.0,12000000.0,0.077,2333000000.0,2989000000.0,1348000000,0.353,2.195,9.329,9.519,1986000000,0.0,53.97,0.721,0.721,4543000000,12883000000.0,24414000000.0,24414000000.0,704000000.0,0.073,0.222,0.326,0.122,109000000.0,1629000000.0,1.0,326355000,326355000,,74.808,13930000000.0,1463000000,878000000.0,9000000,42.684,3344000000
8,RTN,ARY,2011-12-31,2012-02-22,2011-12-31,2020-04-01,-7001000000.0,25854000000.0,24650750000,9309000000,16545000000.0,1.008,24.071,-405000000.0,4000000000,4000000000,19697000000.0,1896000000.0,1.519,2.141,4605000000,0,4605000000,4605000000,2542000000.0,447000000.0,0.0,0.034,1.72,2831000000.0,3278000000.0,0.132,3278000000.0,2831000000.0,2659000000.0,5.3,5.28,5.3,8181000000,9635750000,8181000000,17738149160,6.0,5.411,1702000000.0,5.008,1.0,5160000000.0,0.208,12544000000.0,172000000.0,7785000000.0,7492250000,336000000,0.0,0,0,17514000000.0,6130000000,11384000000.0,17133149160,362000000.0,-645000000.0,-1105000000.0,992000000.0,-588000000.0,-694000000.0,-1051000000.0,0.0,2107000000.0,0.0,1866000000.0,1866000000.0,1866000000.0,1000000.0,30000000.0,0.075,2303000000.0,2857000000.0,1507000000,0.325,2.094,9.182,9.511,2006000000,0.0,50.41,0.689,0.689,4526000000,11656000000.0,24857000000.0,24857000000.0,625000000.0,0.076,0.194,0.378,0.114,88000000.0,1678000000.0,1.0,339876000,339876000,,73.135,13310000000.0,878000000,793000000.0,5000000,39.161,3179000000
9,RTN,ARY,2010-12-31,2011-02-23,2010-12-31,2020-04-01,-5146000000.0,24422000000.0,23588750000,8822000000,15600000000.0,1.068,27.117,-382000000.0,3638000000,3638000000,20303000000.0,1879000000.0,1.48,1.49,3610000000,0,3610000000,3610000000,2201000000.0,420000000.0,0.0,0.03,1.5,2555000000.0,2975000000.0,0.118,2975000000.0,2555000000.0,2429000000.0,4.94,4.88,4.94,9754000000,9961250000,9754000000,18255246020,7.0,6.136,1560000000.0,4.337,1.0,4880000000.0,0.194,12045000000.0,126000000.0,6389000000.0,6009500000,363000000,0.0,0,0,14532000000.0,5960000000,8572000000.0,18283246020,996000000.0,-152000000.0,-1178000000.0,1297000000.0,-536000000.0,-411000000.0,-535000000.0,0.0,1942000000.0,0.0,1840000000.0,1840000000.0,1840000000.0,-36000000.0,39000000.0,0.073,2273000000.0,2607000000.0,1538000000,0.304,1.874,9.937,10.289,2003000000,0.0,50.83,0.726,0.726,4414000000,10390000000.0,25183000000.0,25183000000.0,625000000.0,0.078,0.185,0.425,0.101,107000000.0,1648000000.0,1.0,359694000,359694000,,70.012,12377000000.0,372000000,589000000.0,147000000,34.41,2862000000
10,RTN,ARY,2009-12-31,2010-02-24,2009-12-31,2020-04-01,-4824000000.0,23607000000.0,23104000000,7868000000,15739000000.0,1.077,25.923,-346000000.0,2642000000,2642000000,19747000000.0,1976000000.0,1.425,1.391,2329000000,0,2329000000,2329000000,2224000000.0,402000000.0,0.0,0.022,1.24,3011000000.0,3413000000.0,0.137,3413000000.0,3011000000.0,2888000000.0,4.96,4.89,4.96,9827000000,9498500000,9827000000,20980092110,7.0,6.147,2379000000.0,6.276,1.0,5134000000.0,0.206,11922000000.0,123000000.0,5849000000.0,6193750000,344000000,0.0,0,0,13668000000.0,5523000000,8145000000.0,21293092110,383000000.0,-334000000.0,-1199000000.0,22000000.0,-473000000.0,-1650000000.0,-692000000.0,0.0,2725000000.0,0.0,1935000000.0,1935000000.0,1935000000.0,1000000.0,41000000.0,0.078,2092000000.0,3042000000.0,1397000000,0.25,2.167,11.004,11.325,2001000000,0.0,56.17,0.856,0.856,4493000000,9102000000.0,24881000000.0,24881000000.0,565000000.0,0.084,0.204,0.486,0.121,114000000.0,1527000000.0,1.0,379083000,379083000,,65.635,11685000000.0,709000000,953000000.0,23000000,30.824,2345000000
11,RTN,ARY,2008-12-31,2009-02-25,2008-12-31,2020-04-01,-5182000000.0,23296000000.0,23448250000,7417000000,15879000000.0,0.988,22.711,-364000000.0,2259000000,2259000000,18513000000.0,1672000000.0,1.44,1.564,2309000000,0,2309000000,2309000000,1970000000.0,390000000.0,0.0,0.026,1.12,2625000000.0,3015000000.0,0.13,3015000000.0,2625000000.0,2496000000.0,4.06,3.95,4.06,9087000000,11790500000,9087000000,17263119380,7.0,5.726,1651000000.0,4.126,1.0,4661000000.0,0.201,11662000000.0,129000000.0,6535000000.0,6740250000,325000000,0.0,0,0,14209000000.0,5149000000,9060000000.0,17213119380,-396000000.0,-45000000.0,-1587000000.0,0.0,-460000000.0,-1994000000.0,-417000000.0,0.0,2015000000.0,0.0,1672000000.0,1672000000.0,1672000000.0,2000000.0,0.0,0.072,2065000000.0,2596000000.0,1201000000,0.276,1.894,10.295,10.596,2024000000,0.0,43.02,0.743,0.743,3898000000,7646000000.0,23174000000.0,23174000000.0,517000000.0,0.071,0.142,0.389,0.113,-53000000.0,1548000000.0,1.0,400119000,400119000,,57.918,11634000000.0,1571000000,824000000.0,0,29.076,2268000000
12,RTN,ARY,2007-12-31,2008-02-27,2007-12-31,2020-04-01,-1956000000.0,23281000000.0,24036250000,7616000000,15665000000.0,0.886,29.415,-390000000.0,2655000000,2655000000,17037000000.0,2578000000.0,1.591,0.856,2268000000,0,2268000000,2268000000,1845000000.0,372000000.0,0.0,0.015,1.02,3306000000.0,3678000000.0,0.173,3678000000.0,3306000000.0,3110000000.0,5.95,5.79,5.95,12542000000,11976500000,12542000000,27933558120,8.0,7.595,808000000.0,1.895,1.0,4264000000.0,0.2,11627000000.0,196000000.0,6479000000.0,7430500000,386000000,0.0,0,0,10739000000.0,4788000000,5951000000.0,28320558120,195000000.0,2932000000.0,-1401000000.0,-1724000000.0,-440000000.0,-3510000000.0,2507000000.0,0.0,1198000000.0,0.0,2578000000.0,2578000000.0,2578000000.0,-885000000.0,0.0,0.121,1936000000.0,2328000000.0,1141000000,0.171,2.258,10.985,11.163,2058000000,0.0,66.42,1.33,1.33,3947000000,6452000000.0,21301000000.0,21301000000.0,502000000.0,0.107,0.215,0.445,0.155,-55000000.0,1434000000.0,1.0,426386000,426386000,,49.957,11654000000.0,432000000,532000000.0,451000000,27.332,2828000000
13,RTN,ARY,2006-12-31,2007-02-22,2006-12-31,2020-04-01,-2514000000.0,25491000000.0,24822000000,9517000000,15974000000.0,0.817,24.879,-369000000.0,2460000000,2460000000,16565000000.0,1283000000.0,1.417,1.296,3965000000,687000000,3278000000,3965000000,1962000000.0,373000000.0,0.0,0.017,0.96,2137000000.0,2510000000.0,0.124,2510000000.0,2137000000.0,1864000000.0,2.9,2.85,2.9,11101000000,11194500000,11101000000,26103620090,12.0,10.4,2374000000.0,5.321,1.0,3726000000.0,0.184,11539000000.0,273000000.0,8742000000.0,10102250000,487000000,0.0,0,0,14390000000.0,6715000000,7675000000.0,24598620090,1258000000.0,-34000000.0,-183000000.0,-462000000.0,-420000000.0,-1034000000.0,-451000000.0,0.0,2743000000.0,0.0,1283000000.0,1283000000.0,1283000000.0,-176000000.0,0.0,0.063,1886000000.0,1840000000.0,920000000,0.331,2.216,19.173,19.01,2131000000,0.0,55.13,1.212,1.212,3778000000,4329000000.0,20291000000.0,20291000000.0,464000000.0,0.052,0.115,0.212,0.105,0.0,1422000000.0,1.0,446193000,446193000,,45.476,13952000000.0,446000000,581000000.0,0,31.269,2802000000
14,RTN,ARY,2005-12-31,2006-03-02,2005-12-31,2020-04-01,-1950000000.0,24381000000.0,24256000000,7567000000,16814000000.0,0.903,24.005,-399000000.0,1202000000,1202000000,18230000000.0,871000000.0,1.283,1.277,4456000000,487000000,3969000000,4456000000,2012000000.0,444000000.0,0.0,0.02,0.88,1681000000.0,2125000000.0,0.097,2125000000.0,1681000000.0,1369000000.0,1.95,1.92,1.95,10709000000,10576250000,10709000000,22874137700,14.0,10.764,2116000000.0,4.743,1.0,3664000000.0,0.167,11554000000.0,312000000.0,10181000000.0,11054000000,1722000000,0.0,0,0,13672000000.0,5900000000,7772000000.0,19620137700,646000000.0,-47000000.0,-368000000.0,-678000000.0,-387000000.0,-1433000000.0,-436000000.0,0.0,2515000000.0,0.0,871000000.0,871000000.0,871000000.0,71000000.0,0.0,0.04,1977000000.0,1687000000.0,962000000,0.451,1.832,22.526,22.554,2675000000,0.0,43.98,0.896,0.896,3894000000,3475000000.0,21894000000.0,21894000000.0,503000000.0,0.036,0.082,0.152,0.077,0.0,1474000000.0,1.0,446115000,446115000,,49.077,12827000000.0,435000000,498000000.0,125000000,28.753,1667000000
15,RTN,ARY,2004-12-31,2005-03-15,2004-12-31,2020-04-01,-1919000000.0,24153000000.0,24054000000,7124000000,17029000000.0,0.842,23.286,-466000000.0,556000000,556000000,16933000000.0,417000000.0,1.262,1.289,5153000000,516000000,4637000000,5153000000,1900000000.0,434000000.0,0.0,0.047,1.831,975000000.0,1409000000.0,0.07,1409000000.0,975000000.0,557000000.0,0.95,0.94,0.95,10551000000,9985000000,10551000000,22145408080,23.0,15.717,1605000000.0,3.542,1.0,3312000000.0,0.164,11516000000.0,418000000.0,11590000000.0,13432750000,1745000000,0.0,0,0,13602000000.0,5644000000,7958000000.0,17548408080,-105000000.0,-65000000.0,959000000.0,-2254000000.0,-349000000.0,-1644000000.0,-532000000.0,0.0,2071000000.0,0.0,417000000.0,417000000.0,417000000.0,63000000.0,0.0,0.021,1924000000.0,1388000000.0,867000000,1.927,1.663,42.083,40.768,2738000000,0.0,38.73,0.867,0.867,3992000000,2998000000.0,20245000000.0,20245000000.0,491000000.0,0.017,0.042,0.073,0.048,0.0,1433000000.0,1.0,453096000,453096000,,44.681,12637000000.0,540000000,140000000.0,0,27.89,1480000000
16,RTN,ARY,2003-12-31,2004-03-15,2003-12-31,2020-04-01,-2194000000.0,23668000000.0,24017250000,6585000000,17083000000.0,0.754,21.912,-501000000.0,661000000,661000000,15000000000.0,365000000.0,1.711,1.583,7391000000,15000000,7376000000,7391000000,0.0,393000000.0,0.0,0.026,0.8,1129000000.0,1522000000.0,0.084,1522000000.0,1129000000.0,592000000.0,0.88,0.88,0.88,9162000000,9070750000,9162000000,19382795360,17.0,12.735,1068000000.0,2.554,1.0,3109000000.0,0.172,11479000000.0,537000000.0,15070000000.0,15379500000,1998000000,0.0,0,0,14506000000.0,3849000000,10657000000.0,12652795360,117000000.0,51000000.0,87000000.0,-965000000.0,-331000000.0,-1209000000.0,-243000000.0,340000000.0,1569000000.0,0.0,365000000.0,365000000.0,365000000.0,170000000.0,0.0,0.02,1793000000.0,1316000000.0,833000000,0.909,1.381,34.665,34.386,2711000000,0.0,30.26,0.699,0.699,3247000000,2937000000.0,18109000000.0,18109000000.0,487000000.0,0.015,0.04,0.073,0.062,0.0,1306000000.0,1.0,418136000,418136000,,43.309,12189000000.0,803000000,227000000.0,0,29.151,2736000000
17,RTN,ARY,2002-12-31,2003-03-24,2002-12-31,2020-04-01,-2180000000.0,23946000000.0,24953000000,7190000000,16756000000.0,0.672,21.704,-585000000.0,544000000,544000000,13358000000.0,-640000000.0,1.408,1.7,7433000000,1153000000,6280000000,7433000000,0.0,364000000.0,0.0,0.029,0.8,176000000.0,540000000.0,0.032,540000000.0,176000000.0,-321000000.0,-1.59,-1.57,-1.59,8870000000,10307500000,8870000000,18205155370,103.0,33.713,454000000.0,1.111,1.0,3402000000.0,0.203,11170000000.0,497000000.0,14558000000.0,14740750000,2032000000,0.0,0,0,15076000000.0,5107000000,9969000000.0,11316155370,-670000000.0,1156000000.0,222000000.0,-891000000.0,-321000000.0,-990000000.0,-719000000.0,-359000000.0,1039000000.0,0.0,-640000000.0,-640000000.0,-640000000.0,887000000.0,0.0,-0.038,1648000000.0,1754000000.0,776000000,-0.503,1.276,-17.681,-17.415,2396000000,0.0,27.69,0.675,0.675,3691000000,2904000000.0,16760000000.0,16760000000.0,449000000.0,-0.026,-0.062,0.012,0.011,0.0,1199000000.0,1.0,408673000,408673000,,41.011,12776000000.0,882000000,319000000.0,0,31.262,2083000000
18,RTN,ARY,2001-12-31,2002-03-19,2001-12-31,2020-04-01,-212000000.0,26636000000.0,26670250000,8362000000,18274000000.0,0.632,28.457,-632000000.0,1214000000,1214000000,14401000000.0,-763000000.0,1.454,1.359,8239000000,1364000000,6875000000,8239000000,0.0,729000000.0,0.0,0.019,0.8,9000000.0,738000000.0,0.044,738000000.0,9000000.0,-651000000.0,-2.14,-2.11,-2.14,11290000000,10848000000,11290000000,23489876000,2610.0,31.829,-499000000.0,-1.258,1.0,2466000000.0,0.146,12298000000.0,660000000.0,15610000000.0,17038000000,2174000000,0.0,0,0,15346000000.0,5753000000,9593000000.0,16464876000,343000000.0,266000000.0,1413000000.0,-1712000000.0,-281000000.0,257000000.0,-47000000.0,-175000000.0,133000000.0,0.0,-763000000.0,-763000000.0,-763000000.0,0.0,0.0,-0.045,1707000000.0,759000000.0,937000000,-0.374,1.458,-21.579,-19.393,2353000000,0.0,41.5,0.976,0.976,3973000000,3776000000.0,16867000000.0,16867000000.0,475000000.0,-0.029,-0.07,0.001,0.001,0.0,1232000000.0,1.0,396744000,396744000,,42.514,14338000000.0,691000000,112000000.0,578000000,36.139,2609000000
19,RTN,ARY,2000-12-31,2001-03-05,2000-12-31,2020-04-01,-106000000.0,26777000000.0,26888250000,8013000000,18764000000.0,0.628,31.738,-391000000.0,871000000,871000000,13530000000.0,141000000.0,1.647,1.474,9931000000,877000000,9054000000,9931000000,0.0,694000000.0,0.0,0.025,0.8,1256000000.0,1950000000.0,0.115,1950000000.0,1256000000.0,520000000.0,0.42,0.41,0.42,10823000000,10739500000,10823000000,19784827400,16.0,10.146,569000000.0,1.669,1.0,3365000000.0,0.199,13281000000.0,736000000.0,17691000000.0,18012000000,1908000000,0.0,0,0,15954000000.0,4865000000,11089000000.0,10724827400,641000000.0,330000000.0,4000000.0,162000000.0,-272000000.0,-106000000.0,-213000000.0,-92000000.0,960000000.0,0.0,141000000.0,141000000.0,141000000.0,70000000.0,0.0,0.008,1740000000.0,1625000000.0,1099000000,1.905,0.991,76.063,74.881,2491000000,0.0,31.45,0.635,0.635,4566000000,4831000000.0,16895000000.0,16895000000.0,526000000.0,0.005,0.013,0.07,0.074,0.0,1214000000.0,1.0,341012000,341012000,,49.544,13496000000.0,476000000,379000000.0,773000000,39.576,3148000000
20,RTN,ARY,1999-12-31,2000-03-28,1999-12-31,2020-04-01,-69000000.0,28110000000.0,28407750000,8931000000,19179000000.0,0.698,32.457,-430000000.0,230000000,230000000,16256000000.0,404000000.0,1.133,1.565,9770000000,2472000000,7298000000,9770000000,0.0,724000000.0,0.0,0.042,0.6,1488000000.0,2212000000.0,0.111,2212000000.0,1488000000.0,775000000.0,1.2,1.19,1.2,10959000000,11026250000,10959000000,15911411759,11.0,7.193,-747000000.0,-2.212,1.0,3585000000.0,0.181,14034000000.0,713000000.0,15730000000.0,16546500000,1950000000,0.0,0,0,17151000000.0,7886000000,9265000000.0,6371411759,-191000000.0,267000000.0,14000000.0,781000000.0,-269000000.0,526000000.0,-400000000.0,-116000000.0,-317000000.0,0.0,404000000.0,404000000.0,404000000.0,0.0,0.0,0.02,2058000000.0,1527000000.0,1561000000,0.667,0.581,15.771,15.725,2417000000,0.0,18.87,0.321,0.321,6066000000,4963000000.0,19841000000.0,19841000000.0,508000000.0,0.014,0.037,0.09,0.075,0.0,1550000000.0,1.0,337647682,337647682,,58.762,14076000000.0,490000000,371000000.0,553000000,41.688,1045000000
21,RTN,ARY,1998-12-31,1999-03-30,1998-12-31,2020-04-01,-50000000.0,27939000000.0,28742500000,8637000000,19302000000.0,0.679,32.292,191000000.0,421000000,421000000,15248000000.0,864000000.0,1.293,1.574,8990000000,827000000,8163000000,8990000000,0.0,761000000.0,0.0,0.018,1.0,2206000000.0,2967000000.0,0.152,2967000000.0,2206000000.0,1467000000.0,2.56,2.53,2.56,10856000000,10669250000,10856000000,27691175782,13.0,9.333,1011000000.0,3.007,1.0,4282000000.0,0.219,14431000000.0,739000000.0,15397000000.0,25363500000,1711000000,0.0,0,0,17083000000.0,6680000000,10403000000.0,19122175782,125000000.0,652000000.0,-144000000.0,-1071000000.0,-271000000.0,-1486000000.0,791000000.0,0.0,820000000.0,0.0,864000000.0,864000000.0,864000000.0,0.0,0.0,0.044,2246000000.0,2036000000.0,2091000000,0.391,1.761,22.132,22.219,2275000000,0.0,56.88,0.979,0.979,618000000,4888000000.0,19530000000.0,19530000000.0,582000000.0,0.03,0.081,0.087,0.113,0.0,1664000000.0,1.0,336184525,336184525,,58.093,13508000000.0,809000000,603000000.0,561000000,40.18,1957000000
22,RTN,ARY,1997-12-31,1998-03-30,1997-12-31,2020-04-01,0.0,28598000000.0,19862038000,9233000000,19365000000.0,0.688,30.769,-390000000.0,0,0,10584000000.0,527000000.0,0.777,1.743,10062000000,5656000000,4406000000,10062000000,0.0,457000000.0,0.0,0.014,0.8,1187000000.0,1644000000.0,0.12,1644000000.0,1187000000.0,790000000.0,2.2,2.18,2.2,10425000000,6258830500,10425000000,30136597787,25.0,18.331,573000000.0,1.691,1.0,3089000000.0,0.226,0.0,397000000.0,26774000000.0,18398416500,1837000000,0.0,0,0,18173000000.0,11886000000,6287000000.0,20074597787,159000000.0,-2382000000.0,-50000000.0,2292000000.0,-189000000.0,2053000000.0,-2856000000.0,0.0,963000000.0,-1000000.0,527000000.0,527000000.0,527000000.0,0.0,0.0,0.039,2005000000.0,1084000000.0,1845000000,0.364,1.926,38.092,26.932,2891000000,0.0,59.25,1.468,1.468,0,4294000000.0,13673000000.0,13673000000.0,415000000.0,0.027,0.084,0.065,0.087,0.0,1095000000.0,1.0,338811777,338811777,,40.356,28598000000.0,1244000000,263000000.0,786000000,84.407,-2653000000
23,RTN,ARY,1996-12-31,1997-03-28,1996-12-31,2020-04-01,0.0,11126076000.0,11197658500,5603895000,5522181000.0,1.101,19.459,-414158000.0,138821000,138821000,9753970000.0,761151000.0,1.194,1.42,3727411000,2226935000,1500476000,3727411000,0.0,368923000.0,0.0,0.018,0.8,1339715000.0,1708638000.0,0.139,1708638000.0,1339715000.0,1083462000.0,3.21,3.16,3.21,4598010000,4432669250,4598010000,14280864269,11.0,8.358,-122863000.0,-0.52,1.0,2576568000.0,0.209,0.0,256253000.0,10022833000.0,8396825000,1590967000,0.0,0,0,6528066000.0,4691833000,1836233000.0,10692274269,-71235000.0,-517839000.0,-248494000.0,1011077000.0,-189574000.0,575189000.0,-937482000.0,0.0,291295000.0,-237000.0,761151000.0,761151000.0,761151000.0,0.0,0.0,0.062,1378398000.0,1198170000.0,1125881000,0.249,2.325,14.048,14.097,1802012000,0.0,45.25,0.867,0.867,808715000,4066275000.0,12330538000.0,12330538000.0,323271000.0,0.068,0.172,0.16,0.109,0.0,1021127000.0,1.0,236293354,236293354,,52.183,11126076000.0,246120000,322311000.0,85765000,47.086,912062000
24,RTN,ARY,1995-12-31,1996-03-20,1995-12-31,2020-04-01,0.0,9840944000.0,9480405250,5275218000,4565726000.0,1.236,17.873,-266756000.0,210284000,210284000,9101847000.0,792488000.0,1.429,1.293,2703774000,1216039000,1487735000,2703774000,0.0,371399000.0,0.0,0.014,0.75,1388310000.0,1759709000.0,0.15,1759709000.0,1388310000.0,1191683000.0,3.25,3.2,3.25,4291964000,4163937750,4291964000,15160950169,11.0,8.616,867413000.0,3.612,1.0,2613750000.0,0.223,0.0,196627000.0,8644011000.0,7911252000,1502983000,0.0,0,0,5548980000.0,3690423000,1858557000.0,12667460169,7676000.0,-1892322000.0,-260739000.0,1602905000.0,-182487000.0,1155067000.0,-2282292000.0,10160000.0,1134169000.0,732000.0,792488000.0,792488000.0,792488000.0,0.0,0.0,0.068,1526346000.0,1087404000.0,1041848000,0.231,2.951,15.984,16.231,1584035000,0.0,52.75,1.081,1.081,926800000,3787495000.0,11715597000.0,11715597000.0,315581000.0,0.084,0.19,0.175,0.119,0.0,1085765000.0,1.0,240141425,240141425,,48.786,9840944000.0,196711000,399195000.0,100797000,40.98,1584795000
0,RTN,ARQ,2019-12-31,2020-02-12,2019-12-31,2020-04-01,-9260000000.0,34566000000.0,,13082000000,21484000000.0,,43.898,-283000000.0,4292000000,4292000000,5832000000.0,881000000.0,1.336,1.828,5466000000,1499000000,3967000000,5466000000,0.0,159000000.0,0.0,0.016,0.943,1116000000.0,1275000000.0,0.163,1275000000.0,1116000000.0,1070000000.0,3.17,3.16,3.17,12223000000,,12223000000,65148604160,16.0,13.612,2508000000.0,9.007,1.0,2010000000.0,0.256,14882000000.0,46000000.0,11067000000.0,,671000000,0.0,0,0,22343000000.0,9791000000,12552000000.0,63974604160,1636000000.0,0.0,-2000000.0,0.0,-263000000.0,-858000000.0,-297000000.0,0.0,2791000000.0,0.0,885000000.0,885000000.0,885000000.0,-2000000.0,-4000000.0,0.113,731000000.0,1279000000.0,1796000000,0.297,5.234,19.137,19.243,4228000000,0.0,229.76,2.193,2.193,1364000000,21480000000.0,7842000000.0,7842000000.0,0.0,,,,,62000000.0,731000000.0,1.0,278441000,278441000,,28.164,19684000000.0,0,185000000.0,0,70.694,3291000000
1,RTN,ARQ,2019-09-30,2019-10-24,2019-09-29,2020-04-01,-8042000000.0,32817000000.0,,12029000000,20788000000.0,,46.618,-236000000.0,2646000000,2646000000,5499000000.0,860000000.0,1.539,1.528,5450000000,500000000,4950000000,5450000000,0.0,155000000.0,0.0,0.017,0.943,1080000000.0,1235000000.0,0.166,1235000000.0,1080000000.0,1035000000.0,3.08,3.08,3.08,12982000000,,12982000000,61621549590,15.0,13.283,1041000000.0,3.738,1.0,1947000000.0,0.261,14881000000.0,45000000.0,12925000000.0,,802000000,0.0,0,0,19835000000.0,7815000000,12020000000.0,58817549590,476000000.0,0.0,-1000000.0,-300000000.0,-263000000.0,-564000000.0,-237000000.0,0.0,1277000000.0,0.0,860000000.0,860000000.0,860000000.0,1000000.0,0.0,0.115,741000000.0,1206000000.0,1470000000,0.306,4.531,17.878,18.052,3958000000,0.0,211.21,2.05,2.05,1473000000,20987000000.0,7446000000.0,7446000000.0,0.0,,,,,31000000.0,741000000.0,1.0,278479000,278479000,,26.738,17936000000.0,0,175000000.0,0,64.407,4214000000
2,RTN,ARQ,2019-06-30,2019-07-25,2019-06-30,2020-04-01,-8182000000.0,32186000000.0,,11526000000,20660000000.0,,43.815,-179000000.0,2173000000,2173000000,5205000000.0,813000000.0,1.464,1.637,5777000000,800000000,4977000000,5777000000,0.0,151000000.0,0.0,0.019,0.943,1014000000.0,1165000000.0,0.163,1165000000.0,1014000000.0,969000000.0,2.92,2.92,2.92,12204000000,,12204000000,57258004420,16.0,13.533,644000000.0,2.312,1.0,1954000000.0,0.273,14882000000.0,45000000.0,13037000000.0,,932000000,0.0,0,0,19982000000.0,7871000000,12111000000.0,53654004420,81000000.0,0.0,-300000000.0,0.0,-265000000.0,-565000000.0,-177000000.0,0.0,823000000.0,0.0,817000000.0,817000000.0,817000000.0,0.0,-4000000.0,0.114,778000000.0,1176000000.0,1368000000,0.323,4.396,17.454,17.721,3870000000,0.0,192.63,1.913,1.913,1607000000,20383000000.0,7159000000.0,7159000000.0,0.0,,,,,32000000.0,778000000.0,1.0,278534000,278534000,,25.702,17304000000.0,0,152000000.0,0,62.125,3655000000
3,RTN,ARQ,2019-03-31,2019-04-25,2019-03-31,2020-04-01,-8399000000.0,31576000000.0,,10956000000,20620000000.0,,41.834,-284000000.0,2093000000,2093000000,4877000000.0,775000000.0,1.427,1.697,5708000000,800000000,4908000000,5708000000,0.0,140000000.0,0.0,0.02,0.942,971000000.0,1111000000.0,0.165,1111000000.0,971000000.0,927000000.0,2.77,2.77,2.77,11708000000,,11708000000,53255719270,15.0,13.027,-695000000.0,-2.483,1.0,1852000000.0,0.275,14882000000.0,44000000.0,12629000000.0,,882000000,0.0,0,0,19868000000.0,7680000000,12188000000.0,49640719270,-1519000000.0,-8000000.0,-566000000.0,0.0,-245000000.0,-816000000.0,-292000000.0,0.0,-411000000.0,0.0,781000000.0,781000000.0,781000000.0,0.0,-6000000.0,0.116,739000000.0,1113000000.0,1361000000,0.34,4.24,16.238,16.53,3715000000,0.0,177.37,1.804,1.804,1424000000,20104000000.0,6729000000.0,6729000000.0,0.0,,,,,59000000.0,739000000.0,1.0,279871000,279871000,,24.043,16694000000.0,0,146000000.0,0,59.649,3276000000
4,RTN,ARQ,2018-12-31,2019-02-13,2018-12-31,2020-04-01,-8618000000.0,31864000000.0,,12136000000,19728000000.0,,40.646,-231000000.0,3608000000,3608000000,5393000000.0,827000000.0,1.464,1.778,5055000000,300000000,4755000000,5055000000,0.0,151000000.0,0.0,0.019,0.868,977000000.0,1128000000.0,0.153,1128000000.0,977000000.0,931000000.0,2.93,2.92,2.93,11472000000,,11472000000,52515324660,16.0,13.38,2201000000.0,7.798,1.0,1967000000.0,0.267,14864000000.0,46000000.0,10159000000.0,,758000000,0.0,0,0,20392000000.0,8288000000,12104000000.0,51068324660,1539000000.0,0.0,-402000000.0,0.0,-247000000.0,-649000000.0,-244000000.0,0.0,2432000000.0,0.0,832000000.0,832000000.0,832000000.0,1000000.0,-5000000.0,0.113,753000000.0,1214000000.0,1964000000,0.296,4.452,17.555,17.809,2840000000,0.0,180.94,1.887,1.887,1648000000,20087000000.0,7360000000.0,7360000000.0,0.0,,,,,28000000.0,753000000.0,1.0,282239000,282239000,,26.077,17000000000.0,0,99000000.0,0,60.233,3848000000
5,RTN,ARQ,2018-09-30,2018-10-25,2018-09-30,2020-04-01,-8413000000.0,30134000000.0,,10635000000,19499000000.0,,39.743,-194000000.0,2073000000,2073000000,4871000000.0,641000000.0,1.486,1.664,5053000000,300000000,4753000000,5053000000,0.0,143000000.0,0.0,0.019,0.868,684000000.0,827000000.0,0.122,827000000.0,684000000.0,639000000.0,2.25,2.25,2.25,11310000000,,11310000000,53213532040,16.0,13.879,-638000000.0,-2.242,1.0,1935000000.0,0.284,14865000000.0,45000000.0,11093000000.0,,804000000,0.0,0,0,18824000000.0,7156000000,11668000000.0,50233532040,-1017000000.0,0.0,-125000000.0,0.0,-248000000.0,-373000000.0,-200000000.0,0.0,-444000000.0,0.0,644000000.0,644000000.0,644000000.0,0.0,-3000000.0,0.095,752000000.0,1183000000.0,1392000000,0.386,4.442,20.337,20.549,2639000000,0.0,176.52,1.897,1.897,1527000000,19720000000.0,6806000000.0,6806000000.0,0.0,,,,,36000000.0,752000000.0,1.0,284577000,284577000,,23.916,15269000000.0,0,-5000000.0,0,53.655,3479000000
6,RTN,ARQ,2018-06-30,2018-07-26,2018-07-01,2020-04-01,-8863000000.0,30738000000.0,,11315000000,19423000000.0,,37.184,-163000000.0,3094000000,3094000000,4777000000.0,791000000.0,1.613,1.898,5052000000,300000000,4752000000,5052000000,0.0,139000000.0,0.0,0.017,0.868,883000000.0,1022000000.0,0.154,1022000000.0,883000000.0,837000000.0,2.78,2.78,2.78,10607000000,,10607000000,56850581800,16.0,14.167,993000000.0,3.481,1.0,1848000000.0,0.279,14865000000.0,46000000.0,10814000000.0,,725000000,0.0,0,0,20131000000.0,7017000000,13114000000.0,54892581800,333000000.0,11000000.0,-419000000.0,0.0,-250000000.0,-669000000.0,-154000000.0,0.0,1156000000.0,0.0,800000000.0,800000000.0,800000000.0,-1000000.0,-9000000.0,0.121,748000000.0,1100000000.0,1380000000,0.312,5.175,22.891,23.156,2554000000,0.0,192.43,2.115,2.115,1317000000,19467000000.0,6625000000.0,6625000000.0,0.0,,,,,38000000.0,748000000.0,1.0,285260000,285260000,,23.224,15873000000.0,0,37000000.0,0,55.644,4298000000
7,RTN,ARQ,2018-03-31,2018-04-26,2018-04-01,2020-04-01,-9095000000.0,30497000000.0,,10960000000,19537000000.0,,35.638,-231000000.0,2748000000,2748000000,4532000000.0,623000000.0,1.617,1.979,5051000000,300000000,4751000000,5051000000,0.0,135000000.0,0.0,0.015,0.868,813000000.0,948000000.0,0.151,948000000.0,813000000.0,766000000.0,2.2,2.19,2.2,10237000000,,10237000000,62932857500,19.0,15.936,53000000.0,0.185,1.0,1735000000.0,0.277,14871000000.0,47000000.0,11150000000.0,,640000000,0.0,0,0,20260000000.0,6779000000,13481000000.0,60629857500,-346000000.0,0.0,-472000000.0,0.0,-230000000.0,-707000000.0,77000000.0,309000000.0,284000000.0,0.0,633000000.0,633000000.0,633000000.0,1000000.0,-10000000.0,0.101,694000000.0,1041000000.0,1255000000,0.395,5.923,28.187,28.408,2478000000,0.0,211.07,2.367,2.367,1639000000,19329000000.0,6267000000.0,6267000000.0,0.0,,,,,63000000.0,694000000.0,1.0,287250000,287250000,,21.817,15626000000.0,0,133000000.0,0,54.399,4181000000
8,RTN,ARQ,2017-12-31,2018-02-14,2017-12-31,2020-04-01,-7935000000.0,30860000000.0,,11326000000,19534000000.0,,34.533,-224000000.0,3103000000,3103000000,5171000000.0,387000000.0,1.541,2.097,5050000000,300000000,4750000000,5050000000,0.0,149000000.0,0.0,0.015,0.798,888000000.0,1037000000.0,0.153,1037000000.0,888000000.0,840000000.0,1.36,1.35,1.36,9963000000,,9963000000,63277605480,19.0,16.254,1399000000.0,4.849,1.0,1612000000.0,0.238,14871000000.0,48000000.0,10588000000.0,,594000000,297000000.0,297000000,0,20897000000.0,7348000000,13549000000.0,61330605480,792000000.0,0.0,-101000000.0,0.0,-231000000.0,-332000000.0,-499000000.0,-297000000.0,1623000000.0,0.0,393000000.0,393000000.0,393000000.0,0.0,-6000000.0,0.058,742000000.0,870000000.0,1519000000,0.587,6.156,30.302,30.543,2439000000,0.0,212.58,2.42,2.42,1324000000,17895000000.0,6783000000.0,6783000000.0,0.0,,,,,46000000.0,742000000.0,1.0,288506000,288506000,,23.511,15989000000.0,0,447000000.0,0,55.42,3978000000
9,RTN,ARQ,2017-09-30,2017-10-26,2017-10-01,2020-04-01,-7075000000.0,30278000000.0,,10778000000,19500000000.0,,37.556,-158000000.0,2311000000,2311000000,4690000000.0,567000000.0,1.66,1.789,5049000000,300000000,4749000000,5049000000,0.0,138000000.0,0.0,0.017,0.798,868000000.0,1006000000.0,0.16,1006000000.0,868000000.0,820000000.0,1.97,1.97,1.97,10857000000,,10857000000,55311361820,17.0,14.322,223000000.0,0.771,1.0,1594000000.0,0.254,14878000000.0,48000000.0,11646000000.0,,693000000,0.0,0,0,19421000000.0,6492000000,12929000000.0,52573361820,148000000.0,-54000000.0,-205000000.0,0.0,-232000000.0,-437000000.0,204000000.0,417000000.0,381000000.0,0.0,572000000.0,572000000.0,572000000.0,1000000.0,-5000000.0,0.091,736000000.0,858000000.0,1347000000,0.405,4.842,24.172,24.411,2248000000,0.0,181.86,2.12,2.12,1393000000,17929000000.0,6284000000.0,6284000000.0,0.0,,,,,35000000.0,736000000.0,1.0,289087000,289087000,,21.737,15400000000.0,0,248000000.0,0,53.271,4286000000
10,RTN,ARQ,2017-06-30,2017-07-27,2017-07-02,2020-04-01,-6994000000.0,30229000000.0,,10937000000,19292000000.0,,37.261,-92000000.0,2167000000,2167000000,4685000000.0,547000000.0,1.66,1.795,5047000000,300000000,4747000000,5047000000,0.0,133000000.0,0.0,0.018,0.798,825000000.0,958000000.0,0.153,958000000.0,825000000.0,774000000.0,1.9,1.89,1.9,10815000000,,10815000000,52085912970,16.0,13.685,690000000.0,2.377,1.0,1596000000.0,0.254,14827000000.0,51000000.0,11695000000.0,,581000000,410000000.0,410000000,0,19414000000.0,6587000000,12827000000.0,49205912970,-12000000.0,0.0,-141000000.0,-291000000.0,-232000000.0,-702000000.0,-92000000.0,0.0,782000000.0,0.0,553000000.0,553000000.0,553000000.0,0.0,-6000000.0,0.088,747000000.0,849000000.0,1278000000,0.42,4.55,23.08,23.319,2172000000,0.0,169.53,2.004,2.004,1560000000,17806000000.0,6281000000.0,6281000000.0,0.0,,,,,35000000.0,747000000.0,1.0,290249000,290249000,,21.64,15402000000.0,0,221000000.0,0,53.065,4350000000
11,RTN,ARQ,2017-03-31,2017-04-27,2017-04-02,2020-04-01,-7218000000.0,29869000000.0,,10515000000,19354000000.0,,35.675,-91000000.0,2186000000,2186000000,4530000000.0,500000000.0,1.667,1.876,5337000000,251000000,5086000000,5337000000,0.0,130000000.0,0.0,0.019,0.798,762000000.0,892000000.0,0.149,892000000.0,762000000.0,704000000.0,1.74,1.74,1.74,10384000000,,10384000000,48634223240,14.0,12.344,-132000000.0,-0.453,1.0,1470000000.0,0.245,14825000000.0,58000000.0,11888000000.0,,599000000,399000000.0,399000000,0,19485000000.0,6307000000,13178000000.0,45483223240,-1116000000.0,-39000000.0,-438000000.0,0.0,-215000000.0,-645000000.0,-430000000.0,-299000000.0,-41000000.0,0.0,506000000.0,506000000.0,506000000.0,-3000000.0,-6000000.0,0.084,729000000.0,741000000.0,1282000000,0.459,4.38,19.879,20.137,2146000000,0.0,156.26,1.871,1.871,1319000000,17599000000.0,6000000000.0,6000000000.0,0.0,,,,,57000000.0,729000000.0,1.0,291074000,291074000,,20.613,15044000000.0,0,198000000.0,0,51.684,4208000000
12,RTN,ARQ,2016-12-31,2017-02-15,2016-12-31,2020-04-01,-7411000000.0,30052000000.0,,10678000000,19374000000.0,,34.369,-225000000.0,3303000000,3303000000,4655000000.0,541000000.0,1.661,1.985,5335000000,0,5335000000,5335000000,2239000000.0,138000000.0,0.0,0.019,0.733,868000000.0,1006000000.0,0.161,1006000000.0,868000000.0,810000000.0,1.84,1.84,1.84,10066000000,,10066000000,46538044800,14.0,12.199,916000000.0,3.128,1.0,1583000000.0,0.254,14788000000.0,58000000.0,10869000000.0,,659000000,100000000.0,100000000,0,19986000000.0,6427000000,13559000000.0,44506044800,961000000.0,0.0,-100000000.0,0.0,-215000000.0,-315000000.0,135000000.0,362000000.0,1141000000.0,0.0,544000000.0,544000000.0,544000000.0,0.0,-3000000.0,0.087,721000000.0,862000000.0,1520000000,0.398,4.421,20.129,20.397,2166000000,0.0,151.96,1.849,1.849,6202000000,17474000000.0,6238000000.0,6238000000.0,0.0,,,,,31000000.0,721000000.0,1.0,292880000,292880000,,21.299,15264000000.0,0,266000000.0,0,52.117,4251000000
13,RTN,ARQ,2016-09-30,2016-10-27,2016-10-02,2020-04-01,-6856000000.0,29452000000.0,,10155000000,19297000000.0,,35.645,-104000000.0,2342000000,2342000000,4512000000.0,524000000.0,1.692,1.814,5334000000,0,5334000000,5334000000,2063000000.0,130000000.0,0.0,0.021,0.733,820000000.0,950000000.0,0.157,950000000.0,820000000.0,762000000.0,1.79,1.79,1.79,10467000000,,10467000000,43010213160,13.0,11.336,536000000.0,1.825,1.0,1521000000.0,0.252,14791000000.0,58000000.0,11652000000.0,,651000000,462000000.0,462000000,0,18985000000.0,6001000000,12984000000.0,40018213160,326000000.0,0.0,-202000000.0,0.0,-216000000.0,-418000000.0,104000000.0,223000000.0,640000000.0,0.0,529000000.0,529000000.0,529000000.0,-1000000.0,-5000000.0,0.088,715000000.0,806000000.0,1415000000,0.409,3.823,17.881,18.171,2053000000,0.0,136.28,1.656,1.656,6469000000,17320000000.0,6033000000.0,6033000000.0,0.0,,,,,31000000.0,715000000.0,1.0,293647000,293647000,,20.545,14661000000.0,0,233000000.0,0,49.927,4154000000
14,RTN,ARQ,2016-06-30,2016-07-28,2016-07-03,2020-04-01,-6899000000.0,29098000000.0,,9850000000,19248000000.0,,34.958,-101000000.0,2016000000,2016000000,4380000000.0,704000000.0,1.638,1.821,5333000000,0,5333000000,5333000000,2136000000.0,123000000.0,0.0,0.02,0.733,969000000.0,1092000000.0,0.181,1092000000.0,969000000.0,911000000.0,2.39,2.38,2.39,10316000000,,10316000000,44057815700,14.0,12.011,644000000.0,2.182,1.0,1655000000.0,0.274,14791000000.0,58000000.0,11610000000.0,,671000000,703000000.0,703000000,0,18782000000.0,6014000000,12768000000.0,40740815700,82000000.0,0.0,-260000000.0,0.0,-218000000.0,-568000000.0,-95000000.0,0.0,745000000.0,0.0,709000000.0,709000000.0,709000000.0,1000000.0,-5000000.0,0.117,695000000.0,960000000.0,1405000000,0.307,3.949,18.896,19.228,2028000000,0.0,138.06,1.704,1.704,6249000000,17212000000.0,6035000000.0,6035000000.0,0.0,,,,,35000000.0,695000000.0,1.0,295095000,295095000,,20.451,14307000000.0,0,202000000.0,0,48.483,3836000000
15,RTN,ARQ,2016-03-31,2016-04-28,2016-04-03,2020-04-01,-7050000000.0,28829000000.0,,9359000000,19470000000.0,,34.09,-161000000.0,1934000000,1934000000,4400000000.0,405000000.0,1.628,1.829,5332000000,0,5332000000,5332000000,2136000000.0,124000000.0,0.0,0.022,0.733,643000000.0,767000000.0,0.133,767000000.0,643000000.0,585000000.0,1.43,1.43,1.43,10124000000,,10124000000,41265919800,15.0,12.333,165000000.0,0.556,1.0,1363000000.0,0.237,14791000000.0,58000000.0,11687000000.0,,637000000,711000000.0,711000000,0,18519000000.0,5749000000,12770000000.0,37867919800,-394000000.0,-57000000.0,-434000000.0,0.0,-201000000.0,-629000000.0,-91000000.0,127000000.0,326000000.0,0.0,429000000.0,429000000.0,429000000.0,-1000000.0,-24000000.0,0.074,751000000.0,612000000.0,1304000000,0.513,3.74,19.4,19.8,2018000000,0.0,127.51,1.596,1.596,5882000000,17141000000.0,5763000000.0,5763000000.0,0.0,,,,,54000000.0,751000000.0,1.0,296980000,296980000,,19.405,14038000000.0,0,156000000.0,0,47.269,3610000000
16,RTN,ARQ,2015-12-31,2016-02-10,2015-12-31,2020-04-01,-7176000000.0,29281000000.0,,9812000000,19469000000.0,,33.873,-167000000.0,2328000000,2328000000,4808000000.0,567000000.0,1.602,1.871,5330000000,0,5330000000,5330000000,2193000000.0,136000000.0,0.0,0.021,0.67,849000000.0,985000000.0,0.156,985000000.0,849000000.0,791000000.0,1.89,1.89,1.89,10128000000,,10128000000,40846176860,13.0,11.574,659000000.0,2.204,1.0,1520000000.0,0.24,14731000000.0,58000000.0,11426000000.0,,635000000,872000000.0,872000000,0,18951000000.0,6126000000,12825000000.0,37844176860,-125000000.0,-62000000.0,-251000000.0,0.0,-202000000.0,-449000000.0,-502000000.0,-277000000.0,826000000.0,0.0,571000000.0,571000000.0,571000000.0,-13000000.0,-4000000.0,0.09,692000000.0,828000000.0,1402000000,0.354,3.737,18.247,18.586,2005000000,0.0,126.57,1.628,1.628,5564000000,16903000000.0,6328000000.0,6328000000.0,0.0,,,,,22000000.0,692000000.0,1.0,298998000,298998000,,21.164,14550000000.0,0,220000000.0,0,48.663,3686000000
17,RTN,ARQ,2015-09-30,2015-10-22,2015-09-27,2020-04-01,-7024000000.0,29249000000.0,,9528000000,19721000000.0,,33.703,-81000000.0,2453000000,2453000000,4408000000.0,443000000.0,1.506,1.862,5334000000,0,5334000000,5334000000,2215000000.0,130000000.0,0.0,0.022,0.67,694000000.0,824000000.0,0.142,824000000.0,694000000.0,636000000.0,1.47,1.47,1.47,10148000000,,10148000000,38193773440,12.0,10.817,1020000000.0,3.388,1.0,1375000000.0,0.238,14681000000.0,58000000.0,11121000000.0,,619000000,608000000.0,608000000,0,18900000000.0,6328000000,12572000000.0,35312773440,625000000.0,0.0,-252000000.0,0.0,-204000000.0,-456000000.0,-20000000.0,52000000.0,1101000000.0,0.0,447000000.0,447000000.0,447000000.0,1000000.0,-4000000.0,0.077,678000000.0,697000000.0,1334000000,0.456,3.48,16.937,17.272,1934000000,0.0,117.28,1.531,1.531,5649000000,16552000000.0,5783000000.0,5783000000.0,0.0,,,,,26000000.0,678000000.0,1.0,301098000,301098000,,19.206,14568000000.0,0,189000000.0,0,48.383,3200000000
18,RTN,ARQ,2015-06-30,2015-07-23,2015-06-28,2020-04-01,-7095000000.0,28437000000.0,,8704000000,19733000000.0,,33.128,-86000000.0,1828000000,1828000000,4525000000.0,503000000.0,1.543,1.808,5333000000,0,5333000000,5333000000,1975000000.0,116000000.0,0.0,0.025,0.67,654000000.0,770000000.0,0.132,770000000.0,654000000.0,595000000.0,1.65,1.65,1.65,10056000000,,10056000000,34834189080,11.0,9.733,290000000.0,0.955,1.0,1323000000.0,0.226,14683000000.0,59000000.0,11618000000.0,,519000000,666000000.0,666000000,0,18182000000.0,5641000000,12541000000.0,31329189080,-1078000000.0,-1886000000.0,-256000000.0,0.0,-205000000.0,-96000000.0,-1358000000.0,598000000.0,376000000.0,0.0,505000000.0,505000000.0,505000000.0,-1000000.0,-2000000.0,0.086,675000000.0,648000000.0,1171000000,0.406,3.115,14.551,14.787,1929000000,0.0,103.21,1.377,1.377,5514000000,16314000000.0,5848000000.0,5848000000.0,0.0,,,,,12000000.0,675000000.0,1.0,303548000,303548000,,19.265,13754000000.0,0,90000000.0,103000000,45.311,3063000000
19,RTN,ARQ,2015-03-31,2015-04-23,2015-03-29,2020-04-01,-7353000000.0,27798000000.0,,10241000000,17557000000.0,,31.811,-64000000.0,2906000000,2906000000,3833000000.0,554000000.0,1.817,1.843,5331000000,0,5331000000,5331000000,1944000000.0,107000000.0,0.0,0.023,0.67,843000000.0,950000000.0,0.18,950000000.0,843000000.0,785000000.0,1.79,1.79,1.79,9707000000,,9707000000,35548164100,11.0,9.518,-8000000.0,-0.026,1.0,1455000000.0,0.275,13060000000.0,58000000.0,11528000000.0,,506000000,1234000000.0,1234000000,0,17892000000.0,5635000000,12257000000.0,33123164100,-316000000.0,-6000000.0,-340000000.0,0.0,-186000000.0,-508000000.0,136000000.0,237000000.0,56000000.0,0.0,551000000.0,551000000.0,551000000.0,0.0,3000000.0,0.104,615000000.0,840000000.0,1141000000,0.374,3.412,15.063,15.31,1906000000,0.0,108.55,1.465,1.465,5223000000,16017000000.0,5288000000.0,5288000000.0,0.0,,,,,33000000.0,615000000.0,1.0,305142000,305142000,,17.33,14738000000.0,0,234000000.0,346000000,48.299,4606000000
20,RTN,ARQ,2014-12-31,2015-02-11,2014-12-31,2020-04-01,-7458000000.0,27900000000.0,,10292000000,17608000000.0,,30.993,-158000000.0,3222000000,3222000000,4662000000.0,586000000.0,1.736,1.909,5330000000,0,5330000000,5330000000,2284000000.0,112000000.0,0.0,0.023,0.605,875000000.0,987000000.0,0.161,987000000.0,875000000.0,820000000.0,1.88,1.88,1.88,9525000000,,9525000000,35037659450,11.0,9.506,756000000.0,2.46,1.0,1481000000.0,0.241,13061000000.0,55000000.0,11017000000.0,,414000000,1497000000.0,1497000000,0,18179000000.0,5930000000,12249000000.0,32929659450,588000000.0,-427000000.0,-105000000.0,592000000.0,-184000000.0,307000000.0,-633000000.0,-33000000.0,914000000.0,0.0,582000000.0,582000000.0,582000000.0,-6000000.0,4000000.0,0.095,612000000.0,869000000.0,1250000000,0.322,3.457,14.675,14.903,1935000000,0.0,107.15,1.443,1.443,4985000000,15671000000.0,6143000000.0,6143000000.0,0.0,,,,,26000000.0,612000000.0,1.0,307323000,307323000,,19.989,14839000000.0,0,238000000.0,0,48.285,4362000000
21,RTN,ARQ,2014-09-30,2014-10-23,2014-09-28,2020-04-01,-4895000000.0,26307000000.0,,10285000000,16022000000.0,,38.214,-86000000.0,2634000000,2634000000,4171000000.0,519000000.0,1.727,1.218,4737000000,0,4737000000,4737000000,2382000000.0,111000000.0,0.0,0.024,0.605,761000000.0,872000000.0,0.159,872000000.0,761000000.0,708000000.0,1.66,1.65,1.66,11784000000,,11784000000,32594427840,10.0,9.069,338000000.0,1.096,1.0,1303000000.0,0.238,12762000000.0,53000000.0,9693000000.0,,522000000,1480000000.0,1480000000,0,14353000000.0,5955000000,8398000000.0,30491427840,-627000000.0,0.0,-201000000.0,0.0,-188000000.0,-383000000.0,-668000000.0,-582000000.0,424000000.0,0.0,515000000.0,515000000.0,515000000.0,0.0,4000000.0,0.094,540000000.0,763000000.0,1060000000,0.364,2.588,13.904,14.187,1860000000,0.0,98.88,1.352,1.352,5340000000,15273000000.0,5474000000.0,5474000000.0,0.0,,,,,23000000.0,540000000.0,1.0,308368000,308368000,,17.752,13545000000.0,0,193000000.0,0,43.925,4330000000
22,RTN,ARQ,2014-06-30,2014-07-24,2014-06-29,2020-04-01,-4786000000.0,26380000000.0,,10299000000,16081000000.0,,37.745,-76000000.0,3261000000,3261000000,4301000000.0,553000000.0,1.747,1.235,4736000000,0,4736000000,4736000000,2558000000.0,109000000.0,0.0,0.025,0.605,817000000.0,926000000.0,0.162,926000000.0,817000000.0,763000000.0,1.76,1.76,1.76,11728000000,,11728000000,30542762450,10.0,8.494,99000000.0,0.319,1.0,1400000000.0,0.246,12765000000.0,54000000.0,9194000000.0,,430000000,915000000.0,915000000,0,14486000000.0,5896000000,8590000000.0,29067762450,225000000.0,0.0,-303000000.0,0.0,-189000000.0,-468000000.0,518000000.0,594000000.0,175000000.0,0.0,551000000.0,551000000.0,551000000.0,-52000000.0,2000000.0,0.097,641000000.0,759000000.0,1113000000,0.344,2.478,13.414,13.697,1878000000,0.0,93.55,1.268,1.268,5366000000,14945000000.0,5701000000.0,5701000000.0,0.0,,,,,25000000.0,641000000.0,1.0,310719000,310719000,,18.348,13615000000.0,0,212000000.0,0,43.818,4403000000
23,RTN,ARQ,2014-03-31,2014-04-24,2014-03-30,2020-04-01,-4962000000.0,26541000000.0,,10439000000,16102000000.0,,36.496,-51000000.0,3036000000,3036000000,4161000000.0,600000000.0,1.746,1.31,4735000000,0,4735000000,4735000000,2612000000.0,107000000.0,0.0,0.024,0.605,794000000.0,901000000.0,0.164,901000000.0,794000000.0,743000000.0,1.89,1.89,1.89,11418000000,,11418000000,31708243440,10.0,8.947,620000000.0,1.982,1.0,1347000000.0,0.245,12765000000.0,51000000.0,9496000000.0,,363000000,1495000000.0,1495000000,0,14958000000.0,5979000000,8979000000.0,30009243440,-260000000.0,0.0,-229000000.0,0.0,-174000000.0,-392000000.0,-539000000.0,-488000000.0,671000000.0,0.0,596000000.0,596000000.0,596000000.0,-7000000.0,4000000.0,0.108,559000000.0,788000000.0,1078000000,0.32,2.628,14.263,14.6,1902000000,0.0,95.92,1.286,1.286,5211000000,14582000000.0,5508000000.0,5508000000.0,0.0,,,,,27000000.0,559000000.0,1.0,312857000,312857000,,17.605,13776000000.0,0,147000000.0,0,44.033,4460000000
24,RTN,ARQ,2013-12-31,2014-02-11,2013-12-31,2020-04-01,-5113000000.0,25967000000.0,,9816000000,16151000000.0,,35.086,-129000000.0,3296000000,3296000000,4640000000.0,533000000.0,1.69,1.338,4734000000,0,4734000000,4734000000,2350000000.0,113000000.0,0.0,0.023,0.55,782000000.0,895000000.0,0.152,895000000.0,782000000.0,731000000.0,1.66,1.66,1.66,11035000000,,11035000000,31093053610,10.0,8.989,972000000.0,3.091,1.0,1230000000.0,0.21,12764000000.0,51000000.0,8831000000.0,,363000000,1001000000.0,1001000000,0,14770000000.0,5810000000,8960000000.0,29655053610,354000000.0,5000000.0,-401000000.0,0.0,-174000000.0,-582000000.0,-165000000.0,-41000000.0,1101000000.0,0.0,531000000.0,531000000.0,531000000.0,-64000000.0,2000000.0,0.09,521000000.0,709000000.0,1178000000,0.331,2.687,14.857,15.282,1937000000,0.0,94.29,1.251,1.251,4870000000,14173000000.0,5870000000.0,5870000000.0,-500000000.0,,,,,28000000.0,1021000000.0,1.0,314509000,314509000,,18.664,13203000000.0,90000000,200000000.0,323000000,41.98,4006000000
25,RTN,ARQ,2013-09-30,2013-10-24,2013-09-29,2020-04-01,-7314000000.0,26778000000.0,,9752000000,17026000000.0,,27.674,-73000000.0,2942000000,2942000000,4534000000.0,493000000.0,1.67,2.01,4733000000,0,4733000000,4733000000,2232000000.0,111000000.0,0.0,0.028,0.55,763000000.0,874000000.0,0.15,874000000.0,763000000.0,710000000.0,1.52,1.51,1.52,8841000000,,8841000000,26735373760,9.0,7.843,823000000.0,2.576,1.0,1308000000.0,0.224,12765000000.0,53000000.0,9965000000.0,,405000000,955000000.0,955000000,0,17767000000.0,5839000000,11928000000.0,24944373760,475000000.0,0.0,-225000000.0,0.0,-177000000.0,-404000000.0,-17000000.0,56000000.0,896000000.0,0.0,489000000.0,489000000.0,489000000.0,-2000000.0,4000000.0,0.084,551000000.0,757000000.0,1143000000,0.362,2.821,12.898,13.167,1907000000,0.0,78.08,1.028,1.028,5248000000,13817000000.0,5842000000.0,5842000000.0,164000000.0,,,,,31000000.0,387000000.0,1.0,319472000,319472000,,18.286,14013000000.0,1181000000,221000000.0,1000000,43.863,3913000000
26,RTN,ARQ,2013-06-30,2013-07-25,2013-06-30,2020-04-01,-7464000000.0,26376000000.0,,9276000000,17100000000.0,,26.568,-68000000.0,2467000000,2467000000,4753000000.0,493000000.0,1.701,2.059,4732000000,0,4732000000,4732000000,2140000000.0,113000000.0,0.0,0.03,0.55,761000000.0,874000000.0,0.143,874000000.0,761000000.0,708000000.0,1.5,1.5,1.5,8568000000,,8568000000,24758747250,8.0,7.21,-110000000.0,-0.341,1.0,1362000000.0,0.223,12764000000.0,53000000.0,10423000000.0,,454000000,995000000.0,995000000,0,17639000000.0,5454000000,12185000000.0,22493747250,-658000000.0,-14000000.0,-253000000.0,0.0,-179000000.0,-430000000.0,-186000000.0,-104000000.0,-42000000.0,0.0,488000000.0,488000000.0,488000000.0,0.0,5000000.0,0.08,596000000.0,766000000.0,1164000000,0.367,2.625,11.565,11.782,1924000000,0.0,69.75,0.919,0.919,5156000000,13503000000.0,6115000000.0,6115000000.0,176000000.0,,,,,26000000.0,420000000.0,1.0,322491000,322491000,,18.962,13612000000.0,1230000000,220000000.0,10000000,42.209,3822000000
27,RTN,ARQ,2013-03-31,2013-04-25,2013-03-31,2020-04-01,-7646000000.0,26687000000.0,,9458000000,17229000000.0,,25.538,-57000000.0,3125000000,3125000000,4605000000.0,494000000.0,1.663,2.199,4731000000,0,4731000000,4731000000,2187000000.0,108000000.0,0.0,0.035,0.55,708000000.0,816000000.0,0.139,816000000.0,708000000.0,655000000.0,1.49,1.49,1.49,8290000000,,8290000000,20855610200,7.0,6.105,366000000.0,1.127,1.0,1274000000.0,0.217,12757000000.0,53000000.0,9847000000.0,,442000000,887000000.0,887000000,0,18227000000.0,5689000000,12538000000.0,19249610200,-63000000.0,0.0,-220000000.0,0.0,-164000000.0,-381000000.0,-105000000.0,-48000000.0,423000000.0,0.0,488000000.0,488000000.0,488000000.0,2000000.0,6000000.0,0.083,568000000.0,706000000.0,1221000000,0.369,2.322,9.984,10.172,1954000000,0.0,59.3,0.79,0.79,4808000000,13193000000.0,5879000000.0,5879000000.0,160000000.0,,,,,28000000.0,408000000.0,1.0,324614000,324614000,,18.111,13930000000.0,1347000000,167000000.0,10000000,42.913,3769000000
28,RTN,ARQ,2012-12-31,2013-02-13,2012-12-31,2020-04-01,-7788000000.0,26686000000.0,,9246000000,17440000000.0,,24.593,-151000000.0,3188000000,3188000000,5092000000.0,471000000.0,1.567,2.305,4731000000,0,4731000000,4731000000,2398000000.0,114000000.0,0.0,0.037,0.5,731000000.0,845000000.0,0.131,845000000.0,731000000.0,679000000.0,1.42,1.42,1.42,8026000000,,8026000000,19156379350,6.0,5.598,837000000.0,2.565,1.0,1347000000.0,0.209,12756000000.0,52000000.0,9571000000.0,,381000000,856000000.0,856000000,0,18496000000.0,5902000000,12594000000.0,17613379350,156000000.0,-294000000.0,-96000000.0,122000000.0,-165000000.0,-142000000.0,-690000000.0,-244000000.0,988000000.0,0.0,469000000.0,469000000.0,469000000.0,-3000000.0,2000000.0,0.073,592000000.0,755000000.0,1348000000,0.352,2.195,9.329,9.519,1986000000,0.0,53.97,0.721,0.721,4543000000,12883000000.0,6439000000.0,6439000000.0,161000000.0,,,,,39000000.0,431000000.0,1.0,326355000,326355000,,19.73,13930000000.0,1463000000,210000000.0,9000000,42.684,3344000000
29,RTN,ARQ,2012-09-30,2012-10-25,2012-09-30,2020-04-01,-6506000000.0,25697000000.0,,9260000000,16437000000.0,,27.472,-79000000.0,3032000000,3032000000,4689000000.0,507000000.0,1.634,1.818,4609000000,0,4609000000,4609000000,2169000000.0,113000000.0,0.0,0.035,0.5,786000000.0,899000000.0,0.149,899000000.0,786000000.0,737000000.0,1.51,1.5,1.51,9062000000,,9062000000,19963786580,6.0,5.628,1032000000.0,3.129,1.0,1356000000.0,0.224,12546000000.0,49000000.0,9060000000.0,,482000000,614000000.0,614000000,0,16472000000.0,5668000000,10804000000.0,18386786580,682000000.0,-7000000.0,-129000000.0,0.0,-165000000.0,-292000000.0,-137000000.0,-50000000.0,1111000000.0,0.0,500000000.0,500000000.0,500000000.0,1000000.0,7000000.0,0.083,570000000.0,786000000.0,1190000000,0.331,2.029,9.371,9.577,1929000000,0.0,55.74,0.753,0.753,4789000000,12578000000.0,6045000000.0,6045000000.0,181000000.0,,,,,24000000.0,389000000.0,1.0,329867000,329867000,,18.326,13151000000.0,803000000,237000000.0,3000000,39.868,3592000000
30,RTN,ARQ,2012-06-30,2012-07-26,2012-07-01,2020-04-01,-6688000000.0,25078000000.0,,8779000000,16299000000.0,,26.026,-49000000.0,2350000000,2350000000,4652000000.0,470000000.0,1.616,1.884,4607000000,0,4607000000,4607000000,2274000000.0,116000000.0,0.0,0.034,0.5,740000000.0,856000000.0,0.143,856000000.0,740000000.0,690000000.0,1.41,1.41,1.41,8641000000,,8641000000,20371956640,7.0,5.873,-306000000.0,-0.922,1.0,1340000000.0,0.224,12542000000.0,50000000.0,9360000000.0,,448000000,556000000.0,556000000,0,16279000000.0,5433000000,10846000000.0,18114956640,-1191000000.0,0.0,-163000000.0,0.0,-167000000.0,-328000000.0,-606000000.0,-556000000.0,-257000000.0,0.0,471000000.0,471000000.0,471000000.0,1000000.0,-1000000.0,0.079,598000000.0,742000000.0,1179000000,0.355,2.096,9.228,9.505,1943000000,0.0,54.56,0.739,0.739,5054000000,12242000000.0,5992000000.0,5992000000.0,194000000.0,,,,,24000000.0,404000000.0,1.0,332019000,332019000,,18.047,12536000000.0,653000000,219000000.0,6000000,37.757,3346000000
31,RTN,ARQ,2012-03-31,2012-04-26,2012-04-01,2020-04-01,-6817000000.0,25627000000.0,,9185000000,16442000000.0,,25.008,-90000000.0,3541000000,3541000000,4659000000.0,452000000.0,1.603,2.055,4606000000,0,4606000000,4606000000,2360000000.0,112000000.0,0.0,0.033,0.5,710000000.0,822000000.0,0.138,822000000.0,710000000.0,660000000.0,1.33,1.32,1.33,8336000000,,8336000000,19041918340,6.0,5.597,25000000.0,0.075,1.0,1279000000.0,0.215,12544000000.0,50000000.0,8417000000.0,,395000000,0.0,0,0,17128000000.0,5731000000,11397000000.0,17976918340,-459000000.0,0.0,-343000000.0,0.0,-146000000.0,-484000000.0,-90000000.0,0.0,115000000.0,0.0,448000000.0,448000000.0,448000000.0,2000000.0,4000000.0,0.075,573000000.0,706000000.0,1199000000,0.376,2.157,9.314,9.7,1979000000,0.0,53.93,0.727,0.727,4838000000,11938000000.0,5938000000.0,5938000000.0,168000000.0,,,,,22000000.0,405000000.0,1.0,333338000,333338000,,17.814,13083000000.0,804000000,212000000.0,4000000,39.248,3454000000
32,RTN,ARQ,2011-12-31,2012-02-22,2011-12-31,2020-04-01,-7001000000.0,25854000000.0,,9309000000,16545000000.0,,24.071,-161000000.0,4000000000,4000000000,5025000000.0,552000000.0,1.519,2.141,4605000000,0,4605000000,4605000000,2542000000.0,116000000.0,0.0,0.034,0.43,854000000.0,970000000.0,0.151,970000000.0,854000000.0,809000000.0,1.57,1.57,1.57,8181000000,,8181000000,17738149160,6.0,5.411,1157000000.0,3.404,1.0,1416000000.0,0.22,12544000000.0,45000000.0,7785000000.0,,336000000,0.0,0,0,17514000000.0,6130000000,11384000000.0,17133149160,1595000000.0,-94000000.0,-311000000.0,992000000.0,-148000000.0,533000000.0,-256000000.0,0.0,1318000000.0,0.0,543000000.0,543000000.0,543000000.0,3000000.0,9000000.0,0.084,556000000.0,860000000.0,1507000000,0.274,2.094,9.182,9.511,2006000000,0.0,50.41,0.689,0.689,4526000000,11656000000.0,6441000000.0,6441000000.0,171000000.0,,,,,30000000.0,385000000.0,1.0,339876000,339876000,,18.951,13310000000.0,878000000,266000000.0,5000000,39.161,3179000000
33,RTN,ARQ,2011-09-30,2011-10-27,2011-10-02,2020-04-01,-4808000000.0,24120000000.0,,8112000000,16008000000.0,,29.63,-105000000.0,2405000000,2405000000,4826000000.0,510000000.0,1.412,1.337,3612000000,0,3612000000,3612000000,2044000000.0,113000000.0,0.0,0.038,0.43,708000000.0,821000000.0,0.134,821000000.0,708000000.0,667000000.0,1.43,1.43,1.43,10255000000,,10255000000,16338492000,6.0,5.262,756000000.0,2.184,1.0,1306000000.0,0.213,12468000000.0,41000000.0,7113000000.0,,423000000,0.0,0,0,13713000000.0,5746000000,7967000000.0,15131492000,289000000.0,-1000000.0,-316000000.0,0.0,-152000000.0,-466000000.0,-106000000.0,0.0,861000000.0,0.0,501000000.0,501000000.0,501000000.0,-1000000.0,9000000.0,0.082,581000000.0,725000000.0,1349000000,0.301,1.476,8.491,8.744,1958000000,0.0,43.72,0.598,0.598,4987000000,11258000000.0,6132000000.0,6132000000.0,153000000.0,,,,,13000000.0,428000000.0,1.0,346100000,346100000,,17.717,11652000000.0,269000000,166000000.0,363000000,33.667,2366000000
34,RTN,ARQ,2011-06-30,2011-07-28,2011-07-03,2020-04-01,-4803000000.0,24055000000.0,,8077000000,15978000000.0,,28.831,-63000000.0,2116000000,2116000000,4942000000.0,445000000.0,1.512,1.345,3612000000,0,3612000000,3612000000,1978000000.0,112000000.0,0.0,0.036,0.43,677000000.0,789000000.0,0.127,789000000.0,677000000.0,634000000.0,1.23,1.23,1.23,10195000000,,10195000000,17415657260,6.0,5.397,-150000000.0,-0.424,1.0,1280000000.0,0.206,12469000000.0,43000000.0,7741000000.0,,430000000,0.0,0,0,13716000000.0,5341000000,8375000000.0,15919657260,-544000000.0,-50000000.0,-196000000.0,0.0,-153000000.0,-344000000.0,-113000000.0,0.0,-87000000.0,0.0,438000000.0,438000000.0,438000000.0,0.0,7000000.0,0.07,599000000.0,681000000.0,1331000000,0.35,1.562,7.924,8.141,1966000000,0.0,45.02,0.626,0.626,4964000000,10906000000.0,6222000000.0,6222000000.0,162000000.0,,,,,14000000.0,437000000.0,1.0,353613000,353613000,,17.596,11586000000.0,430000000,196000000.0,350000000,32.765,2736000000
35,RTN,ARQ,2011-03-31,2011-04-28,2011-04-03,2020-04-01,-4965000000.0,24574000000.0,,8544000000,16030000000.0,,27.829,-76000000.0,2660000000,2660000000,4904000000.0,389000000.0,1.483,1.465,3611000000,0,3611000000,3611000000,2104000000.0,106000000.0,0.0,0.032,0.43,592000000.0,698000000.0,0.115,698000000.0,592000000.0,549000000.0,1.07,1.06,1.07,9912000000,,9912000000,18492865000,8.0,6.437,-61000000.0,-0.171,1.0,1158000000.0,0.191,12435000000.0,43000000.0,7330000000.0,,422000000,0.0,0,0,14521000000.0,5760000000,8761000000.0,17541865000,-978000000.0,-500000000.0,-282000000.0,0.0,-135000000.0,-417000000.0,-576000000.0,0.0,15000000.0,0.0,384000000.0,384000000.0,384000000.0,-1000000.0,5000000.0,0.063,567000000.0,591000000.0,1322000000,0.402,1.77,9.861,10.155,1997000000,0.0,49.25,0.696,0.696,4933000000,10620000000.0,6062000000.0,6062000000.0,139000000.0,,,,,31000000.0,428000000.0,1.0,356180000,356180000,,17.019,12139000000.0,417000000,165000000.0,258000000,34.081,2784000000
36,RTN,ARQ,2010-12-31,2011-02-23,2010-12-31,2020-04-01,-5146000000.0,24422000000.0,,8822000000,15600000000.0,,27.117,-155000000.0,3638000000,3638000000,5506000000.0,474000000.0,1.48,1.49,3610000000,0,3610000000,3610000000,2201000000.0,109000000.0,0.0,0.03,0.375,688000000.0,797000000.0,0.116,797000000.0,688000000.0,660000000.0,1.27,1.25,1.27,9754000000,,9754000000,18255246020,7.0,6.136,710000000.0,1.974,1.0,1379000000.0,0.2,12045000000.0,28000000.0,6389000000.0,,363000000,0.0,0,0,14532000000.0,5960000000,8572000000.0,18283246020,1489000000.0,-140000000.0,-240000000.0,1297000000.0,-135000000.0,919000000.0,-295000000.0,0.0,865000000.0,0.0,459000000.0,459000000.0,459000000.0,40000000.0,15000000.0,0.067,575000000.0,804000000.0,1538000000,0.295,1.874,9.937,10.289,2003000000,0.0,50.83,0.726,0.726,4414000000,10390000000.0,6885000000.0,6885000000.0,143000000.0,,,,,37000000.0,432000000.0,1.0,359694000,359694000,,19.141,12377000000.0,372000000,201000000.0,147000000,34.41,2862000000
37,RTN,ARQ,2010-09-30,2010-10-28,2010-09-26,2020-04-01,-4680000000.0,22852000000.0,,7525000000,15327000000.0,,27.706,-89000000.0,2149000000,2149000000,4975000000.0,737000000.0,1.416,1.25,2326000000,0,2326000000,2326000000,2070000000.0,105000000.0,0.0,0.031,0.375,838000000.0,943000000.0,0.15,943000000.0,838000000.0,805000000.0,1.96,1.94,1.96,10100000000,,10100000000,16814742520,6.0,5.506,329000000.0,0.902,1.0,1297000000.0,0.207,11924000000.0,33000000.0,5791000000.0,,324000000,0.0,0,0,12625000000.0,5314000000,7311000000.0,16637742520,-236000000.0,0.0,-425000000.0,0.0,-141000000.0,-565000000.0,-89000000.0,0.0,418000000.0,0.0,728000000.0,728000000.0,728000000.0,-88000000.0,9000000.0,0.116,548000000.0,749000000.0,1413000000,0.191,1.647,8.826,9.11,1951000000,0.0,45.64,0.666,0.666,4606000000,10065000000.0,6272000000.0,6272000000.0,154000000.0,,,,,24000000.0,394000000.0,1.0,364543000,364543000,,17.205,10928000000.0,440000000,77000000.0,310000000,29.977,2211000000
38,RTN,ARQ,2010-06-30,2010-07-29,2010-06-27,2020-04-01,-4712000000.0,23281000000.0,,7720000000,15561000000.0,,26.396,-81000000.0,2385000000,2385000000,5038000000.0,215000000.0,1.36,1.345,2327000000,0,2327000000,2327000000,2159000000.0,103000000.0,0.0,0.029,0.375,332000000.0,435000000.0,0.073,435000000.0,332000000.0,299000000.0,0.55,0.55,0.55,9875000000,,9875000000,17401807040,7.0,5.836,319000000.0,0.853,1.0,935000000.0,0.157,11921000000.0,33000000.0,5627000000.0,,330000000,0.0,0,0,13286000000.0,5675000000,7611000000.0,17459807040,-228000000.0,0.0,-399000000.0,0.0,-143000000.0,-546000000.0,-82000000.0,0.0,400000000.0,0.0,208000000.0,208000000.0,208000000.0,4000000.0,7000000.0,0.035,590000000.0,345000000.0,1330000000,0.682,1.768,10.601,10.828,1953000000,0.0,46.67,0.701,0.701,4592000000,9473000000.0,5973000000.0,5973000000.0,176000000.0,,,,,29000000.0,414000000.0,1.0,374112000,374112000,,15.966,11360000000.0,627000000,91000000.0,23000000,30.365,2045000000
39,RTN,ARQ,2010-03-31,2010-04-22,2010-03-28,2020-04-01,-4768000000.0,23800000000.0,,8179000000,15621000000.0,,26.547,-57000000.0,2613000000,2613000000,4784000000.0,453000000.0,1.526,1.341,2328000000,0,2328000000,2328000000,2173000000.0,103000000.0,0.0,0.022,0.375,697000000.0,800000000.0,0.132,800000000.0,697000000.0,665000000.0,1.18,1.16,1.18,10116000000,,10116000000,22403610100,7.0,6.57,202000000.0,0.53,1.0,1269000000.0,0.21,11925000000.0,32000000.0,6231000000.0,,329000000,0.0,0,0,13564000000.0,5359000000,8205000000.0,22688610100,-29000000.0,-12000000.0,-114000000.0,0.0,-117000000.0,-219000000.0,-69000000.0,0.0,259000000.0,0.0,445000000.0,445000000.0,445000000.0,8000000.0,8000000.0,0.074,560000000.0,709000000.0,1310000000,0.318,2.243,11.768,11.908,1969000000,0.0,59.54,0.906,0.906,4855000000,9406000000.0,6053000000.0,6053000000.0,152000000.0,,,,,17000000.0,408000000.0,1.0,381065000,381065000,,15.884,11875000000.0,629000000,220000000.0,23000000,31.163,2820000000
40,RTN,ARQ,2009-12-31,2010-02-24,2009-12-31,2020-04-01,-4824000000.0,23607000000.0,,7868000000,15739000000.0,,25.923,-160000000.0,2642000000,2642000000,5317000000.0,517000000.0,1.425,1.391,2329000000,0,2329000000,2329000000,2224000000.0,107000000.0,0.0,0.022,0.31,769000000.0,876000000.0,0.131,876000000.0,769000000.0,741000000.0,1.32,1.3,1.32,9827000000,,9827000000,20980092110,7.0,6.147,909000000.0,2.398,1.0,1350000000.0,0.202,11922000000.0,28000000.0,5849000000.0,,344000000,0.0,0,0,13668000000.0,5523000000,8145000000.0,21293092110,200000000.0,-334000000.0,-279000000.0,22000000.0,-118000000.0,-373000000.0,-496000000.0,0.0,1069000000.0,0.0,504000000.0,504000000.0,504000000.0,0.0,13000000.0,0.076,550000000.0,800000000.0,1397000000,0.235,2.167,11.004,11.325,2001000000,0.0,56.17,0.856,0.856,4493000000,9102000000.0,6667000000.0,6667000000.0,158000000.0,,,,,28000000.0,392000000.0,1.0,379083000,379083000,,17.587,11685000000.0,709000000,237000000.0,23000000,30.824,2345000000
41,RTN,ARQ,2009-09-30,2009-10-22,2009-09-27,2020-04-01,-4967000000.0,22880000000.0,,7549000000,15331000000.0,,24.881,-72000000.0,2442000000,2442000000,4894000000.0,498000000.0,1.46,1.389,2293000000,0,2293000000,2293000000,2002000000.0,101000000.0,0.0,0.026,0.31,770000000.0,871000000.0,0.14,871000000.0,770000000.0,738000000.0,1.26,1.25,1.26,9535000000,,9535000000,17793219940,6.0,5.423,670000000.0,1.748,1.0,1311000000.0,0.211,11668000000.0,32000000.0,5893000000.0,,317000000,0.0,0,0,13241000000.0,5170000000,8071000000.0,17942219940,243000000.0,0.0,-304000000.0,0.0,-121000000.0,-427000000.0,-72000000.0,0.0,742000000.0,0.0,490000000.0,490000000.0,490000000.0,1000000.0,8000000.0,0.079,546000000.0,765000000.0,1266000000,0.246,1.882,9.688,10.026,1945000000,0.0,46.82,0.738,0.738,4312000000,8714000000.0,6205000000.0,6205000000.0,145000000.0,,,,,92000000.0,401000000.0,1.0,383217000,383217000,,16.192,11212000000.0,827000000,248000000.0,0,29.258,2379000000
42,RTN,ARQ,2009-06-30,2009-07-23,2009-06-28,2020-04-01,-4962000000.0,23050000000.0,,7594000000,15456000000.0,,24.246,-68000000.0,2199000000,2199000000,4839000000.0,501000000.0,1.493,1.431,2295000000,0,2295000000,2295000000,1968000000.0,97000000.0,0.0,0.026,0.31,766000000.0,863000000.0,0.141,863000000.0,766000000.0,735000000.0,1.24,1.23,1.24,9441000000,,9441000000,17910546750,6.0,5.62,441000000.0,1.133,1.0,1286000000.0,0.21,11665000000.0,31000000.0,6396000000.0,,294000000,0.0,0,0,13511000000.0,5085000000,8426000000.0,17814546750,-11000000.0,0.0,-319000000.0,0.0,-122000000.0,-442000000.0,-78000000.0,0.0,509000000.0,0.0,489000000.0,489000000.0,489000000.0,3000000.0,12000000.0,0.08,521000000.0,765000000.0,1189000000,0.25,1.887,9.958,10.281,1961000000,0.0,45.75,0.744,0.744,4608000000,8344000000.0,6125000000.0,6125000000.0,151000000.0,,,,,-5000000.0,370000000.0,1.0,389389000,389389000,,15.73,11385000000.0,972000000,246000000.0,0,29.238,2509000000
43,RTN,ARQ,2009-03-31,2009-04-23,2009-03-29,2020-04-01,-5132000000.0,22879000000.0,,7339000000,15540000000.0,,23.323,-46000000.0,2210000000,2210000000,4697000000.0,460000000.0,1.572,1.477,2297000000,0,2297000000,2297000000,1794000000.0,97000000.0,0.0,0.026,0.31,706000000.0,803000000.0,0.136,803000000.0,706000000.0,674000000.0,1.13,1.12,1.13,9191000000,,9191000000,17441886840,6.0,5.623,359000000.0,0.911,1.0,1187000000.0,0.202,11661000000.0,32000000.0,6637000000.0,,275000000,0.0,0,0,13579000000.0,4668000000,8911000000.0,17354886840,-49000000.0,0.0,-297000000.0,0.0,-112000000.0,-408000000.0,-46000000.0,0.0,405000000.0,0.0,452000000.0,452000000.0,452000000.0,-3000000.0,8000000.0,0.077,475000000.0,712000000.0,1209000000,0.274,1.888,10.055,10.387,1981000000,0.0,44.04,0.732,0.732,4363000000,7976000000.0,5884000000.0,5884000000.0,111000000.0,,,,,-1000000.0,364000000.0,1.0,394071000,394071000,,14.931,11218000000.0,1107000000,222000000.0,0,28.467,2671000000
44,RTN,ARQ,2008-12-31,2009-02-25,2008-12-31,2020-04-01,-5182000000.0,23296000000.0,,7417000000,15879000000.0,,22.711,-146000000.0,2259000000,2259000000,4910000000.0,421000000.0,1.44,1.564,2309000000,0,2309000000,2309000000,1970000000.0,102000000.0,0.0,0.026,0.28,642000000.0,744000000.0,0.122,744000000.0,642000000.0,610000000.0,1.04,1.02,1.04,9087000000,,9087000000,17263119380,7.0,5.726,298000000.0,0.745,1.0,1176000000.0,0.193,11662000000.0,32000000.0,6535000000.0,,325000000,0.0,0,0,14209000000.0,5149000000,9060000000.0,17213119380,-502000000.0,0.0,-679000000.0,0.0,-116000000.0,-792000000.0,-154000000.0,0.0,444000000.0,0.0,421000000.0,421000000.0,421000000.0,0.0,0.0,0.069,530000000.0,646000000.0,1201000000,0.269,1.894,10.295,10.596,2024000000,0.0,43.02,0.743,0.743,3898000000,7646000000.0,6086000000.0,6086000000.0,138000000.0,,,,,-3000000.0,392000000.0,1.0,400119000,400119000,,15.21,11634000000.0,1571000000,189000000.0,0,29.076,2268000000
45,RTN,ARQ,2008-09-30,2008-10-23,2008-09-28,2020-04-01,-1900000000.0,23766000000.0,,8168000000,15598000000.0,,30.688,-89000000.0,2761000000,2761000000,4674000000.0,427000000.0,1.615,0.87,2273000000,0,2273000000,2273000000,1850000000.0,99000000.0,0.0,0.023,0.28,678000000.0,777000000.0,0.133,777000000.0,678000000.0,649000000.0,1.04,1.01,1.04,12707000000,,12707000000,18906898280,7.0,6.25,664000000.0,1.604,1.0,1190000000.0,0.203,11667000000.0,29000000.0,6552000000.0,,356000000,0.0,0,0,11059000000.0,5059000000,6000000000.0,19394898280,207000000.0,-20000000.0,-324000000.0,0.0,-117000000.0,-437000000.0,-109000000.0,0.0,753000000.0,0.0,427000000.0,427000000.0,427000000.0,0.0,0.0,0.073,510000000.0,680000000.0,1196000000,0.269,1.526,10.489,10.573,1990000000,0.0,46.84,0.855,0.855,4486000000,7336000000.0,5864000000.0,5864000000.0,130000000.0,,,,,-4000000.0,380000000.0,1.0,414067000,414067000,,14.162,12099000000.0,452000000,222000000.0,515000000,29.22,3109000000
46,RTN,ARQ,2008-06-30,2008-07-24,2008-06-29,2020-04-01,-1856000000.0,23597000000.0,,7981000000,15616000000.0,,30.549,-69000000.0,2554000000,2554000000,4670000000.0,426000000.0,1.659,0.853,2269000000,0,2269000000,2269000000,1933000000.0,97000000.0,0.0,0.019,0.28,681000000.0,778000000.0,0.133,778000000.0,681000000.0,647000000.0,1.03,1.0,1.03,12736000000,,12736000000,23461737920,9.0,8.229,692000000.0,1.66,1.0,1200000000.0,0.204,11657000000.0,34000000.0,6845000000.0,,379000000,0.0,0,0,10861000000.0,4810000000,6051000000.0,23746737920,267000000.0,-25000000.0,-311000000.0,0.0,-118000000.0,-401000000.0,-93000000.0,0.0,761000000.0,0.0,426000000.0,426000000.0,426000000.0,0.0,0.0,0.073,538000000.0,662000000.0,1128000000,0.272,1.865,13.798,13.961,2021000000,0.0,56.96,1.071,1.071,4479000000,7025000000.0,5870000000.0,5870000000.0,142000000.0,,,,,-28000000.0,396000000.0,1.0,416902000,416902000,,14.08,11940000000.0,440000000,221000000.0,543000000,28.64,3171000000
47,RTN,ARQ,2008-03-31,2008-04-24,2008-03-30,2020-04-01,0.0,23134000000.0,,7497000000,15637000000.0,,29.863,-60000000.0,2287000000,2287000000,4259000000.0,398000000.0,1.676,0.831,2288000000,0,2288000000,2288000000,1842000000.0,92000000.0,0.0,0.016,0.28,624000000.0,716000000.0,0.134,716000000.0,624000000.0,590000000.0,0.95,0.92,0.95,12632000000,,12632000000,27957334360,8.0,7.479,-3000000.0,-0.007,1.0,1095000000.0,0.205,11632000000.0,34000000.0,7029000000.0,,385000000,0.0,0,0,10502000000.0,4474000000,6028000000.0,27956334360,-368000000.0,0.0,-273000000.0,0.0,-109000000.0,-364000000.0,-61000000.0,0.0,57000000.0,0.0,398000000.0,398000000.0,398000000.0,2000000.0,0.0,0.074,487000000.0,608000000.0,1044000000,0.295,2.213,10.63,10.817,2035000000,0.0,66.09,1.287,1.287,4196000000,,5354000000.0,5354000000.0,107000000.0,,,,,-18000000.0,380000000.0,1.0,423004000,423004000,,12.657,11502000000.0,436000000,192000000.0,483000000,27.191,3023000000
48,RTN,ARQ,2007-12-31,2008-02-27,2007-12-31,2020-04-01,-1956000000.0,23281000000.0,,7616000000,15665000000.0,,29.415,-182000000.0,2655000000,2655000000,4454000000.0,598000000.0,1.591,0.856,2268000000,0,2268000000,2268000000,1845000000.0,88000000.0,0.0,0.015,0.255,666000000.0,754000000.0,0.135,754000000.0,666000000.0,625000000.0,1.41,1.37,1.41,12542000000,,12542000000,27933558120,8.0,7.595,751000000.0,1.761,1.0,1145000000.0,0.205,11627000000.0,41000000.0,6479000000.0,,386000000,0.0,0,0,10739000000.0,4788000000,5951000000.0,28320558120,46000000.0,-185000000.0,-298000000.0,-118000000.0,-109000000.0,-517000000.0,-370000000.0,0.0,933000000.0,0.0,598000000.0,598000000.0,598000000.0,121000000.0,0.0,0.107,392000000.0,753000000.0,1141000000,0.181,2.258,10.985,11.163,2058000000,0.0,66.42,1.33,1.33,3947000000,6452000000.0,5599000000.0,5599000000.0,125000000.0,,,,,-55000000.0,267000000.0,1.0,426386000,426386000,,13.131,11654000000.0,432000000,27000000.0,451000000,27.332,2828000000
49,RTN,ARQ,2007-09-30,2007-10-25,2007-09-23,2020-04-01,0.0,23491000000.0,,7807000000,15684000000.0,,27.889,-80000000.0,2609000000,2609000000,4276000000.0,299000000.0,1.569,0.962,2368000000,119000000,2249000000,2368000000,1786000000.0,98000000.0,0.0,0.015,0.255,505000000.0,603000000.0,0.113,603000000.0,505000000.0,464000000.0,0.69,0.68,0.69,11973000000,,11973000000,27663955000,9.0,7.915,651000000.0,1.516,1.0,1079000000.0,0.201,11464000000.0,41000000.0,6811000000.0,,543000000,0.0,0,0,11518000000.0,4975000000,6543000000.0,27904955000,-436000000.0,0.0,-419000000.0,-568000000.0,-111000000.0,-1084000000.0,-83000000.0,0.0,731000000.0,0.0,299000000.0,299000000.0,299000000.0,5000000.0,0.0,0.056,602000000.0,477000000.0,982000000,0.37,2.331,11.9,12.15,2062000000,0.0,65.0,1.436,1.436,4049000000,,5355000000.0,5355000000.0,142000000.0,,,,,0.0,460000000.0,1.0,429307000,429307000,,12.474,12027000000.0,289000000,165000000.0,0,28.015,2832000000
50,RTN,ARQ,2007-06-30,2007-07-26,2007-06-24,2020-04-01,0.0,24290000000.0,,8150000000,16140000000.0,,27.851,-75000000.0,3045000000,3045000000,4326000000.0,1335000000.0,1.454,0.994,2919000000,686000000,2233000000,2919000000,1895000000.0,97000000.0,0.0,0.018,0.255,1568000000.0,1665000000.0,0.307,1665000000.0,1568000000.0,1514000000.0,3.06,2.97,3.06,12180000000,,12180000000,23883691500,7.0,6.709,-125000000.0,-0.286,1.0,1093000000.0,0.202,11541000000.0,54000000.0,7016000000.0,,537000000,0.0,0,0,12110000000.0,5607000000,6503000000.0,24009691500,1385000000.0,3117000000.0,-470000000.0,-1041000000.0,-113000000.0,-1606000000.0,3041000000.0,0.0,-50000000.0,0.0,1335000000.0,1335000000.0,1335000000.0,-979000000.0,0.0,0.246,505000000.0,588000000.0,893000000,0.083,1.971,10.144,10.186,2086000000,0.0,54.9,1.214,1.214,4097000000,,5419000000.0,5419000000.0,138000000.0,,,,,0.0,367000000.0,1.0,437335000,437335000,,12.391,12749000000.0,467000000,179000000.0,0,29.152,2543000000
51,RTN,ARQ,2007-03-31,2007-04-25,2007-03-25,2020-04-01,0.0,25083000000.0,,9099000000,15984000000.0,,25.258,-53000000.0,1660000000,1660000000,3981000000.0,346000000.0,1.414,1.237,3969000000,686000000,3283000000,3969000000,1947000000.0,89000000.0,0.0,0.018,0.255,567000000.0,656000000.0,0.133,656000000.0,567000000.0,507000000.0,0.78,0.76,0.78,11211000000,,11211000000,26721080000,12.0,10.471,-469000000.0,-1.057,1.0,947000000.0,0.192,11539000000.0,60000000.0,9416000000.0,,499000000,0.0,0,0,13872000000.0,6437000000,7435000000.0,24412080000,-800000000.0,0.0,-214000000.0,3000000.0,-107000000.0,-303000000.0,-81000000.0,0.0,-416000000.0,0.0,346000000.0,346000000.0,346000000.0,-32000000.0,0.0,0.07,437000000.0,510000000.0,833000000,0.327,2.178,18.191,18.152,2105000000,0.0,55.0,1.217,1.217,4069000000,,4928000000.0,4928000000.0,97000000.0,,,,,0.0,340000000.0,1.0,443856000,443856000,,11.103,13544000000.0,470000000,161000000.0,0,30.514,2662000000
52,RTN,ARQ,2006-12-31,2007-02-22,2006-12-31,2020-04-01,-2514000000.0,25491000000.0,,9517000000,15974000000.0,,24.879,-147000000.0,2460000000,2460000000,3036000000.0,365000000.0,1.417,1.296,3965000000,687000000,3278000000,3965000000,1962000000.0,32000000.0,0.0,0.017,0.24,539000000.0,571000000.0,0.153,571000000.0,539000000.0,467000000.0,0.82,0.81,0.82,11101000000,,11101000000,26103620090,12.0,10.4,1404000000.0,3.147,1.0,699000000.0,0.187,11539000000.0,72000000.0,8742000000.0,,487000000,0.0,0,0,14390000000.0,6715000000,7675000000.0,24598620090,1298000000.0,3000000.0,55000000.0,-17000000.0,-107000000.0,-62000000.0,-191000000.0,0.0,1551000000.0,0.0,365000000.0,365000000.0,365000000.0,-181000000.0,0.0,0.098,362000000.0,337000000.0,920000000,0.293,2.216,19.173,19.01,2131000000,0.0,55.13,1.212,1.212,3778000000,4329000000.0,3735000000.0,3735000000.0,64000000.0,,,,,0.0,298000000.0,1.0,446193000,446193000,,8.371,13952000000.0,446000000,102000000.0,0,31.269,2802000000
53,RTN,ARQ,2006-09-30,2006-10-26,2006-09-24,2020-04-01,0.0,24787000000.0,,8081000000,16706000000.0,,25.594,-91000000.0,1162000000,1162000000,4656000000.0,321000000.0,1.361,1.178,3983000000,582000000,3401000000,3983000000,1965000000.0,113000000.0,0.0,0.019,0.24,555000000.0,668000000.0,0.117,668000000.0,555000000.0,491000000.0,0.73,0.71,0.73,11380000000,,11380000000,24701242300,12.0,9.653,661000000.0,1.487,1.0,1037000000.0,0.182,11617000000.0,64000000.0,10054000000.0,,2139000000,0.0,0,0,13407000000.0,5937000000,7470000000.0,21880242300,237000000.0,-40000000.0,-208000000.0,-74000000.0,-108000000.0,-383000000.0,-132000000.0,0.0,752000000.0,0.0,321000000.0,321000000.0,321000000.0,2000000.0,0.0,0.056,500000000.0,537000000.0,1084000000,0.329,1.923,18.325,18.226,2588000000,0.0,49.21,0.961,0.961,4166000000,,5693000000.0,5693000000.0,127000000.0,,,,,0.0,373000000.0,1.0,444630000,444630000,,12.804,13170000000.0,341000000,170000000.0,209000000,29.62,2144000000
54,RTN,ARQ,2006-06-30,2006-07-27,2006-06-25,2020-04-01,0.0,24453000000.0,,7700000000,16753000000.0,,25.448,-83000000.0,925000000,925000000,4655000000.0,310000000.0,1.517,1.141,4036000000,91000000,3945000000,4036000000,1984000000.0,117000000.0,0.0,0.02,0.24,540000000.0,657000000.0,0.115,657000000.0,540000000.0,471000000.0,0.7,0.69,0.7,11419000000,,11419000000,23370617700,12.0,9.621,377000000.0,0.84,1.0,1056000000.0,0.185,11590000000.0,69000000.0,10899000000.0,,1969000000,0.0,0,0,13034000000.0,5075000000,7959000000.0,20259617700,-19000000.0,28000000.0,17000000.0,-340000000.0,-107000000.0,-424000000.0,-55000000.0,0.0,460000000.0,0.0,310000000.0,310000000.0,310000000.0,1000000.0,0.0,0.054,544000000.0,512000000.0,1001000000,0.343,1.774,18.401,18.206,2621000000,0.0,45.15,0.904,0.904,4157000000,,5711000000.0,5711000000.0,154000000.0,,,,,0.0,390000000.0,1.0,448718000,448718000,,12.727,12863000000.0,372000000,161000000.0,209000000,28.666,2625000000
55,RTN,ARQ,2006-03-31,2006-04-27,2006-03-26,2020-04-01,0.0,24557000000.0,,7628000000,16929000000.0,,24.381,-48000000.0,944000000,944000000,4218000000.0,287000000.0,1.331,1.257,4418000000,456000000,3962000000,4418000000,1970000000.0,111000000.0,0.0,0.02,0.24,503000000.0,614000000.0,0.119,614000000.0,503000000.0,435000000.0,0.65,0.64,0.65,10878000000,,10878000000,24007019520,13.0,10.488,-68000000.0,-0.152,1.0,934000000.0,0.181,11586000000.0,68000000.0,10714000000.0,,1951000000,0.0,0,0,13679000000.0,5731000000,7948000000.0,20533019520,-258000000.0,-25000000.0,-47000000.0,-31000000.0,-98000000.0,-165000000.0,-73000000.0,0.0,-20000000.0,0.0,287000000.0,287000000.0,287000000.0,2000000.0,0.0,0.056,480000000.0,454000000.0,1058000000,0.369,1.888,20.699,20.637,2636000000,0.0,46.02,0.929,0.929,4065000000,,5152000000.0,5152000000.0,119000000.0,,,,,0.0,361000000.0,1.0,446176000,446176000,,11.547,12971000000.0,408000000,148000000.0,206000000,29.071,1897000000
56,RTN,ARQ,2005-12-31,2006-03-02,2005-12-31,2020-04-01,-1950000000.0,24381000000.0,,7567000000,16814000000.0,,24.005,-169000000.0,1202000000,1202000000,5177000000.0,276000000.0,1.283,1.277,4456000000,487000000,3969000000,4456000000,2012000000.0,117000000.0,0.0,0.02,0.22,503000000.0,620000000.0,0.1,620000000.0,503000000.0,428000000.0,0.62,0.61,0.62,10709000000,,10709000000,22874137700,14.0,10.764,1058000000.0,2.372,1.0,1033000000.0,0.166,11554000000.0,75000000.0,10181000000.0,,1722000000,0.0,0,0,13672000000.0,5900000000,7772000000.0,19620137700,382000000.0,45000000.0,-34000000.0,-585000000.0,-98000000.0,-717000000.0,-128000000.0,0.0,1227000000.0,0.0,276000000.0,276000000.0,276000000.0,6000000.0,0.0,0.044,564000000.0,469000000.0,962000000,0.355,1.832,22.526,22.554,2675000000,0.0,43.98,0.896,0.896,3894000000,3475000000.0,6210000000.0,6210000000.0,143000000.0,,,,,0.0,421000000.0,1.0,446115000,446115000,,13.92,12827000000.0,435000000,152000000.0,125000000,28.753,1667000000
57,RTN,ARQ,2005-09-30,2005-10-27,2005-09-25,2020-04-01,0.0,24324000000.0,,7713000000,16611000000.0,,23.516,-96000000.0,820000000,820000000,4445000000.0,228000000.0,1.241,1.315,5050000000,880000000,4170000000,5050000000,2056000000.0,109000000.0,0.0,0.024,0.22,429000000.0,538000000.0,0.101,538000000.0,429000000.0,350000000.0,0.51,0.5,0.51,10505000000,,10505000000,20513053350,13.0,10.251,698000000.0,1.562,1.0,886000000.0,0.166,11549000000.0,79000000.0,10791000000.0,,2014000000,0.0,0,0,13819000000.0,6214000000,7605000000.0,16283053350,366000000.0,-39000000.0,-177000000.0,-31000000.0,-99000000.0,-307000000.0,-121000000.0,0.0,794000000.0,0.0,228000000.0,228000000.0,228000000.0,3000000.0,0.0,0.043,472000000.0,414000000.0,964000000,0.431,1.55,19.385,19.388,2591000000,0.0,36.45,0.761,0.761,4128000000,,5331000000.0,5331000000.0,124000000.0,,,,,0.0,348000000.0,1.0,446723000,446723000,,11.934,12775000000.0,420000000,122000000.0,150000000,28.597,1499000000
58,RTN,ARQ,2005-06-30,2005-07-28,2005-06-26,2020-04-01,0.0,23978000000.0,,7291000000,16687000000.0,,23.342,-74000000.0,454000000,454000000,4490000000.0,201000000.0,1.235,1.276,5095000000,876000000,4219000000,5095000000,1919000000.0,110000000.0,0.0,0.021,0.22,407000000.0,517000000.0,0.096,517000000.0,407000000.0,325000000.0,0.45,0.44,0.45,10535000000,,10535000000,22554644910,15.0,11.846,697000000.0,1.544,1.0,919000000.0,0.17,11511000000.0,82000000.0,11205000000.0,,1960000000,0.0,0,0,13443000000.0,5903000000,7540000000.0,17913644910,-3000000.0,0.0,-116000000.0,-484000000.0,-100000000.0,-700000000.0,-74000000.0,0.0,771000000.0,0.0,201000000.0,201000000.0,201000000.0,32000000.0,0.0,0.037,492000000.0,427000000.0,952000000,0.489,1.7,23.447,23.211,2623000000,0.0,39.69,0.853,0.853,4099000000,,5409000000.0,5409000000.0,136000000.0,,,,,0.0,356000000.0,1.0,451339000,451339000,,11.984,12467000000.0,436000000,124000000.0,65000000,27.622,1388000000
59,RTN,ARQ,2005-03-31,2005-04-29,2005-03-27,2020-04-01,0.0,24341000000.0,,7442000000,16899000000.0,,23.342,-60000000.0,457000000,457000000,4118000000.0,166000000.0,1.264,1.306,5555000000,941000000,4614000000,5555000000,1961000000.0,108000000.0,0.0,0.049,0.22,342000000.0,450000000.0,0.091,450000000.0,342000000.0,266000000.0,0.37,0.36,0.37,10556000000,,10556000000,22106107030,22.0,15.059,-337000000.0,-0.745,1.0,826000000.0,0.167,11514000000.0,76000000.0,12039000000.0,,1858000000,0.0,0,0,13785000000.0,5886000000,7899000000.0,17008107030,-99000000.0,-53000000.0,-41000000.0,422000000.0,-90000000.0,291000000.0,-113000000.0,0.0,-277000000.0,0.0,166000000.0,166000000.0,166000000.0,30000000.0,0.0,0.034,449000000.0,377000000.0,820000000,0.595,1.611,37.38,37.238,2684000000,0.0,37.61,0.829,0.829,4339000000,,4944000000.0,4944000000.0,100000000.0,,,,,0.0,349000000.0,1.0,452223000,452223000,,10.933,12827000000.0,460000000,100000000.0,0,28.364,1556000000
60,RTN,ARQ,2004-12-31,2005-03-15,2004-12-31,2020-04-01,-1919000000.0,24153000000.0,,7124000000,17029000000.0,,23.286,-184000000.0,556000000,556000000,4727000000.0,245000000.0,1.262,1.289,5153000000,516000000,4637000000,5153000000,1900000000.0,113000000.0,0.0,0.047,0.2,383000000.0,496000000.0,0.087,496000000.0,383000000.0,291000000.0,0.55,0.55,0.55,10551000000,,10551000000,22145408080,23.0,15.717,894000000.0,1.973,1.0,977000000.0,0.171,11516000000.0,92000000.0,11590000000.0,,1745000000,0.0,0,0,13602000000.0,5644000000,7958000000.0,17548408080,-493000000.0,1000000.0,28000000.0,-1253000000.0,-91000000.0,-1316000000.0,-255000000.0,-71000000.0,1078000000.0,0.0,245000000.0,245000000.0,245000000.0,1000000.0,0.0,0.043,537000000.0,440000000.0,867000000,0.364,1.663,42.083,40.768,2738000000,0.0,38.73,0.867,0.867,3992000000,2998000000.0,5704000000.0,5704000000.0,126000000.0,,,,,0.0,411000000.0,1.0,453096000,453096000,,12.589,12637000000.0,540000000,46000000.0,0,27.89,1480000000
61,RTN,ARQ,2004-09-30,2004-10-28,2004-09-26,2020-04-01,0.0,23998000000.0,,7227000000,16771000000.0,,22.344,-98000000.0,1049000000,1049000000,4117000000.0,152000000.0,1.458,1.376,6428000000,835000000,5593000000,6428000000,0.0,112000000.0,0.0,0.049,0.2,329000000.0,441000000.0,0.089,441000000.0,329000000.0,229000000.0,0.34,0.34,0.34,10101000000,,10101000000,22308572100,22.0,15.449,204000000.0,0.451,1.0,819000000.0,0.166,11477000000.0,100000000.0,12944000000.0,,1965000000,74000000.0,74000000,0,13897000000.0,4956000000,8941000000.0,16929572100,45000000.0,0.0,26000000.0,-143000000.0,-90000000.0,-207000000.0,-50000000.0,48000000.0,302000000.0,0.0,152000000.0,152000000.0,152000000.0,34000000.0,0.0,0.031,462000000.0,357000000.0,824000000,0.588,1.676,44.906,42.079,2671000000,0.0,37.45,0.862,0.862,3323000000,,4936000000.0,4936000000.0,123000000.0,,,,,0.0,339000000.0,1.0,452058000,452058000,,10.919,12521000000.0,690000000,77000000.0,0,27.698,2271000000
62,RTN,ARQ,2004-06-30,2004-07-29,2004-06-27,2020-04-01,0.0,24303000000.0,,7395000000,16908000000.0,,22.157,-99000000.0,1004000000,1004000000,4105000000.0,-108000000.0,1.579,1.432,6542000000,168000000,6374000000,6542000000,0.0,108000000.0,0.0,0.055,1.231,-27000000.0,81000000.0,0.016,81000000.0,-27000000.0,-136000000.0,-0.25,-0.25,-0.25,9995000000,,9995000000,20672069500,26.0,17.07,793000000.0,1.758,1.0,824000000.0,0.167,11480000000.0,109000000.0,13678000000.0,,2068000000,74000000.0,74000000,0,14308000000.0,4683000000,9625000000.0,15134069500,664000000.0,0.0,883000000.0,-855000000.0,-85000000.0,-57000000.0,-171000000.0,-72000000.0,892000000.0,0.0,-108000000.0,-108000000.0,-108000000.0,14000000.0,0.0,-0.022,484000000.0,340000000.0,814000000,-4.924,1.514,79.653,71.383,2670000000,0.0,33.55,0.793,0.793,3482000000,,4929000000.0,4929000000.0,127000000.0,,,,,0.0,357000000.0,1.0,451090000,451090000,,10.927,12823000000.0,786000000,-28000000.0,0,28.427,2712000000
63,RTN,ARQ,2004-03-31,2004-04-29,2004-03-28,2020-04-01,0.0,23762000000.0,,6912000000,16850000000.0,,22.092,-85000000.0,340000000,340000000,3984000000.0,128000000.0,1.802,1.557,7410000000,13000000,7397000000,7410000000,0.0,101000000.0,0.0,0.025,0.2,290000000.0,391000000.0,0.084,391000000.0,290000000.0,173000000.0,0.31,0.3,0.31,9293000000,,9293000000,20530857088,18.0,13.349,-286000000.0,-0.68,1.0,692000000.0,0.148,11478000000.0,117000000.0,15519000000.0,,2003000000,0.0,0,0,14469000000.0,3835000000,10634000000.0,13460857088,-321000000.0,-66000000.0,22000000.0,-3000000.0,-83000000.0,-64000000.0,-56000000.0,95000000.0,-201000000.0,0.0,128000000.0,128000000.0,128000000.0,14000000.0,0.0,0.027,441000000.0,251000000.0,757000000,0.645,1.448,33.821,33.333,2681000000,0.0,32.0,0.724,0.724,3887000000,,4676000000.0,4676000000.0,115000000.0,,,,,0.0,326000000.0,1.0,420651784,420651784,,11.116,12284000000.0,768000000,45000000.0,0,29.202,3077000000
64,RTN,ARQ,2003-12-31,2004-03-15,2003-12-31,2020-04-01,-2194000000.0,23668000000.0,,6585000000,17083000000.0,,21.912,-199000000.0,661000000,661000000,4174000000.0,205000000.0,1.711,1.583,7391000000,15000000,7376000000,7391000000,0.0,114000000.0,0.0,0.026,0.2,417000000.0,531000000.0,0.104,531000000.0,417000000.0,295000000.0,0.49,0.49,0.49,9162000000,,9162000000,19382795360,17.0,12.735,871000000.0,2.083,1.0,927000000.0,0.182,11479000000.0,122000000.0,15070000000.0,,1998000000,0.0,0,0,14506000000.0,3849000000,10657000000.0,12652795360,458000000.0,57000000.0,12000000.0,-706000000.0,-84000000.0,-778000000.0,166000000.0,309000000.0,1070000000.0,0.0,205000000.0,205000000.0,205000000.0,12000000.0,0.0,0.04,475000000.0,452000000.0,833000000,0.408,1.381,34.665,34.386,2711000000,0.0,30.26,0.699,0.699,3247000000,2937000000.0,5101000000.0,5101000000.0,121000000.0,,,,,0.0,354000000.0,1.0,418136000,418136000,,12.199,12189000000.0,803000000,90000000.0,0,29.151,2736000000
65,RTN,ARQ,2003-09-30,2003-11-12,2003-09-28,2020-04-01,0.0,23796000000.0,,6766000000,17030000000.0,,21.733,-126000000.0,203000000,203000000,3776000000.0,-35000000.0,1.56,1.631,7261000000,559000000,6702000000,7261000000,0.0,98000000.0,0.0,0.029,0.2,110000000.0,208000000.0,0.048,208000000.0,110000000.0,-27000000.0,-0.08,-0.08,-0.08,9046000000,,9046000000,18375196387,23.0,15.493,473000000.0,1.136,1.0,602000000.0,0.138,11474000000.0,137000000.0,15044000000.0,,2085000000,0.0,0,0,14750000000.0,4336000000,10414000000.0,11317196387,-161000000.0,-6000000.0,31000000.0,-450000000.0,-82000000.0,-501000000.0,-259000000.0,-127000000.0,599000000.0,0.0,-35000000.0,-35000000.0,-35000000.0,56000000.0,0.0,-0.008,434000000.0,168000000.0,786000000,-2.5,1.251,123.013,118.217,2620000000,0.0,27.19,0.64,0.64,3798000000,,4378000000.0,4378000000.0,129000000.0,,,,,0.0,305000000.0,1.0,416226421,416226421,,10.518,12322000000.0,843000000,8000000.0,0,29.604,2430000000
66,RTN,ARQ,2003-06-30,2003-08-04,2003-06-29,2020-04-01,0.0,24293000000.0,,7330000000,16963000000.0,,22.02,-97000000.0,364000000,364000000,3570000000.0,100000000.0,1.563,1.665,7714000000,968000000,6746000000,7714000000,0.0,92000000.0,0.0,0.026,0.2,316000000.0,408000000.0,0.092,408000000.0,316000000.0,181000000.0,0.24,0.24,0.24,9116000000,,9116000000,20171208360,19.0,14.047,543000000.0,1.312,1.0,859000000.0,0.194,11452000000.0,135000000.0,15501000000.0,,2114000000,0.0,0,0,15177000000.0,4690000000,10487000000.0,12821208360,-23000000.0,40000000.0,25000000.0,-602000000.0,-82000000.0,-659000000.0,-4000000.0,54000000.0,640000000.0,0.0,100000000.0,100000000.0,100000000.0,86000000.0,0.0,0.023,476000000.0,383000000.0,824000000,0.833,1.406,46.793,46.224,2461000000,0.0,30.97,0.738,0.738,4061000000,,4429000000.0,4429000000.0,131000000.0,,,,,0.0,345000000.0,1.0,413988000,413988000,,10.698,12841000000.0,823000000,81000000.0,0,31.018,2640000000
67,RTN,ARQ,2003-03-31,2003-05-01,2003-03-30,2020-04-01,0.0,24312000000.0,,7324000000,16988000000.0,,21.821,-79000000.0,387000000,387000000,3480000000.0,95000000.0,1.491,1.714,8223000000,1528000000,6695000000,8223000000,0.0,89000000.0,0.0,0.027,0.2,286000000.0,375000000.0,0.089,375000000.0,286000000.0,143000000.0,0.23,0.23,0.23,8959000000,,8959000000,19951625600,24.0,16.53,-819000000.0,-1.995,1.0,721000000.0,0.172,11332000000.0,143000000.0,15903000000.0,,2045000000,0.0,0,0,15353000000.0,4913000000,10440000000.0,12115625600,-157000000.0,-40000000.0,19000000.0,793000000.0,-83000000.0,729000000.0,-146000000.0,104000000.0,-740000000.0,0.0,95000000.0,95000000.0,95000000.0,16000000.0,0.0,0.023,408000000.0,313000000.0,693000000,0.87,1.352,318.832,327.889,2387000000,0.0,29.51,0.711,0.711,4166000000,,4201000000.0,4201000000.0,106000000.0,,,,,0.0,302000000.0,1.0,410560000,410560000,,10.232,12980000000.0,855000000,48000000.0,0,31.615,2411000000
68,RTN,ARQ,2002-12-31,2003-03-24,2002-12-31,2020-04-01,-2180000000.0,23946000000.0,,7190000000,16756000000.0,,21.704,-216000000.0,544000000,544000000,3751000000.0,-68000000.0,1.408,1.7,7433000000,1153000000,6280000000,7433000000,0.0,97000000.0,0.0,0.029,0.2,98000000.0,195000000.0,0.042,195000000.0,98000000.0,-11000000.0,-0.16,-0.17,-0.16,8870000000,,8870000000,18205155370,103.0,33.713,626000000.0,1.532,1.0,911000000.0,0.195,11170000000.0,109000000.0,14558000000.0,,2032000000,0.0,0,0,15076000000.0,5107000000,9969000000.0,11316155370,-75000000.0,-10000000.0,28000000.0,570000000.0,-81000000.0,517000000.0,-1434000000.0,-178000000.0,842000000.0,0.0,-68000000.0,-68000000.0,-68000000.0,223000000.0,0.0,-0.015,419000000.0,492000000.0,776000000,-1.25,1.276,-17.681,-17.415,2396000000,0.0,27.69,0.675,0.675,3691000000,2904000000.0,4662000000.0,4662000000.0,112000000.0,,,,,0.0,307000000.0,1.0,408673000,408673000,,11.408,12776000000.0,882000000,57000000.0,0,31.262,2083000000
69,RTN,ARQ,2002-09-30,2002-11-06,2002-09-29,2020-04-01,0.0,24514000000.0,,7496000000,17018000000.0,,26.712,-136000000.0,619000000,619000000,3240000000.0,147000000.0,1.606,1.261,6864000000,776000000,6088000000,6864000000,0.0,92000000.0,0.0,0.026,0.2,366000000.0,458000000.0,0.112,458000000.0,366000000.0,248000000.0,0.36,0.36,0.36,10842000000,,10842000000,18571818560,45.0,21.421,81000000.0,0.2,1.0,852000000.0,0.208,11170000000.0,118000000.0,14921000000.0,,2128000000,0.0,0,0,13672000000.0,4668000000,9004000000.0,12326818560,-1023000000.0,43000000.0,64000000.0,-1007000000.0,-81000000.0,-1024000000.0,-216000000.0,-115000000.0,217000000.0,0.0,147000000.0,147000000.0,147000000.0,81000000.0,0.0,0.036,397000000.0,455000000.0,803000000,0.556,1.137,-20.928,-20.113,2324000000,0.0,30.37,0.737,0.737,3918000000,,4092000000.0,4092000000.0,112000000.0,,,,,0.0,285000000.0,1.0,405888000,405888000,,10.082,13344000000.0,597000000,101000000.0,837000000,32.876,2828000000
70,RTN,ARQ,2002-06-30,2002-08-14,2002-06-30,2020-04-01,0.0,25697000000.0,,8622000000,17075000000.0,,26.474,-131000000.0,1642000000,1642000000,3207000000.0,-136000000.0,1.429,1.409,7821000000,1783000000,6038000000,7821000000,0.0,87000000.0,0.0,0.023,0.2,92000000.0,179000000.0,0.044,179000000.0,92000000.0,-39000000.0,-0.34,-0.33,-0.34,10666000000,,10666000000,20030220680,-59.0,101.163,160000000.0,0.397,1.0,888000000.0,0.217,11168000000.0,131000000.0,14676000000.0,,2083000000,0.0,0,0,15031000000.0,6032000000,8999000000.0,13851220680,158000000.0,0.0,102000000.0,-17000000.0,-80000000.0,5000000.0,-138000000.0,-6000000.0,291000000.0,0.0,-136000000.0,-136000000.0,-136000000.0,359000000.0,0.0,-0.033,434000000.0,454000000.0,767000000,-0.588,1.299,-13.566,-12.925,2319000000,0.0,34.38,0.835,0.835,4024000000,,4095000000.0,4095000000.0,121000000.0,,,,,0.0,313000000.0,1.0,402886000,402886000,,10.164,14529000000.0,649000000,97000000.0,835000000,36.062,2590000000
71,RTN,ARQ,2002-03-31,2002-04-24,2002-03-31,2020-04-01,0.0,25655000000.0,,8406000000,17249000000.0,,27.252,-102000000.0,1484000000,1484000000,3160000000.0,-434000000.0,1.452,1.364,7787000000,1792000000,5995000000,7787000000,0.0,88000000.0,0.0,0.02,0.2,-238000000.0,-150000000.0,-0.038,-150000000.0,-238000000.0,-370000000.0,-1.1,-1.07,-1.1,10852000000,,10852000000,22406491080,-63.0,78.344,-413000000.0,-1.037,1.0,751000000.0,0.192,11359000000.0,132000000.0,14808000000.0,,2012000000,0.0,0,0,14803000000.0,5791000000,9012000000.0,16103491080,270000000.0,1123000000.0,28000000.0,-437000000.0,-79000000.0,-488000000.0,1069000000.0,-60000000.0,-311000000.0,0.0,-434000000.0,-434000000.0,-434000000.0,224000000.0,0.0,-0.111,398000000.0,353000000.0,782000000,-0.182,1.484,-15.008,-14.14,2293000000,0.0,40.44,0.958,0.958,3984000000,,3911000000.0,3911000000.0,104000000.0,,,,,0.0,294000000.0,1.0,398207000,398207000,,9.822,14296000000.0,616000000,64000000.0,908000000,35.901,2615000000
72,RTN,ARQ,2001-12-31,2002-03-19,2001-12-31,2020-04-01,-212000000.0,26636000000.0,,8362000000,18274000000.0,,28.457,-225000000.0,1214000000,1214000000,3787000000.0,-166000000.0,1.454,1.359,8239000000,1364000000,6875000000,8239000000,0.0,187000000.0,0.0,0.019,0.2,193000000.0,380000000.0,0.082,380000000.0,193000000.0,49000000.0,-0.43,-0.4,-0.43,11290000000,,11290000000,23489876000,2610.0,31.829,432000000.0,1.089,1.0,844000000.0,0.182,12298000000.0,144000000.0,15610000000.0,,2174000000,0.0,0,0,15346000000.0,5753000000,9593000000.0,16464876000,635000000.0,0.0,1019000000.0,-1084000000.0,-73000000.0,-138000000.0,116000000.0,-159000000.0,657000000.0,0.0,-166000000.0,-166000000.0,-166000000.0,0.0,0.0,-0.036,414000000.0,430000000.0,937000000,-0.465,1.458,-21.579,-19.393,2353000000,0.0,41.5,0.976,0.976,3973000000,3776000000.0,4631000000.0,4631000000.0,111000000.0,,,,,0.0,303000000.0,1.0,396744000,396744000,,11.673,14338000000.0,691000000,215000000.0,578000000,36.139,2609000000
73,RTN,ARQ,2001-09-30,2001-11-14,2001-09-30,2020-04-01,0.0,26758000000.0,,8857000000,17901000000.0,,29.197,-136000000.0,579000000,579000000,3883000000.0,-285000000.0,1.471,1.532,9346000000,1723000000,7623000000,9346000000,0.0,174000000.0,0.0,0.026,0.2,-385000000.0,-211000000.0,-0.053,-211000000.0,-385000000.0,-550000000.0,-0.79,-0.79,-0.79,10567000000,,10567000000,19751302350,65.0,19.459,-355000000.0,-0.981,1.0,78000000.0,0.02,12385000000.0,165000000.0,17117000000.0,,2347000000,0.0,0,0,16191000000.0,6023000000,10168000000.0,10984302350,50000000.0,0.0,6000000.0,483000000.0,-72000000.0,417000000.0,-148000000.0,-11000000.0,-219000000.0,0.0,-285000000.0,-285000000.0,-285000000.0,0.0,0.0,-0.072,422000000.0,-344000000.0,903000000,-0.253,1.039,-25.604,-25.504,2279000000,0.0,30.35,0.661,0.661,4434000000,,3961000000.0,3961000000.0,110000000.0,,,,,0.0,312000000.0,1.0,361921000,361921000,,10.944,14373000000.0,699000000,-265000000.0,607000000,39.713,2834000000
74,RTN,ARQ,2001-06-30,2001-08-15,2001-07-01,2020-04-01,0.0,26760000000.0,,8114000000,18646000000.0,,30.149,-136000000.0,529000000,529000000,3499000000.0,-188000000.0,1.783,1.47,8820000000,255000000,8565000000,8820000000,0.0,191000000.0,0.0,0.03,0.2,76000000.0,267000000.0,0.062,267000000.0,76000000.0,-95000000.0,-0.54,-0.53,-0.54,10835000000,,10835000000,17796521650,16.0,9.832,-6000000.0,-0.017,1.0,808000000.0,0.188,13029000000.0,171000000.0,17470000000.0,,2274000000,0.0,0,0,15925000000.0,4552000000,11373000000.0,9505521650,46000000.0,155000000.0,385000000.0,-1223000000.0,-68000000.0,-69000000.0,-19000000.0,-33000000.0,130000000.0,0.0,-188000000.0,-188000000.0,-188000000.0,0.0,0.0,-0.044,451000000.0,357000000.0,1060000000,-0.37,0.877,-243.731,-293.889,2514000000,0.0,26.45,0.565,0.565,4536000000,,4307000000.0,4307000000.0,128000000.0,,,,,0.0,323000000.0,1.0,359377000,359377000,,11.985,13731000000.0,620000000,93000000.0,770000000,38.208,3562000000
75,RTN,ARQ,2001-03-31,2001-04-26,2001-04-01,2020-04-01,0.0,26527000000.0,,7788000000,18739000000.0,,31.2,-135000000.0,483000000,483000000,3232000000.0,-124000000.0,1.573,1.479,10043000000,1185000000,8858000000,10043000000,0.0,177000000.0,0.0,0.027,0.2,125000000.0,302000000.0,0.076,302000000.0,125000000.0,-55000000.0,-0.36,-0.36,-0.36,10700000000,,10700000000,19783339500,15.0,9.789,-570000000.0,-1.662,1.0,736000000.0,0.185,13182000000.0,180000000.0,17955000000.0,,2218000000,0.0,0,0,15827000000.0,4950000000,10877000000.0,10223339500,-388000000.0,111000000.0,3000000.0,112000000.0,-68000000.0,47000000.0,4000000.0,28000000.0,-435000000.0,0.0,-124000000.0,-124000000.0,-124000000.0,0.0,0.0,-0.031,420000000.0,316000000.0,969000000,-0.556,0.955,51.633,50.525,2498000000,0.0,29.81,0.615,0.615,4398000000,,3968000000.0,3968000000.0,126000000.0,,,,,0.0,294000000.0,1.0,342950000,342950000,,11.57,13345000000.0,533000000,69000000.0,748000000,38.912,2838000000
76,RTN,ARQ,2000-12-31,2001-03-05,2000-12-31,2020-04-01,-106000000.0,26777000000.0,,8013000000,18764000000.0,,31.738,-144000000.0,871000000,871000000,3443000000.0,168000000.0,1.647,1.474,9931000000,877000000,9054000000,9931000000,0.0,170000000.0,0.0,0.025,0.2,487000000.0,657000000.0,0.15,657000000.0,487000000.0,309000000.0,0.5,0.49,0.5,10823000000,,10823000000,19784827400,16.0,10.146,810000000.0,2.375,1.0,937000000.0,0.214,13281000000.0,178000000.0,17691000000.0,,1908000000,0.0,0,0,15954000000.0,4865000000,11089000000.0,10724827400,700000000.0,154000000.0,3000000.0,-90000000.0,-68000000.0,-155000000.0,-99000000.0,-59000000.0,954000000.0,0.0,168000000.0,168000000.0,168000000.0,0.0,0.0,0.038,429000000.0,508000000.0,1099000000,0.4,0.991,76.063,74.881,2491000000,0.0,31.45,0.635,0.635,4566000000,4831000000.0,4380000000.0,4380000000.0,131000000.0,,,,,0.0,298000000.0,1.0,341012000,341012000,,12.844,13496000000.0,476000000,141000000.0,773000000,39.576,3148000000
77,RTN,ARQ,2000-09-30,2000-11-15,2000-10-01,2020-04-01,0.0,26610000000.0,,7891000000,18719000000.0,,31.526,-80000000.0,171000000,171000000,3317000000.0,105000000.0,1.598,1.483,10021000000,972000000,9049000000,10021000000,0.0,183000000.0,0.0,0.024,0.2,401000000.0,584000000.0,0.14,584000000.0,401000000.0,208000000.0,0.31,0.31,0.31,10716000000,,10716000000,21321962500,19.0,11.626,254000000.0,0.747,1.0,843000000.0,0.203,13378000000.0,193000000.0,18144000000.0,,1934000000,0.0,0,0,15894000000.0,4938000000,10956000000.0,11471962500,-218000000.0,1000000.0,0.0,-454000000.0,-68000000.0,-522000000.0,-30000000.0,2000000.0,334000000.0,0.0,105000000.0,105000000.0,105000000.0,0.0,0.0,0.025,410000000.0,433000000.0,988000000,0.645,1.071,254.933,259.615,2452000000,0.0,33.75,0.661,0.661,5114000000,,4160000000.0,4160000000.0,122000000.0,,,,,0.0,288000000.0,1.0,339910000,339910000,,12.239,13232000000.0,471000000,103000000.0,591000000,38.928,2953000000
78,RTN,ARQ,2000-06-30,2000-08-16,2000-07-02,2020-04-01,0.0,27164000000.0,,8357000000,18807000000.0,,31.431,-27000000.0,389000000,389000000,3289000000.0,49000000.0,1.491,1.542,10475000000,1430000000,9045000000,10475000000,0.0,170000000.0,0.0,0.028,0.2,308000000.0,478000000.0,0.116,478000000.0,308000000.0,123000000.0,0.14,0.14,0.14,10687000000,,10687000000,19732140440,31.0,14.466,-6000000.0,-0.018,1.0,835000000.0,0.202,13469000000.0,185000000.0,18176000000.0,,1945000000,0.0,0,0,16477000000.0,5605000000,10872000000.0,9646140440,208000000.0,15000000.0,1000000.0,324000000.0,-68000000.0,257000000.0,-70000000.0,-39000000.0,21000000.0,0.0,49000000.0,49000000.0,49000000.0,0.0,0.0,0.012,467000000.0,368000000.0,1002000000,1.429,0.903,-42.123,-41.721,2465000000,0.0,28.37,0.538,0.538,5098000000,,4124000000.0,4124000000.0,150000000.0,,,,,0.0,317000000.0,1.0,340012000,340012000,,12.129,13695000000.0,442000000,74000000.0,509000000,40.278,2752000000
79,RTN,ARQ,2000-03-31,2000-05-17,2000-04-02,2020-04-01,0.0,27002000000.0,,8187000000,18815000000.0,,31.579,-140000000.0,181000000,181000000,3481000000.0,-181000000.0,1.524,1.516,10151000000,1109000000,9042000000,10151000000,0.0,171000000.0,0.0,0.032,0.2,60000000.0,231000000.0,0.055,231000000.0,60000000.0,-120000000.0,-0.54,-0.54,-0.54,10732000000,,10732000000,18421920280,18.0,10.748,-489000000.0,-1.439,1.0,750000000.0,0.177,13562000000.0,180000000.0,18037000000.0,,1935000000,0.0,0,0,16270000000.0,5373000000,10897000000.0,8451920280,-49000000.0,160000000.0,0.0,382000000.0,-68000000.0,314000000.0,-14000000.0,4000000.0,-349000000.0,0.0,-181000000.0,-181000000.0,-181000000.0,70000000.0,0.0,-0.043,434000000.0,316000000.0,1114000000,-0.37,0.788,528.245,497.4,2451000000,0.0,24.87,0.445,0.445,5282000000,,4231000000.0,4231000000.0,123000000.0,,,,,0.0,311000000.0,1.0,339844000,339844000,,12.45,13440000000.0,430000000,61000000.0,507000000,39.548,2814000000
80,RTN,ARQ,1999-12-31,2000-03-28,1999-12-31,2020-04-01,-69000000.0,28110000000.0,,8931000000,19179000000.0,,32.457,-138000000.0,230000000,230000000,3938000000.0,72000000.0,1.133,1.565,9770000000,2472000000,7298000000,9770000000,0.0,202000000.0,0.0,0.042,0.0,339000000.0,541000000.0,0.112,541000000.0,339000000.0,159000000.0,0.22,0.22,0.22,10959000000,,10959000000,15911411759,11.0,7.193,880000000.0,2.606,1.0,892000000.0,0.185,14034000000.0,180000000.0,15730000000.0,,1950000000,0.0,0,0,17151000000.0,7886000000,9265000000.0,6371411759,117000000.0,23000000.0,1000000.0,-636000000.0,-68000000.0,-703000000.0,-198000000.0,-46000000.0,1018000000.0,0.0,72000000.0,72000000.0,72000000.0,0.0,0.0,0.015,565000000.0,327000000.0,1561000000,0.0,0.581,15.771,15.725,2417000000,0.0,18.87,0.321,0.321,6066000000,4963000000.0,4830000000.0,4830000000.0,147000000.0,,,,,0.0,418000000.0,1.0,337647682,337647682,,14.305,14076000000.0,490000000,87000000.0,553000000,41.688,1045000000
81,RTN,ARQ,1999-09-30,2000-01-21,1999-10-03,2020-04-01,0.0,28684000000.0,,9395000000,19289000000.0,,32.415,-111000000.0,113000000,113000000,4323000000.0,-163000000.0,1.164,1.615,10408000000,3112000000,7296000000,10408000000,0.0,177000000.0,0.0,0.041,0.2,-53000000.0,124000000.0,0.026,124000000.0,-53000000.0,-233000000.0,-0.48,-0.48,-0.48,10970000000,,10970000000,16934898500,9.0,6.471,-638000000.0,-1.885,1.0,453000000.0,0.095,14115000000.0,180000000.0,16794000000.0,,2003000000,0.0,0,0,17714000000.0,8070000000,9644000000.0,6639898500,5000000.0,190000000.0,26000000.0,527000000.0,-67000000.0,486000000.0,46000000.0,-1000000.0,-527000000.0,0.0,-163000000.0,-163000000.0,-163000000.0,0.0,0.0,-0.034,503000000.0,-50000000.0,1571000000,-0.417,0.605,9.736,9.665,2311000000,0.0,19.62,0.327,0.327,6322000000,,4776000000.0,4776000000.0,115000000.0,,,,,0.0,388000000.0,1.0,338425000,338425000,,14.112,14569000000.0,667000000,-70000000.0,624000000,43.049,1325000000
82,RTN,ARQ,1999-09-30,1999-11-17,1999-10-03,2020-04-01,0.0,28544000000.0,,9220000000,19324000000.0,,32.533,-111000000.0,113000000,113000000,4285000000.0,-169000000.0,1.169,1.593,10408000000,3112000000,7296000000,10408000000,0.0,177000000.0,0.0,0.026,0.2,-63000000.0,114000000.0,0.024,114000000.0,-63000000.0,-243000000.0,-0.5,-0.5,-0.5,11010000000,,11010000000,20911392250,11.0,7.991,-634000000.0,-1.873,1.0,443000000.0,0.094,14150000000.0,180000000.0,16799000000.0,,1866000000,0.0,0,0,17534000000.0,7890000000,9644000000.0,10616392250,5000000.0,190000000.0,26000000.0,527000000.0,-67000000.0,486000000.0,42000000.0,-5000000.0,-523000000.0,0.0,-169000000.0,-169000000.0,-169000000.0,0.0,0.0,-0.036,503000000.0,-60000000.0,1590000000,-0.4,0.964,15.567,15.453,2311000000,0.0,31.37,0.524,0.524,6305000000,,4728000000.0,4728000000.0,115000000.0,,,,,0.0,388000000.0,1.0,338425000,338425000,,13.971,14394000000.0,646000000,-74000000.0,624000000,42.532,1330000000
83,RTN,ARQ,1999-06-30,1999-08-18,1999-07-04,2020-04-01,0.0,28726000000.0,,9416000000,19310000000.0,,33.166,-40000000.0,108000000,108000000,4015000000.0,294000000.0,1.266,1.565,9880000000,2090000000,7790000000,9880000000,0.0,167000000.0,0.0,0.012,0.2,661000000.0,828000000.0,0.159,828000000.0,661000000.0,485000000.0,0.87,0.86,0.87,11199000000,,11199000000,32966414920,15.0,11.247,60000000.0,0.178,1.0,1187000000.0,0.228,14228000000.0,176000000.0,16830000000.0,,1969000000,0.0,0,0,17527000000.0,7440000000,10087000000.0,23194414920,50000000.0,54000000.0,38000000.0,48000000.0,-67000000.0,19000000.0,-69000000.0,-65000000.0,100000000.0,0.0,294000000.0,294000000.0,294000000.0,0.0,0.0,0.057,537000000.0,650000000.0,1921000000,0.23,2.071,26.908,26.832,2275000000,0.0,68.69,1.161,1.161,6374000000,,5202000000.0,5202000000.0,135000000.0,,,,,0.0,402000000.0,1.0,337668000,337668000,,15.406,14498000000.0,675000000,191000000.0,600000000,42.936,1976000000
84,RTN,ARQ,1999-03-31,1999-05-19,1999-04-04,2020-04-01,0.0,28251000000.0,,8883000000,19368000000.0,,32.538,-141000000.0,58000000,58000000,3870000000.0,188000000.0,1.294,1.583,9832000000,1671000000,8161000000,9832000000,0.0,178000000.0,0.0,0.011,0.2,521000000.0,699000000.0,0.143,699000000.0,521000000.0,344000000.0,0.56,0.55,0.56,10937000000,,10937000000,34311344000,16.0,11.702,-1053000000.0,-3.133,1.0,1033000000.0,0.211,14334000000.0,177000000.0,16827000000.0,,1831000000,0.0,0,0,17314000000.0,6864000000,10450000000.0,24537344000,-363000000.0,0.0,-51000000.0,842000000.0,-67000000.0,724000000.0,-175000000.0,0.0,-912000000.0,0.0,188000000.0,188000000.0,188000000.0,0.0,0.0,0.038,453000000.0,580000000.0,1816000000,0.357,2.244,29.281,29.317,2257000000,0.0,73.0,1.236,1.236,5983000000,,4903000000.0,4903000000.0,111000000.0,,,,,0.0,342000000.0,1.0,336128000,336128000,,14.587,13917000000.0,755000000,156000000.0,587000000,41.404,2019000000
85,RTN,ARQ,1998-12-31,1999-03-30,1998-12-31,2020-04-01,-50000000.0,27939000000.0,,8637000000,19302000000.0,,32.292,84000000.0,421000000,421000000,4158000000.0,369000000.0,1.293,1.574,8990000000,827000000,8163000000,8990000000,0.0,173000000.0,0.0,0.018,0.2,803000000.0,976000000.0,0.179,976000000.0,803000000.0,616000000.0,1.1,1.08,1.1,10856000000,,10856000000,27691175782,13.0,9.333,1223000000.0,3.638,1.0,1284000000.0,0.236,14431000000.0,187000000.0,15397000000.0,,1711000000,0.0,0,0,17083000000.0,6680000000,10403000000.0,19122175782,310000000.0,293000000.0,-26000000.0,-1047000000.0,-68000000.0,-1141000000.0,312000000.0,0.0,1139000000.0,0.0,369000000.0,369000000.0,369000000.0,0.0,0.0,0.068,523000000.0,761000000.0,2091000000,0.182,1.761,22.132,22.219,2275000000,0.0,56.88,0.979,0.979,618000000,4888000000.0,5442000000.0,5442000000.0,150000000.0,,,,,0.0,625000000.0,1.0,336184525,336184525,,16.188,13508000000.0,809000000,247000000.0,561000000,40.18,1957000000
86,RTN,ARQ,1998-09-30,1998-11-02,1998-09-27,2020-04-01,0.0,28712000000.0,,9634000000,19078000000.0,,31.394,348000000.0,111000000,111000000,3593000000.0,11000000.0,0.941,1.714,10033000000,4053000000,5980000000,10033000000,0.0,195000000.0,0.0,0.014,0.2,233000000.0,428000000.0,0.096,428000000.0,233000000.0,47000000.0,0.03,0.03,0.03,10579000000,,10579000000,29402293510,21.0,13.794,268000000.0,0.795,1.0,843000000.0,0.19,0.0,186000000.0,28395000000.0,,2285000000,0.0,0,0,18133000000.0,10239000000,7894000000.0,19480293510,-186000000.0,81000000.0,-69000000.0,-392000000.0,-67000000.0,-528000000.0,422000000.0,0.0,-80000000.0,0.0,11000000.0,11000000.0,11000000.0,0.0,0.0,0.002,623000000.0,220000000.0,1657000000,6.667,1.841,46.507,52.555,2274000000,0.0,57.81,1.077,1.077,6061000000,,4436000000.0,4436000000.0,134000000.0,,,,,0.0,321000000.0,1.0,336971000,336971000,,13.164,28712000000.0,1050000000,36000000.0,869000000,85.206,-605000000
87,RTN,ARQ,1998-06-30,1998-08-12,1998-06-28,2020-04-01,0.0,29127000000.0,,9701000000,19426000000.0,,31.655,-126000000.0,317000000,317000000,3939000000.0,270000000.0,0.922,1.72,10424000000,4430000000,5994000000,10424000000,0.0,197000000.0,0.0,0.015,0.2,632000000.0,829000000.0,0.163,829000000.0,632000000.0,446000000.0,0.8,0.79,0.8,10707000000,,10707000000,27780092250,17.0,12.195,209000000.0,0.618,1.0,1139000000.0,0.224,0.0,186000000.0,28716000000.0,,2031000000,0.0,0,0,18420000000.0,10518000000,7902000000.0,17673092250,-15000000.0,320000000.0,-26000000.0,-468000000.0,-68000000.0,-562000000.0,212000000.0,0.0,335000000.0,0.0,270000000.0,270000000.0,270000000.0,0.0,0.0,0.053,610000000.0,529000000.0,1824000000,0.25,1.651,28.547,26.658,2813000000,0.0,52.25,1.033,1.033,6245000000,,5078000000.0,5078000000.0,154000000.0,,,,,0.0,372000000.0,1.0,338241000,338241000,,15.013,29127000000.0,979000000,176000000.0,844000000,86.113,-817000000
88,RTN,ARQ,1998-03-31,1998-05-13,1998-03-29,2020-04-01,0.0,29192000000.0,,9801000000,19391000000.0,,31.115,-115000000.0,332000000,332000000,3558000000.0,215000000.0,0.906,1.771,10898000000,4908000000,5990000000,10898000000,0.0,196000000.0,0.0,0.014,0.2,537000000.0,733000000.0,0.16,733000000.0,537000000.0,358000000.0,0.63,0.63,0.63,10535000000,,10535000000,29844892105,22.0,15.419,-689000000.0,-2.035,1.0,1016000000.0,0.222,0.0,179000000.0,28946000000.0,,2059000000,0.0,0,0,18657000000.0,10812000000,7845000000.0,19278892105,16000000.0,-42000000.0,-23000000.0,836000000.0,-68000000.0,745000000.0,-155000000.0,0.0,-574000000.0,0.0,215000000.0,215000000.0,215000000.0,0.0,0.0,0.047,490000000.0,526000000.0,1864000000,0.317,1.83,34.513,27.776,2866000000,0.0,56.94,1.256,1.256,6116000000,,4574000000.0,4574000000.0,144000000.0,,,,,0.0,346000000.0,1.0,338582580,338582580,,13.509,29192000000.0,1144000000,143000000.0,786000000,86.218,-1011000000
89,RTN,ARQ,1997-12-31,1998-03-30,1997-12-31,2020-04-01,0.0,28598000000.0,,9233000000,19365000000.0,,30.769,-75935000.0,0,0,3157424000.0,-77132000.0,0.777,1.743,10062000000,5656000000,4406000000,10062000000,0.0,131674000.0,0.0,0.014,0.0,9909000.0,141583000.0,0.035,141583000.0,9909000.0,-124498000.0,-0.36,-0.38,-0.36,10425000000,,10425000000,30136597787,25.0,18.331,593102000.0,1.751,1.0,846372000.0,0.211,0.0,134407000.0,26774000000.0,,1837000000,0.0,0,0,18173000000.0,11886000000,6287000000.0,20074597787,29746000.0,114077000.0,-33466000.0,-541751000.0,-47192000.0,-682478000.0,40201000.0,0.0,669037000.0,2986000.0,-77132000.0,-77132000.0,-77132000.0,0.0,0.0,-0.019,903072000.0,-56700000.0,1845000000,0.0,1.926,38.092,26.932,2891000000,0.0,59.25,1.468,1.468,0,4294000000.0,4003796000.0,4003796000.0,124943000.0,,,,,0.0,283129000.0,1.0,338811777,338811777,,11.817,28598000000.0,1244000000,-47366000.0,786000000,84.407,-2653000000
90,RTN,ARQ,1997-09-30,1997-11-12,1997-09-28,2020-04-01,0.0,15256152000.0,,6553969000,8702183000.0,,21.213,-112690000.0,267684000,267684000,2635702000.0,211220000.0,1.226,2.042,6561162000,2174785000,4386377000,6561162000,0.0,132316000.0,0.0,0.016,0.2,442077000.0,574393000.0,0.167,574393000.0,442077000.0,322267000.0,0.89,0.89,0.89,5015096000,,5015096000,18214003905,12.0,9.577,48077000.0,0.203,1.0,809608000.0,0.235,0.0,119810000.0,16204509000.0,,1652815000,0.0,0,0,10241056000.0,5345121000,4895935000.0,11920525905,86399000.0,-2490300000.0,-19490000.0,2554064000.0,-47278000.0,2534575000.0,-2606755000.0,0.0,160767000.0,-2188000.0,211220000.0,211220000.0,211220000.0,0.0,0.0,0.061,390011000.0,419597000.0,1265300000,0.225,2.377,15.253,15.193,2046958000,0.0,50.44,0.91,0.91,953652000,,3445310000.0,3445310000.0,120510000.0,,,,,0.0,269501000.0,1.0,236330807,236411000,236411000.0,14.573,15256152000.0,227554000,111047000.0,85765000,64.532,1208848000
91,RTN,ARQ,1997-06-30,1997-08-13,1997-06-29,2020-04-01,,,,6177470000,,,20.642,-92968000.0,181274000,181274000,2570348000.0,209502000.0,1.203,,4007098000,2510464000,1496634000,4007098000,,98840000.0,,0.014,0.2,387773000.0,486613000.0,0.146,486613000.0,387773000.0,313865000.0,0.89,0.89,0.89,4877539000,,4877539000,17164655834,13.0,9.807,45278000.0,0.192,1.0,754398000.0,0.227,,73908000.0,,,1708915000,,0,0,,5136144000,,13338831834,58349000.0,0.0,-572000.0,103140000.0,-47295000.0,60114000.0,-139159000.0,0.0,138246000.0,-852000.0,209502000.0,209502000.0,209502000.0,0.0,0.0,0.063,372777000.0,381621000.0,1258074000,0.225,2.735,17.593,17.474,1922996000,0.0,56.44,1.053,1.052,811907000,,3324746000.0,3324746000.0,90472000.0,,,,,0.0,282305000.0,1.0,236336496,236293000,236293000.0,14.07,,212998000,104363000.0,85765000,,1041326000
92,RTN,ARQ,1997-03-31,1997-05-14,1997-03-30,2020-04-01,0.0,11496419000.0,,5926068000,5570351000.0,,19.967,-108407000.0,133543000,133543000,2220526000.0,183410000.0,1.198,1.437,3902012000,2403482000,1498530000,3902012000,0.0,94170000.0,0.0,0.017,0.2,347241000.0,441411000.0,0.152,441411000.0,347241000.0,278366000.0,0.78,0.78,0.78,4717687000,,4717687000,14873954146,11.0,8.615,-113457000.0,-0.48,1.0,678622000.0,0.234,0.0,68875000.0,10317419000.0,,1708748000,0.0,0,0,6778732000.0,4947469000,1831263000.0,11105485146,-15494000.0,-5777000.0,3528000.0,176547000.0,-47235000.0,140789000.0,-150287000.0,0.0,-5050000.0,-946000.0,183410000.0,183410000.0,183410000.0,0.0,0.0,0.063,339140000.0,339482000.0,1165050000,0.256,2.354,14.65,14.596,1853278000,0.0,47.0,0.891,0.891,843926000,,2899148000.0,2899148000.0,79075000.0,,,,,0.0,260065000.0,1.0,236286918,236277000,236277000.0,12.27,11496419000.0,178811000,94956000.0,85765000,48.657,978599000
93,RTN,ARQ,1996-12-31,1997-03-28,1996-12-31,2020-04-01,0.0,11126076000.0,,5603895000,5522181000.0,,19.459,-90354000.0,138821000,138821000,2807530000.0,177378000.0,1.194,1.42,3727411000,2226935000,1500476000,3727411000,0.0,67329000.0,0.0,0.018,0.2,332189000.0,399518000.0,0.116,399518000.0,332189000.0,261620000.0,0.76,0.71,0.76,4598010000,,4598010000,14280864269,11.0,8.358,722088000.0,3.056,1.0,629117000.0,0.183,0.0,70569000.0,10022833000.0,,1590967000,0.0,0,0,6528066000.0,4691833000,1836233000.0,10692274269,-22455000.0,0.0,12301000.0,-707197000.0,-47257000.0,-744965000.0,-90358000.0,0.0,812442000.0,426000.0,177378000.0,177378000.0,177378000.0,0.0,0.0,0.052,308417000.0,320700000.0,1125881000,0.263,2.325,14.048,14.097,1802012000,0.0,45.25,0.867,0.867,808715000,4066275000.0,3436647000.0,3436647000.0,68945000.0,,,,,0.0,239472000.0,1.0,236293354,236293354,,14.544,11126076000.0,246120000,84242000.0,85765000,47.086,912062000
94,RTN,ARQ,1996-09-30,1996-11-13,1996-09-29,2020-04-01,0.0,11785748000.0,,6278335000,5507413000.0,,18.854,-119951000.0,161437000,161437000,2407328000.0,187890000.0,1.143,1.649,4434608000,2941403000,1493205000,4434608000,0.0,125994000.0,0.0,0.016,0.2,296744000.0,422738000.0,0.14,422738000.0,296744000.0,225917000.0,0.8,0.8,0.8,4448367000,,4448367000,16133964674,12.0,8.77,-483844000.0,-2.051,1.0,605246000.0,0.201,3138693000.0,70827000.0,7425825000.0,,1765654000,0.0,0,0,7337381000.0,5494401000,1842980000.0,11860793674,-50962000.0,0.0,-26447000.0,320294000.0,-47181000.0,245805000.0,66776000.0,0.0,-363893000.0,350000.0,187890000.0,187890000.0,187890000.0,0.0,0.0,0.062,365220000.0,240026000.0,1077400000,0.25,2.666,14.714,14.867,1753691000,0.0,50.25,0.968,0.968,977501000,,3012574000.0,3012574000.0,76862000.0,,,,,0.0,254358000.0,1.0,236035695,235932000,235932000.0,12.769,8647055000.0,298909000,38027000.0,96006000,36.651,783934000
95,RTN,ARQ,1996-06-30,1996-08-13,1996-06-30,2020-04-01,0.0,11620923000.0,,6147470000,5473453000.0,,18.265,-99873000.0,212290000,212290000,2416409000.0,209397000.0,1.133,1.679,4114314000,2618243000,1496071000,4114314000,0.0,88349000.0,0.0,0.015,0.2,374551000.0,462900000.0,0.149,462900000.0,374551000.0,313857000.0,0.88,0.88,0.88,4337547000,,4337547000,15928073613,11.0,8.515,-25503000.0,-0.107,1.0,695485000.0,0.223,3167820000.0,60694000.0,6928079000.0,,1713488000,0.0,0,0,7283376000.0,5427048000,1856328000.0,12026049613,29301000.0,-517839000.0,-155327000.0,907211000.0,-47277000.0,708884000.0,-753274000.0,0.0,74370000.0,-679000.0,209397000.0,209397000.0,209397000.0,0.0,0.0,0.067,352571000.0,342914000.0,1300928000,0.227,2.773,14.685,14.965,1712685000,0.0,50.88,0.97,0.975,1170523000,,3111894000.0,3111894000.0,90002000.0,,,,,0.0,262569000.0,1.0,236361038,237474000,237474000.0,13.104,8453103000.0,228049000,104460000.0,96006000,35.596,720422000
96,RTN,ARQ,1996-03-31,1996-05-15,1996-03-31,2020-04-01,0.0,10257887000.0,,5509945000,4747942000.0,,18.104,-103980000.0,182732000,182732000,2122703000.0,186486000.0,1.358,1.36,3193897000,1706808000,1487089000,3193897000,0.0,87251000.0,0.0,0.015,0.2,336231000.0,423482000.0,0.153,423482000.0,336231000.0,282068000.0,0.78,0.78,0.78,4346753000,,4346753000,15603972920,11.0,8.53,-335604000.0,-1.398,1.0,646720000.0,0.234,0.0,54163000.0,9210563000.0,,1623756000,0.0,0,0,5911134000.0,4058489000,1852645000.0,12592807920,-27119000.0,0.0,-79021000.0,490769000.0,-47859000.0,365465000.0,-160626000.0,0.0,-231624000.0,-334000.0,186486000.0,186486000.0,186486000.0,0.0,0.0,0.067,352190000.0,294530000.0,950746000,0.256,2.897,15.643,15.849,1601853000,0.0,52.62,1.041,1.044,902717000,,2769423000.0,2769423000.0,87462000.0,,,,,0.0,264728000.0,1.0,239316000,240093000,240093000.0,11.535,10257887000.0,155168000,95582000.0,100797000,42.725,1451456000
97,RTN,ARQ,1995-12-31,1996-03-20,1995-12-31,2020-04-01,0.0,9840944000.0,,5275218000,4565726000.0,,17.873,-40768000.0,210284000,210284000,2735293000.0,222327000.0,1.429,1.293,2703774000,1216039000,1487735000,2703774000,0.0,151298000.0,0.0,0.014,0.188,379312000.0,530610000.0,0.158,530610000.0,379312000.0,323049000.0,0.92,0.87,0.92,4291964000,,4291964000,15160950169,11.0,8.616,559431000.0,2.33,1.0,624398000.0,0.186,0.0,56263000.0,8644011000.0,,1502983000,0.0,0,0,5548980000.0,3690423000,1858557000.0,12667460169,2828000.0,449200000.0,-81178000.0,-840070000.0,-45124000.0,-966883000.0,369432000.0,10160000.0,600199000.0,80000.0,222327000.0,222327000.0,222327000.0,0.0,0.0,0.066,473375000.0,151023000.0,1041848000,0.204,2.951,15.984,16.231,1584035000,0.0,52.75,1.081,1.081,926800000,3787495000.0,3359691000.0,3359691000.0,71085000.0,,,,,0.0,277290000.0,1.0,240141425,240141425,,13.99,9840944000.0,196711000,100722000.0,100797000,40.98,1584795000
98,RTN,ARQ,1995-09-30,1995-11-15,1995-10-01,2020-04-01,0.0,10264001000.0,,5558765000,4705236000.0,,17.899,-91780000.0,207251000,207251000,2424712000.0,200731000.0,1.303,1.449,3543968000,2063589000,1480379000,3543968000,0.0,80768000.0,0.0,0.018,0.188,372864000.0,453632000.0,0.144,453632000.0,372864000.0,305511000.0,0.82,0.82,0.82,4191584000,,4191584000,13637527000,,,224953000.0,0.961,1.0,728006000.0,0.231,0.0,67353000.0,9335087000.0,,1760858000,0.0,0,0,6072417000.0,4265631000,1806786000.0,10300810000,-36787000.0,-43029000.0,-69124000.0,-49248000.0,-45493000.0,-166173000.0,-186147000.0,0.0,316733000.0,-1200000.0,200731000.0,200731000.0,200731000.0,0.0,0.0,0.064,373676000.0,354330000.0,860851000,0.229,2.457,,,1661386000,0.0,42.5,,,1212363000,,3152718000.0,3152718000.0,79619000.0,,,,,0.0,294057000.0,1.0,242372000,234174000,234174000.0,13.463,10264001000.0,110264000,104780000.0,0,43.831,1293134000
99,RTN,ARQ,1995-06-30,1995-08-15,1995-07-02,2020-04-01,0.0,10142621000.0,,5612669000,4529952000.0,,16.816,-78785000.0,243088000,243088000,2116287000.0,195494000.0,1.059,1.463,3593216000,3198075000,395141000,3593216000,0.0,73956000.0,0.0,0.018,0.188,347642000.0,421598000.0,0.15,421598000.0,347642000.0,297309000.0,0.8,0.8,0.8,4117643000,,4117643000,13274657688,,,275740000.0,1.126,1.0,699785000.0,0.248,0.0,50333000.0,8192133000.0,,1841894000,0.0,0,0,6024978000.0,5300616000,724362000.0,9924529688,49620000.0,-2190441000.0,-95048000.0,2120563000.0,-45655000.0,1977767000.0,-2283561000.0,0.0,354525000.0,889000.0,195494000.0,195494000.0,195494000.0,0.0,0.0,0.069,373885000.0,325900000.0,783939000,0.235,2.41,,,1655266000,0.0,40.69,,,1142270000,,2816072000.0,2816072000.0,89812000.0,,,,,0.0,284073000.0,1.0,243905866,244870000,244870000.0,11.5,10142621000.0,166096000,101815000.0,0,41.42,312053000
100,RTN,ARQ,1995-03-31,1995-05-17,1995-04-02,2020-04-01,0.0,7674055000.0,,5208194000,2465861000.0,,16.459,-55423000.0,193467000,193467000,1825000.0,173936000.0,1.516,0.893,1428893000,1404741000,24152000,1428893000,0.0,65377000.0,0.0,0.02,0.188,288492000.0,353869000.0,0.148,353869000.0,288492000.0,265814000.0,0.705,0.705,0.705,4054560000,,4054560000,10559493500,,,-192711000.0,-0.782,1.0,2385291000.0,0.999,0.0,22678000.0,5473777000.0,,1722510000,0.0,0,0,3619495000.0,3435704000,183791000.0,9324067500,-7985000.0,-108052000.0,-15389000.0,371660000.0,-46215000.0,310356000.0,-182016000.0,0.0,-137288000.0,963000.0,173936000.0,173936000.0,173936000.0,0.0,0.0,0.073,305410000.0,2079881000.0,788570000,0.267,2.3,,,1362494000,0.0,37.875,,,960011000,,2387116000.0,2387116000.0,75065000.0,,,,,0.0,230345000.0,1.0,246180000,246342000,246342000.0,9.69,7674055000.0,95865000,91878000.0,134571000,31.152,1772490000
101,RTN,ARQ,1994-09-30,1994-11-15,1994-10-02,2020-04-01,0.0,7210774000.0,,4977389000,2233385000.0,,16.239,-65536000.0,248901000,248901000,1876059000.0,191944000.0,1.738,0.677,21870000,0,21870000,21870000,0.0,68877000.0,0.0,0.022,0.188,297385000.0,366262000.0,0.15,366262000.0,297385000.0,287444000.0,0.725,0.725,0.725,4299642000,,4299642000,8375342500,,,377092000.0,1.424,1.0,566574000.0,0.232,0.0,9941000.0,4120177000.0,,1627042000,0.0,0,0,2911132000.0,2863566000,47566000.0,8602373500,60272000.0,0.0,-99457000.0,-201266000.0,-49136000.0,-350478000.0,-38324000.0,0.0,442628000.0,6446000.0,191944000.0,191944000.0,191944000.0,0.0,0.0,0.079,293438000.0,273136000.0,1307233000,0.259,2.001,,,1379817000,0.0,32.69,,,837972000,,2442633000.0,2442633000.0,68238000.0,,,,,0.0,225200000.0,1.0,263150000,264768000,264768000.0,9.226,7210774000.0,0,95500000.0,90233000,27.234,2113823000
102,RTN,ARQ,1994-06-30,1994-08-17,1994-07-03,2020-04-01,0.0,7166280000.0,,4845021000,2321259000.0,,15.854,-61041000.0,188626000,188626000,1948726000.0,192229000.0,1.689,0.686,22489000,0,22489000,22489000,0.0,65218000.0,0.0,0.021,0.188,303887000.0,369105000.0,0.146,369105000.0,303887000.0,291023000.0,0.715,0.715,0.715,4249845000,,4249845000,8650678000,,,224686000.0,0.838,1.0,578267000.0,0.229,0.0,12864000.0,4131893000.0,,1535856000,0.0,0,0,2916435000.0,2868250000,48185000.0,8816815000,41886000.0,0.0,-123458000.0,6628000.0,-50055000.0,-166964000.0,-74690000.0,0.0,285727000.0,-2187000.0,192229000.0,192229000.0,192229000.0,0.0,0.0,0.076,548663000.0,29604000.0,1511890000,0.263,2.075,,,1400636000,0.0,33.125,,,897145000,,2526993000.0,2526993000.0,71821000.0,,,,,0.0,227091000.0,1.0,266168000,268054000,268054000.0,9.427,7166280000.0,0,98794000.0,53290000,26.734,1976771000
103,RTN,ARQ,1994-03-31,1994-05-18,1994-04-03,2020-04-01,0.0,7263577000.0,,4625910000,2637667000.0,,15.663,-68086000.0,146739000,146739000,1796000.0,6966000.0,1.551,0.716,22568000,0,22568000,22568000,0.0,69156000.0,0.0,0.022,0.175,17454000.0,86610000.0,0.037,86610000.0,17454000.0,6946000.0,0.025,0.025,0.025,4233316000,,4233316000,8273105000,,,95485000.0,0.353,1.0,2312675000.0,0.999,0.0,10508000.0,4157409000.0,,1580553000,0.0,0,0,3030261000.0,2981997000,48264000.0,8397276000,-43490000.0,0.0,-24020000.0,-61766000.0,-47221000.0,-134815000.0,-71977000.0,0.0,163571000.0,-269000.0,6966000.0,6966000.0,6966000.0,0.0,0.0,0.003,524739000.0,1787936000.0,1504404000,7.0,1.984,,,1404678000,0.0,31.125,,,672228000,,2314471000.0,2314471000.0,61387000.0,,,,,0.0,213601000.0,1.0,269792000,270282000,270282000.0,8.563,7263577000.0,0,-20000.0,96387000,26.874,1643913000
0,RTN,ART,2019-12-31,2020-02-12,2019-12-31,2020-04-01,-9260000000.0,34566000000.0,32786250000.0,13082000000,21484000000.0,0.89,43.898,-982000000.0,4292000000,4292000000,21413000000.0,3329000000.0,1.336,1.828,5466000000,1499000000,3967000000,5466000000,0.0,605000000.0,0.0,0.016,3.77,4181000000.0,4786000000.0,0.164,4786000000.0,4181000000.0,4001000000.0,11.94,11.93,11.94,12223000000,12279250000.0,12223000000,65148604160,16.0,13.612,3498000000.0,12.563,1.0,7763000000.0,0.266,14882000000.0,180000000.0,11067000000.0,12414500000.0,671000000,0.0,0,0,22343000000.0,9791000000,12552000000.0,63974604160,674000000.0,-8000000.0,-869000000.0,-300000000.0,-1036000000.0,-2803000000.0,-1003000000.0,0.0,4480000000.0,0.0,3343000000.0,3343000000.0,3343000000.0,-1000000.0,-14000000.0,0.115,2989000000.0,4774000000.0,1796000000,0.316,5.234,19.137,19.243,4228000000,0.0,229.76,2.193,2.193,1364000000,21480000000.0,29176000000.0,29176000000.0,0.0,0.102,0.272,0.337,0.143,184000000.0,2989000000.0,1.0,278441000,278441000,,104.783,19684000000.0,0,658000000.0,0,70.694,3291000000
1,RTN,ART,2019-09-30,2019-10-24,2019-09-29,2020-04-01,-8042000000.0,32817000000.0,32110750000.0,12029000000,20788000000.0,0.894,46.618,-930000000.0,2646000000,2646000000,20974000000.0,3275000000.0,1.539,1.528,5450000000,500000000,4950000000,5450000000,0.0,597000000.0,0.0,0.017,3.696,4042000000.0,4639000000.0,0.162,4639000000.0,4042000000.0,3862000000.0,11.7,11.69,11.7,12982000000,12091500000.0,12982000000,61621549590,15.0,13.283,3191000000.0,11.459,1.0,7720000000.0,0.269,14881000000.0,180000000.0,12925000000.0,12187500000.0,802000000,0.0,0,0,19835000000.0,7815000000,12020000000.0,58817549590,577000000.0,-8000000.0,-1269000000.0,-300000000.0,-1020000000.0,-2594000000.0,-950000000.0,0.0,4121000000.0,0.0,3290000000.0,3290000000.0,3290000000.0,2000000.0,-15000000.0,0.115,3011000000.0,4709000000.0,1470000000,0.316,4.531,17.878,18.052,3958000000,0.0,211.21,2.05,2.05,1473000000,20987000000.0,28694000000.0,28694000000.0,0.0,0.102,0.272,0.332,0.141,150000000.0,3011000000.0,1.0,278479000,278479000,,103.038,17936000000.0,0,572000000.0,0,64.407,4214000000
2,RTN,ART,2019-06-30,2019-07-25,2019-06-30,2020-04-01,-8182000000.0,32186000000.0,31440000000.0,11526000000,20660000000.0,0.892,43.815,-888000000.0,2173000000,2173000000,20346000000.0,3056000000.0,1.464,1.637,5777000000,800000000,4977000000,5777000000,0.0,585000000.0,0.0,0.019,3.621,3646000000.0,4231000000.0,0.151,4231000000.0,3646000000.0,3466000000.0,10.87,10.86,10.87,12204000000,11673500000.0,12204000000,57258004420,16.0,13.533,1512000000.0,5.428,1.0,7708000000.0,0.275,14882000000.0,180000000.0,13037000000.0,11729500000.0,932000000,0.0,0,0,19982000000.0,7871000000,12111000000.0,53654004420,-916000000.0,-8000000.0,-1393000000.0,0.0,-1005000000.0,-2403000000.0,-913000000.0,0.0,2400000000.0,0.0,3074000000.0,3074000000.0,3074000000.0,1000000.0,-18000000.0,0.11,3022000000.0,4686000000.0,1368000000,0.333,4.396,17.454,17.721,3870000000,0.0,192.63,1.913,1.913,1607000000,20383000000.0,28054000000.0,28054000000.0,0.0,0.098,0.263,0.311,0.13,155000000.0,3022000000.0,1.0,278534000,278534000,,100.72,17304000000.0,0,392000000.0,0,62.125,3655000000
3,RTN,ART,2019-03-31,2019-04-25,2019-03-31,2020-04-01,-8399000000.0,31576000000.0,31078000000.0,10956000000,20620000000.0,0.886,41.834,-872000000.0,2093000000,2093000000,19918000000.0,3034000000.0,1.427,1.697,5708000000,800000000,4908000000,5708000000,0.0,573000000.0,0.0,0.02,3.546,3515000000.0,4088000000.0,0.149,4088000000.0,3515000000.0,3334000000.0,10.73,10.72,10.73,11708000000,11274250000.0,11708000000,53255719270,15.0,13.027,1861000000.0,6.649,1.0,7602000000.0,0.276,14882000000.0,181000000.0,12629000000.0,11173750000.0,882000000,0.0,0,0,19868000000.0,7680000000,12188000000.0,49640719270,-664000000.0,3000000.0,-1512000000.0,0.0,-990000000.0,-2507000000.0,-890000000.0,0.0,2733000000.0,0.0,3057000000.0,3057000000.0,3057000000.0,0.0,-23000000.0,0.111,2992000000.0,4610000000.0,1361000000,0.33,4.24,16.238,16.53,3715000000,0.0,177.37,1.804,1.804,1424000000,20104000000.0,27520000000.0,27520000000.0,0.0,0.098,0.271,0.315,0.128,161000000.0,2992000000.0,1.0,279871000,279871000,,98.331,16694000000.0,0,277000000.0,0,59.649,3276000000
4,RTN,ART,2018-12-31,2019-02-13,2018-12-31,2020-04-01,-8618000000.0,31864000000.0,30808250000.0,12136000000,19728000000.0,0.878,40.646,-819000000.0,3608000000,3608000000,19573000000.0,2882000000.0,1.464,1.778,5055000000,300000000,4755000000,5055000000,0.0,568000000.0,0.0,0.019,3.471,3357000000.0,3925000000.0,0.145,3925000000.0,3357000000.0,3173000000.0,10.16,10.15,10.16,11472000000,10906500000.0,11472000000,52515324660,16.0,13.38,2609000000.0,9.244,1.0,7485000000.0,0.277,14864000000.0,184000000.0,10159000000.0,10804000000.0,758000000,0.0,0,0,20392000000.0,8288000000,12104000000.0,51068324660,509000000.0,11000000.0,-1418000000.0,0.0,-975000000.0,-2398000000.0,-521000000.0,309000000.0,3428000000.0,0.0,2909000000.0,2909000000.0,2909000000.0,1000000.0,-27000000.0,0.108,2947000000.0,4538000000.0,1964000000,0.342,4.452,17.555,17.809,2840000000,0.0,180.94,1.887,1.887,1648000000,20087000000.0,27058000000.0,27058000000.0,0.0,0.094,0.267,0.311,0.124,165000000.0,2947000000.0,1.0,282239000,282239000,,95.869,17000000000.0,0,264000000.0,0,60.233,3848000000
5,RTN,ART,2018-09-30,2018-10-25,2018-09-30,2020-04-01,-8413000000.0,30134000000.0,30557250000.0,10635000000,19499000000.0,0.867,39.743,-812000000.0,2073000000,2073000000,19351000000.0,2442000000.0,1.486,1.664,5053000000,300000000,4753000000,5053000000,0.0,566000000.0,0.0,0.019,3.401,3268000000.0,3834000000.0,0.145,3834000000.0,3268000000.0,3082000000.0,8.59,8.57,8.59,11310000000,10529250000.0,11310000000,53213532040,16.0,13.879,1807000000.0,6.35,1.0,7130000000.0,0.269,14865000000.0,186000000.0,11093000000.0,10911250000.0,804000000,0.0,0,0,18824000000.0,7156000000,11668000000.0,50233532040,-238000000.0,11000000.0,-1117000000.0,0.0,-959000000.0,-2081000000.0,-776000000.0,12000000.0,2619000000.0,0.0,2470000000.0,2470000000.0,2470000000.0,0.0,-28000000.0,0.093,2936000000.0,4194000000.0,1392000000,0.396,4.442,20.337,20.549,2639000000,0.0,176.52,1.897,1.897,1527000000,19720000000.0,26481000000.0,26481000000.0,0.0,0.081,0.235,0.3,0.123,183000000.0,2936000000.0,1.0,284577000,284577000,,93.054,15269000000.0,0,612000000.0,0,53.655,3479000000
6,RTN,ART,2018-06-30,2018-07-26,2018-07-01,2020-04-01,-8863000000.0,30738000000.0,30593250000.0,11315000000,19423000000.0,0.849,37.184,-776000000.0,3094000000,3094000000,19170000000.0,2368000000.0,1.613,1.898,5052000000,300000000,4752000000,5052000000,0.0,561000000.0,0.0,0.017,3.331,3452000000.0,4013000000.0,0.155,4013000000.0,3452000000.0,3263000000.0,8.31,8.29,8.31,10607000000,10416000000.0,10607000000,56850581800,16.0,14.167,2668000000.0,9.353,1.0,6789000000.0,0.262,14865000000.0,189000000.0,10814000000.0,11049500000.0,725000000,0.0,0,0,20131000000.0,7017000000,13114000000.0,54892581800,927000000.0,-43000000.0,-1197000000.0,0.0,-943000000.0,-2145000000.0,-372000000.0,429000000.0,3444000000.0,0.0,2398000000.0,2398000000.0,2398000000.0,1000000.0,-30000000.0,0.092,2920000000.0,3869000000.0,1380000000,0.401,5.175,22.891,23.156,2554000000,0.0,192.43,2.115,2.115,1317000000,19467000000.0,25959000000.0,25959000000.0,0.0,0.078,0.23,0.312,0.133,182000000.0,2920000000.0,1.0,285260000,285260000,,91.001,15873000000.0,0,865000000.0,0,55.644,4298000000
7,RTN,ART,2018-03-31,2018-04-26,2018-04-01,2020-04-01,-9095000000.0,30497000000.0,30466000000.0,10960000000,19537000000.0,0.841,35.638,-705000000.0,2748000000,2748000000,19078000000.0,2124000000.0,1.617,1.979,5051000000,300000000,4751000000,5051000000,0.0,555000000.0,0.0,0.015,3.262,3394000000.0,3949000000.0,0.154,3949000000.0,3394000000.0,3200000000.0,7.43,7.4,7.43,10237000000,10468000000.0,10237000000,62932857500,19.0,15.936,2365000000.0,8.233,1.0,6537000000.0,0.255,14871000000.0,194000000.0,11150000000.0,11269750000.0,640000000,0.0,0,0,20260000000.0,6779000000,13481000000.0,60629857500,582000000.0,-54000000.0,-919000000.0,-291000000.0,-925000000.0,-2178000000.0,-310000000.0,429000000.0,3070000000.0,0.0,2151000000.0,2151000000.0,2151000000.0,2000000.0,-27000000.0,0.084,2919000000.0,3618000000.0,1255000000,0.439,5.923,28.187,28.408,2478000000,0.0,211.07,2.367,2.367,1639000000,19329000000.0,25615000000.0,25615000000.0,0.0,0.071,0.205,0.301,0.133,179000000.0,2919000000.0,1.0,287250000,287250000,,89.173,15626000000.0,0,1049000000.0,0,54.399,4181000000
8,RTN,ART,2017-12-31,2018-02-14,2017-12-31,2020-04-01,-7935000000.0,30860000000.0,30309000000.0,11326000000,19534000000.0,0.836,34.533,-565000000.0,3103000000,3103000000,19076000000.0,2001000000.0,1.541,2.097,5050000000,300000000,4750000000,5050000000,0.0,550000000.0,0.0,0.015,3.192,3343000000.0,3893000000.0,0.154,3893000000.0,3343000000.0,3138000000.0,6.96,6.95,6.96,9963000000,10504750000.0,9963000000,63277605480,19.0,16.254,2180000000.0,7.556,1.0,6272000000.0,0.247,14871000000.0,205000000.0,10588000000.0,11454250000.0,594000000,297000000.0,297000000,0,20897000000.0,7348000000,13549000000.0,61330605480,-188000000.0,-93000000.0,-885000000.0,-291000000.0,-910000000.0,-2116000000.0,-817000000.0,-179000000.0,2745000000.0,0.0,2024000000.0,2024000000.0,2024000000.0,-2000000.0,-23000000.0,0.08,2954000000.0,3318000000.0,1519000000,0.459,6.156,30.302,30.543,2439000000,0.0,212.58,2.42,2.42,1324000000,17895000000.0,25348000000.0,25348000000.0,0.0,0.067,0.193,0.292,0.132,173000000.0,2954000000.0,1.0,288506000,288506000,,87.86,15989000000.0,0,1114000000.0,0,55.42,3978000000
9,RTN,ART,2017-09-30,2017-10-26,2017-10-01,2020-04-01,-7075000000.0,30278000000.0,30107000000.0,10778000000,19500000000.0,0.824,37.556,-566000000.0,2311000000,2311000000,18560000000.0,2155000000.0,1.66,1.789,5049000000,300000000,4749000000,5049000000,0.0,539000000.0,0.0,0.017,3.127,3323000000.0,3862000000.0,0.156,3862000000.0,3323000000.0,3108000000.0,7.45,7.44,7.45,10857000000,10530500000.0,10857000000,55311361820,17.0,14.322,1697000000.0,5.87,1.0,6243000000.0,0.252,14878000000.0,215000000.0,11646000000.0,11524500000.0,693000000,0.0,0,0,19421000000.0,6492000000,12929000000.0,52573361820,-19000000.0,-93000000.0,-884000000.0,-291000000.0,-894000000.0,-2099000000.0,-183000000.0,480000000.0,2263000000.0,0.0,2175000000.0,2175000000.0,2175000000.0,-2000000.0,-20000000.0,0.088,2933000000.0,3310000000.0,1347000000,0.42,4.842,24.172,24.411,2248000000,0.0,181.86,2.12,2.12,1393000000,17929000000.0,24803000000.0,24803000000.0,0.0,0.072,0.207,0.288,0.134,158000000.0,2933000000.0,1.0,289087000,289087000,,85.798,15400000000.0,0,933000000.0,0,53.271,4286000000
10,RTN,ART,2017-06-30,2017-07-27,2017-07-02,2020-04-01,-6994000000.0,30229000000.0,29900500000.0,10937000000,19292000000.0,0.821,37.261,-512000000.0,2167000000,2167000000,18382000000.0,2112000000.0,1.66,1.795,5047000000,300000000,4747000000,5047000000,0.0,531000000.0,0.0,0.018,3.062,3275000000.0,3806000000.0,0.155,3806000000.0,3275000000.0,3050000000.0,7.27,7.26,7.27,10815000000,10433000000.0,10815000000,52085912970,16.0,13.685,2010000000.0,6.925,1.0,6170000000.0,0.251,14827000000.0,225000000.0,11695000000.0,11526000000.0,581000000,410000000.0,410000000,0,19414000000.0,6587000000,12827000000.0,49205912970,159000000.0,-39000000.0,-881000000.0,-291000000.0,-878000000.0,-2080000000.0,-283000000.0,286000000.0,2522000000.0,0.0,2132000000.0,2132000000.0,2132000000.0,-4000000.0,-20000000.0,0.087,2912000000.0,3258000000.0,1278000000,0.421,4.55,23.08,23.319,2172000000,0.0,169.53,2.004,2.004,1560000000,17806000000.0,24552000000.0,24552000000.0,0.0,0.071,0.204,0.284,0.133,154000000.0,2912000000.0,1.0,290249000,290249000,,84.589,15402000000.0,0,918000000.0,0,53.065,4350000000
11,RTN,ART,2017-03-31,2017-04-27,2017-04-02,2020-04-01,-7218000000.0,29869000000.0,29617750000.0,10515000000,19354000000.0,0.821,35.675,-521000000.0,2186000000,2186000000,18077000000.0,2269000000.0,1.667,1.876,5337000000,251000000,5086000000,5337000000,0.0,521000000.0,0.0,0.019,2.996,3419000000.0,3940000000.0,0.162,3940000000.0,3419000000.0,3187000000.0,7.76,7.75,7.76,10384000000,10308250000.0,10384000000,48634223240,14.0,12.344,1964000000.0,6.747,1.0,6229000000.0,0.256,14825000000.0,232000000.0,11888000000.0,11504750000.0,599000000,399000000.0,399000000,0,19485000000.0,6307000000,13178000000.0,45483223240,253000000.0,-39000000.0,-1000000000.0,0.0,-864000000.0,-1946000000.0,-286000000.0,286000000.0,2485000000.0,0.0,2288000000.0,2288000000.0,2288000000.0,-3000000.0,-19000000.0,0.094,2860000000.0,3369000000.0,1282000000,0.386,4.38,19.879,20.137,2146000000,0.0,156.26,1.871,1.871,1319000000,17599000000.0,24306000000.0,24306000000.0,0.0,0.077,0.222,0.297,0.141,154000000.0,2860000000.0,1.0,291074000,291074000,,83.505,15044000000.0,0,899000000.0,0,51.684,4208000000
12,RTN,ART,2016-12-31,2017-02-15,2016-12-31,2020-04-01,-7411000000.0,30052000000.0,29357750000.0,10678000000,19374000000.0,0.82,34.369,-591000000.0,3303000000,3303000000,17947000000.0,2174000000.0,1.661,1.985,5335000000,0,5335000000,5335000000,2239000000.0,515000000.0,0.0,0.019,2.93,3300000000.0,3815000000.0,0.159,3815000000.0,3300000000.0,3068000000.0,7.45,7.44,7.45,10066000000,10243250000.0,10066000000,46538044800,14.0,12.199,2261000000.0,7.72,1.0,6122000000.0,0.254,14788000000.0,232000000.0,10869000000.0,11454500000.0,659000000,100000000.0,100000000,0,19986000000.0,6427000000,13559000000.0,44506044800,975000000.0,-57000000.0,-996000000.0,0.0,-850000000.0,-1930000000.0,53000000.0,712000000.0,2852000000.0,0.0,2211000000.0,2211000000.0,2211000000.0,-1000000.0,-37000000.0,0.092,2882000000.0,3240000000.0,1520000000,0.393,4.421,20.129,20.397,2166000000,0.0,151.96,1.849,1.849,6202000000,17474000000.0,24069000000.0,24069000000.0,0.0,0.075,0.216,0.288,0.137,151000000.0,2882000000.0,1.0,292880000,292880000,,82.18,15264000000.0,0,857000000.0,0,52.117,4251000000
13,RTN,ART,2016-09-30,2016-10-27,2016-10-02,2020-04-01,-6856000000.0,29452000000.0,29165000000.0,10155000000,19297000000.0,0.828,35.645,-533000000.0,2342000000,2342000000,18100000000.0,2200000000.0,1.692,1.814,5334000000,0,5334000000,5334000000,2063000000.0,513000000.0,0.0,0.021,2.868,3281000000.0,3794000000.0,0.157,3794000000.0,3281000000.0,3049000000.0,7.5,7.49,7.5,10467000000,10258750000.0,10467000000,43010213160,13.0,11.336,2004000000.0,6.825,1.0,6059000000.0,0.251,14791000000.0,232000000.0,11652000000.0,11593750000.0,651000000,462000000.0,462000000,0,18985000000.0,6001000000,12984000000.0,40018213160,-111000000.0,-119000000.0,-1147000000.0,0.0,-837000000.0,-2064000000.0,-584000000.0,73000000.0,2537000000.0,0.0,2238000000.0,2238000000.0,2238000000.0,-14000000.0,-38000000.0,0.093,2853000000.0,3206000000.0,1415000000,0.382,3.823,17.881,18.171,2053000000,0.0,136.28,1.656,1.656,6469000000,17320000000.0,24159000000.0,24159000000.0,0.0,0.077,0.218,0.283,0.136,142000000.0,2853000000.0,1.0,293647000,293647000,,82.272,14661000000.0,0,811000000.0,0,49.927,4154000000
14,RTN,ART,2016-06-30,2016-07-28,2016-07-03,2020-04-01,-6899000000.0,29098000000.0,29114250000.0,9850000000,19248000000.0,0.821,34.958,-510000000.0,2016000000,2016000000,17996000000.0,2119000000.0,1.638,1.821,5333000000,0,5333000000,5333000000,2136000000.0,513000000.0,0.0,0.02,2.805,3155000000.0,3668000000.0,0.153,3668000000.0,3155000000.0,2923000000.0,7.18,7.17,7.18,10316000000,10179000000.0,10316000000,44057815700,14.0,12.011,2488000000.0,8.431,1.0,5913000000.0,0.247,14791000000.0,232000000.0,11610000000.0,11461000000.0,671000000,703000000.0,703000000,0,18782000000.0,6014000000,12768000000.0,40740815700,188000000.0,-119000000.0,-1197000000.0,0.0,-825000000.0,-2102000000.0,-708000000.0,-98000000.0,2998000000.0,0.0,2156000000.0,2156000000.0,2156000000.0,-12000000.0,-37000000.0,0.09,2816000000.0,3097000000.0,1405000000,0.391,3.949,18.896,19.228,2028000000,0.0,138.06,1.704,1.704,6249000000,17212000000.0,23909000000.0,23909000000.0,0.0,0.074,0.212,0.275,0.132,137000000.0,2816000000.0,1.0,295095000,295095000,,81.021,14307000000.0,0,767000000.0,0,48.483,3836000000
15,RTN,ART,2016-03-31,2016-04-28,2016-04-03,2020-04-01,-7050000000.0,28829000000.0,28949000000.0,9359000000,19470000000.0,0.819,34.09,-495000000.0,1934000000,1934000000,18141000000.0,1918000000.0,1.628,1.829,5332000000,0,5332000000,5332000000,2136000000.0,506000000.0,0.0,0.022,2.743,2840000000.0,3346000000.0,0.141,3346000000.0,2840000000.0,2607000000.0,6.44,6.44,6.44,10124000000,10114000000.0,10124000000,41265919800,15.0,12.333,2134000000.0,7.186,1.0,5581000000.0,0.235,14791000000.0,233000000.0,11687000000.0,11463000000.0,637000000,711000000.0,711000000,0,18519000000.0,5749000000,12770000000.0,37867919800,-972000000.0,-2005000000.0,-1193000000.0,0.0,-812000000.0,-1630000000.0,-1971000000.0,500000000.0,2629000000.0,0.0,1952000000.0,1952000000.0,1952000000.0,-14000000.0,-34000000.0,0.082,2796000000.0,2785000000.0,1304000000,0.426,3.74,19.4,19.8,2018000000,0.0,127.51,1.596,1.596,5882000000,17141000000.0,23722000000.0,23722000000.0,0.0,0.067,0.193,0.248,0.12,114000000.0,2796000000.0,1.0,296980000,296980000,,79.877,14038000000.0,0,655000000.0,0,47.269,3610000000
16,RTN,ART,2015-12-31,2016-02-10,2015-12-31,2020-04-01,-7176000000.0,29281000000.0,28691250000.0,9812000000,19469000000.0,0.81,33.873,-398000000.0,2328000000,2328000000,17574000000.0,2067000000.0,1.602,1.871,5330000000,0,5330000000,5330000000,2193000000.0,489000000.0,0.0,0.021,2.68,3040000000.0,3529000000.0,0.152,3529000000.0,3040000000.0,2807000000.0,6.81,6.8,6.81,10128000000,10009750000.0,10128000000,40846176860,13.0,11.574,1961000000.0,6.559,1.0,5673000000.0,0.244,14731000000.0,233000000.0,11426000000.0,11423250000.0,635000000,872000000.0,872000000,0,18951000000.0,6126000000,12825000000.0,37844176860,-894000000.0,-1954000000.0,-1099000000.0,0.0,-797000000.0,-1509000000.0,-1744000000.0,610000000.0,2359000000.0,0.0,2074000000.0,2074000000.0,2074000000.0,-13000000.0,-7000000.0,0.089,2660000000.0,3013000000.0,1402000000,0.394,3.737,18.247,18.586,2005000000,0.0,126.57,1.628,1.628,5564000000,16903000000.0,23247000000.0,23247000000.0,0.0,0.072,0.207,0.266,0.131,93000000.0,2660000000.0,1.0,298998000,298998000,,77.75,14550000000.0,0,733000000.0,0,48.663,3686000000
17,RTN,ART,2015-09-30,2015-10-22,2015-09-27,2020-04-01,-7024000000.0,29249000000.0,28346000000.0,9528000000,19721000000.0,0.814,33.703,-389000000.0,2453000000,2453000000,17428000000.0,2086000000.0,1.506,1.862,5334000000,0,5334000000,5334000000,2215000000.0,465000000.0,0.0,0.022,2.615,3066000000.0,3531000000.0,0.153,3531000000.0,3066000000.0,2836000000.0,6.79,6.79,6.79,10148000000,9859000000.0,10148000000,38193773440,12.0,10.817,2058000000.0,6.835,1.0,5634000000.0,0.244,14681000000.0,230000000.0,11121000000.0,11321000000.0,619000000,608000000.0,608000000,0,18900000000.0,6328000000,12572000000.0,35312773440,-181000000.0,-2319000000.0,-953000000.0,592000000.0,-779000000.0,-753000000.0,-1875000000.0,854000000.0,2447000000.0,0.0,2085000000.0,2085000000.0,2085000000.0,-6000000.0,1000000.0,0.09,2580000000.0,3054000000.0,1334000000,0.385,3.48,16.937,17.272,1934000000,0.0,117.28,1.531,1.531,5649000000,16552000000.0,23062000000.0,23062000000.0,0.0,0.074,0.211,0.271,0.133,97000000.0,2580000000.0,1.0,301098000,301098000,,76.593,14568000000.0,0,751000000.0,0,48.383,3200000000
18,RTN,ART,2015-06-30,2015-07-23,2015-06-28,2020-04-01,-7095000000.0,28437000000.0,27610500000.0,8704000000,19733000000.0,0.824,33.128,-394000000.0,1828000000,1828000000,17191000000.0,2162000000.0,1.543,1.808,5333000000,0,5333000000,5333000000,1975000000.0,446000000.0,0.0,0.025,2.55,3133000000.0,3579000000.0,0.157,3579000000.0,3133000000.0,2908000000.0,6.98,6.97,6.98,10056000000,10268000000.0,10056000000,34834189080,11.0,9.733,1376000000.0,4.533,1.0,5562000000.0,0.244,14683000000.0,225000000.0,11618000000.0,10964000000.0,519000000,666000000.0,666000000,0,18182000000.0,5641000000,12541000000.0,31329189080,-1433000000.0,-2319000000.0,-902000000.0,592000000.0,-763000000.0,-680000000.0,-2523000000.0,220000000.0,1770000000.0,0.0,2153000000.0,2153000000.0,2153000000.0,-7000000.0,9000000.0,0.095,2442000000.0,3120000000.0,1171000000,0.365,3.115,14.551,14.787,1929000000,0.0,103.21,1.377,1.377,5514000000,16314000000.0,22753000000.0,22753000000.0,0.0,0.078,0.21,0.286,0.138,94000000.0,2442000000.0,1.0,303548000,303548000,,74.957,13754000000.0,0,755000000.0,103000000,45.311,3063000000
19,RTN,ART,2015-03-31,2015-04-23,2015-03-29,2020-04-01,-7353000000.0,27798000000.0,27096250000.0,10241000000,17557000000.0,0.834,31.811,-384000000.0,2906000000,2906000000,16967000000.0,2212000000.0,1.817,1.843,5331000000,0,5331000000,5331000000,1944000000.0,439000000.0,0.0,0.023,2.485,3296000000.0,3735000000.0,0.165,3735000000.0,3296000000.0,3076000000.0,7.09,7.08,7.09,9707000000,10686000000.0,9707000000,35548164100,11.0,9.518,1185000000.0,3.883,1.0,5639000000.0,0.249,13060000000.0,220000000.0,11528000000.0,10358000000.0,506000000,1234000000.0,1234000000,0,17892000000.0,5635000000,12257000000.0,33123164100,-130000000.0,-433000000.0,-949000000.0,592000000.0,-747000000.0,-1052000000.0,-647000000.0,216000000.0,1569000000.0,0.0,2199000000.0,2199000000.0,2199000000.0,-58000000.0,13000000.0,0.097,2408000000.0,3231000000.0,1141000000,0.35,3.412,15.063,15.31,1906000000,0.0,108.55,1.465,1.465,5223000000,16017000000.0,22606000000.0,22606000000.0,0.0,0.081,0.206,0.318,0.146,107000000.0,2408000000.0,1.0,305142000,305142000,,74.084,14738000000.0,0,877000000.0,346000000,48.299,4606000000
20,RTN,ART,2014-12-31,2015-02-11,2014-12-31,2020-04-01,-7458000000.0,27900000000.0,26782000000.0,10292000000,17608000000.0,0.852,30.993,-371000000.0,3222000000,3222000000,17295000000.0,2258000000.0,1.736,1.909,5330000000,0,5330000000,5330000000,2284000000.0,439000000.0,0.0,0.023,2.42,3247000000.0,3686000000.0,0.161,3686000000.0,3247000000.0,3034000000.0,7.19,7.18,7.19,9525000000,11113750000.0,9525000000,35037659450,11.0,9.506,1813000000.0,5.899,1.0,5531000000.0,0.242,13061000000.0,213000000.0,11017000000.0,9850000000.0,414000000,1497000000.0,1497000000,0,18179000000.0,5930000000,12249000000.0,32929659450,-74000000.0,-427000000.0,-838000000.0,592000000.0,-735000000.0,-936000000.0,-1322000000.0,-509000000.0,2184000000.0,0.0,2244000000.0,2244000000.0,2244000000.0,-65000000.0,14000000.0,0.098,2352000000.0,3179000000.0,1250000000,0.337,3.457,14.675,14.903,1935000000,0.0,107.15,1.443,1.443,4985000000,15671000000.0,22826000000.0,22826000000.0,0.0,0.084,0.202,0.33,0.142,101000000.0,2352000000.0,1.0,307323000,307323000,,74.274,14839000000.0,0,790000000.0,0,48.285,4362000000
21,RTN,ART,2014-09-30,2014-10-23,2014-09-28,2020-04-01,-4895000000.0,26307000000.0,26298750000.0,10285000000,16022000000.0,0.858,38.214,-342000000.0,2634000000,2634000000,17273000000.0,2205000000.0,1.727,1.218,4737000000,0,4737000000,4737000000,2382000000.0,440000000.0,0.0,0.024,2.365,3154000000.0,3594000000.0,0.159,3594000000.0,3154000000.0,2945000000.0,6.97,6.96,6.97,11784000000,11491250000.0,11784000000,32594427840,10.0,9.069,2029000000.0,6.58,1.0,5280000000.0,0.234,12762000000.0,209000000.0,9693000000.0,9303500000.0,522000000,1480000000.0,1480000000,0,14353000000.0,5955000000,8398000000.0,30491427840,-308000000.0,5000000.0,-1134000000.0,0.0,-725000000.0,-1825000000.0,-854000000.0,-517000000.0,2371000000.0,0.0,2193000000.0,2193000000.0,2193000000.0,-123000000.0,12000000.0,0.097,2261000000.0,3019000000.0,1060000000,0.339,2.588,13.904,14.187,1860000000,0.0,98.88,1.352,1.352,5340000000,15273000000.0,22553000000.0,22553000000.0,-500000000.0,0.083,0.191,0.339,0.14,103000000.0,2761000000.0,1.0,308368000,308368000,,73.137,13545000000.0,0,752000000.0,0,43.925,4330000000
22,RTN,ART,2014-06-30,2014-07-24,2014-06-29,2020-04-01,-4786000000.0,26380000000.0,26416500000.0,10299000000,16081000000.0,0.868,37.745,-329000000.0,3261000000,3261000000,17636000000.0,2179000000.0,1.747,1.235,4736000000,0,4736000000,4736000000,2558000000.0,440000000.0,0.0,0.025,2.31,3156000000.0,3596000000.0,0.157,3596000000.0,3156000000.0,2947000000.0,6.83,6.82,6.83,11728000000,10755500000.0,11728000000,30542762450,10.0,8.494,2514000000.0,8.091,1.0,5285000000.0,0.231,12765000000.0,209000000.0,9194000000.0,9371500000.0,430000000,915000000.0,915000000,0,14486000000.0,5896000000,8590000000.0,29067762450,794000000.0,5000000.0,-1158000000.0,0.0,-714000000.0,-1846000000.0,-203000000.0,121000000.0,2843000000.0,0.0,2167000000.0,2167000000.0,2167000000.0,-125000000.0,12000000.0,0.095,2272000000.0,3013000000.0,1113000000,0.338,2.478,13.414,13.697,1878000000,0.0,93.55,1.268,1.268,5366000000,14945000000.0,22921000000.0,22921000000.0,-336000000.0,0.082,0.201,0.337,0.138,111000000.0,2608000000.0,1.0,310719000,310719000,,73.768,13615000000.0,0,780000000.0,0,43.818,4403000000
23,RTN,ART,2014-03-31,2014-04-24,2014-03-30,2020-04-01,-4962000000.0,26541000000.0,26415500000.0,10439000000,16102000000.0,0.883,36.496,-321000000.0,3036000000,3036000000,18088000000.0,2119000000.0,1.746,1.31,4735000000,0,4735000000,4735000000,2612000000.0,444000000.0,0.0,0.024,2.255,3100000000.0,3544000000.0,0.152,3544000000.0,3100000000.0,2892000000.0,6.57,6.56,6.57,11418000000,9965500000.0,11418000000,31708243440,10.0,8.947,2305000000.0,7.368,1.0,5247000000.0,0.225,12765000000.0,208000000.0,9496000000.0,9678750000.0,363000000,1495000000.0,1495000000,0,14958000000.0,5979000000,8979000000.0,30009243440,-89000000.0,-9000000.0,-1108000000.0,0.0,-704000000.0,-1808000000.0,-907000000.0,-577000000.0,2626000000.0,0.0,2104000000.0,2104000000.0,2104000000.0,-73000000.0,15000000.0,0.09,2227000000.0,3020000000.0,1078000000,0.343,2.628,14.263,14.6,1902000000,0.0,95.92,1.286,1.286,5211000000,14582000000.0,23335000000.0,23335000000.0,-160000000.0,0.08,0.211,0.32,0.133,112000000.0,2387000000.0,1.0,312857000,312857000,,74.587,13776000000.0,0,788000000.0,0,44.033,4460000000
24,RTN,ART,2013-12-31,2014-02-11,2013-12-31,2020-04-01,-5113000000.0,25967000000.0,26452000000.0,9816000000,16151000000.0,0.896,35.086,-327000000.0,3296000000,3296000000,18532000000.0,2013000000.0,1.69,1.338,4734000000,0,4734000000,4734000000,2350000000.0,445000000.0,0.0,0.023,2.2,3014000000.0,3459000000.0,0.146,3459000000.0,3014000000.0,2804000000.0,6.17,6.16,6.17,11035000000,9183500000.0,11035000000,31093053610,10.0,8.989,2051000000.0,6.521,1.0,5174000000.0,0.218,12764000000.0,210000000.0,8831000000.0,9766500000.0,363000000,1001000000.0,1001000000,0,14770000000.0,5810000000,8960000000.0,29655053610,108000000.0,-9000000.0,-1099000000.0,0.0,-694000000.0,-1797000000.0,-473000000.0,-137000000.0,2378000000.0,0.0,1996000000.0,1996000000.0,1996000000.0,-64000000.0,17000000.0,0.084,2236000000.0,2938000000.0,1178000000,0.357,2.687,14.857,15.282,1937000000,0.0,94.29,1.251,1.251,4870000000,14173000000.0,23706000000.0,23706000000.0,0.0,0.075,0.217,0.309,0.127,113000000.0,2236000000.0,1.0,314509000,314509000,,75.375,13203000000.0,90000000,808000000.0,323000000,41.98,4006000000
25,RTN,ART,2013-09-30,2013-10-24,2013-09-29,2020-04-01,-7314000000.0,26778000000.0,26631750000.0,9752000000,17026000000.0,0.912,27.674,-349000000.0,2942000000,2942000000,18984000000.0,1951000000.0,1.67,2.01,4733000000,0,4733000000,4733000000,2232000000.0,446000000.0,0.0,0.028,2.15,2963000000.0,3409000000.0,0.14,3409000000.0,2963000000.0,2752000000.0,5.93,5.92,5.93,8841000000,8431250000.0,8841000000,26735373760,9.0,7.843,1916000000.0,5.997,1.0,5291000000.0,0.218,12765000000.0,211000000.0,9965000000.0,9951500000.0,405000000,955000000.0,955000000,0,17767000000.0,5839000000,11928000000.0,24944373760,-90000000.0,-308000000.0,-794000000.0,122000000.0,-685000000.0,-1357000000.0,-998000000.0,-340000000.0,2265000000.0,0.0,1934000000.0,1934000000.0,1934000000.0,-3000000.0,17000000.0,0.08,2307000000.0,2984000000.0,1143000000,0.363,2.821,12.898,13.167,1907000000,0.0,78.08,1.028,1.028,5248000000,13817000000.0,24275000000.0,24275000000.0,661000000.0,0.073,0.229,0.298,0.122,124000000.0,1646000000.0,1.0,319472000,319472000,,75.985,14013000000.0,1181000000,818000000.0,1000000,43.863,3913000000
26,RTN,ART,2013-06-30,2013-07-25,2013-06-30,2020-04-01,-7464000000.0,26376000000.0,26361500000.0,9276000000,17100000000.0,0.929,26.568,-355000000.0,2467000000,2467000000,19139000000.0,1965000000.0,1.701,2.059,4732000000,0,4732000000,4732000000,2140000000.0,448000000.0,0.0,0.03,2.1,2986000000.0,3434000000.0,0.14,3434000000.0,2986000000.0,2779000000.0,5.92,5.91,5.92,8568000000,8486500000.0,8568000000,24758747250,8.0,7.21,2125000000.0,6.589,1.0,5339000000.0,0.218,12764000000.0,207000000.0,10423000000.0,9725250000.0,454000000,995000000.0,995000000,0,17639000000.0,5454000000,12185000000.0,22493747250,117000000.0,-315000000.0,-698000000.0,122000000.0,-673000000.0,-1245000000.0,-1118000000.0,-446000000.0,2480000000.0,0.0,1945000000.0,1945000000.0,1945000000.0,0.0,20000000.0,0.079,2326000000.0,3013000000.0,1164000000,0.355,2.625,11.565,11.782,1924000000,0.0,69.75,0.919,0.919,5156000000,13503000000.0,24478000000.0,24478000000.0,678000000.0,0.074,0.229,0.307,0.122,117000000.0,1648000000.0,1.0,322491000,322491000,,75.903,13612000000.0,1230000000,834000000.0,10000000,42.209,3822000000
27,RTN,ART,2013-03-31,2013-04-25,2013-03-31,2020-04-01,-7646000000.0,26687000000.0,26037000000.0,9458000000,17229000000.0,0.935,25.538,-336000000.0,3125000000,3125000000,19038000000.0,1942000000.0,1.663,2.199,4731000000,0,4731000000,4731000000,2187000000.0,451000000.0,0.0,0.035,2.05,2965000000.0,3416000000.0,0.14,3416000000.0,2965000000.0,2761000000.0,5.83,5.82,5.83,8290000000,8504750000.0,8290000000,20855610200,7.0,6.105,1929000000.0,5.942,1.0,5317000000.0,0.218,12757000000.0,204000000.0,9847000000.0,9459500000.0,442000000,887000000.0,887000000,0,18227000000.0,5689000000,12538000000.0,19249610200,-416000000.0,-301000000.0,-608000000.0,122000000.0,-661000000.0,-1143000000.0,-1538000000.0,-898000000.0,2265000000.0,0.0,1928000000.0,1928000000.0,1928000000.0,1000000.0,14000000.0,0.079,2328000000.0,2989000000.0,1221000000,0.352,2.322,9.984,10.172,1954000000,0.0,59.3,0.79,0.79,4808000000,13193000000.0,24355000000.0,24355000000.0,696000000.0,0.074,0.227,0.313,0.122,115000000.0,1632000000.0,1.0,324614000,324614000,,75.028,13930000000.0,1347000000,833000000.0,10000000,42.913,3769000000
28,RTN,ART,2012-12-31,2013-02-13,2012-12-31,2020-04-01,-7788000000.0,26686000000.0,25772000000.0,9246000000,17440000000.0,0.947,24.593,-369000000.0,3188000000,3188000000,19092000000.0,1900000000.0,1.567,2.305,4731000000,0,4731000000,4731000000,2398000000.0,455000000.0,0.0,0.037,2.0,2967000000.0,3422000000.0,0.14,3422000000.0,2967000000.0,2766000000.0,5.67,5.65,5.67,8026000000,8516250000.0,8026000000,19156379350,6.0,5.598,1588000000.0,4.866,1.0,5322000000.0,0.218,12756000000.0,201000000.0,9571000000.0,9102000000.0,381000000,856000000.0,856000000,0,18496000000.0,5902000000,12594000000.0,17613379350,-812000000.0,-301000000.0,-731000000.0,122000000.0,-643000000.0,-1246000000.0,-1523000000.0,-850000000.0,1957000000.0,0.0,1888000000.0,1888000000.0,1888000000.0,1000000.0,12000000.0,0.077,2333000000.0,2989000000.0,1348000000,0.353,2.195,9.329,9.519,1986000000,0.0,53.97,0.721,0.721,4543000000,12883000000.0,24414000000.0,24414000000.0,704000000.0,0.073,0.222,0.326,0.122,109000000.0,1629000000.0,1.0,326355000,326355000,,74.808,13930000000.0,1463000000,878000000.0,9000000,42.684,3344000000
29,RTN,ART,2012-09-30,2012-10-25,2012-09-30,2020-04-01,-6506000000.0,25697000000.0,25564000000.0,9260000000,16437000000.0,0.955,27.472,-379000000.0,3032000000,3032000000,19025000000.0,1981000000.0,1.634,1.818,4609000000,0,4609000000,4609000000,2169000000.0,457000000.0,0.0,0.035,1.93,3090000000.0,3547000000.0,0.145,3547000000.0,3090000000.0,2896000000.0,5.82,5.8,5.82,9062000000,8555000000.0,9062000000,19963786580,6.0,5.628,1908000000.0,5.784,1.0,5391000000.0,0.221,12546000000.0,194000000.0,9060000000.0,8655500000.0,482000000,614000000.0,614000000,0,16472000000.0,5668000000,10804000000.0,18386786580,627000000.0,-101000000.0,-946000000.0,992000000.0,-626000000.0,-571000000.0,-1089000000.0,-606000000.0,2287000000.0,0.0,1962000000.0,1962000000.0,1962000000.0,7000000.0,19000000.0,0.08,2297000000.0,3094000000.0,1190000000,0.332,2.029,9.371,9.577,1929000000,0.0,55.74,0.753,0.753,4789000000,12578000000.0,24416000000.0,24416000000.0,714000000.0,0.077,0.229,0.357,0.127,100000000.0,1583000000.0,1.0,329867000,329867000,,74.018,13151000000.0,803000000,934000000.0,3000000,39.868,3592000000
30,RTN,ART,2012-06-30,2012-07-26,2012-07-01,2020-04-01,-6688000000.0,25078000000.0,25169750000.0,8779000000,16299000000.0,0.974,26.026,-405000000.0,2350000000,2350000000,19162000000.0,1984000000.0,1.616,1.884,4607000000,0,4607000000,4607000000,2274000000.0,457000000.0,0.0,0.034,1.86,3012000000.0,3469000000.0,0.142,3469000000.0,3012000000.0,2826000000.0,5.74,5.73,5.74,8641000000,8853250000.0,8641000000,20371956640,7.0,5.873,1632000000.0,4.915,1.0,5341000000.0,0.218,12542000000.0,186000000.0,9360000000.0,8168750000.0,448000000,556000000.0,556000000,0,16279000000.0,5433000000,10846000000.0,18114956640,234000000.0,-95000000.0,-1133000000.0,992000000.0,-613000000.0,-745000000.0,-1058000000.0,-556000000.0,2037000000.0,0.0,1963000000.0,1963000000.0,1963000000.0,5000000.0,21000000.0,0.08,2308000000.0,3033000000.0,1179000000,0.324,2.096,9.228,9.505,1943000000,0.0,54.56,0.739,0.739,5054000000,12242000000.0,24503000000.0,24503000000.0,686000000.0,0.078,0.222,0.369,0.123,89000000.0,1622000000.0,1.0,332019000,332019000,,73.8,12536000000.0,653000000,863000000.0,6000000,37.757,3346000000
31,RTN,ART,2012-03-31,2012-04-26,2012-04-01,2020-04-01,-6817000000.0,25627000000.0,24914000000.0,9185000000,16442000000.0,0.993,25.008,-419000000.0,3541000000,3541000000,19452000000.0,1959000000.0,1.603,2.055,4606000000,0,4606000000,4606000000,2360000000.0,453000000.0,0.0,0.033,1.79,2949000000.0,3402000000.0,0.138,3402000000.0,2949000000.0,2770000000.0,5.56,5.55,5.56,8336000000,9241750000.0,8336000000,19041918340,6.0,5.597,1788000000.0,5.364,1.0,5281000000.0,0.214,12544000000.0,179000000.0,8417000000.0,7764000000.0,395000000,0.0,0,0,17128000000.0,5731000000,11397000000.0,17976918340,881000000.0,-145000000.0,-1166000000.0,992000000.0,-599000000.0,-761000000.0,-565000000.0,0.0,2207000000.0,0.0,1930000000.0,1930000000.0,1930000000.0,4000000.0,29000000.0,0.078,2309000000.0,2972000000.0,1199000000,0.322,2.157,9.314,9.7,1979000000,0.0,53.93,0.727,0.727,4838000000,11938000000.0,24733000000.0,24733000000.0,654000000.0,0.077,0.209,0.38,0.119,79000000.0,1655000000.0,1.0,333338000,333338000,,74.198,13083000000.0,804000000,840000000.0,4000000,39.248,3454000000
32,RTN,ART,2011-12-31,2012-02-22,2011-12-31,2020-04-01,-7001000000.0,25854000000.0,24650750000.0,9309000000,16545000000.0,1.008,24.071,-405000000.0,4000000000,4000000000,19697000000.0,1896000000.0,1.519,2.141,4605000000,0,4605000000,4605000000,2542000000.0,447000000.0,0.0,0.034,1.72,2831000000.0,3278000000.0,0.132,3278000000.0,2831000000.0,2659000000.0,5.3,5.28,5.3,8181000000,9635750000.0,8181000000,17738149160,6.0,5.411,1702000000.0,5.008,1.0,5160000000.0,0.208,12544000000.0,172000000.0,7785000000.0,7492250000.0,336000000,0.0,0,0,17514000000.0,6130000000,11384000000.0,17133149160,362000000.0,-645000000.0,-1105000000.0,992000000.0,-588000000.0,-694000000.0,-1051000000.0,0.0,2107000000.0,0.0,1866000000.0,1866000000.0,1866000000.0,1000000.0,30000000.0,0.075,2303000000.0,2857000000.0,1507000000,0.325,2.094,9.182,9.511,2006000000,0.0,50.41,0.689,0.689,4526000000,11656000000.0,24857000000.0,24857000000.0,625000000.0,0.076,0.194,0.378,0.114,88000000.0,1678000000.0,1.0,339876000,339876000,,73.135,13310000000.0,878000000,793000000.0,5000000,39.161,3179000000
33,RTN,ART,2011-09-30,2011-10-27,2011-10-02,2020-04-01,-4808000000.0,24120000000.0,24292750000.0,8112000000,16008000000.0,1.042,29.63,-399000000.0,2405000000,2405000000,20178000000.0,1818000000.0,1.412,1.337,3612000000,0,3612000000,3612000000,2044000000.0,440000000.0,0.0,0.038,1.665,2665000000.0,3105000000.0,0.123,3105000000.0,2665000000.0,2510000000.0,5.0,4.97,5.0,10255000000,10029000000.0,10255000000,16338492000,6.0,5.262,1255000000.0,3.626,1.0,5123000000.0,0.202,12468000000.0,155000000.0,7113000000.0,7143250000.0,423000000,0.0,0,0,13713000000.0,5746000000,7967000000.0,15131492000,256000000.0,-691000000.0,-1034000000.0,1297000000.0,-575000000.0,-308000000.0,-1090000000.0,0.0,1654000000.0,0.0,1782000000.0,1782000000.0,1782000000.0,38000000.0,36000000.0,0.07,2322000000.0,2801000000.0,1349000000,0.333,1.476,8.491,8.744,1958000000,0.0,43.72,0.598,0.598,4987000000,11258000000.0,25301000000.0,25301000000.0,597000000.0,0.073,0.178,0.373,0.105,95000000.0,1725000000.0,1.0,346100000,346100000,,73.103,11652000000.0,269000000,728000000.0,363000000,33.667,2366000000
34,RTN,ART,2011-06-30,2011-07-28,2011-07-03,2020-04-01,-4803000000.0,24055000000.0,23975750000.0,8077000000,15978000000.0,1.061,28.831,-383000000.0,2116000000,2116000000,20327000000.0,2045000000.0,1.512,1.345,3612000000,0,3612000000,3612000000,1978000000.0,432000000.0,0.0,0.036,1.61,2795000000.0,3227000000.0,0.127,3227000000.0,2795000000.0,2648000000.0,5.53,5.48,5.53,10195000000,9990250000.0,10195000000,17415657260,6.0,5.397,828000000.0,2.342,1.0,5114000000.0,0.201,12469000000.0,147000000.0,7741000000.0,6812750000.0,430000000,0.0,0,0,13716000000.0,5341000000,8375000000.0,15919657260,-269000000.0,-690000000.0,-1143000000.0,1297000000.0,-564000000.0,-407000000.0,-1073000000.0,0.0,1211000000.0,0.0,2009000000.0,2009000000.0,2009000000.0,-49000000.0,36000000.0,0.079,2289000000.0,2825000000.0,1331000000,0.291,1.562,7.924,8.141,1966000000,0.0,45.02,0.626,0.626,4964000000,10906000000.0,25441000000.0,25441000000.0,598000000.0,0.084,0.201,0.41,0.11,106000000.0,1691000000.0,1.0,353613000,353613000,,71.946,11586000000.0,430000000,639000000.0,350000000,32.765,2736000000
35,RTN,ART,2011-03-31,2011-04-28,2011-04-03,2020-04-01,-4965000000.0,24574000000.0,23782250000.0,8544000000,16030000000.0,1.059,27.829,-401000000.0,2660000000,2660000000,20423000000.0,1815000000.0,1.483,1.465,3611000000,0,3611000000,3611000000,2104000000.0,423000000.0,0.0,0.032,1.555,2450000000.0,2873000000.0,0.114,2873000000.0,2450000000.0,2313000000.0,4.85,4.8,4.85,9912000000,9910250000.0,9912000000,18492865000,8.0,6.437,1297000000.0,3.641,1.0,4769000000.0,0.189,12435000000.0,137000000.0,7330000000.0,6284250000.0,422000000,0.0,0,0,14521000000.0,5760000000,8761000000.0,17541865000,47000000.0,-640000000.0,-1346000000.0,1297000000.0,-554000000.0,-609000000.0,-1042000000.0,0.0,1698000000.0,0.0,1779000000.0,1779000000.0,1779000000.0,-45000000.0,36000000.0,0.071,2280000000.0,2489000000.0,1322000000,0.321,1.77,9.861,10.155,1997000000,0.0,49.25,0.696,0.696,4933000000,10620000000.0,25192000000.0,25192000000.0,612000000.0,0.075,0.18,0.39,0.097,121000000.0,1668000000.0,1.0,356180000,356180000,,70.728,12139000000.0,417000000,534000000.0,258000000,34.081,2784000000
36,RTN,ART,2010-12-31,2011-02-23,2010-12-31,2020-04-01,-5146000000.0,24422000000.0,23588750000.0,8822000000,15600000000.0,1.068,27.117,-382000000.0,3638000000,3638000000,20303000000.0,1879000000.0,1.48,1.49,3610000000,0,3610000000,3610000000,2201000000.0,420000000.0,0.0,0.03,1.5,2555000000.0,2975000000.0,0.118,2975000000.0,2555000000.0,2429000000.0,4.94,4.88,4.94,9754000000,9961250000.0,9754000000,18255246020,7.0,6.136,1560000000.0,4.337,1.0,4880000000.0,0.194,12045000000.0,126000000.0,6389000000.0,6009500000.0,363000000,0.0,0,0,14532000000.0,5960000000,8572000000.0,18283246020,996000000.0,-152000000.0,-1178000000.0,1297000000.0,-536000000.0,-411000000.0,-535000000.0,0.0,1942000000.0,0.0,1840000000.0,1840000000.0,1840000000.0,-36000000.0,39000000.0,0.073,2273000000.0,2607000000.0,1538000000,0.304,1.874,9.937,10.289,2003000000,0.0,50.83,0.726,0.726,4414000000,10390000000.0,25183000000.0,25183000000.0,625000000.0,0.078,0.185,0.425,0.101,107000000.0,1648000000.0,1.0,359694000,359694000,,70.012,12377000000.0,372000000,589000000.0,147000000,34.41,2862000000
37,RTN,ART,2010-09-30,2010-10-28,2010-09-26,2020-04-01,-4680000000.0,22852000000.0,23385000000.0,7525000000,15327000000.0,1.068,27.706,-387000000.0,2149000000,2149000000,20114000000.0,1922000000.0,1.416,1.25,2326000000,0,2326000000,2326000000,2070000000.0,418000000.0,0.0,0.031,1.435,2636000000.0,3054000000.0,0.122,3054000000.0,2636000000.0,2510000000.0,5.01,4.95,5.01,10100000000,9979500000.0,10100000000,16814742520,6.0,5.506,1759000000.0,4.825,1.0,4851000000.0,0.194,11924000000.0,126000000.0,5791000000.0,5874500000.0,324000000,0.0,0,0,12625000000.0,5314000000,7311000000.0,16637742520,-293000000.0,-346000000.0,-1217000000.0,22000000.0,-519000000.0,-1703000000.0,-736000000.0,0.0,2146000000.0,0.0,1885000000.0,1885000000.0,1885000000.0,-76000000.0,37000000.0,0.076,2248000000.0,2603000000.0,1413000000,0.286,1.647,8.826,9.11,1951000000,0.0,45.64,0.666,0.666,4606000000,10065000000.0,24965000000.0,24965000000.0,640000000.0,0.081,0.189,0.449,0.106,98000000.0,1608000000.0,1.0,364543000,364543000,,68.483,10928000000.0,440000000,625000000.0,310000000,29.977,2211000000
38,RTN,ART,2010-06-30,2010-07-29,2010-06-27,2020-04-01,-4712000000.0,23281000000.0,23392000000.0,7720000000,15561000000.0,1.064,26.396,-370000000.0,2385000000,2385000000,20033000000.0,1683000000.0,1.36,1.345,2327000000,0,2327000000,2327000000,2159000000.0,414000000.0,0.0,0.029,1.37,2568000000.0,2982000000.0,0.12,2982000000.0,2568000000.0,2443000000.0,4.31,4.26,4.31,9875000000,9838250000.0,9875000000,17401807040,7.0,5.836,2100000000.0,5.613,1.0,4865000000.0,0.195,11921000000.0,125000000.0,5627000000.0,5900000000.0,330000000,0.0,0,0,13286000000.0,5675000000,7611000000.0,17459807040,186000000.0,-346000000.0,-1096000000.0,22000000.0,-499000000.0,-1565000000.0,-719000000.0,0.0,2470000000.0,0.0,1647000000.0,1647000000.0,1647000000.0,13000000.0,36000000.0,0.066,2246000000.0,2619000000.0,1330000000,0.318,1.768,10.601,10.828,1953000000,0.0,46.67,0.701,0.701,4592000000,9473000000.0,24898000000.0,24898000000.0,631000000.0,0.07,0.167,0.435,0.103,166000000.0,1615000000.0,1.0,374112000,374112000,,66.552,11360000000.0,627000000,796000000.0,23000000,30.365,2045000000
39,RTN,ART,2010-03-31,2010-04-22,2010-03-28,2020-04-01,-4768000000.0,23800000000.0,23334250000.0,8179000000,15621000000.0,1.074,26.547,-357000000.0,2613000000,2613000000,19834000000.0,1969000000.0,1.526,1.341,2328000000,0,2328000000,2328000000,2173000000.0,408000000.0,0.0,0.022,1.305,3002000000.0,3410000000.0,0.136,3410000000.0,3002000000.0,2879000000.0,5.0,4.94,5.0,10116000000,9729750000.0,10116000000,22403610100,7.0,6.57,2222000000.0,5.831,1.0,5216000000.0,0.208,11925000000.0,123000000.0,6231000000.0,6092250000.0,329000000,0.0,0,0,13564000000.0,5359000000,8205000000.0,22688610100,403000000.0,-346000000.0,-1016000000.0,22000000.0,-478000000.0,-1461000000.0,-715000000.0,0.0,2579000000.0,0.0,1928000000.0,1928000000.0,1928000000.0,12000000.0,41000000.0,0.077,2177000000.0,3039000000.0,1310000000,0.261,2.243,11.768,11.908,1969000000,0.0,59.54,0.906,0.906,4855000000,9406000000.0,25050000000.0,25050000000.0,606000000.0,0.083,0.198,0.493,0.12,132000000.0,1571000000.0,1.0,381065000,381065000,,65.737,11875000000.0,629000000,951000000.0,23000000,31.163,2820000000
40,RTN,ART,2009-12-31,2010-02-24,2009-12-31,2020-04-01,-4824000000.0,23607000000.0,23104000000.0,7868000000,15739000000.0,1.077,25.923,-346000000.0,2642000000,2642000000,19747000000.0,1976000000.0,1.425,1.391,2329000000,0,2329000000,2329000000,2224000000.0,402000000.0,0.0,0.022,1.24,3011000000.0,3413000000.0,0.137,3413000000.0,3011000000.0,2888000000.0,4.96,4.89,4.96,9827000000,9498500000.0,9827000000,20980092110,7.0,6.147,2379000000.0,6.276,1.0,5134000000.0,0.206,11922000000.0,123000000.0,5849000000.0,6193750000.0,344000000,0.0,0,0,13668000000.0,5523000000,8145000000.0,21293092110,383000000.0,-334000000.0,-1199000000.0,22000000.0,-473000000.0,-1650000000.0,-692000000.0,0.0,2725000000.0,0.0,1935000000.0,1935000000.0,1935000000.0,1000000.0,41000000.0,0.078,2092000000.0,3042000000.0,1397000000,0.25,2.167,11.004,11.325,2001000000,0.0,56.17,0.856,0.856,4493000000,9102000000.0,24881000000.0,24881000000.0,565000000.0,0.084,0.204,0.486,0.121,114000000.0,1527000000.0,1.0,379083000,379083000,,65.635,11685000000.0,709000000,953000000.0,23000000,30.824,2345000000
41,RTN,ART,2009-09-30,2009-10-22,2009-09-27,2020-04-01,-4967000000.0,22880000000.0,23026250000.0,7549000000,15331000000.0,1.055,24.881,-332000000.0,2442000000,2442000000,19340000000.0,1880000000.0,1.46,1.389,2293000000,0,2293000000,2293000000,2002000000.0,397000000.0,0.0,0.026,1.21,2884000000.0,3281000000.0,0.135,3281000000.0,2884000000.0,2757000000.0,4.67,4.62,4.67,9535000000,9313500000.0,9535000000,17793219940,6.0,5.423,1768000000.0,4.614,1.0,4960000000.0,0.204,11668000000.0,127000000.0,5893000000.0,6365250000.0,317000000,0.0,0,0,13241000000.0,5170000000,8071000000.0,17942219940,-319000000.0,0.0,-1599000000.0,0.0,-471000000.0,-2069000000.0,-350000000.0,0.0,2100000000.0,0.0,1852000000.0,1852000000.0,1852000000.0,1000000.0,28000000.0,0.076,2072000000.0,2888000000.0,1266000000,0.259,1.882,9.688,10.026,1945000000,0.0,46.82,0.738,0.738,4312000000,8714000000.0,24300000000.0,24300000000.0,545000000.0,0.08,0.199,0.453,0.119,83000000.0,1527000000.0,1.0,383217000,383217000,,63.411,11212000000.0,827000000,905000000.0,0,29.258,2379000000
42,RTN,ART,2009-06-30,2009-07-23,2009-06-28,2020-04-01,-4962000000.0,23050000000.0,23247750000.0,7594000000,15456000000.0,1.031,24.246,-349000000.0,2199000000,2199000000,19120000000.0,1809000000.0,1.493,1.431,2295000000,0,2295000000,2295000000,1968000000.0,395000000.0,0.0,0.026,1.18,2792000000.0,3187000000.0,0.133,3187000000.0,2792000000.0,2668000000.0,4.45,4.38,4.45,9441000000,10106500000.0,9441000000,17910546750,6.0,5.62,1762000000.0,4.525,1.0,4839000000.0,0.202,11665000000.0,124000000.0,6396000000.0,6530000000.0,294000000,0.0,0,0,13511000000.0,5085000000,8426000000.0,17814546750,-355000000.0,-20000000.0,-1619000000.0,0.0,-467000000.0,-2079000000.0,-387000000.0,0.0,2111000000.0,0.0,1789000000.0,1789000000.0,1789000000.0,0.0,20000000.0,0.075,2036000000.0,2803000000.0,1189000000,0.265,1.887,9.958,10.281,1961000000,0.0,45.75,0.744,0.744,4608000000,8344000000.0,23959000000.0,23959000000.0,530000000.0,0.077,0.177,0.428,0.117,-13000000.0,1506000000.0,1.0,389389000,389389000,,61.53,11385000000.0,972000000,879000000.0,0,29.238,2509000000
43,RTN,ART,2009-03-31,2009-04-23,2009-03-29,2020-04-01,-5132000000.0,22879000000.0,23384500000.0,7339000000,15540000000.0,1.014,23.323,-350000000.0,2210000000,2210000000,18951000000.0,1734000000.0,1.572,1.477,2297000000,0,2297000000,2297000000,1794000000.0,395000000.0,0.0,0.026,1.15,2707000000.0,3102000000.0,0.131,3102000000.0,2707000000.0,2580000000.0,4.24,4.15,4.24,9191000000,10930250000.0,9191000000,17441886840,6.0,5.623,2013000000.0,5.108,1.0,4753000000.0,0.201,11661000000.0,127000000.0,6637000000.0,6642250000.0,275000000,0.0,0,0,13579000000.0,4668000000,8911000000.0,17354886840,-77000000.0,-45000000.0,-1611000000.0,0.0,-463000000.0,-2038000000.0,-402000000.0,0.0,2363000000.0,0.0,1726000000.0,1726000000.0,1726000000.0,-3000000.0,8000000.0,0.073,2053000000.0,2700000000.0,1209000000,0.271,1.888,10.055,10.387,1981000000,0.0,44.04,0.732,0.732,4363000000,7976000000.0,23704000000.0,23704000000.0,521000000.0,0.074,0.158,0.408,0.114,-36000000.0,1532000000.0,1.0,394071000,394071000,,60.152,11218000000.0,1107000000,854000000.0,0,28.467,2671000000
44,RTN,ART,2008-12-31,2009-02-25,2008-12-31,2020-04-01,-5182000000.0,23296000000.0,23448250000.0,7417000000,15879000000.0,0.988,22.711,-364000000.0,2259000000,2259000000,18513000000.0,1672000000.0,1.44,1.564,2309000000,0,2309000000,2309000000,1970000000.0,390000000.0,0.0,0.026,1.12,2625000000.0,3015000000.0,0.13,3015000000.0,2625000000.0,2496000000.0,4.06,3.95,4.06,9087000000,11790500000.0,9087000000,17263119380,7.0,5.726,1651000000.0,4.126,1.0,4661000000.0,0.201,11662000000.0,129000000.0,6535000000.0,6740250000.0,325000000,0.0,0,0,14209000000.0,5149000000,9060000000.0,17213119380,-396000000.0,-45000000.0,-1587000000.0,0.0,-460000000.0,-1994000000.0,-417000000.0,0.0,2015000000.0,0.0,1672000000.0,1672000000.0,1672000000.0,2000000.0,0.0,0.072,2065000000.0,2596000000.0,1201000000,0.276,1.894,10.295,10.596,2024000000,0.0,43.02,0.743,0.743,3898000000,7646000000.0,23174000000.0,23174000000.0,517000000.0,0.071,0.142,0.389,0.113,-53000000.0,1548000000.0,1.0,400119000,400119000,,57.918,11634000000.0,1571000000,824000000.0,0,29.076,2268000000
45,RTN,ART,2008-09-30,2008-10-23,2008-09-28,2020-04-01,-1900000000.0,23766000000.0,23444500000.0,8168000000,15598000000.0,0.968,30.688,-400000000.0,2761000000,2761000000,18057000000.0,1849000000.0,1.615,0.87,2273000000,0,2273000000,2273000000,1850000000.0,376000000.0,0.0,0.023,1.095,2649000000.0,3025000000.0,0.133,3025000000.0,2649000000.0,2511000000.0,4.43,4.3,4.43,12707000000,12654250000.0,12707000000,18906898280,7.0,6.25,2104000000.0,5.081,1.0,4630000000.0,0.204,11667000000.0,138000000.0,6552000000.0,6726250000.0,356000000,0.0,0,0,11059000000.0,5059000000,6000000000.0,19394898280,152000000.0,-230000000.0,-1206000000.0,-118000000.0,-453000000.0,-1719000000.0,-633000000.0,0.0,2504000000.0,0.0,1849000000.0,1849000000.0,1849000000.0,123000000.0,0.0,0.082,1927000000.0,2703000000.0,1196000000,0.247,1.526,10.489,10.573,1990000000,0.0,46.84,0.855,0.855,4486000000,7336000000.0,22687000000.0,22687000000.0,504000000.0,0.079,0.146,0.394,0.117,-105000000.0,1423000000.0,1.0,414067000,414067000,,54.791,12099000000.0,452000000,662000000.0,515000000,29.22,3109000000
46,RTN,ART,2008-06-30,2008-07-24,2008-06-29,2020-04-01,-1856000000.0,23597000000.0,23375750000.0,7981000000,15616000000.0,0.949,30.549,-391000000.0,2554000000,2554000000,17659000000.0,1721000000.0,1.659,0.853,2269000000,0,2269000000,2269000000,1933000000.0,375000000.0,0.0,0.019,1.07,2476000000.0,2851000000.0,0.129,2851000000.0,2476000000.0,2326000000.0,4.08,3.97,4.08,12736000000,12470750000.0,12736000000,23461737920,9.0,8.229,2091000000.0,5.016,1.0,4519000000.0,0.204,11657000000.0,150000000.0,6845000000.0,6791000000.0,379000000,0.0,0,0,10861000000.0,4810000000,6051000000.0,23746737920,-491000000.0,-210000000.0,-1301000000.0,-686000000.0,-447000000.0,-2366000000.0,-607000000.0,0.0,2482000000.0,0.0,1721000000.0,1721000000.0,1721000000.0,128000000.0,0.0,0.078,2019000000.0,2500000000.0,1128000000,0.262,1.865,13.798,13.961,2021000000,0.0,56.96,1.071,1.071,4479000000,7025000000.0,22178000000.0,22178000000.0,516000000.0,0.074,0.138,0.365,0.112,-101000000.0,1503000000.0,1.0,416902000,416902000,,53.197,11940000000.0,440000000,605000000.0,543000000,28.64,3171000000
47,RTN,ART,2008-03-31,2008-04-24,2008-03-30,2020-04-01,0.0,23134000000.0,23549000000.0,7497000000,15637000000.0,0.923,29.863,-397000000.0,2287000000,2287000000,17315000000.0,2630000000.0,1.676,0.831,2288000000,0,2288000000,2288000000,1842000000.0,375000000.0,0.0,0.016,1.045,3363000000.0,3738000000.0,0.172,3738000000.0,3363000000.0,3193000000.0,6.11,5.94,6.11,12632000000,12331750000.0,12632000000,27957334360,8.0,7.479,1274000000.0,3.012,1.0,4412000000.0,0.203,11632000000.0,170000000.0,7029000000.0,6833750000.0,385000000,0.0,0,0,10502000000.0,4474000000,6028000000.0,27956334360,627000000.0,2932000000.0,-1460000000.0,-1727000000.0,-442000000.0,-3571000000.0,2527000000.0,0.0,1671000000.0,0.0,2630000000.0,2630000000.0,2630000000.0,-851000000.0,0.0,0.121,1986000000.0,2426000000.0,1044000000,0.171,2.213,10.63,10.817,2035000000,0.0,66.09,1.287,1.287,4196000000,,21727000000.0,21727000000.0,512000000.0,0.112,0.213,0.492,0.155,-73000000.0,1474000000.0,1.0,423004000,423004000,,51.364,11502000000.0,436000000,563000000.0,483000000,27.191,3023000000
48,RTN,ART,2007-12-31,2008-02-27,2007-12-31,2020-04-01,-1956000000.0,23281000000.0,24036250000.0,7616000000,15665000000.0,0.886,29.415,-390000000.0,2655000000,2655000000,17037000000.0,2578000000.0,1.591,0.856,2268000000,0,2268000000,2268000000,1845000000.0,372000000.0,0.0,0.015,1.02,3306000000.0,3678000000.0,0.173,3678000000.0,3306000000.0,3110000000.0,5.95,5.79,5.95,12542000000,11976500000.0,12542000000,27933558120,8.0,7.595,808000000.0,1.895,1.0,4264000000.0,0.2,11627000000.0,196000000.0,6479000000.0,7430500000.0,386000000,0.0,0,0,10739000000.0,4788000000,5951000000.0,28320558120,195000000.0,2932000000.0,-1401000000.0,-1724000000.0,-440000000.0,-3510000000.0,2507000000.0,0.0,1198000000.0,0.0,2578000000.0,2578000000.0,2578000000.0,-885000000.0,0.0,0.121,1936000000.0,2328000000.0,1141000000,0.171,2.258,10.985,11.163,2058000000,0.0,66.42,1.33,1.33,3947000000,6452000000.0,21301000000.0,21301000000.0,502000000.0,0.107,0.215,0.445,0.155,-55000000.0,1434000000.0,1.0,426386000,426386000,,49.957,11654000000.0,432000000,532000000.0,451000000,27.332,2828000000
49,RTN,ART,2007-09-30,2007-10-25,2007-09-23,2020-04-01,0.0,23491000000.0,24588750000.0,7807000000,15684000000.0,0.79,27.889,-355000000.0,2609000000,2609000000,15619000000.0,2345000000.0,1.569,0.962,2368000000,119000000,2249000000,2368000000,1786000000.0,316000000.0,0.0,0.015,1.005,3179000000.0,3495000000.0,0.18,3495000000.0,3179000000.0,2952000000.0,5.35,5.22,5.35,11973000000,11616250000.0,11973000000,27663955000,9.0,7.915,1461000000.0,3.403,1.0,3818000000.0,0.196,11464000000.0,227000000.0,6811000000.0,7996250000.0,543000000,0.0,0,0,11518000000.0,4975000000,6543000000.0,27904955000,1447000000.0,3120000000.0,-1048000000.0,-1623000000.0,-438000000.0,-3055000000.0,2686000000.0,0.0,1816000000.0,0.0,2345000000.0,2345000000.0,2345000000.0,-1187000000.0,0.0,0.121,1906000000.0,1912000000.0,982000000,0.188,2.331,11.9,12.15,2062000000,0.0,65.0,1.436,1.436,4049000000,,19437000000.0,19437000000.0,441000000.0,0.095,0.202,0.398,0.164,0.0,1465000000.0,1.0,429307000,429307000,,45.275,12027000000.0,289000000,607000000.0,0,28.015,2832000000
50,RTN,ART,2007-06-30,2007-07-26,2007-06-24,2020-04-01,0.0,24290000000.0,24912750000.0,8150000000,16140000000.0,0.794,27.851,-366000000.0,3045000000,3045000000,15999000000.0,2367000000.0,1.454,0.994,2919000000,686000000,2233000000,2919000000,1895000000.0,331000000.0,0.0,0.018,0.99,3229000000.0,3560000000.0,0.18,3560000000.0,3229000000.0,2979000000.0,5.39,5.25,5.39,12180000000,11468000000.0,12180000000,23883691500,7.0,6.709,1471000000.0,3.364,1.0,3776000000.0,0.191,11541000000.0,250000000.0,7016000000.0,8807000000.0,537000000,0.0,0,0,12110000000.0,5607000000,6503000000.0,24009691500,2120000000.0,3080000000.0,-837000000.0,-1129000000.0,-435000000.0,-2354000000.0,2637000000.0,0.0,1837000000.0,0.0,2367000000.0,2367000000.0,2367000000.0,-1190000000.0,0.0,0.12,1804000000.0,1972000000.0,893000000,0.184,1.971,10.144,10.186,2086000000,0.0,54.9,1.214,1.214,4097000000,,19775000000.0,19775000000.0,426000000.0,0.095,0.206,0.367,0.163,0.0,1378000000.0,1.0,437335000,437335000,,45.217,12749000000.0,467000000,612000000.0,0,29.152,2543000000
51,RTN,ART,2007-03-31,2007-04-25,2007-03-25,2020-04-01,0.0,25083000000.0,24953500000.0,9099000000,15984000000.0,0.804,25.258,-374000000.0,1660000000,1660000000,16328000000.0,1342000000.0,1.414,1.237,3969000000,686000000,3283000000,3969000000,1947000000.0,351000000.0,0.0,0.018,0.975,2201000000.0,2552000000.0,0.127,2552000000.0,2201000000.0,1936000000.0,3.03,2.97,3.03,11211000000,11277750000.0,11211000000,26721080000,12.0,10.471,1973000000.0,4.445,1.0,3739000000.0,0.186,11539000000.0,265000000.0,9416000000.0,9777750000.0,499000000,0.0,0,0,13872000000.0,6437000000,7435000000.0,24412080000,716000000.0,-9000000.0,-350000000.0,-428000000.0,-429000000.0,-1172000000.0,-459000000.0,0.0,2347000000.0,0.0,1342000000.0,1342000000.0,1342000000.0,-210000000.0,0.0,0.067,1843000000.0,1896000000.0,833000000,0.322,2.178,18.191,18.152,2105000000,0.0,55.0,1.217,1.217,4069000000,,20067000000.0,20067000000.0,442000000.0,0.054,0.119,0.225,0.11,0.0,1401000000.0,1.0,443856000,443856000,,45.211,13544000000.0,470000000,594000000.0,0,30.514,2662000000
52,RTN,ART,2006-12-31,2007-02-22,2006-12-31,2020-04-01,-2514000000.0,25491000000.0,24822000000.0,9517000000,15974000000.0,0.817,24.879,-369000000.0,2460000000,2460000000,16565000000.0,1283000000.0,1.417,1.296,3965000000,687000000,3278000000,3965000000,1962000000.0,373000000.0,0.0,0.017,0.96,2137000000.0,2510000000.0,0.124,2510000000.0,2137000000.0,1864000000.0,2.9,2.85,2.9,11101000000,11194500000.0,11101000000,26103620090,12.0,10.4,2374000000.0,5.321,1.0,3726000000.0,0.184,11539000000.0,273000000.0,8742000000.0,10102250000.0,487000000,0.0,0,0,14390000000.0,6715000000,7675000000.0,24598620090,1258000000.0,-34000000.0,-183000000.0,-462000000.0,-420000000.0,-1034000000.0,-451000000.0,0.0,2743000000.0,0.0,1283000000.0,1283000000.0,1283000000.0,-176000000.0,0.0,0.063,1886000000.0,1840000000.0,920000000,0.331,2.216,19.173,19.01,2131000000,0.0,55.13,1.212,1.212,3778000000,4329000000.0,20291000000.0,20291000000.0,464000000.0,0.052,0.115,0.212,0.105,0.0,1422000000.0,1.0,446193000,446193000,,45.476,13952000000.0,446000000,581000000.0,0,31.269,2802000000
53,RTN,ART,2006-09-30,2006-10-26,2006-09-24,2020-04-01,0.0,24787000000.0,24544500000.0,8081000000,16706000000.0,0.928,25.594,-391000000.0,1162000000,1162000000,18706000000.0,1194000000.0,1.361,1.178,3983000000,582000000,3401000000,3983000000,1965000000.0,458000000.0,0.0,0.019,0.94,2101000000.0,2559000000.0,0.112,2559000000.0,2101000000.0,1825000000.0,2.7,2.65,2.7,11380000000,11096500000.0,11380000000,24701242300,12.0,9.653,2028000000.0,4.561,1.0,4060000000.0,0.178,11617000000.0,276000000.0,10054000000.0,10462000000.0,2139000000,0.0,0,0,13407000000.0,5937000000,7470000000.0,21880242300,342000000.0,8000000.0,-272000000.0,-1030000000.0,-411000000.0,-1689000000.0,-388000000.0,0.0,2419000000.0,0.0,1194000000.0,1194000000.0,1194000000.0,11000000.0,0.0,0.052,2088000000.0,1972000000.0,1084000000,0.348,1.923,18.325,18.226,2588000000,0.0,49.21,0.961,0.961,4166000000,,22766000000.0,22766000000.0,543000000.0,0.049,0.108,0.201,0.092,0.0,1545000000.0,1.0,444630000,444630000,,51.202,13170000000.0,341000000,631000000.0,209000000,29.62,2144000000
54,RTN,ART,2006-06-30,2006-07-27,2006-06-25,2020-04-01,0.0,24453000000.0,24428750000.0,7700000000,16753000000.0,0.917,25.448,-396000000.0,925000000,925000000,18495000000.0,1101000000.0,1.517,1.141,4036000000,91000000,3945000000,4036000000,1984000000.0,454000000.0,0.0,0.02,0.92,1975000000.0,2429000000.0,0.108,2429000000.0,1975000000.0,1684000000.0,2.48,2.44,2.48,11419000000,10877750000.0,11419000000,23370617700,12.0,9.621,2065000000.0,4.602,1.0,3909000000.0,0.174,11590000000.0,291000000.0,10899000000.0,10646250000.0,1969000000,0.0,0,0,13034000000.0,5075000000,7959000000.0,20259617700,471000000.0,9000000.0,-241000000.0,-987000000.0,-402000000.0,-1613000000.0,-377000000.0,0.0,2461000000.0,0.0,1101000000.0,1101000000.0,1101000000.0,12000000.0,0.0,0.049,2060000000.0,1849000000.0,1001000000,0.371,1.774,18.401,18.206,2621000000,0.0,45.15,0.904,0.904,4157000000,,22404000000.0,22404000000.0,540000000.0,0.045,0.101,0.186,0.088,0.0,1520000000.0,1.0,448718000,448718000,,49.929,12863000000.0,372000000,583000000.0,209000000,28.666,2625000000
55,RTN,ART,2006-03-31,2006-04-27,2006-03-26,2020-04-01,0.0,24557000000.0,24310000000.0,7628000000,16929000000.0,0.909,24.381,-387000000.0,944000000,944000000,18330000000.0,992000000.0,1.331,1.257,4418000000,456000000,3962000000,4418000000,1970000000.0,447000000.0,0.0,0.02,0.9,1842000000.0,2289000000.0,0.104,2289000000.0,1842000000.0,1538000000.0,2.23,2.19,2.23,10878000000,10656750000.0,10878000000,24007019520,13.0,10.488,2385000000.0,5.345,1.0,3772000000.0,0.171,11586000000.0,304000000.0,10714000000.0,10722750000.0,1951000000,0.0,0,0,13679000000.0,5731000000,7948000000.0,20533019520,487000000.0,-19000000.0,-374000000.0,-1131000000.0,-395000000.0,-1889000000.0,-396000000.0,0.0,2772000000.0,0.0,992000000.0,992000000.0,992000000.0,43000000.0,0.0,0.045,2008000000.0,1764000000.0,1058000000,0.404,1.888,20.699,20.637,2636000000,0.0,46.02,0.929,0.929,4065000000,,22102000000.0,22102000000.0,522000000.0,0.041,0.093,0.172,0.083,0.0,1486000000.0,1.0,446176000,446176000,,49.537,12971000000.0,408000000,546000000.0,206000000,29.071,1897000000
56,RTN,ART,2005-12-31,2006-03-02,2005-12-31,2020-04-01,-1950000000.0,24381000000.0,24256000000.0,7567000000,16814000000.0,0.903,24.005,-399000000.0,1202000000,1202000000,18230000000.0,871000000.0,1.283,1.277,4456000000,487000000,3969000000,4456000000,2012000000.0,444000000.0,0.0,0.02,0.88,1681000000.0,2125000000.0,0.097,2125000000.0,1681000000.0,1369000000.0,1.95,1.92,1.95,10709000000,10576250000.0,10709000000,22874137700,14.0,10.764,2116000000.0,4.743,1.0,3664000000.0,0.167,11554000000.0,312000000.0,10181000000.0,11054000000.0,1722000000,0.0,0,0,13672000000.0,5900000000,7772000000.0,19620137700,646000000.0,-47000000.0,-368000000.0,-678000000.0,-387000000.0,-1433000000.0,-436000000.0,0.0,2515000000.0,0.0,871000000.0,871000000.0,871000000.0,71000000.0,0.0,0.04,1977000000.0,1687000000.0,962000000,0.451,1.832,22.526,22.554,2675000000,0.0,43.98,0.896,0.896,3894000000,3475000000.0,21894000000.0,21894000000.0,503000000.0,0.036,0.082,0.152,0.077,0.0,1474000000.0,1.0,446115000,446115000,,49.077,12827000000.0,435000000,498000000.0,125000000,28.753,1667000000
57,RTN,ART,2005-09-30,2005-10-27,2005-09-25,2020-04-01,0.0,24324000000.0,24199000000.0,7713000000,16611000000.0,0.884,23.516,-414000000.0,820000000,820000000,17780000000.0,840000000.0,1.241,1.315,5050000000,880000000,4170000000,5050000000,2056000000.0,440000000.0,0.0,0.024,0.86,1561000000.0,2001000000.0,0.094,2001000000.0,1561000000.0,1232000000.0,1.88,1.85,1.88,10505000000,10536750000.0,10505000000,20513053350,13.0,10.251,1952000000.0,4.37,1.0,3608000000.0,0.169,11549000000.0,329000000.0,10791000000.0,11406250000.0,2014000000,0.0,0,0,13819000000.0,6214000000,7605000000.0,16283053350,-229000000.0,-91000000.0,-306000000.0,-1346000000.0,-380000000.0,-2032000000.0,-563000000.0,-71000000.0,2366000000.0,0.0,840000000.0,840000000.0,840000000.0,66000000.0,0.0,0.039,1950000000.0,1658000000.0,964000000,0.457,1.55,19.385,19.388,2591000000,0.0,36.45,0.761,0.761,4128000000,,21388000000.0,21388000000.0,486000000.0,0.035,0.08,0.137,0.073,0.0,1464000000.0,1.0,446723000,446723000,,47.878,12775000000.0,420000000,392000000.0,150000000,28.597,1499000000
58,RTN,ART,2005-06-30,2005-07-28,2005-06-26,2020-04-01,0.0,23978000000.0,24117500000.0,7291000000,16687000000.0,0.87,23.342,-416000000.0,454000000,454000000,17452000000.0,764000000.0,1.235,1.276,5095000000,876000000,4219000000,5095000000,1919000000.0,443000000.0,0.0,0.021,0.84,1461000000.0,1904000000.0,0.091,1904000000.0,1461000000.0,1111000000.0,1.71,1.69,1.71,10535000000,10435750000.0,10535000000,22554644910,15.0,11.846,1458000000.0,3.23,1.0,3541000000.0,0.169,11511000000.0,350000000.0,11205000000.0,11944500000.0,1960000000,0.0,0,0,13443000000.0,5903000000,7540000000.0,17913644910,-550000000.0,-52000000.0,-103000000.0,-1458000000.0,-371000000.0,-1932000000.0,-492000000.0,-23000000.0,1874000000.0,0.0,764000000.0,764000000.0,764000000.0,97000000.0,0.0,0.036,1940000000.0,1601000000.0,952000000,0.491,1.7,23.447,23.211,2623000000,0.0,39.69,0.853,0.853,4099000000,,20993000000.0,20993000000.0,485000000.0,0.032,0.073,0.122,0.07,0.0,1455000000.0,1.0,451339000,451339000,,46.513,12467000000.0,436000000,347000000.0,65000000,27.622,1388000000
59,RTN,ART,2005-03-31,2005-04-29,2005-03-27,2020-04-01,0.0,24341000000.0,24198750000.0,7442000000,16899000000.0,0.848,23.342,-441000000.0,457000000,457000000,17067000000.0,455000000.0,1.264,1.306,5555000000,941000000,4614000000,5555000000,1961000000.0,441000000.0,0.0,0.049,1.851,1027000000.0,1468000000.0,0.072,1468000000.0,1027000000.0,650000000.0,1.01,1.0,1.01,10556000000,10300750000.0,10556000000,22106107030,22.0,15.059,1554000000.0,3.436,1.0,3446000000.0,0.168,11514000000.0,377000000.0,12039000000.0,12562750000.0,1858000000,0.0,0,0,13785000000.0,5886000000,7899000000.0,17008107030,117000000.0,-52000000.0,896000000.0,-1829000000.0,-356000000.0,-1289000000.0,-589000000.0,-95000000.0,1995000000.0,0.0,455000000.0,455000000.0,455000000.0,79000000.0,0.0,0.022,1932000000.0,1514000000.0,820000000,1.833,1.611,37.38,37.238,2684000000,0.0,37.61,0.829,0.829,4339000000,,20513000000.0,20513000000.0,476000000.0,0.019,0.044,0.082,0.05,0.0,1456000000.0,1.0,452223000,452223000,,45.36,12827000000.0,460000000,195000000.0,0,28.364,1556000000
60,RTN,ART,2004-12-31,2005-03-15,2004-12-31,2020-04-01,-1919000000.0,24153000000.0,24054000000.0,7124000000,17029000000.0,0.842,23.286,-466000000.0,556000000,556000000,16933000000.0,417000000.0,1.262,1.289,5153000000,516000000,4637000000,5153000000,1900000000.0,434000000.0,0.0,0.047,1.831,975000000.0,1409000000.0,0.07,1409000000.0,975000000.0,557000000.0,0.95,0.94,0.95,10551000000,9985000000.0,10551000000,22145408080,23.0,15.717,1605000000.0,3.542,1.0,3312000000.0,0.164,11516000000.0,418000000.0,11590000000.0,13432750000.0,1745000000,0.0,0,0,13602000000.0,5644000000,7958000000.0,17548408080,-105000000.0,-65000000.0,959000000.0,-2254000000.0,-349000000.0,-1644000000.0,-532000000.0,0.0,2071000000.0,0.0,417000000.0,417000000.0,417000000.0,63000000.0,0.0,0.021,1924000000.0,1388000000.0,867000000,1.927,1.663,42.083,40.768,2738000000,0.0,38.73,0.867,0.867,3992000000,2998000000.0,20245000000.0,20245000000.0,491000000.0,0.017,0.042,0.073,0.048,0.0,1433000000.0,1.0,453096000,453096000,,44.681,12637000000.0,540000000,140000000.0,0,27.89,1480000000
61,RTN,ART,2004-09-30,2004-10-28,2004-09-26,2020-04-01,0.0,23998000000.0,23932750000.0,7227000000,16771000000.0,0.821,22.344,-481000000.0,1049000000,1049000000,16380000000.0,377000000.0,1.458,1.376,6428000000,835000000,5593000000,6428000000,0.0,435000000.0,0.0,0.049,1.831,1009000000.0,1444000000.0,0.074,1444000000.0,1009000000.0,561000000.0,0.89,0.88,0.89,10101000000,9637750000.0,10101000000,22308572100,22.0,15.449,1582000000.0,3.5,1.0,3262000000.0,0.166,11477000000.0,448000000.0,12944000000.0,14302750000.0,1965000000,74000000.0,74000000,0,13897000000.0,4956000000,8941000000.0,16929572100,846000000.0,-9000000.0,943000000.0,-1707000000.0,-342000000.0,-1106000000.0,-111000000.0,380000000.0,2063000000.0,0.0,377000000.0,377000000.0,377000000.0,74000000.0,0.0,0.019,1862000000.0,1400000000.0,824000000,2.057,1.676,44.906,42.079,2671000000,0.0,37.45,0.862,0.862,3323000000,,19642000000.0,19642000000.0,486000000.0,0.016,0.039,0.071,0.051,0.0,1376000000.0,1.0,452058000,452058000,,43.45,12521000000.0,690000000,184000000.0,0,27.698,2271000000
62,RTN,ART,2004-06-30,2004-07-29,2004-06-27,2020-04-01,0.0,24303000000.0,23882250000.0,7395000000,16908000000.0,0.799,22.157,-509000000.0,1004000000,1004000000,16039000000.0,190000000.0,1.579,1.432,6542000000,168000000,6374000000,6542000000,0.0,421000000.0,0.0,0.055,1.831,790000000.0,1211000000.0,0.063,1211000000.0,790000000.0,305000000.0,0.47,0.46,0.47,9995000000,9374000000.0,9995000000,20672069500,26.0,17.07,1851000000.0,4.103,1.0,3045000000.0,0.16,11480000000.0,485000000.0,13678000000.0,14827750000.0,2068000000,74000000.0,74000000,0,14308000000.0,4683000000,9625000000.0,15134069500,640000000.0,-15000000.0,948000000.0,-2014000000.0,-334000000.0,-1400000000.0,-320000000.0,205000000.0,2360000000.0,0.0,190000000.0,190000000.0,190000000.0,96000000.0,0.0,0.01,1834000000.0,1211000000.0,814000000,3.896,1.514,79.653,71.383,2670000000,0.0,33.55,0.793,0.793,3482000000,,19084000000.0,19084000000.0,492000000.0,0.008,0.02,0.053,0.041,0.0,1342000000.0,1.0,451090000,451090000,,42.306,12823000000.0,786000000,115000000.0,0,28.427,2712000000
63,RTN,ART,2004-03-31,2004-04-29,2004-03-28,2020-04-01,0.0,23762000000.0,23879750000.0,6912000000,16850000000.0,0.778,22.092,-507000000.0,340000000,340000000,15504000000.0,398000000.0,1.802,1.557,7410000000,13000000,7397000000,7410000000,0.0,405000000.0,0.0,0.025,0.8,1133000000.0,1538000000.0,0.083,1538000000.0,1133000000.0,622000000.0,0.96,0.95,0.96,9293000000,9154250000.0,9293000000,20530857088,18.0,13.349,1601000000.0,3.806,1.0,3080000000.0,0.166,11478000000.0,511000000.0,15519000000.0,15283500000.0,2003000000,0.0,0,0,14469000000.0,3835000000,10634000000.0,13460857088,-47000000.0,25000000.0,90000000.0,-1761000000.0,-331000000.0,-2002000000.0,-153000000.0,331000000.0,2108000000.0,0.0,398000000.0,398000000.0,398000000.0,168000000.0,0.0,0.021,1826000000.0,1254000000.0,757000000,0.833,1.448,33.821,33.333,2681000000,0.0,32.0,0.724,0.724,3887000000,,18584000000.0,18584000000.0,496000000.0,0.017,0.043,0.074,0.061,0.0,1330000000.0,1.0,420651784,420651784,,44.179,12284000000.0,768000000,224000000.0,0,29.202,3077000000
64,RTN,ART,2003-12-31,2004-03-15,2003-12-31,2020-04-01,-2194000000.0,23668000000.0,24017250000.0,6585000000,17083000000.0,0.754,21.912,-501000000.0,661000000,661000000,15000000000.0,365000000.0,1.711,1.583,7391000000,15000000,7376000000,7391000000,0.0,393000000.0,0.0,0.026,0.8,1129000000.0,1522000000.0,0.084,1522000000.0,1129000000.0,592000000.0,0.88,0.88,0.88,9162000000,9070750000.0,9162000000,19382795360,17.0,12.735,1068000000.0,2.554,1.0,3109000000.0,0.172,11479000000.0,537000000.0,15070000000.0,15379500000.0,1998000000,0.0,0,0,14506000000.0,3849000000,10657000000.0,12652795360,117000000.0,51000000.0,87000000.0,-965000000.0,-331000000.0,-1209000000.0,-243000000.0,340000000.0,1569000000.0,0.0,365000000.0,365000000.0,365000000.0,170000000.0,0.0,0.02,1793000000.0,1316000000.0,833000000,0.909,1.381,34.665,34.386,2711000000,0.0,30.26,0.699,0.699,3247000000,2937000000.0,18109000000.0,18109000000.0,487000000.0,0.015,0.04,0.073,0.062,0.0,1306000000.0,1.0,418136000,418136000,,43.309,12189000000.0,803000000,227000000.0,0,29.151,2736000000
65,RTN,ART,2003-09-30,2003-11-12,2003-09-28,2020-04-01,0.0,23796000000.0,24086750000.0,6766000000,17030000000.0,0.734,21.733,-518000000.0,203000000,203000000,14577000000.0,92000000.0,1.56,1.631,7261000000,559000000,6702000000,7261000000,0.0,376000000.0,0.0,0.029,0.8,810000000.0,1186000000.0,0.067,1186000000.0,810000000.0,286000000.0,0.23,0.22,0.23,9046000000,8997750000.0,9046000000,18375196387,23.0,15.493,823000000.0,1.977,1.0,3093000000.0,0.175,11474000000.0,524000000.0,15044000000.0,15251500000.0,2085000000,0.0,0,0,14750000000.0,4336000000,10414000000.0,11317196387,-416000000.0,-16000000.0,103000000.0,311000000.0,-328000000.0,86000000.0,-1843000000.0,-147000000.0,1341000000.0,0.0,92000000.0,92000000.0,92000000.0,381000000.0,0.0,0.005,1737000000.0,1356000000.0,786000000,3.478,1.251,123.013,118.217,2620000000,0.0,27.19,0.64,0.64,3798000000,,17670000000.0,17670000000.0,478000000.0,0.004,0.01,0.053,0.046,0.0,1259000000.0,1.0,416226421,416226421,,42.453,12322000000.0,843000000,194000000.0,0,29.604,2430000000
66,RTN,ART,2003-06-30,2003-08-04,2003-06-29,2020-04-01,0.0,24293000000.0,24266250000.0,7330000000,16963000000.0,0.716,22.02,-528000000.0,364000000,364000000,14041000000.0,274000000.0,1.563,1.665,7714000000,968000000,6746000000,7714000000,0.0,370000000.0,0.0,0.026,0.8,1066000000.0,1436000000.0,0.083,1436000000.0,1066000000.0,561000000.0,0.67,0.66,0.67,9116000000,9446750000.0,9116000000,20171208360,19.0,14.047,431000000.0,1.041,1.0,3343000000.0,0.192,11452000000.0,505000000.0,15501000000.0,15220750000.0,2114000000,0.0,0,0,15177000000.0,4690000000,10487000000.0,12821208360,-1278000000.0,33000000.0,136000000.0,-246000000.0,-327000000.0,-437000000.0,-1800000000.0,-135000000.0,959000000.0,0.0,274000000.0,274000000.0,274000000.0,406000000.0,0.0,0.016,1700000000.0,1643000000.0,824000000,1.194,1.406,46.793,46.224,2461000000,0.0,30.97,0.738,0.738,4061000000,,17384000000.0,17384000000.0,461000000.0,0.011,0.029,0.07,0.061,0.0,1239000000.0,1.0,413988000,413988000,,41.992,12841000000.0,823000000,287000000.0,0,31.018,2640000000
67,RTN,ART,2003-03-31,2003-05-01,2003-03-30,2020-04-01,0.0,24312000000.0,24617250000.0,7324000000,16988000000.0,0.693,21.821,-562000000.0,387000000,387000000,13678000000.0,38000000.0,1.491,1.714,8223000000,1528000000,6695000000,8223000000,0.0,365000000.0,0.0,0.027,0.8,842000000.0,1207000000.0,0.071,1207000000.0,842000000.0,341000000.0,0.09,0.09,0.09,8959000000,9834250000.0,8959000000,19951625600,24.0,16.53,48000000.0,0.117,1.0,3372000000.0,0.198,11332000000.0,501000000.0,15903000000.0,15014500000.0,2045000000,0.0,0,0,15353000000.0,4913000000,10440000000.0,12115625600,-1097000000.0,-7000000.0,213000000.0,339000000.0,-325000000.0,227000000.0,-1934000000.0,-195000000.0,610000000.0,0.0,38000000.0,38000000.0,38000000.0,679000000.0,0.0,0.002,1658000000.0,1714000000.0,693000000,8.889,1.352,318.832,327.889,2387000000,0.0,29.51,0.711,0.711,4166000000,,17050000000.0,17050000000.0,451000000.0,0.002,0.004,0.056,0.049,0.0,1207000000.0,1.0,410560000,410560000,,41.529,12980000000.0,855000000,303000000.0,0,31.615,2411000000
68,RTN,ART,2002-12-31,2003-03-24,2002-12-31,2020-04-01,-2180000000.0,23946000000.0,24953000000.0,7190000000,16756000000.0,0.672,21.704,-585000000.0,544000000,544000000,13358000000.0,-640000000.0,1.408,1.7,7433000000,1153000000,6280000000,7433000000,0.0,364000000.0,0.0,0.029,0.8,176000000.0,540000000.0,0.032,540000000.0,176000000.0,-321000000.0,-1.59,-1.57,-1.59,8870000000,10307500000.0,8870000000,18205155370,103.0,33.713,454000000.0,1.111,1.0,3402000000.0,0.203,11170000000.0,497000000.0,14558000000.0,14740750000.0,2032000000,0.0,0,0,15076000000.0,5107000000,9969000000.0,11316155370,-670000000.0,1156000000.0,222000000.0,-891000000.0,-321000000.0,-990000000.0,-719000000.0,-359000000.0,1039000000.0,0.0,-640000000.0,-640000000.0,-640000000.0,887000000.0,0.0,-0.038,1648000000.0,1754000000.0,776000000,-0.503,1.276,-17.681,-17.415,2396000000,0.0,27.69,0.675,0.675,3691000000,2904000000.0,16760000000.0,16760000000.0,449000000.0,-0.026,-0.062,0.012,0.011,0.0,1199000000.0,1.0,408673000,408673000,,41.011,12776000000.0,882000000,319000000.0,0,31.262,2083000000
69,RTN,ART,2002-09-30,2002-11-06,2002-09-29,2020-04-01,0.0,24514000000.0,25625500000.0,7496000000,17018000000.0,0.653,26.712,-594000000.0,619000000,619000000,13394000000.0,-589000000.0,1.606,1.261,6864000000,776000000,6088000000,6864000000,0.0,454000000.0,0.0,0.026,0.8,413000000.0,867000000.0,0.052,867000000.0,413000000.0,-112000000.0,-1.51,-1.44,-1.51,10842000000,10912500000.0,10842000000,18571818560,45.0,21.421,260000000.0,0.641,1.0,3335000000.0,0.199,11170000000.0,525000000.0,14921000000.0,15003750000.0,2128000000,0.0,0,0,13672000000.0,4668000000,9004000000.0,12326818560,40000000.0,1166000000.0,1213000000.0,-2545000000.0,-313000000.0,-1645000000.0,831000000.0,-340000000.0,854000000.0,0.0,-589000000.0,-589000000.0,-589000000.0,664000000.0,0.0,-0.035,1643000000.0,1692000000.0,803000000,-0.53,1.137,-20.928,-20.113,2324000000,0.0,30.37,0.737,0.737,3918000000,,16729000000.0,16729000000.0,448000000.0,-0.023,-0.054,0.028,0.025,0.0,1195000000.0,1.0,405888000,405888000,,41.216,13344000000.0,597000000,477000000.0,837000000,32.876,2828000000
70,RTN,ART,2002-06-30,2002-08-14,2002-06-30,2020-04-01,0.0,25697000000.0,26186500000.0,8622000000,17075000000.0,0.634,26.474,-594000000.0,1642000000,1642000000,14037000000.0,-1021000000.0,1.429,1.409,7821000000,1783000000,6038000000,7821000000,0.0,536000000.0,0.0,0.023,0.8,-338000000.0,198000000.0,0.012,198000000.0,-338000000.0,-910000000.0,-2.66,-2.59,-2.66,10666000000,10843750000.0,10666000000,20030220680,-59.0,101.163,-176000000.0,-0.437,1.0,2561000000.0,0.154,11168000000.0,572000000.0,14676000000.0,15552750000.0,2083000000,0.0,0,0,15031000000.0,6032000000,8999000000.0,13851220680,1113000000.0,1123000000.0,1155000000.0,-1055000000.0,-304000000.0,-204000000.0,899000000.0,-236000000.0,418000000.0,0.0,-1021000000.0,-1021000000.0,-1021000000.0,583000000.0,0.0,-0.062,1668000000.0,893000000.0,767000000,-0.301,1.299,-13.566,-12.925,2319000000,0.0,34.38,0.835,0.835,4024000000,,16598000000.0,16598000000.0,446000000.0,-0.039,-0.094,-0.022,-0.02,0.0,1222000000.0,1.0,402886000,402886000,,41.198,14529000000.0,649000000,111000000.0,835000000,36.062,2590000000
71,RTN,ART,2002-03-31,2002-04-24,2002-03-31,2020-04-01,0.0,25655000000.0,26452250000.0,8406000000,17249000000.0,0.635,27.252,-599000000.0,1484000000,1484000000,14329000000.0,-1073000000.0,1.452,1.364,7787000000,1792000000,5995000000,7787000000,0.0,640000000.0,0.0,0.02,0.8,-354000000.0,286000000.0,0.017,286000000.0,-354000000.0,-966000000.0,-2.86,-2.79,-2.86,10852000000,10886000000.0,10852000000,22406491080,-63.0,78.344,-342000000.0,-0.859,1.0,2481000000.0,0.148,11359000000.0,612000000.0,14808000000.0,16251250000.0,2012000000,0.0,0,0,14803000000.0,5791000000,9012000000.0,16103491080,1001000000.0,1278000000.0,1438000000.0,-2261000000.0,-292000000.0,-278000000.0,1018000000.0,-263000000.0,257000000.0,0.0,-1073000000.0,-1073000000.0,-1073000000.0,224000000.0,0.0,-0.064,1685000000.0,796000000.0,782000000,-0.28,1.484,-15.008,-14.14,2293000000,0.0,40.44,0.958,0.958,3984000000,,16810000000.0,16810000000.0,453000000.0,-0.041,-0.099,-0.022,-0.021,0.0,1232000000.0,1.0,398207000,398207000,,42.214,14296000000.0,616000000,107000000.0,908000000,35.901,2615000000
72,RTN,ART,2001-12-31,2002-03-19,2001-12-31,2020-04-01,-212000000.0,26636000000.0,26670250000.0,8362000000,18274000000.0,0.632,28.457,-632000000.0,1214000000,1214000000,14401000000.0,-763000000.0,1.454,1.359,8239000000,1364000000,6875000000,8239000000,0.0,729000000.0,0.0,0.019,0.8,9000000.0,738000000.0,0.044,738000000.0,9000000.0,-651000000.0,-2.14,-2.11,-2.14,11290000000,10848000000.0,11290000000,23489876000,2610.0,31.829,-499000000.0,-1.258,1.0,2466000000.0,0.146,12298000000.0,660000000.0,15610000000.0,17038000000.0,2174000000,0.0,0,0,15346000000.0,5753000000,9593000000.0,16464876000,343000000.0,266000000.0,1413000000.0,-1712000000.0,-281000000.0,257000000.0,-47000000.0,-175000000.0,133000000.0,0.0,-763000000.0,-763000000.0,-763000000.0,0.0,0.0,-0.045,1707000000.0,759000000.0,937000000,-0.374,1.458,-21.579,-19.393,2353000000,0.0,41.5,0.976,0.976,3973000000,3776000000.0,16867000000.0,16867000000.0,475000000.0,-0.029,-0.07,0.001,0.001,0.0,1232000000.0,1.0,396744000,396744000,,42.514,14338000000.0,691000000,112000000.0,578000000,36.139,2609000000
73,RTN,ART,2001-09-30,2001-11-14,2001-09-30,2020-04-01,0.0,26758000000.0,26705500000.0,8857000000,17901000000.0,0.622,29.197,-551000000.0,579000000,579000000,14057000000.0,-429000000.0,1.471,1.532,9346000000,1723000000,7623000000,9346000000,0.0,712000000.0,0.0,0.026,0.8,303000000.0,1015000000.0,0.061,1015000000.0,303000000.0,-391000000.0,-1.19,-1.19,-1.19,10567000000,10731250000.0,10567000000,19751302350,65.0,19.459,-121000000.0,-0.334,1.0,2559000000.0,0.154,12385000000.0,694000000.0,17117000000.0,17558250000.0,2347000000,0.0,0,0,16191000000.0,6023000000,10168000000.0,10984302350,408000000.0,420000000.0,397000000.0,-718000000.0,-276000000.0,240000000.0,-262000000.0,-75000000.0,430000000.0,0.0,-429000000.0,-429000000.0,-429000000.0,0.0,0.0,-0.026,1722000000.0,837000000.0,903000000,-0.672,1.039,-25.604,-25.504,2279000000,0.0,30.35,0.661,0.661,4434000000,,16616000000.0,16616000000.0,495000000.0,-0.016,-0.04,0.017,0.018,0.0,1227000000.0,1.0,361921000,361921000,,45.911,14373000000.0,699000000,38000000.0,607000000,39.713,2834000000
74,RTN,ART,2001-06-30,2001-08-15,2001-07-01,2020-04-01,0.0,26760000000.0,26668500000.0,8114000000,18646000000.0,0.631,30.149,-495000000.0,529000000,529000000,13491000000.0,-39000000.0,1.783,1.47,8820000000,255000000,8565000000,8820000000,0.0,721000000.0,0.0,0.03,0.8,1089000000.0,1810000000.0,0.108,1810000000.0,1089000000.0,367000000.0,-0.09,-0.09,-0.09,10835000000,10768500000.0,10835000000,17796521650,16.0,9.832,488000000.0,1.358,1.0,3324000000.0,0.198,13029000000.0,722000000.0,17470000000.0,17815000000.0,2274000000,0.0,0,0,15925000000.0,4552000000,11373000000.0,9505521650,140000000.0,421000000.0,391000000.0,-1655000000.0,-272000000.0,-699000000.0,-144000000.0,-62000000.0,983000000.0,0.0,-39000000.0,-39000000.0,-39000000.0,0.0,0.0,-0.002,1710000000.0,1614000000.0,1060000000,-8.889,0.877,-243.731,-293.889,2514000000,0.0,26.45,0.565,0.565,4536000000,,16815000000.0,16815000000.0,507000000.0,-0.001,-0.004,0.061,0.065,0.0,1203000000.0,1.0,359377000,359377000,,46.789,13731000000.0,620000000,406000000.0,770000000,38.208,3562000000
75,RTN,ART,2001-03-31,2001-04-26,2001-04-01,2020-04-01,0.0,26527000000.0,26769500000.0,7788000000,18739000000.0,0.621,31.2,-386000000.0,483000000,483000000,13281000000.0,198000000.0,1.573,1.479,10043000000,1185000000,8858000000,10043000000,0.0,700000000.0,0.0,0.027,0.8,1321000000.0,2021000000.0,0.122,2021000000.0,1321000000.0,585000000.0,0.59,0.58,0.59,10700000000,10731500000.0,10700000000,19783339500,15.0,9.789,488000000.0,1.423,1.0,3351000000.0,0.201,13182000000.0,736000000.0,17955000000.0,17991500000.0,2218000000,0.0,0,0,15827000000.0,4950000000,10877000000.0,10223339500,302000000.0,281000000.0,7000000.0,-108000000.0,-272000000.0,-373000000.0,-195000000.0,-68000000.0,874000000.0,0.0,198000000.0,198000000.0,198000000.0,0.0,0.0,0.012,1726000000.0,1625000000.0,969000000,1.356,0.955,51.633,50.525,2498000000,0.0,29.81,0.615,0.615,4398000000,,16632000000.0,16632000000.0,529000000.0,0.007,0.018,0.073,0.079,0.0,1197000000.0,1.0,342950000,342950000,,48.497,13345000000.0,533000000,387000000.0,748000000,38.912,2838000000
76,RTN,ART,2000-12-31,2001-03-05,2000-12-31,2020-04-01,-106000000.0,26777000000.0,26888250000.0,8013000000,18764000000.0,0.628,31.738,-391000000.0,871000000,871000000,13530000000.0,141000000.0,1.647,1.474,9931000000,877000000,9054000000,9931000000,0.0,694000000.0,0.0,0.025,0.8,1256000000.0,1950000000.0,0.115,1950000000.0,1256000000.0,520000000.0,0.42,0.41,0.42,10823000000,10739500000.0,10823000000,19784827400,16.0,10.146,569000000.0,1.669,1.0,3365000000.0,0.199,13281000000.0,736000000.0,17691000000.0,18012000000.0,1908000000,0.0,0,0,15954000000.0,4865000000,11089000000.0,10724827400,641000000.0,330000000.0,4000000.0,162000000.0,-272000000.0,-106000000.0,-213000000.0,-92000000.0,960000000.0,0.0,141000000.0,141000000.0,141000000.0,70000000.0,0.0,0.008,1740000000.0,1625000000.0,1099000000,1.905,0.991,76.063,74.881,2491000000,0.0,31.45,0.635,0.635,4566000000,4831000000.0,16895000000.0,16895000000.0,526000000.0,0.005,0.013,0.07,0.074,0.0,1214000000.0,1.0,341012000,341012000,,49.544,13496000000.0,476000000,379000000.0,773000000,39.576,3148000000
77,RTN,ART,2000-09-30,2000-11-15,2000-10-01,2020-04-01,0.0,26610000000.0,27221500000.0,7891000000,18719000000.0,0.637,31.526,-385000000.0,171000000,171000000,14025000000.0,45000000.0,1.598,1.483,10021000000,972000000,9049000000,10021000000,0.0,726000000.0,0.0,0.024,0.8,1108000000.0,1834000000.0,0.106,1834000000.0,1108000000.0,370000000.0,0.13,0.13,0.13,10716000000,10773500000.0,10716000000,21321962500,19.0,11.626,639000000.0,1.88,1.0,3320000000.0,0.191,13378000000.0,738000000.0,18144000000.0,17521750000.0,1934000000,0.0,0,0,15894000000.0,4938000000,10956000000.0,11471962500,58000000.0,199000000.0,2000000.0,-384000000.0,-272000000.0,-654000000.0,-312000000.0,-79000000.0,1024000000.0,0.0,45000000.0,45000000.0,45000000.0,70000000.0,0.0,0.003,1876000000.0,1444000000.0,988000000,6.154,1.071,254.933,259.615,2452000000,0.0,33.75,0.661,0.661,5114000000,,17345000000.0,17345000000.0,542000000.0,0.002,0.004,0.063,0.064,0.0,1334000000.0,1.0,339910000,339910000,,51.028,13232000000.0,471000000,325000000.0,591000000,38.928,2953000000
78,RTN,ART,2000-06-30,2000-08-16,2000-07-02,2020-04-01,0.0,27164000000.0,27705000000.0,8357000000,18807000000.0,0.647,31.431,-416000000.0,389000000,389000000,14993000000.0,-229000000.0,1.491,1.542,10475000000,1430000000,9045000000,10475000000,0.0,720000000.0,0.0,0.028,0.8,644000000.0,1364000000.0,0.076,1364000000.0,644000000.0,-81000000.0,-0.68,-0.68,-0.68,10687000000,10847000000.0,10687000000,19732140440,31.0,14.466,-249000000.0,-0.732,1.0,2920000000.0,0.163,13469000000.0,725000000.0,18176000000.0,17185500000.0,1945000000,0.0,0,0,16477000000.0,5605000000,10872000000.0,9646140440,281000000.0,388000000.0,28000000.0,597000000.0,-271000000.0,354000000.0,-240000000.0,-86000000.0,167000000.0,0.0,-229000000.0,-229000000.0,-229000000.0,70000000.0,0.0,-0.013,1969000000.0,951000000.0,1002000000,-1.176,0.903,-42.123,-41.721,2465000000,0.0,28.37,0.538,0.538,5098000000,,17913000000.0,17913000000.0,535000000.0,-0.008,-0.021,0.037,0.036,0.0,1434000000.0,1.0,340012000,340012000,,52.683,13695000000.0,442000000,148000000.0,509000000,40.278,2752000000
79,RTN,ART,2000-03-31,2000-05-17,2000-04-02,2020-04-01,0.0,27002000000.0,28095500000.0,8187000000,18815000000.0,0.676,31.579,-429000000.0,181000000,181000000,15719000000.0,16000000.0,1.524,1.516,10151000000,1109000000,9042000000,10151000000,0.0,717000000.0,0.0,0.032,0.8,997000000.0,1714000000.0,0.09,1714000000.0,997000000.0,281000000.0,0.05,0.04,0.05,10732000000,10975000000.0,10732000000,18421920280,18.0,10.748,-183000000.0,-0.538,1.0,3272000000.0,0.172,13562000000.0,716000000.0,18037000000.0,16849000000.0,1935000000,0.0,0,0,16270000000.0,5373000000,10897000000.0,8451920280,123000000.0,427000000.0,65000000.0,321000000.0,-270000000.0,116000000.0,-239000000.0,-112000000.0,246000000.0,0.0,16000000.0,16000000.0,16000000.0,70000000.0,0.0,0.001,2039000000.0,1233000000.0,1114000000,16.0,0.788,528.245,497.4,2451000000,0.0,24.87,0.445,0.445,5282000000,,18991000000.0,18991000000.0,520000000.0,0.001,0.001,0.059,0.052,0.0,1519000000.0,1.0,339844000,339844000,,55.882,13440000000.0,430000000,265000000.0,507000000,39.548,2814000000
80,RTN,ART,1999-12-31,2000-03-28,1999-12-31,2020-04-01,-69000000.0,28110000000.0,28407750000.0,8931000000,19179000000.0,0.698,32.457,-430000000.0,230000000,230000000,16256000000.0,404000000.0,1.133,1.565,9770000000,2472000000,7298000000,9770000000,0.0,724000000.0,0.0,0.042,0.8,1488000000.0,2212000000.0,0.111,2212000000.0,1488000000.0,775000000.0,1.2,1.19,1.2,10959000000,11026250000.0,10959000000,15911411759,11.0,7.193,-747000000.0,-2.212,1.0,3585000000.0,0.181,14034000000.0,713000000.0,15730000000.0,16546500000.0,1950000000,0.0,0,0,17151000000.0,7886000000,9265000000.0,6371411759,-191000000.0,267000000.0,14000000.0,781000000.0,-269000000.0,526000000.0,-400000000.0,-116000000.0,-317000000.0,0.0,404000000.0,404000000.0,404000000.0,0.0,0.0,0.02,2058000000.0,1527000000.0,1561000000,0.667,0.581,15.771,15.725,2417000000,0.0,18.87,0.321,0.321,6066000000,4963000000.0,19841000000.0,19841000000.0,508000000.0,0.014,0.037,0.09,0.075,0.0,1550000000.0,1.0,337647682,337647682,,58.762,14076000000.0,490000000,371000000.0,553000000,41.688,1045000000
81,RTN,ART,1999-09-30,2000-01-21,1999-10-03,2020-04-01,0.0,28684000000.0,28365000000.0,9395000000,19289000000.0,0.715,32.415,-208000000.0,113000000,113000000,16328000000.0,682000000.0,1.164,1.615,10408000000,3112000000,7296000000,10408000000,0.0,695000000.0,0.0,0.041,0.8,1922000000.0,2617000000.0,0.129,2617000000.0,1922000000.0,1202000000.0,2.03,1.99,2.03,10970000000,11000500000.0,10970000000,16934898500,9.0,6.471,-404000000.0,-1.194,1.0,3947000000.0,0.195,14115000000.0,720000000.0,16794000000.0,16463250000.0,2003000000,0.0,0,0,17714000000.0,8070000000,9644000000.0,6639898500,2000000.0,537000000.0,-13000000.0,370000000.0,-269000000.0,88000000.0,110000000.0,-70000000.0,-196000000.0,0.0,682000000.0,682000000.0,682000000.0,0.0,0.0,0.034,2016000000.0,1931000000.0,1571000000,0.394,0.605,9.736,9.665,2311000000,0.0,19.62,0.327,0.327,6322000000,,20275000000.0,20275000000.0,511000000.0,0.024,0.062,0.117,0.095,0.0,1757000000.0,1.0,338425000,338425000,,59.91,14569000000.0,667000000,520000000.0,624000000,43.049,1325000000
82,RTN,ART,1999-09-30,1999-11-17,1999-10-03,2020-04-01,0.0,28544000000.0,28365000000.0,9220000000,19324000000.0,0.715,32.533,-208000000.0,113000000,113000000,16328000000.0,682000000.0,1.169,1.593,10408000000,3112000000,7296000000,10408000000,0.0,695000000.0,0.0,0.026,0.8,1922000000.0,2617000000.0,0.129,2617000000.0,1922000000.0,1202000000.0,2.03,1.99,2.03,11010000000,11000500000.0,11010000000,20911392250,11.0,7.991,-404000000.0,-1.194,1.0,3947000000.0,0.195,14150000000.0,720000000.0,16799000000.0,16463250000.0,1866000000,0.0,0,0,17534000000.0,7890000000,9644000000.0,10616392250,2000000.0,537000000.0,-13000000.0,370000000.0,-269000000.0,88000000.0,110000000.0,-70000000.0,-196000000.0,0.0,682000000.0,682000000.0,682000000.0,0.0,0.0,0.034,2016000000.0,1931000000.0,1590000000,0.394,0.964,15.567,15.453,2311000000,0.0,31.37,0.524,0.524,6305000000,,20275000000.0,20275000000.0,511000000.0,0.024,0.062,0.117,0.095,0.0,1757000000.0,1.0,338425000,338425000,,59.91,14394000000.0,646000000,520000000.0,624000000,42.532,1330000000
83,RTN,ART,1999-06-30,1999-08-18,1999-07-04,2020-04-01,0.0,28726000000.0,28407000000.0,9416000000,19310000000.0,0.703,33.166,251000000.0,108000000,108000000,15636000000.0,862000000.0,1.266,1.565,9880000000,2090000000,7790000000,9880000000,0.0,713000000.0,0.0,0.012,0.8,2218000000.0,2931000000.0,0.147,2931000000.0,2218000000.0,1492000000.0,2.56,2.52,2.56,11199000000,10892750000.0,11199000000,32966414920,15.0,11.247,498000000.0,1.475,1.0,4347000000.0,0.218,14228000000.0,726000000.0,16830000000.0,19362250000.0,1969000000,0.0,0,0,17527000000.0,7440000000,10087000000.0,23194414920,-189000000.0,428000000.0,-108000000.0,-549000000.0,-269000000.0,-926000000.0,490000000.0,-65000000.0,247000000.0,0.0,862000000.0,862000000.0,862000000.0,0.0,0.0,0.043,2136000000.0,2211000000.0,1921000000,0.313,2.071,26.908,26.832,2275000000,0.0,68.69,1.161,1.161,6374000000,,19983000000.0,19983000000.0,530000000.0,0.03,0.079,0.115,0.111,0.0,1690000000.0,1.0,337668000,337668000,,59.179,14498000000.0,675000000,630000000.0,600000000,42.936,1976000000
84,RTN,ART,1999-03-31,1999-05-19,1999-04-04,2020-04-01,0.0,28251000000.0,28507250000.0,8883000000,19368000000.0,0.697,32.538,165000000.0,58000000,58000000,15560000000.0,838000000.0,1.294,1.583,9832000000,1671000000,8161000000,9832000000,0.0,743000000.0,0.0,0.011,0.8,2189000000.0,2932000000.0,0.148,2932000000.0,2189000000.0,1453000000.0,2.49,2.45,2.49,10937000000,10769750000.0,10937000000,34311344000,16.0,11.702,647000000.0,1.925,1.0,4299000000.0,0.216,14334000000.0,736000000.0,16827000000.0,22333750000.0,1831000000,0.0,0,0,17314000000.0,6864000000,10450000000.0,24537344000,-254000000.0,694000000.0,-172000000.0,-1065000000.0,-270000000.0,-1507000000.0,771000000.0,0.0,482000000.0,0.0,838000000.0,838000000.0,838000000.0,0.0,0.0,0.042,2209000000.0,2090000000.0,1816000000,0.321,2.244,29.281,29.317,2257000000,0.0,73.0,1.236,1.236,5983000000,,19859000000.0,19859000000.0,549000000.0,0.029,0.078,0.098,0.11,0.0,1660000000.0,1.0,336128000,336128000,,59.082,13917000000.0,755000000,615000000.0,587000000,41.404,2019000000
85,RTN,ART,1998-12-31,1999-03-30,1998-12-31,2020-04-01,-50000000.0,27939000000.0,28742500000.0,8637000000,19302000000.0,0.679,32.292,191000000.0,421000000,421000000,15248000000.0,864000000.0,1.293,1.574,8990000000,827000000,8163000000,8990000000,0.0,761000000.0,0.0,0.018,1.0,2206000000.0,2967000000.0,0.152,2967000000.0,2206000000.0,1467000000.0,2.56,2.53,2.56,10856000000,10669250000.0,10856000000,27691175782,13.0,9.333,1011000000.0,3.007,1.0,4282000000.0,0.219,14431000000.0,739000000.0,15397000000.0,25363500000.0,1711000000,0.0,0,0,17083000000.0,6680000000,10403000000.0,19122175782,125000000.0,652000000.0,-144000000.0,-1071000000.0,-271000000.0,-1486000000.0,791000000.0,0.0,820000000.0,0.0,864000000.0,864000000.0,864000000.0,0.0,0.0,0.044,2246000000.0,2036000000.0,2091000000,0.391,1.761,22.132,22.219,2275000000,0.0,56.88,0.979,0.979,618000000,4888000000.0,19530000000.0,19530000000.0,582000000.0,0.03,0.081,0.087,0.113,0.0,1664000000.0,1.0,336184525,336184525,,58.093,13508000000.0,809000000,603000000.0,561000000,40.18,1957000000
86,RTN,ART,1998-09-30,1998-11-02,1998-09-27,2020-04-01,0.0,28712000000.0,28907250000.0,9634000000,19078000000.0,0.626,31.394,31065000.0,111000000,111000000,14247424000.0,418868000.0,0.941,1.714,10033000000,4053000000,5980000000,10033000000,0.0,719674000.0,0.0,0.014,0.8,1411909000.0,2131583000.0,0.118,2131583000.0,1411909000.0,726502000.0,1.1,1.07,1.1,10579000000,10561500000.0,10579000000,29402293510,21.0,13.794,381102000.0,1.131,1.0,3844372000.0,0.212,0.0,685407000.0,28395000000.0,28207750000.0,2285000000,0.0,0,0,18133000000.0,10239000000,7894000000.0,19480293510,-155254000.0,473077000.0,-151466000.0,-565751000.0,-250192000.0,-1027478000.0,519201000.0,0.0,350037000.0,2986000.0,418868000.0,418868000.0,418868000.0,0.0,0.0,0.023,2626072000.0,1218300000.0,1657000000,0.727,1.841,46.507,52.555,2274000000,0.0,57.81,1.077,1.077,6061000000,,18091796000.0,18091796000.0,556943000.0,0.014,0.04,0.05,0.078,0.0,1322129000.0,1.0,336971000,336971000,,53.689,28712000000.0,1050000000,307634000.0,869000000,85.206,-605000000
87,RTN,ART,1998-06-30,1998-08-12,1998-06-28,2020-04-01,0.0,29127000000.0,25543288000.0,9701000000,19426000000.0,0.669,31.655,-429625000.0,317000000,317000000,13290126000.0,619088000.0,0.922,1.72,10424000000,4430000000,5994000000,10424000000,0.0,656990000.0,0.0,0.015,0.8,1620986000.0,2277976000.0,0.133,2277976000.0,1620986000.0,1001769000.0,1.96,1.93,1.96,10707000000,9170524000.0,10707000000,27780092250,17.0,12.195,161179000.0,0.477,1.0,3810980000.0,0.223,0.0,619217000.0,28716000000.0,25160127250.0,2031000000,0.0,0,0,18420000000.0,10518000000,7902000000.0,17673092250,117145000.0,-2098223000.0,-101956000.0,2380313000.0,-230470000.0,2035097000.0,-2509554000.0,0.0,590804000.0,798000.0,619088000.0,619088000.0,619088000.0,0.0,0.0,0.036,2393083000.0,1417897000.0,1824000000,0.408,1.651,28.547,26.658,2813000000,0.0,52.25,1.033,1.033,6245000000,,17101106000.0,17101106000.0,543453000.0,0.024,0.068,0.064,0.095,0.0,1270630000.0,1.0,338241000,338241000,,50.559,29127000000.0,979000000,382681000.0,844000000,86.113,-817000000
88,RTN,ART,1998-03-31,1998-05-13,1998-03-29,2020-04-01,0.0,29192000000.0,20344209500.0,9801000000,19391000000.0,0.754,31.115,-396593000.0,332000000,332000000,11921474000.0,558590000.0,0.906,1.771,10898000000,4908000000,5990000000,10898000000,0.0,558830000.0,0.0,0.014,0.8,1376759000.0,1935589000.0,0.126,1935589000.0,1376759000.0,869634000.0,2.05,2.03,2.05,10535000000,7713158750.0,10535000000,29844892105,22.0,15.419,-2543000.0,-0.008,1.0,3426378000.0,0.223,0.0,507125000.0,28946000000.0,19631709500.0,2059000000,0.0,0,0,18657000000.0,10812000000,7845000000.0,19278892105,190494000.0,-2418223000.0,-76528000.0,2951453000.0,-209765000.0,2657211000.0,-2860713000.0,0.0,394050000.0,-54000.0,558590000.0,558590000.0,558590000.0,0.0,0.0,0.036,2155860000.0,1270518000.0,1864000000,0.39,1.83,34.513,27.776,2866000000,0.0,56.94,1.256,1.256,6116000000,,15347852000.0,15347852000.0,479925000.0,0.027,0.072,0.07,0.09,0.0,1180935000.0,1.0,338582580,338582580,,45.33,29192000000.0,1144000000,311044000.0,786000000,86.218,-1011000000
89,RTN,ART,1997-12-31,1998-03-30,1997-12-31,2020-04-01,0.0,28598000000.0,19862038000.0,9233000000,19365000000.0,0.688,30.769,-390000000.0,0,0,10584000000.0,527000000.0,0.777,1.743,10062000000,5656000000,4406000000,10062000000,0.0,457000000.0,0.0,0.014,0.8,1187000000.0,1644000000.0,0.12,1644000000.0,1187000000.0,790000000.0,2.2,2.18,2.2,10425000000,6258830500.0,10425000000,30136597787,25.0,18.331,573000000.0,1.691,1.0,3089000000.0,0.226,0.0,397000000.0,26774000000.0,18398416500.0,1837000000,0.0,0,0,18173000000.0,11886000000,6287000000.0,20074597787,159000000.0,-2382000000.0,-50000000.0,2292000000.0,-189000000.0,2053000000.0,-2856000000.0,0.0,963000000.0,-1000000.0,527000000.0,527000000.0,527000000.0,0.0,0.0,0.039,2005000000.0,1084000000.0,1845000000,0.364,1.926,38.092,26.932,2891000000,0.0,59.25,1.468,1.468,0,4294000000.0,13673000000.0,13673000000.0,415000000.0,0.027,0.084,0.065,0.087,0.0,1095000000.0,1.0,338811777,338811777,,40.356,28598000000.0,1244000000,263000000.0,786000000,84.407,-2653000000
90,RTN,ART,1997-09-30,1997-11-12,1997-09-28,2020-04-01,0.0,15256152000.0,13520950000.0,6553969000,8702183000.0,0.969,21.213,-404419000.0,267684000,267684000,10234106000.0,781510000.0,1.226,2.042,6561162000,2174785000,4386377000,6561162000,0.0,392655000.0,0.0,0.016,0.8,1509280000.0,1901935000.0,0.145,1901935000.0,1509280000.0,1176118000.0,3.32,3.27,3.32,5015096000,4802083000.0,5015096000,18214003905,12.0,9.577,701986000.0,2.969,1.0,2871745000.0,0.219,0.0,333162000.0,16204509000.0,11815167000.0,1652815000,0.0,0,0,10241056000.0,5345121000,4895935000.0,11920525905,106799000.0,-2496077000.0,-4233000.0,2126554000.0,-189065000.0,1990513000.0,-2986559000.0,0.0,1106405000.0,-3560000.0,781510000.0,781510000.0,781510000.0,0.0,0.0,0.06,1410345000.0,1461400000.0,1265300000,0.241,2.377,15.253,15.193,2046958000,0.0,50.44,0.91,0.91,953652000,,13105851000.0,13105851000.0,359002000.0,0.058,0.163,0.128,0.115,0.0,1051343000.0,1.0,236330807,236411000,,55.437,15256152000.0,227554000,394608000.0,85765000,64.532,1208848000
91,RTN,ART,1997-06-30,1997-08-13,1997-06-29,2020-04-01,,,,6177470000,,,20.642,-411680000.0,181274000,181274000,10005732000.0,758180000.0,1.203,,4007098000,2510464000,1496634000,4007098000,,386333000.0,,0.014,0.8,1363947000.0,1750280000.0,0.138,1750280000.0,1363947000.0,1079768000.0,3.23,3.18,3.23,4877539000,4660400750.0,4877539000,17164655834,13.0,9.807,170065000.0,0.72,1.0,2667383000.0,0.21,,284179000.0,,,1708915000,,0,0,,5136144000,,13338831834,-30562000.0,-5777000.0,-11190000.0,-107216000.0,-188968000.0,-298257000.0,-313028000.0,0.0,581745000.0,-1022000.0,758180000.0,758180000.0,758180000.0,0.0,0.0,0.06,1385554000.0,1281829000.0,1258074000,0.248,2.735,17.593,17.474,1922996000,0.0,56.44,1.053,1.052,811907000,,12673115000.0,12673115000.0,315354000.0,,0.163,,0.108,0.0,1036200000.0,1.0,236336496,236293000,,53.633,,212998000,321588000.0,85765000,,1041326000
92,RTN,ART,1997-03-31,1997-05-14,1997-03-30,2020-04-01,0.0,11496419000.0,11507291500.0,5926068000,5570351000.0,1.083,19.967,-418585000.0,133543000,133543000,9851793000.0,758075000.0,1.198,1.437,3902012000,2403482000,1498530000,3902012000,0.0,375842000.0,0.0,0.017,0.8,1350725000.0,1726567000.0,0.139,1726567000.0,1350725000.0,1079760000.0,3.22,3.17,3.22,4717687000,4525402750.0,4717687000,14873954146,11.0,8.615,99284000.0,0.42,1.0,2608470000.0,0.209,0.0,270965000.0,10317419000.0,8673539000.0,1708748000,0.0,0,0,6778732000.0,4947469000,1831263000.0,11105485146,-59610000.0,-523616000.0,-165945000.0,696855000.0,-188950000.0,350513000.0,-927143000.0,0.0,517869000.0,-849000.0,758075000.0,758075000.0,758075000.0,0.0,0.0,0.061,1365348000.0,1243122000.0,1165050000,0.248,2.354,14.65,14.596,1853278000,0.0,47.0,0.891,0.891,843926000,,12460263000.0,12460263000.0,314884000.0,0.066,0.168,0.156,0.108,0.0,1016464000.0,1.0,236286918,236277000,,52.736,11496419000.0,178811000,321685000.0,85765000,48.657,978599000
93,RTN,ART,1996-12-31,1997-03-28,1996-12-31,2020-04-01,0.0,11126076000.0,11197658500.0,5603895000,5522181000.0,1.101,19.459,-414158000.0,138821000,138821000,9753970000.0,761151000.0,1.194,1.42,3727411000,2226935000,1500476000,3727411000,0.0,368923000.0,0.0,0.018,0.8,1339715000.0,1708638000.0,0.139,1708638000.0,1339715000.0,1083462000.0,3.21,3.16,3.21,4598010000,4432669250.0,4598010000,14280864269,11.0,8.358,-122863000.0,-0.52,1.0,2576568000.0,0.209,0.0,256253000.0,10022833000.0,8396825000.0,1590967000,0.0,0,0,6528066000.0,4691833000,1836233000.0,10692274269,-71235000.0,-517839000.0,-248494000.0,1011077000.0,-189574000.0,575189000.0,-937482000.0,0.0,291295000.0,-237000.0,761151000.0,761151000.0,761151000.0,0.0,0.0,0.062,1378398000.0,1198170000.0,1125881000,0.249,2.325,14.048,14.097,1802012000,0.0,45.25,0.867,0.867,808715000,4066275000.0,12330538000.0,12330538000.0,323271000.0,0.068,0.172,0.16,0.109,0.0,1021127000.0,1.0,236293354,236293354,,52.183,11126076000.0,246120000,322311000.0,85765000,47.086,912062000
94,RTN,ART,1996-09-30,1996-11-13,1996-09-29,2020-04-01,0.0,11785748000.0,10876375500.0,6278335000,5507413000.0,1.127,18.854,-364572000.0,161437000,161437000,9681733000.0,806100000.0,1.143,1.649,4434608000,2941403000,1493205000,4434608000,0.0,452892000.0,0.0,0.016,0.788,1386838000.0,1839730000.0,0.15,1839730000.0,1386838000.0,1144891000.0,3.38,3.33,3.38,4448367000,4356157750.0,4448367000,16133964674,12.0,8.77,-285520000.0,-1.21,1.0,2571849000.0,0.21,3138693000.0,241947000.0,7425825000.0,8052119500.0,1765654000,0.0,0,0,7337381000.0,5494401000,1842980000.0,11860793674,-45952000.0,-68639000.0,-341973000.0,878204000.0,-187441000.0,353271000.0,-477692000.0,10160000.0,79052000.0,-583000.0,806100000.0,806100000.0,806100000.0,0.0,0.0,0.066,1543356000.0,1028493000.0,1077400000,0.233,2.666,14.714,14.867,1753691000,0.0,50.25,0.968,0.968,977501000,,12253582000.0,12253582000.0,325411000.0,0.074,0.185,0.172,0.113,0.0,1058945000.0,1.0,236035695,235932000,,51.937,8647055000.0,298909000,338791000.0,96006000,36.651,783934000
95,RTN,ART,1996-06-30,1996-08-13,1996-06-30,2020-04-01,0.0,11620923000.0,10495938750.0,6147470000,5473453000.0,1.181,18.265,-336401000.0,212290000,212290000,9699117000.0,818941000.0,1.133,1.679,4114314000,2618243000,1496071000,4114314000,0.0,407666000.0,0.0,0.015,0.776,1462958000.0,1870624000.0,0.151,1870624000.0,1462958000.0,1224485000.0,3.4,3.35,3.4,4337547000,4291962000.0,4337547000,15928073613,11.0,8.515,423277000.0,1.782,1.0,2694609000.0,0.217,3167820000.0,238473000.0,6928079000.0,8529435000.0,1713488000,0.0,0,0,7283376000.0,5427048000,1856328000.0,12026049613,-31777000.0,-111668000.0,-384650000.0,508662000.0,-185753000.0,-58707000.0,-730615000.0,10160000.0,759678000.0,-2133000.0,818941000.0,818941000.0,818941000.0,0.0,0.0,0.066,1551812000.0,1142797000.0,1300928000,0.228,2.773,14.685,14.965,1712685000,0.0,50.88,0.97,0.975,1170523000,,12393726000.0,12393726000.0,328168000.0,0.078,0.191,0.172,0.118,0.0,1098644000.0,1.0,236361038,237474000,,52.19,8453103000.0,228049000,405544000.0,96006000,35.596,720422000
96,RTN,ART,1996-03-31,1996-05-15,1996-03-31,2020-04-01,0.0,10257887000.0,10126363250.0,5509945000,4747942000.0,1.195,18.104,-315313000.0,182732000,182732000,9398995000.0,805038000.0,1.358,1.36,3193897000,1706808000,1487089000,3193897000,0.0,393273000.0,0.0,0.015,0.763,1436049000.0,1829322000.0,0.151,1829322000.0,1436049000.0,1207937000.0,3.32,3.27,3.32,4346753000,4236986000.0,4346753000,15603972920,11.0,8.53,724520000.0,3.018,1.0,2698909000.0,0.223,0.0,228112000.0,9210563000.0,8845448500.0,1623756000,0.0,0,0,5911134000.0,4058489000,1852645000.0,12592807920,-11458000.0,-1784270000.0,-324371000.0,1722014000.0,-184131000.0,1210176000.0,-2260902000.0,10160000.0,1039833000.0,-565000.0,805038000.0,805038000.0,805038000.0,0.0,0.0,0.067,1573126000.0,1125783000.0,950746000,0.23,2.897,15.643,15.849,1601853000,0.0,52.62,1.041,1.044,902717000,,12097904000.0,12097904000.0,327978000.0,0.079,0.19,0.162,0.119,0.0,1120148000.0,1.0,239316000,240093000,,50.388,10257887000.0,155168000,402899000.0,100797000,42.725,1451456000
97,RTN,ART,1995-12-31,1996-03-20,1995-12-31,2020-04-01,0.0,9840944000.0,9480405250.0,5275218000,4565726000.0,1.236,17.873,-266756000.0,210284000,210284000,9101847000.0,792488000.0,1.429,1.293,2703774000,1216039000,1487735000,2703774000,0.0,371399000.0,0.0,0.014,0.75,1388310000.0,1759709000.0,0.15,1759709000.0,1388310000.0,1191683000.0,3.25,3.2,3.25,4291964000,4163937750.0,4291964000,15160950169,11.0,8.616,867413000.0,3.612,1.0,2613750000.0,0.223,0.0,196627000.0,8644011000.0,7911252000.0,1502983000,0.0,0,0,5548980000.0,3690423000,1858557000.0,12667460169,7676000.0,-1892322000.0,-260739000.0,1602905000.0,-182487000.0,1155067000.0,-2282292000.0,10160000.0,1134169000.0,732000.0,792488000.0,792488000.0,792488000.0,0.0,0.0,0.068,1526346000.0,1087404000.0,1041848000,0.231,2.951,15.984,16.231,1584035000,0.0,52.75,1.081,1.081,926800000,3787495000.0,11715597000.0,11715597000.0,315581000.0,0.084,0.19,0.175,0.119,0.0,1085765000.0,1.0,240141425,240141425,,48.786,9840944000.0,196711000,399195000.0,100797000,40.98,1584795000
98,RTN,ART,1995-09-30,1995-11-15,1995-10-01,2020-04-01,0.0,10264001000.0,8737387500.0,5558765000,4705236000.0,,17.899,,207251000,207251000,,,1.303,1.449,3543968000,2063589000,1480379000,3543968000,0.0,,0.0,0.018,0.75,,,,,,,,,,4191584000,4245613000.0,4191584000,13637527000,,,,,1.0,,,0.0,,9335087000.0,6727632000.0,1760858000,0.0,0,0,6072417000.0,4265631000,1806786000.0,10300810000,,,,,,,,,,,,,,,,,,,860851000,,2.457,,,1661386000,,42.5,,,1212363000,,,,,,,,,,,1.0,242372000,234174000,,,10264001000.0,110264000,,0,43.831,1293134000
99,RTN,ART,1995-06-30,1995-08-15,1995-07-02,2020-04-01,0.0,10142621000.0,8654450500.0,5612669000,4529952000.0,,16.816,,243088000,243088000,,,1.059,1.463,3593216000,3198075000,395141000,3593216000,0.0,,0.0,0.018,0.75,,,,,,,,,,4117643000,4183744000.0,4117643000,13274657688,,,,,1.0,,,0.0,,8192133000.0,6162013000.0,1841894000,0.0,0,0,6024978000.0,5300616000,724362000.0,9924529688,,,,,,,,,,,,,,,,,,,783939000,,2.41,,,1655266000,,40.69,,,1142270000,,,,,,,,,,,1.0,243905866,244870000,,,10142621000.0,166096000,,0,41.42,312053000
100,RTN,ART,1995-03-31,1995-05-17,1995-04-02,2020-04-01,0.0,7674055000.0,7468816000.0,5208194000,2465861000.0,,16.459,,193467000,193467000,,,1.516,0.893,1428893000,1404741000,24152000,1428893000,0.0,,0.0,0.02,0.75,,,,,,,,,,4054560000,4143938000.0,4054560000,10559493500,,,,,1.0,,,0.0,,5473777000.0,4815593000.0,1722510000,0.0,0,0,3619495000.0,3435704000,183791000.0,9324067500,,,,,,,,,,,,,,,,,,,788570000,,2.3,,,1362494000,,37.875,,,960011000,,,,,,,,,,,1.0,246180000,246342000,,,7674055000.0,95865000,,134571000,31.152,1772490000
101,RTN,ART,1994-09-30,1994-11-15,1994-10-02,2020-04-01,0.0,7210774000.0,,4977389000,2233385000.0,,16.239,,248901000,248901000,,,1.738,0.677,21870000,0,21870000,21870000,0.0,,0.0,0.022,0.725,,,,,,,,,,4299642000,,4299642000,8375342500,,,,,1.0,,,0.0,,4120177000.0,,1627042000,0.0,0,0,2911132000.0,2863566000,47566000.0,8602373500,,,,,,,,,,,,,,,,,,,1307233000,,2.001,,,1379817000,,32.69,,,837972000,,,,,,,,,,,1.0,263150000,264768000,,,7210774000.0,0,,90233000,27.234,2113823000
102,RTN,ART,1994-06-30,1994-08-17,1994-07-03,2020-04-01,0.0,7166280000.0,,4845021000,2321259000.0,,15.854,,188626000,188626000,,,1.689,0.686,22489000,0,22489000,22489000,0.0,,0.0,0.021,0.712,,,,,,,,,,4249845000,,4249845000,8650678000,,,,,1.0,,,0.0,,4131893000.0,,1535856000,0.0,0,0,2916435000.0,2868250000,48185000.0,8816815000,,,,,,,,,,,,,,,,,,,1511890000,,2.075,,,1400636000,,33.125,,,897145000,,,,,,,,,,,1.0,266168000,268054000,,,7166280000.0,0,,53290000,26.734,1976771000
103,RTN,ART,1994-03-31,1994-05-18,1994-04-03,2020-04-01,0.0,7263577000.0,,4625910000,2637667000.0,,15.663,,146739000,146739000,,,1.551,0.716,22568000,0,22568000,22568000,0.0,,0.0,0.022,0.7,,,,,,,,,,4233316000,,4233316000,8273105000,,,,,1.0,,,0.0,,4157409000.0,,1580553000,0.0,0,0,3030261000.0,2981997000,48264000.0,8397276000,,,,,,,,,,,,,,,,,,,1504404000,,1.984,,,1404678000,,31.125,,,672228000,,,,,,,,,,,1.0,269792000,270282000,,,7263577000.0,0,,96387000,26.874,1643913000
