None,ticker,dimension,calendardate,datekey,reportperiod,lastupdated,accoci,assets,assetsavg,assetsc,assetsnc,assetturnover,bvps,capex,cashneq,cashnequsd,cor,consolinc,currentratio,de,debt,debtc,debtnc,debtusd,deferredrev,depamor,deposits,divyield,dps,ebit,ebitda,ebitdamargin,ebitdausd,ebitusd,ebt,eps,epsdil,epsusd,equity,equityavg,equityusd,ev,evebit,evebitda,fcf,fcfps,fxusd,gp,grossmargin,intangibles,intexp,invcap,invcapavg,inventory,investments,investmentsc,investmentsnc,liabilities,liabilitiesc,liabilitiesnc,marketcap,ncf,ncfbus,ncfcommon,ncfdebt,ncfdiv,ncff,ncfi,ncfinv,ncfo,ncfx,netinc,netinccmn,netinccmnusd,netincdis,netincnci,netmargin,opex,opinc,payables,payoutratio,pb,pe,pe1,ppnenet,prefdivis,price,ps,ps1,receivables,retearn,revenue,revenueusd,rnd,roa,roe,roic,ros,sbcomp,sgna,sharefactor,sharesbas,shareswa,shareswadil,sps,tangibles,taxassets,taxexp,taxliabilities,tbvps,workingcapital
0,RTN,MRY,2019-12-31,2019-12-31,2019-12-31,2020-04-01,-9260000000.0,34566000000.0,32786250000.0,13082000000.0,21484000000.0,0.89,43.892,-982000000.0,4292000000.0,4292000000.0,21413000000.0,3329000000.0,1.336,1.828,5466000000.0,1499000000.0,3967000000.0,5466000000.0,0.0,605000000.0,0.0,0.013,2.828,4181000000.0,4786000000.0,0.164,4786000000.0,4181000000.0,4001000000.0,11.94,11.93,11.94,12223000000.0,12279250000.0,12223000000.0,63996975460.0,15.0,13.372,3498000000.0,12.561,1.0,7763000000.0,0.266,14882000000.0,180000000.0,11067000000.0,12414500000.0,671000000.0,0.0,0.0,0.0,22343000000.0,9791000000.0,12552000000.0,61192975460.0,674000000.0,-8000000.0,-869000000.0,-300000000.0,-1036000000.0,-2803000000.0,-1003000000.0,0.0,4480000000.0,0.0,3343000000.0,3343000000.0,3343000000.0,-1000000.0,-14000000.0,0.115,2989000000.0,4774000000.0,1796000000.0,0.237,5.006,18.305,18.404,4228000000.0,0.0,219.74,2.097,2.097,1364000000.0,21480000000.0,29176000000.0,29176000000.0,0.0,0.102,0.272,0.337,0.143,184000000.0,2989000000.0,1.0,278479000.0,278479000,,104.769,19684000000.0,0.0,658000000.0,0.0,70.684,3291000000.0
1,RTN,MRY,2018-12-31,2018-12-31,2018-12-31,2020-04-01,-8618000000.0,32670000000.0,31009750000.0,12137000000.0,20533000000.0,0.873,40.312,-819000000.0,3608000000.0,3608000000.0,19573000000.0,2882000000.0,1.434,1.848,5702000000.0,300000000.0,5402000000.0,5702000000.0,0.0,568000000.0,0.0,0.028,4.269,3357000000.0,3925000000.0,0.145,3925000000.0,3357000000.0,3173000000.0,10.16,10.15,10.16,11472000000.0,10906500000.0,11472000000.0,46619882950.0,14.0,11.878,2609000000.0,9.168,1.0,7485000000.0,0.277,14864000000.0,184000000.0,11437000000.0,11123500000.0,758000000.0,0.0,0.0,0.0,21198000000.0,8463000000.0,12735000000.0,43639882950.0,509000000.0,11000000.0,-1418000000.0,0.0,-975000000.0,-2398000000.0,-521000000.0,309000000.0,3428000000.0,0.0,2909000000.0,2909000000.0,2909000000.0,1000000.0,-27000000.0,0.108,2947000000.0,4538000000.0,1964000000.0,0.42,3.804,15.002,15.094,3645000000.0,0.0,153.35,1.613,1.613,1648000000.0,20087000000.0,27058000000.0,27058000000.0,0.0,0.094,0.267,0.302,0.124,165000000.0,2947000000.0,1.0,284577000.0,284577000,,95.081,17806000000.0,0.0,264000000.0,0.0,62.57,3674000000.0
2,RTN,MRY,2017-12-31,2017-12-31,2017-12-31,2020-04-01,-7935000000.0,30860000000.0,30309000000.0,11326000000.0,19534000000.0,0.836,34.464,-565000000.0,3103000000.0,3103000000.0,18340000000.0,2001000000.0,1.541,2.097,5050000000.0,300000000.0,4750000000.0,5050000000.0,0.0,550000000.0,0.0,0.013,2.394,3343000000.0,3893000000.0,0.154,3893000000.0,3343000000.0,3138000000.0,6.96,6.95,6.96,9963000000.0,10504750000.0,9963000000.0,57042992950.0,17.0,14.653,2180000000.0,7.541,1.0,7008000000.0,0.276,14871000000.0,205000000.0,10588000000.0,11454250000.0,594000000.0,297000000.0,297000000.0,0.0,20897000000.0,7348000000.0,13549000000.0,54304992950.0,-188000000.0,-93000000.0,-885000000.0,-291000000.0,-910000000.0,-2116000000.0,-817000000.0,-179000000.0,2745000000.0,0.0,2024000000.0,2024000000.0,2024000000.0,-2000000.0,-23000000.0,0.08,2777000000.0,4231000000.0,1519000000.0,0.344,5.451,26.831,26.99,2439000000.0,0.0,187.85,2.142,2.142,1324000000.0,17895000000.0,25348000000.0,25348000000.0,0.0,0.067,0.193,0.292,0.132,173000000.0,2777000000.0,1.0,289087000.0,289087000,,87.683,15989000000.0,0.0,1114000000.0,0.0,55.309,3978000000.0
3,RTN,MRY,2016-12-31,2016-12-31,2016-12-31,2020-04-01,-7411000000.0,30238000000.0,29404250000.0,10885000000.0,19353000000.0,0.82,34.589,-591000000.0,3303000000.0,3303000000.0,17507000000.0,2213000000.0,1.665,1.977,5335000000.0,0.0,5335000000.0,5335000000.0,0.0,515000000.0,0.0,0.025,3.6,3349000000.0,3864000000.0,0.16,3864000000.0,3349000000.0,3117000000.0,7.56,7.55,7.56,10157000000.0,10266000000.0,10157000000.0,44689874000.0,13.0,11.566,2261000000.0,7.7,1.0,6617000000.0,0.274,14788000000.0,232000000.0,10943000000.0,11473000000.0,608000000.0,100000000.0,100000000.0,0.0,20081000000.0,6539000000.0,13542000000.0,41697874000.0,975000000.0,-57000000.0,-996000000.0,0.0,-850000000.0,-1930000000.0,53000000.0,712000000.0,2852000000.0,0.0,2244000000.0,2244000000.0,2244000000.0,-1000000.0,-31000000.0,0.093,2721000000.0,3896000000.0,1520000000.0,0.476,4.105,18.582,18.783,2166000000.0,0.0,142.0,1.728,1.728,1163000000.0,17565000000.0,24124000000.0,24124000000.0,0.0,0.076,0.219,0.292,0.139,151000000.0,2721000000.0,1.0,293647000.0,293647000,,82.153,15450000000.0,0.0,873000000.0,0.0,52.614,4346000000.0
4,RTN,MRY,2015-12-31,2015-12-31,2015-12-31,2020-04-01,-7176000000.0,29281000000.0,28691250000.0,9812000000.0,19469000000.0,0.813,33.637,-398000000.0,2328000000.0,2328000000.0,17608000000.0,2107000000.0,1.602,1.871,5330000000.0,0.0,5330000000.0,5330000000.0,2193000000.0,489000000.0,0.0,0.021,2.615,3090000000.0,3579000000.0,0.153,3579000000.0,3090000000.0,2857000000.0,6.92,6.91,6.92,10128000000.0,10009750000.0,10128000000.0,40376733940.0,13.0,11.282,1961000000.0,6.513,1.0,5713000000.0,0.245,14731000000.0,233000000.0,11426000000.0,11423250000.0,635000000.0,872000000.0,872000000.0,0.0,18951000000.0,6126000000.0,12825000000.0,37495733940.0,-894000000.0,-1954000000.0,-1099000000.0,0.0,-797000000.0,-1509000000.0,-1744000000.0,610000000.0,2359000000.0,0.0,2110000000.0,2110000000.0,2110000000.0,-13000000.0,-3000000.0,0.09,2646000000.0,3067000000.0,1402000000.0,0.378,3.702,17.77,17.996,2005000000.0,0.0,124.53,1.608,1.608,5564000000.0,16903000000.0,23321000000.0,23321000000.0,0.0,0.074,0.211,0.271,0.132,93000000.0,2646000000.0,1.0,301098000.0,301098000,,77.453,14550000000.0,0.0,747000000.0,0.0,48.323,3686000000.0
5,RTN,MRY,2014-12-31,2014-12-31,2014-12-31,2020-04-01,-7458000000.0,27716000000.0,26736000000.0,10279000000.0,17437000000.0,0.854,30.888,-371000000.0,3222000000.0,3222000000.0,17295000000.0,2258000000.0,1.787,1.889,5325000000.0,0.0,5325000000.0,5325000000.0,2284000000.0,439000000.0,0.0,0.017,1.815,3247000000.0,3686000000.0,0.161,3686000000.0,3247000000.0,3034000000.0,7.19,7.18,7.19,9525000000.0,11113750000.0,9525000000.0,35459166560.0,11.0,9.62,1813000000.0,5.879,1.0,5531000000.0,0.242,13061000000.0,213000000.0,11006000000.0,9847250000.0,414000000.0,1497000000.0,1497000000.0,0.0,17995000000.0,5752000000.0,12243000000.0,33356166560.0,-74000000.0,-427000000.0,-838000000.0,592000000.0,-735000000.0,-936000000.0,-1322000000.0,-509000000.0,2184000000.0,0.0,2244000000.0,2244000000.0,2244000000.0,-65000000.0,14000000.0,0.098,2352000000.0,3179000000.0,1250000000.0,0.252,3.502,14.865,15.045,1935000000.0,0.0,108.17,1.461,1.461,4985000000.0,15671000000.0,22826000000.0,22826000000.0,0.0,0.084,0.202,0.33,0.142,101000000.0,2352000000.0,1.0,308368000.0,308368000,,74.022,14655000000.0,0.0,790000000.0,0.0,47.524,4527000000.0
6,RTN,MRY,2013-12-31,2013-12-31,2013-12-31,2020-04-01,-5113000000.0,25967000000.0,26452000000.0,9816000000.0,16151000000.0,0.896,34.541,-327000000.0,3296000000.0,3296000000.0,18532000000.0,2013000000.0,1.69,1.338,4734000000.0,0.0,4734000000.0,4734000000.0,2350000000.0,445000000.0,0.0,0.024,2.2,3014000000.0,3459000000.0,0.146,3459000000.0,3014000000.0,2804000000.0,6.17,6.16,6.17,11035000000.0,9183500000.0,11035000000.0,30767110400.0,10.0,8.895,2051000000.0,6.42,1.0,5174000000.0,0.218,12764000000.0,210000000.0,8831000000.0,9766500000.0,363000000.0,1001000000.0,1001000000.0,0.0,14770000000.0,5810000000.0,8960000000.0,28976110400.0,108000000.0,-9000000.0,-1099000000.0,0.0,-694000000.0,-1797000000.0,-473000000.0,-137000000.0,2378000000.0,0.0,1996000000.0,1996000000.0,1996000000.0,-64000000.0,17000000.0,0.084,2236000000.0,2938000000.0,1178000000.0,0.357,2.626,14.517,14.7,1937000000.0,0.0,90.7,1.222,1.222,4870000000.0,14173000000.0,23706000000.0,23706000000.0,0.0,0.075,0.217,0.309,0.127,113000000.0,2236000000.0,1.0,319472000.0,319472000,,74.204,13203000000.0,0.0,808000000.0,0.0,41.328,4006000000.0
7,RTN,MRY,2012-12-31,2012-12-31,2012-12-31,2020-04-01,-7788000000.0,26686000000.0,25772000000.0,9246000000.0,17440000000.0,0.947,24.331,-369000000.0,3188000000.0,3188000000.0,19092000000.0,1900000000.0,1.567,2.305,4731000000.0,0.0,4731000000.0,4731000000.0,2398000000.0,455000000.0,0.0,0.035,2.0,2967000000.0,3422000000.0,0.14,3422000000.0,2967000000.0,2766000000.0,5.67,5.65,5.67,8026000000.0,8516250000.0,8026000000.0,20564144520.0,7.0,6.009,1588000000.0,4.814,1.0,5322000000.0,0.218,12756000000.0,201000000.0,9571000000.0,9102000000.0,381000000.0,856000000.0,856000000.0,0.0,18496000000.0,5902000000.0,12594000000.0,18987144520.0,-812000000.0,-301000000.0,-731000000.0,122000000.0,-643000000.0,-1246000000.0,-1523000000.0,-850000000.0,1957000000.0,0.0,1888000000.0,1888000000.0,1888000000.0,1000000.0,12000000.0,0.077,2333000000.0,2989000000.0,1348000000.0,0.353,2.366,10.057,10.152,1986000000.0,0.0,57.56,0.778,0.778,4543000000.0,12883000000.0,24414000000.0,24414000000.0,0.0,0.073,0.222,0.326,0.122,109000000.0,2333000000.0,1.0,329867000.0,329867000,,74.012,13930000000.0,1463000000.0,878000000.0,9000000.0,42.229,3344000000.0
8,RTN,MRY,2011-12-31,2011-12-31,2011-12-31,2020-04-01,-7001000000.0,25854000000.0,24650750000.0,9309000000.0,16545000000.0,1.006,23.638,-437000000.0,4000000000.0,4000000000.0,19664000000.0,1896000000.0,1.519,2.141,4605000000.0,0.0,4605000000.0,4605000000.0,2542000000.0,444000000.0,0.0,0.043,2.095,2820000000.0,3264000000.0,0.132,3264000000.0,2820000000.0,2648000000.0,5.3,5.28,5.3,8181000000.0,9635750000.0,8181000000.0,17951318000.0,6.0,5.5,1670000000.0,4.825,1.0,5127000000.0,0.207,12544000000.0,172000000.0,7785000000.0,7492250000.0,336000000.0,0.0,0.0,0.0,17514000000.0,6130000000.0,11384000000.0,16744318000.0,362000000.0,-645000000.0,-1105000000.0,992000000.0,-588000000.0,-694000000.0,-1051000000.0,0.0,2107000000.0,0.0,1866000000.0,1866000000.0,1866000000.0,-18000000.0,30000000.0,0.075,2297000000.0,2830000000.0,1507000000.0,0.395,2.047,8.973,9.128,2006000000.0,0.0,48.38,0.675,0.675,4526000000.0,11656000000.0,24791000000.0,24791000000.0,0.0,0.076,0.194,0.376,0.114,88000000.0,2297000000.0,1.0,346100000.0,346100000,,71.63,13310000000.0,878000000.0,782000000.0,5000000.0,38.457,3179000000.0
9,RTN,MRY,2010-12-31,2010-12-31,2010-12-31,2020-04-01,-5146000000.0,24422000000.0,23588750000.0,8822000000.0,15600000000.0,1.066,26.757,-382000000.0,3638000000.0,3638000000.0,20273000000.0,1879000000.0,1.48,1.49,3610000000.0,0.0,3610000000.0,3610000000.0,2201000000.0,414000000.0,0.0,0.024,1.125,2556000000.0,2970000000.0,0.118,2970000000.0,2556000000.0,2430000000.0,4.94,4.88,4.94,9754000000.0,9961250000.0,9754000000.0,17069922620.0,7.0,5.747,1560000000.0,4.279,1.0,4877000000.0,0.194,12045000000.0,126000000.0,6389000000.0,6009500000.0,363000000.0,0.0,0.0,0.0,14532000000.0,5960000000.0,8572000000.0,16892922620.0,996000000.0,-152000000.0,-1178000000.0,1297000000.0,-536000000.0,-411000000.0,-535000000.0,0.0,1942000000.0,0.0,1840000000.0,1840000000.0,1840000000.0,-35000000.0,39000000.0,0.073,2264000000.0,2613000000.0,1538000000.0,0.228,1.732,9.181,9.381,2003000000.0,0.0,46.34,0.672,0.672,4414000000.0,10390000000.0,25150000000.0,25150000000.0,625000000.0,0.078,0.185,0.425,0.102,107000000.0,1639000000.0,1.0,364543000.0,364543000,,68.99,12377000000.0,372000000.0,590000000.0,147000000.0,33.952,2862000000.0
10,RTN,MRY,2009-12-31,2009-12-31,2009-12-31,2020-04-01,-4824000000.0,23607000000.0,23104000000.0,7868000000.0,15739000000.0,1.077,25.643,-346000000.0,2642000000.0,2642000000.0,19747000000.0,1976000000.0,1.425,1.391,2329000000.0,0.0,2329000000.0,2329000000.0,2224000000.0,402000000.0,0.0,0.024,1.24,3011000000.0,3413000000.0,0.137,3413000000.0,3011000000.0,2888000000.0,4.96,4.89,4.96,9827000000.0,9498500000.0,9827000000.0,19594339840.0,7.0,5.741,2379000000.0,6.208,1.0,5134000000.0,0.206,11922000000.0,123000000.0,5849000000.0,6193750000.0,344000000.0,0.0,0.0,0.0,13668000000.0,5523000000.0,8145000000.0,19743339840.0,383000000.0,-334000000.0,-1199000000.0,22000000.0,-473000000.0,-1650000000.0,-692000000.0,0.0,2725000000.0,0.0,1935000000.0,1935000000.0,1935000000.0,1000000.0,41000000.0,0.078,2092000000.0,3042000000.0,1397000000.0,0.25,2.009,10.203,10.387,2001000000.0,0.0,51.52,0.794,0.794,4493000000.0,9102000000.0,24881000000.0,24881000000.0,565000000.0,0.084,0.204,0.486,0.121,114000000.0,1527000000.0,1.0,383217000.0,383217000,,64.927,11685000000.0,709000000.0,953000000.0,23000000.0,30.492,2345000000.0
11,RTN,MRY,2008-12-31,2008-12-31,2008-12-31,2020-04-01,-5182000000.0,23134000000.0,23407750000.0,7417000000.0,15717000000.0,0.99,21.946,-364000000.0,2259000000.0,2259000000.0,18489000000.0,1696000000.0,1.44,1.535,2309000000.0,0.0,2309000000.0,2309000000.0,1970000000.0,390000000.0,0.0,0.022,1.12,2625000000.0,3015000000.0,0.13,3015000000.0,2625000000.0,2496000000.0,4.01,3.92,4.01,9087000000.0,11790500000.0,9087000000.0,20645979680.0,8.0,6.848,1651000000.0,3.987,1.0,4685000000.0,0.202,11662000000.0,129000000.0,6373000000.0,6699750000.0,325000000.0,0.0,0.0,0.0,13946000000.0,5149000000.0,8797000000.0,21133979680.0,-396000000.0,-45000000.0,-1587000000.0,0.0,-460000000.0,-1994000000.0,-417000000.0,0.0,2015000000.0,0.0,1672000000.0,1672000000.0,1672000000.0,2000000.0,24000000.0,0.072,2065000000.0,2620000000.0,1201000000.0,0.279,2.326,12.64,12.728,2024000000.0,0.0,51.04,0.912,0.912,3898000000.0,7646000000.0,23174000000.0,23174000000.0,517000000.0,0.071,0.142,0.392,0.113,69000000.0,1548000000.0,1.0,414067000.0,414067000,,55.967,11472000000.0,1571000000.0,824000000.0,0.0,27.706,2268000000.0
12,RTN,MRY,2007-12-31,2007-12-31,2007-12-31,2020-04-01,-1956000000.0,23281000000.0,24036250000.0,7616000000.0,15665000000.0,0.886,29.215,-390000000.0,2655000000.0,2655000000.0,17011000000.0,2604000000.0,1.591,0.856,2268000000.0,0.0,2268000000.0,2268000000.0,1845000000.0,372000000.0,0.0,0.017,1.02,3306000000.0,3678000000.0,0.173,3678000000.0,3306000000.0,3110000000.0,5.88,5.75,5.88,12542000000.0,11976500000.0,12542000000.0,25817934900.0,8.0,7.02,808000000.0,1.882,1.0,4290000000.0,0.201,11627000000.0,196000000.0,6479000000.0,7430500000.0,386000000.0,0.0,0.0,0.0,10739000000.0,4788000000.0,5951000000.0,26058934900.0,195000000.0,2932000000.0,-1401000000.0,-1724000000.0,-440000000.0,-3510000000.0,2507000000.0,0.0,1198000000.0,0.0,2578000000.0,2578000000.0,2578000000.0,-885000000.0,26000000.0,0.121,1936000000.0,2354000000.0,1141000000.0,0.173,2.078,10.108,10.323,2058000000.0,0.0,60.7,1.223,1.223,3947000000.0,6452000000.0,21301000000.0,21301000000.0,502000000.0,0.107,0.215,0.445,0.155,54000000.0,1434000000.0,1.0,429307000.0,429307000,,49.617,11654000000.0,530000000.0,532000000.0,451000000.0,27.146,2828000000.0
13,RTN,MRY,2006-12-31,2006-12-31,2006-12-31,2020-04-01,-2514000000.0,25491000000.0,24822000000.0,9517000000.0,15974000000.0,0.794,24.967,-368000000.0,2460000000.0,2460000000.0,15977000000.0,1283000000.0,1.417,1.296,3965000000.0,687000000.0,3278000000.0,3965000000.0,1885000000.0,361000000.0,0.0,0.018,0.96,2159000000.0,2520000000.0,0.128,2520000000.0,2159000000.0,1887000000.0,2.9,2.85,2.9,11101000000.0,11194500000.0,11101000000.0,26297464000.0,12.0,10.436,2375000000.0,5.342,1.0,3730000000.0,0.189,11461000000.0,272000000.0,8820000000.0,10121750000.0,376000000.0,0.0,0.0,0.0,14390000000.0,6715000000.0,7675000000.0,23476464000.0,1258000000.0,-87000000.0,-183000000.0,-437000000.0,-420000000.0,-1034000000.0,-451000000.0,0.0,2743000000.0,0.0,1283000000.0,1283000000.0,1283000000.0,-96000000.0,0.0,0.065,1786000000.0,1944000000.0,910000000.0,0.331,2.115,18.298,18.207,2025000000.0,0.0,52.8,1.191,1.191,3741000000.0,4329000000.0,19707000000.0,19707000000.0,464000000.0,0.052,0.115,0.213,0.11,-31000000.0,1322000000.0,1.0,444630000.0,444630000,,44.322,14030000000.0,427000000.0,604000000.0,0.0,31.554,2802000000.0
14,RTN,MRY,2005-12-31,2005-12-31,2005-12-31,2020-04-01,-1950000000.0,24381000000.0,24256000000.0,8313000000.0,16068000000.0,0.762,23.972,-362000000.0,1202000000.0,1202000000.0,15214000000.0,871000000.0,1.343,1.277,4456000000.0,487000000.0,3969000000.0,4456000000.0,1678000000.0,348000000.0,0.0,0.022,0.88,1644000000.0,1992000000.0,0.108,1992000000.0,1644000000.0,1339000000.0,1.95,1.92,1.95,10709000000.0,10576250000.0,10709000000.0,22165928450.0,13.0,11.127,2153000000.0,4.82,1.0,3277000000.0,0.177,11554000000.0,305000000.0,9893000000.0,10982000000.0,460000000.0,0.0,0.0,0.0,13672000000.0,6188000000.0,7484000000.0,17935928450.0,646000000.0,-125000000.0,-368000000.0,-617000000.0,-387000000.0,-1433000000.0,-436000000.0,0.0,2515000000.0,0.0,871000000.0,871000000.0,871000000.0,27000000.0,0.0,0.047,1658000000.0,1619000000.0,813000000.0,0.451,1.675,20.592,20.59,2136000000.0,0.0,40.15,0.97,0.97,3668000000.0,3475000000.0,18491000000.0,18491000000.0,430000000.0,0.036,0.082,0.15,0.089,0.0,1228000000.0,1.0,446723000.0,446723000,,41.393,12827000000.0,355000000.0,468000000.0,59000000.0,28.714,2125000000.0
15,RTN,MRY,2004-12-31,2004-12-31,2004-12-31,2020-04-01,-1919000000.0,24153000000.0,24054000000.0,7124000000.0,17029000000.0,0.741,23.34,-413000000.0,556000000.0,556000000.0,14909000000.0,417000000.0,1.262,1.289,5153000000.0,516000000.0,4637000000.0,5153000000.0,1900000000.0,349000000.0,0.0,0.047,1.831,944000000.0,1293000000.0,0.073,1293000000.0,944000000.0,526000000.0,0.95,0.94,0.95,10551000000.0,9985000000.0,10551000000.0,22932412140.0,24.0,17.736,1658000000.0,3.668,1.0,2916000000.0,0.164,11516000000.0,418000000.0,11590000000.0,13432750000.0,1745000000.0,0.0,0.0,0.0,13602000000.0,5644000000.0,7958000000.0,17553412140.0,-105000000.0,-69000000.0,959000000.0,-2256000000.0,-349000000.0,-1644000000.0,-532000000.0,0.0,2071000000.0,0.0,417000000.0,417000000.0,417000000.0,-2000000.0,0.0,0.023,1615000000.0,1301000000.0,867000000.0,1.927,1.664,42.095,40.874,2738000000.0,0.0,38.83,0.985,0.985,3992000000.0,2998000000.0,17825000000.0,17825000000.0,413000000.0,0.017,0.042,0.07,0.053,0.0,1202000000.0,1.0,452058000.0,452058000,,39.431,12637000000.0,540000000.0,109000000.0,0.0,27.954,1480000000.0
16,RTN,MRY,2003-12-31,2003-12-31,2003-12-31,2020-04-01,-2194000000.0,24208000000.0,24152250000.0,7125000000.0,17083000000.0,0.75,22.012,-501000000.0,661000000.0,661000000.0,15045000000.0,365000000.0,1.649,1.642,7391000000.0,15000000.0,7376000000.0,7391000000.0,1578000000.0,393000000.0,0.0,0.027,0.8,1129000000.0,1522000000.0,0.084,1522000000.0,1129000000.0,592000000.0,0.88,0.88,0.88,9162000000.0,9070750000.0,9162000000.0,19561441687.0,17.0,12.852,1533000000.0,3.683,1.0,3064000000.0,0.169,11479000000.0,537000000.0,15137000000.0,15396250000.0,1998000000.0,0.0,0.0,0.0,15046000000.0,4322000000.0,10724000000.0,12503441687.0,117000000.0,51000000.0,87000000.0,-965000000.0,-331000000.0,-1209000000.0,-708000000.0,-125000000.0,2034000000.0,0.0,365000000.0,365000000.0,365000000.0,170000000.0,0.0,0.02,1748000000.0,1316000000.0,833000000.0,0.909,1.365,34.256,34.136,2711000000.0,0.0,30.04,0.69,0.69,3787000000.0,2937000000.0,18109000000.0,18109000000.0,487000000.0,0.015,0.04,0.073,0.062,0.0,1261000000.0,1.0,416226421.0,416226421,,43.508,12729000000.0,803000000.0,227000000.0,0.0,30.582,2803000000.0
17,RTN,MRY,2002-12-31,2002-12-31,2002-12-31,2020-04-01,-2180000000.0,23946000000.0,24953000000.0,7190000000.0,16756000000.0,0.672,21.853,-585000000.0,544000000.0,544000000.0,13358000000.0,-640000000.0,1.408,1.7,8291000000.0,1153000000.0,7138000000.0,8291000000.0,0.0,364000000.0,0.0,0.026,0.8,177000000.0,541000000.0,0.032,541000000.0,177000000.0,-320000000.0,-1.59,-1.57,-1.59,8870000000.0,10307500000.0,8870000000.0,18726056000.0,106.0,34.614,-934000000.0,-2.301,1.0,3402000000.0,0.203,11170000000.0,497000000.0,15416000000.0,14955250000.0,2032000000.0,0.0,0.0,0.0,15076000000.0,5107000000.0,9969000000.0,12481056000.0,-670000000.0,1156000000.0,222000000.0,-891000000.0,-321000000.0,-990000000.0,669000000.0,0.0,-349000000.0,0.0,-640000000.0,-640000000.0,-640000000.0,887000000.0,0.0,-0.038,1619000000.0,1783000000.0,776000000.0,-0.503,1.407,-19.502,-19.34,2396000000.0,0.0,30.75,0.745,0.745,3691000000.0,2904000000.0,16760000000.0,16760000000.0,449000000.0,-0.026,-0.062,0.012,0.011,0.0,1170000000.0,1.0,405888000.0,405888000,,41.292,12776000000.0,882000000.0,320000000.0,0.0,31.477,2083000000.0
18,RTN,MRY,2001-12-31,2001-12-31,2001-12-31,2020-04-01,-212000000.0,26773000000.0,26704500000.0,9647000000.0,17126000000.0,0.6,31.446,-601000000.0,1214000000.0,1214000000.0,13664000000.0,-755000000.0,1.659,1.352,8237000000.0,1363000000.0,6874000000.0,8237000000.0,0.0,677000000.0,0.0,0.025,0.8,39000000.0,716000000.0,0.045,716000000.0,39000000.0,-657000000.0,-2.12,-2.09,-2.12,11381000000.0,10870750000.0,11381000000.0,20518574870.0,526.0,28.657,-446000000.0,-1.232,1.0,2353000000.0,0.147,11358000000.0,696000000.0,16623000000.0,17291250000.0,2177000000.0,0.0,0.0,0.0,15392000000.0,5815000000.0,9577000000.0,11751574870.0,343000000.0,266000000.0,1451000000.0,-1770000000.0,-281000000.0,235000000.0,-47000000.0,-175000000.0,155000000.0,0.0,-755000000.0,-755000000.0,-755000000.0,757000000.0,0.0,-0.047,1587000000.0,766000000.0,910000000.0,-0.377,1.033,-15.565,-15.316,2196000000.0,0.0,32.47,0.734,0.734,3684000000.0,3867000000.0,16017000000.0,16017000000.0,456000000.0,-0.028,-0.069,0.002,0.002,0.0,1131000000.0,1.0,361921000.0,361921000,,44.256,15415000000.0,620000000.0,98000000.0,563000000.0,42.592,3832000000.0
19,RTN,MRY,2000-12-31,2000-12-31,2000-12-31,2020-04-01,-106000000.0,26777000000.0,26888250000.0,8013000000.0,18764000000.0,0.588,31.841,-491000000.0,871000000.0,871000000.0,12613000000.0,138000000.0,1.647,1.474,9931000000.0,877000000.0,9054000000.0,9931000000.0,0.0,642000000.0,0.0,0.026,0.8,1254000000.0,1896000000.0,0.12,1896000000.0,1254000000.0,493000000.0,0.41,0.4,0.41,10823000000.0,10739500000.0,10823000000.0,20407604600.0,16.0,10.764,489000000.0,1.439,1.0,3204000000.0,0.203,13281000000.0,761000000.0,17691000000.0,18012000000.0,1908000000.0,0.0,0.0,0.0,15954000000.0,4865000000.0,11089000000.0,10557604600.0,641000000.0,403000000.0,4000000.0,144000000.0,-272000000.0,-126000000.0,-213000000.0,-92000000.0,980000000.0,0.0,138000000.0,138000000.0,138000000.0,339000000.0,0.0,0.009,1624000000.0,1580000000.0,1099000000.0,1.951,0.975,76.504,75.756,2491000000.0,0.0,31.06,0.667,0.667,4566000000.0,4831000000.0,15817000000.0,15817000000.0,507000000.0,0.005,0.013,0.07,0.079,0.0,1117000000.0,1.0,339910000.0,339910000,,46.533,13496000000.0,476000000.0,355000000.0,773000000.0,39.705,3148000000.0
20,RTN,MRY,1999-12-31,1999-12-31,1999-12-31,2020-04-01,-69000000.0,27289000000.0,28330250000.0,8602000000.0,18687000000.0,0.607,32.382,-532000000.0,230000000.0,230000000.0,13684000000.0,404000000.0,1.206,1.49,9769000000.0,2471000000.0,7298000000.0,9769000000.0,0.0,699000000.0,0.0,0.03,0.8,1503000000.0,2202000000.0,0.128,2202000000.0,1503000000.0,800000000.0,1.2,1.19,1.2,10959000000.0,10994250000.0,10959000000.0,19283568000.0,13.0,8.757,-849000000.0,-2.509,1.0,3517000000.0,0.204,13596000000.0,703000000.0,16099000000.0,16633000000.0,1950000000.0,0.0,0.0,0.0,16330000000.0,7133000000.0,9197000000.0,8988568000.0,-191000000.0,251000000.0,14000000.0,781000000.0,-269000000.0,525000000.0,-399000000.0,-116000000.0,-317000000.0,0.0,404000000.0,404000000.0,404000000.0,45000000.0,0.0,0.023,1925000000.0,1592000000.0,1204000000.0,0.667,0.82,22.249,22.133,2387000000.0,0.0,26.56,0.523,0.523,5167000000.0,4963000000.0,17201000000.0,17201000000.0,508000000.0,0.014,0.037,0.09,0.087,0.0,1417000000.0,1.0,338425000.0,338425000,,50.827,13693000000.0,490000000.0,396000000.0,488000000.0,40.461,1469000000.0
21,RTN,MRY,1998-12-31,1998-12-31,1998-12-31,2020-04-01,-50000000.0,28232000000.0,28815750000.0,8965000000.0,19267000000.0,0.603,32.041,181000000.0,421000000.0,421000000.0,12973000000.0,844000000.0,1.275,1.615,8990000000.0,827000000.0,8163000000.0,8990000000.0,0.0,734000000.0,0.0,0.015,0.8,2229000000.0,2963000000.0,0.171,2963000000.0,2229000000.0,1532000000.0,2.5,2.47,2.5,10797000000.0,10654500000.0,10797000000.0,27865705750.0,13.0,9.405,1175000000.0,3.487,1.0,4391000000.0,0.253,14396000000.0,697000000.0,15373000000.0,25357500000.0,1991000000.0,0.0,0.0,0.0,17435000000.0,7032000000.0,10403000000.0,17943705750.0,125000000.0,652000000.0,-144000000.0,-1061000000.0,-271000000.0,-1486000000.0,617000000.0,-174000000.0,994000000.0,0.0,844000000.0,844000000.0,844000000.0,175000000.0,0.0,0.049,2132000000.0,2259000000.0,2071000000.0,0.32,1.662,21.26,21.3,2275000000.0,0.0,53.25,1.033,1.033,5477000000.0,4829000000.0,17364000000.0,17364000000.0,582000000.0,0.029,0.079,0.088,0.128,0.0,1550000000.0,1.0,336971000.0,336971000,,51.53,13836000000.0,840000000.0,688000000.0,561000000.0,41.06,1933000000.0
22,RTN,MRY,1997-12-31,1997-12-31,1997-12-31,2020-04-01,-23000000.0,28520000000.0,19859000000.0,9155000000.0,19365000000.0,0.684,43.947,-390000000.0,296000000.0,296000000.0,10929000000.0,511000000.0,0.819,1.746,10062000000.0,5656000000.0,4406000000.0,10062000000.0,0.0,457000000.0,0.0,0.02,1.0,1125000000.0,1582000000.0,0.116,1582000000.0,1125000000.0,766000000.0,2.14,2.11,2.14,10386000000.0,6249080500.0,10386000000.0,18228183754.0,16.0,11.522,654000000.0,2.767,1.0,2664000000.0,0.196,13836000000.0,359000000.0,13274000000.0,11753500000.0,2038000000.0,0.0,0.0,0.0,18134000000.0,11176000000.0,6958000000.0,11934705754.0,159000000.0,-2382000000.0,-50000000.0,2292000000.0,-189000000.0,2053000000.0,-2937000000.0,-81000000.0,1044000000.0,-1000000.0,511000000.0,511000000.0,511000000.0,0.0,0.0,0.038,1604000000.0,1060000000.0,1844000000.0,0.467,1.149,23.356,23.598,2891000000.0,0.0,50.5,0.878,0.878,5417000000.0,4255000000.0,13593000000.0,13593000000.0,415000000.0,0.026,0.082,0.096,0.083,0.0,1189000000.0,1.0,236330807.0,236330807,,57.517,14684000000.0,1265000000.0,255000000.0,786000000.0,62.133,-2021000000.0
23,RTN,MRY,1996-12-31,1996-12-31,1996-12-31,2020-04-01,0.0,11198000000.0,11215639500.0,5528000000.0,5670000000.0,1.093,19.48,-390000000.0,0.0,0.0,9721000000.0,757000000.0,1.178,1.435,3727000000.0,2227000000.0,1500000000.0,3727000000.0,0.0,369000000.0,0.0,0.016,0.788,1231000000.0,1600000000.0,0.131,1600000000.0,1231000000.0,1077000000.0,3.2,3.15,3.2,4598000000.0,4432666750.0,4598000000.0,15631208643.0,13.0,9.77,-99000000.0,-0.419,1.0,2536000000.0,0.207,0.0,154000000.0,10233000000.0,8449366750.0,1591000000.0,0.0,0.0,0.0,6600000000.0,4692000000.0,1908000000.0,11358037643.0,-72000000.0,-517000000.0,-249000000.0,1011000000.0,-190000000.0,575000000.0,-938000000.0,0.0,291000000.0,0.0,757000000.0,757000000.0,757000000.0,0.0,0.0,0.062,1344000000.0,1192000000.0,1126000000.0,0.246,2.47,15.004,15.037,1802000000.0,0.0,48.12,0.927,0.927,0.0,4066000000.0,12257000000.0,12257000000.0,323000000.0,0.067,0.171,0.146,0.1,0.0,1021000000.0,1.0,236035695.0,236035695,,51.929,11198000000.0,318000000.0,320000000.0,158000000.0,47.442,836000000.0
24,RTN,MRY,1995-12-31,1995-12-31,1995-12-31,2020-04-01,0.0,9840944000.0,9480405250.0,5275218000.0,4565726000.0,1.245,17.708,-267000000.0,210284000.0,210284000.0,9159000000.0,792000000.0,1.429,1.293,2703774000.0,1216039000.0,1487735000.0,2703774000.0,0.0,371000000.0,0.0,0.016,0.75,1388000000.0,1759000000.0,0.149,1759000000.0,1388000000.0,1191000000.0,3.26,3.23,3.26,4291964000.0,4163937750.0,4291964000.0,14788794000.0,11.0,8.408,908000000.0,3.746,1.0,2645000000.0,0.224,0.0,197000000.0,8644011000.0,7911252000.0,1502983000.0,0.0,0.0,0.0,5548980000.0,3690423000.0,1858557000.0,11452077000.0,8000000.0,-1882000000.0,-261000000.0,1603000000.0,-182000000.0,1155000000.0,-2323000000.0,0.0,1175000000.0,1000000.0,792000000.0,792000000.0,792000000.0,0.0,0.0,0.067,1527000000.0,1118000000.0,1041848000.0,0.23,2.668,14.46,14.494,1584035000.0,0.0,47.25,0.97,0.97,926800000.0,3787495000.0,11804000000.0,11804000000.0,316000000.0,0.084,0.19,0.175,0.118,0.0,1086000000.0,1.0,242372000.0,242372000,,48.702,9840944000.0,196711000.0,399000000.0,100797000.0,40.603,1584795000.0
25,RTN,MRY,1994-12-31,1994-12-31,1994-12-31,2020-04-01,0.0,7395394000.0,7259006250.0,4985491000.0,2409903000.0,1.391,14.927,-267100000.0,202181000.0,202181000.0,7769882000.0,596876000.0,1.519,0.883,1057603000.0,1033081000.0,24522000.0,1057603000.0,0.0,304166000.0,0.0,0.023,0.725,948443000.0,1252609000.0,0.124,1252609000.0,948443000.0,899939000.0,2.26,2.24,2.26,3928168000.0,4177742750.0,3928168000.0,8177980000.0,9.0,6.529,890759000.0,3.385,1.0,2327780000.0,0.231,0.0,48504000.0,4967751000.0,4344307500.0,1499458000.0,0.0,0.0,0.0,3467226000.0,3283065000.0,184161000.0,8405011000.0,10817000.0,-151209000.0,-766524000.0,158983000.0,-192681000.0,-804344000.0,-342962000.0,85113000.0,1157859000.0,264000.0,596876000.0,596876000.0,596876000.0,0.0,0.0,0.059,1431677000.0,896103000.0,894911000.0,0.321,2.14,14.082,14.133,1360780000.0,0.0,31.94,0.832,0.832,976278000.0,3481519000.0,10097662000.0,10097662000.0,269613000.0,0.082,0.143,0.218,0.094,0.0,912313000.0,1.0,263150000.0,263150000,,38.372,7395394000.0,165615000.0,303063000.0,134571000.0,28.103,1702426000.0
26,RTN,MRY,1993-12-31,1993-12-31,1993-12-31,2020-04-01,0.0,7257712000.0,,4609243000.0,2648469000.0,,15.909,-219615000.0,190231000.0,190231000.0,7174279000.0,692991000.0,1.584,0.689,24376000.0,0.0,24376000.0,24376000.0,0.0,296415000.0,0.0,0.016,0.525,1079214000.0,1375629000.0,0.15,1375629000.0,1079214000.0,1047347000.0,2.56,2.53,2.56,4297860000.0,,4297860000.0,,,,730442000.0,2.704,1.0,2026918000.0,0.22,0.0,31867000.0,4182077000.0,,1500393000.0,0.0,0.0,0.0,2959852000.0,2909780000.0,50072000.0,8914929606.0,101391000.0,-566400000.0,-45432000.0,165513000.0,-189827000.0,-76915000.0,-772094000.0,0.0,950057000.0,343000.0,692991000.0,692991000.0,692991000.0,0.0,0.0,0.075,1106999000.0,919919000.0,1688363000.0,0.205,2.074,12.864,12.891,1422086000.0,0.0,33.0,0.969,0.969,727713000.0,,9201197000.0,9201197000.0,279448000.0,,,,0.117,0.0,827551000.0,1.0,270149382.0,270149382,,34.06,7257712000.0,0.0,354356000.0,113472000.0,26.866,1699463000.0
0,RTN,MRQ,2019-12-31,2019-12-31,2019-12-31,2020-04-01,-9260000000.0,34566000000.0,,13082000000.0,21484000000.0,,43.892,-283000000.0,4292000000.0,4292000000.0,5832000000.0,881000000.0,1.336,1.828,5466000000.0,1499000000.0,3967000000.0,5466000000.0,0.0,159000000.0,0.0,0.013,0.943,1116000000.0,1275000000.0,0.163,1275000000.0,1116000000.0,1070000000.0,3.17,3.16,3.17,12223000000.0,,12223000000.0,63996975460.0,15.0,13.372,2508000000.0,9.006,1.0,2010000000.0,0.256,14882000000.0,46000000.0,11067000000.0,,671000000.0,0.0,0.0,0.0,22343000000.0,9791000000.0,12552000000.0,61192975460.0,1636000000.0,0.0,-2000000.0,0.0,-263000000.0,-858000000.0,-297000000.0,0.0,2791000000.0,0.0,885000000.0,885000000.0,885000000.0,-2000000.0,-4000000.0,0.113,731000000.0,1279000000.0,1796000000.0,0.297,5.006,18.305,18.404,4228000000.0,0.0,219.74,2.097,2.097,1364000000.0,21480000000.0,7842000000.0,7842000000.0,0.0,,,,,62000000.0,731000000.0,1.0,278479000.0,278479000,,28.16,19684000000.0,0.0,185000000.0,0.0,70.684,3291000000.0
1,RTN,MRQ,2019-09-30,2019-09-29,2019-09-29,2020-04-01,-8042000000.0,32817000000.0,,12029000000.0,20788000000.0,,46.608,-236000000.0,2646000000.0,2646000000.0,5499000000.0,860000000.0,1.539,1.528,5450000000.0,500000000.0,4950000000.0,5450000000.0,0.0,155000000.0,0.0,0.019,0.943,1080000000.0,1235000000.0,0.166,1235000000.0,1080000000.0,1035000000.0,3.08,3.08,3.08,12982000000.0,,12982000000.0,58062967680.0,14.0,12.516,1041000000.0,3.737,1.0,1947000000.0,0.261,14881000000.0,45000000.0,12925000000.0,,802000000.0,0.0,0.0,0.0,19835000000.0,7815000000.0,12020000000.0,54458967680.0,476000000.0,0.0,-1000000.0,-300000000.0,-263000000.0,-564000000.0,-237000000.0,0.0,1277000000.0,0.0,860000000.0,860000000.0,860000000.0,1000000.0,0.0,0.115,741000000.0,1206000000.0,1470000000.0,0.306,4.195,16.553,16.711,3958000000.0,0.0,195.52,1.898,1.898,1473000000.0,20987000000.0,7446000000.0,7446000000.0,0.0,,,,,31000000.0,741000000.0,1.0,278534000.0,278534000,,26.733,17936000000.0,0.0,175000000.0,0.0,64.394,4214000000.0
2,RTN,MRQ,2019-06-30,2019-06-30,2019-06-30,2020-04-01,-8182000000.0,32186000000.0,,11526000000.0,20660000000.0,,43.606,-179000000.0,2173000000.0,2173000000.0,5205000000.0,813000000.0,1.464,1.637,5777000000.0,800000000.0,4977000000.0,5777000000.0,0.0,151000000.0,0.0,0.02,0.942,1014000000.0,1165000000.0,0.163,1165000000.0,1014000000.0,969000000.0,2.92,2.92,2.92,12204000000.0,,12204000000.0,52278969480.0,14.0,12.356,644000000.0,2.301,1.0,1954000000.0,0.273,14882000000.0,45000000.0,13037000000.0,,932000000.0,0.0,0.0,0.0,19982000000.0,7871000000.0,12111000000.0,48663969480.0,81000000.0,0.0,-300000000.0,0.0,-265000000.0,-565000000.0,-177000000.0,0.0,823000000.0,0.0,817000000.0,817000000.0,817000000.0,0.0,-4000000.0,0.114,778000000.0,1176000000.0,1368000000.0,0.323,3.988,15.831,15.996,3870000000.0,0.0,173.88,1.735,1.735,1607000000.0,20383000000.0,7159000000.0,7159000000.0,0.0,,,,,32000000.0,778000000.0,1.0,279871000.0,279871000,,25.58,17304000000.0,0.0,152000000.0,0.0,61.828,3655000000.0
3,RTN,MRQ,2019-03-31,2019-03-31,2019-03-31,2020-04-01,-8399000000.0,31576000000.0,,10956000000.0,20620000000.0,,41.483,-284000000.0,2093000000.0,2093000000.0,4877000000.0,775000000.0,1.427,1.697,5708000000.0,800000000.0,4908000000.0,5708000000.0,0.0,140000000.0,0.0,0.019,0.0,971000000.0,1111000000.0,0.165,1111000000.0,971000000.0,927000000.0,2.77,2.77,2.77,11708000000.0,,11708000000.0,52837077120.0,15.0,12.925,-695000000.0,-2.462,1.0,1852000000.0,0.275,14882000000.0,44000000.0,12629000000.0,,882000000.0,0.0,0.0,0.0,19868000000.0,7680000000.0,12188000000.0,51390077120.0,-1519000000.0,-8000000.0,-566000000.0,0.0,-245000000.0,-816000000.0,-292000000.0,0.0,-411000000.0,0.0,781000000.0,781000000.0,781000000.0,0.0,-6000000.0,0.116,739000000.0,1113000000.0,1361000000.0,0.0,4.389,16.811,16.969,3715000000.0,0.0,182.08,1.867,1.867,1424000000.0,20104000000.0,6729000000.0,6729000000.0,0.0,,,,,59000000.0,739000000.0,1.0,282239000.0,282239000,,23.841,16694000000.0,0.0,146000000.0,0.0,59.148,3276000000.0
4,RTN,MRQ,2018-12-31,2018-12-31,2018-12-31,2020-04-01,-8618000000.0,32670000000.0,,12137000000.0,20533000000.0,,40.312,-231000000.0,3608000000.0,3608000000.0,5393000000.0,827000000.0,1.434,1.848,5702000000.0,300000000.0,5402000000.0,5702000000.0,0.0,151000000.0,0.0,0.028,1.736,977000000.0,1128000000.0,0.153,1128000000.0,977000000.0,931000000.0,2.93,2.92,2.93,11472000000.0,,11472000000.0,46619882950.0,14.0,11.878,2201000000.0,7.734,1.0,1967000000.0,0.267,14864000000.0,46000000.0,11437000000.0,,758000000.0,0.0,0.0,0.0,21198000000.0,8463000000.0,12735000000.0,43639882950.0,1539000000.0,0.0,-402000000.0,0.0,-247000000.0,-649000000.0,-244000000.0,0.0,2432000000.0,0.0,832000000.0,832000000.0,832000000.0,1000000.0,-5000000.0,0.113,753000000.0,1214000000.0,1964000000.0,0.592,3.804,15.002,15.094,3645000000.0,0.0,153.35,1.613,1.613,1648000000.0,20087000000.0,7360000000.0,7360000000.0,0.0,,,,,28000000.0,753000000.0,1.0,284577000.0,284577000,,25.863,17806000000.0,0.0,99000000.0,0.0,62.57,3674000000.0
5,RTN,MRQ,2018-09-30,2018-09-30,2018-09-30,2020-04-01,-8413000000.0,30134000000.0,,10635000000.0,19499000000.0,,39.648,-194000000.0,2073000000.0,2073000000.0,4871000000.0,641000000.0,1.486,1.664,5053000000.0,300000000.0,4753000000.0,5053000000.0,0.0,143000000.0,0.0,0.016,0.868,684000000.0,827000000.0,0.122,827000000.0,684000000.0,639000000.0,2.25,2.25,2.25,11310000000.0,,11310000000.0,60909831600.0,19.0,15.887,-638000000.0,-2.237,1.0,1935000000.0,0.284,14865000000.0,45000000.0,11093000000.0,,804000000.0,0.0,0.0,0.0,18824000000.0,7156000000.0,11668000000.0,58951831600.0,-1017000000.0,0.0,-125000000.0,0.0,-248000000.0,-373000000.0,-200000000.0,0.0,-444000000.0,0.0,644000000.0,644000000.0,644000000.0,0.0,-3000000.0,0.095,752000000.0,1183000000.0,1392000000.0,0.386,5.212,23.867,24.058,2639000000.0,0.0,206.66,2.226,2.226,1527000000.0,19720000000.0,6806000000.0,6806000000.0,0.0,,,,,36000000.0,752000000.0,1.0,285260000.0,285260000,,23.859,15269000000.0,0.0,-5000000.0,0.0,53.527,3479000000.0
6,RTN,MRQ,2018-06-30,2018-07-01,2018-07-01,2020-04-01,-8863000000.0,30738000000.0,,11315000000.0,19423000000.0,,36.926,-163000000.0,3094000000.0,3094000000.0,4777000000.0,791000000.0,1.613,1.898,5052000000.0,300000000.0,4752000000.0,5052000000.0,0.0,139000000.0,0.0,0.013,0.868,883000000.0,1022000000.0,0.154,1022000000.0,883000000.0,837000000.0,2.78,2.78,2.78,10607000000.0,,10607000000.0,57793955000.0,17.0,14.402,993000000.0,3.457,1.0,1848000000.0,0.279,14865000000.0,46000000.0,10814000000.0,,725000000.0,0.0,0.0,0.0,20131000000.0,7017000000.0,13114000000.0,55490955000.0,333000000.0,11000000.0,-419000000.0,0.0,-250000000.0,-669000000.0,-154000000.0,0.0,1156000000.0,0.0,800000000.0,800000000.0,800000000.0,-1000000.0,-9000000.0,0.121,748000000.0,1100000000.0,1380000000.0,0.312,5.232,23.141,23.247,2554000000.0,0.0,193.18,2.138,2.138,1317000000.0,19467000000.0,6625000000.0,6625000000.0,0.0,,,,,38000000.0,748000000.0,1.0,287250000.0,287250000,,23.064,15873000000.0,0.0,37000000.0,0.0,55.258,4298000000.0
7,RTN,MRQ,2018-03-31,2018-04-01,2018-04-01,2020-04-01,-9095000000.0,30497000000.0,,10960000000.0,19537000000.0,,35.483,-231000000.0,2748000000.0,2748000000.0,4532000000.0,623000000.0,1.617,1.979,5051000000.0,300000000.0,4751000000.0,5051000000.0,0.0,135000000.0,0.0,0.015,0.798,813000000.0,948000000.0,0.151,948000000.0,813000000.0,766000000.0,2.2,2.19,2.2,10237000000.0,,10237000000.0,64212364920.0,19.0,16.26,53000000.0,0.184,1.0,1735000000.0,0.277,14871000000.0,47000000.0,11150000000.0,,640000000.0,0.0,0.0,0.0,20260000000.0,6779000000.0,13481000000.0,62265364920.0,-346000000.0,0.0,-472000000.0,0.0,-230000000.0,-707000000.0,77000000.0,309000000.0,284000000.0,0.0,633000000.0,633000000.0,633000000.0,1000000.0,-10000000.0,0.101,694000000.0,1041000000.0,1255000000.0,0.363,6.082,28.947,29.047,2478000000.0,0.0,215.82,2.431,2.431,1639000000.0,19329000000.0,6267000000.0,6267000000.0,0.0,,,,,63000000.0,694000000.0,1.0,288506000.0,288506000,,21.722,15626000000.0,0.0,133000000.0,0.0,54.162,4181000000.0
8,RTN,MRQ,2017-12-31,2017-12-31,2017-12-31,2020-04-01,-7935000000.0,30860000000.0,,11326000000.0,19534000000.0,,34.464,-224000000.0,3103000000.0,3103000000.0,4985000000.0,387000000.0,1.541,2.097,5050000000.0,300000000.0,4750000000.0,5050000000.0,0.0,149000000.0,0.0,0.013,0.798,888000000.0,1037000000.0,0.153,1037000000.0,888000000.0,840000000.0,1.36,1.35,1.36,9963000000.0,,9963000000.0,57042992950.0,17.0,14.653,1399000000.0,4.839,1.0,1798000000.0,0.265,14871000000.0,48000000.0,10588000000.0,,594000000.0,297000000.0,297000000.0,0.0,20897000000.0,7348000000.0,13549000000.0,54304992950.0,792000000.0,0.0,-101000000.0,0.0,-231000000.0,-332000000.0,-499000000.0,-297000000.0,1623000000.0,0.0,393000000.0,393000000.0,393000000.0,0.0,-6000000.0,0.058,698000000.0,1100000000.0,1519000000.0,0.587,5.451,26.831,26.99,2439000000.0,0.0,187.85,2.142,2.142,1324000000.0,17895000000.0,6783000000.0,6783000000.0,0.0,,,,,46000000.0,698000000.0,1.0,289087000.0,289087000,,23.464,15989000000.0,0.0,447000000.0,0.0,55.309,3978000000.0
9,RTN,MRQ,2017-09-30,2017-10-01,2017-10-01,2020-04-01,-7075000000.0,30278000000.0,,10778000000.0,19500000000.0,,37.406,-158000000.0,2311000000.0,2311000000.0,4468000000.0,567000000.0,1.66,1.789,5049000000.0,300000000.0,4749000000.0,5049000000.0,0.0,138000000.0,0.0,0.016,0.0,868000000.0,1006000000.0,0.16,1006000000.0,868000000.0,820000000.0,1.97,1.97,1.97,10857000000.0,,10857000000.0,57034658420.0,17.0,14.703,223000000.0,0.768,1.0,1816000000.0,0.289,14878000000.0,48000000.0,11646000000.0,,693000000.0,0.0,0.0,0.0,19421000000.0,6492000000.0,12929000000.0,54154658420.0,148000000.0,-54000000.0,-205000000.0,0.0,-232000000.0,-437000000.0,204000000.0,417000000.0,381000000.0,0.0,572000000.0,572000000.0,572000000.0,1000000.0,-5000000.0,0.091,688000000.0,1128000000.0,1347000000.0,0.0,4.988,24.773,24.911,2248000000.0,0.0,186.58,2.18,2.18,1393000000.0,17929000000.0,6284000000.0,6284000000.0,0.0,,,,,35000000.0,688000000.0,1.0,290249000.0,290249000,,21.65,15400000000.0,0.0,248000000.0,0.0,53.058,4286000000.0
10,RTN,MRQ,2017-06-30,2017-07-02,2017-07-02,2020-04-01,-6994000000.0,30229000000.0,,10937000000.0,19292000000.0,,37.155,-92000000.0,2167000000.0,2167000000.0,4521000000.0,547000000.0,1.66,1.795,5047000000.0,300000000.0,4747000000.0,5047000000.0,0.0,133000000.0,0.0,0.019,1.596,825000000.0,958000000.0,0.153,958000000.0,825000000.0,774000000.0,1.9,1.89,1.9,10815000000.0,,10815000000.0,50153629520.0,15.0,13.047,690000000.0,2.371,1.0,1760000000.0,0.28,14827000000.0,51000000.0,11695000000.0,,581000000.0,410000000.0,410000000.0,0.0,19414000000.0,6587000000.0,12827000000.0,47002629520.0,-12000000.0,0.0,-141000000.0,-291000000.0,-232000000.0,-702000000.0,-92000000.0,0.0,782000000.0,0.0,553000000.0,553000000.0,553000000.0,0.0,-6000000.0,0.088,705000000.0,1055000000.0,1278000000.0,0.84,4.346,21.781,21.94,2172000000.0,0.0,161.48,1.913,1.913,1560000000.0,17806000000.0,6281000000.0,6281000000.0,0.0,,,,,35000000.0,705000000.0,1.0,291074000.0,291074000,,21.579,15402000000.0,0.0,221000000.0,0.0,52.914,4350000000.0
11,RTN,MRQ,2017-03-31,2017-04-02,2017-04-02,2020-04-01,-7218000000.0,29869000000.0,,10515000000.0,19354000000.0,,35.455,-91000000.0,2186000000.0,2186000000.0,4366000000.0,500000000.0,1.667,1.876,5337000000.0,251000000.0,5086000000.0,5337000000.0,0.0,130000000.0,0.0,0.019,0.0,762000000.0,892000000.0,0.149,892000000.0,762000000.0,704000000.0,1.74,1.74,1.74,10384000000.0,,10384000000.0,46696200000.0,13.0,11.706,-132000000.0,-0.451,1.0,1634000000.0,0.272,14825000000.0,58000000.0,11888000000.0,,599000000.0,399000000.0,399000000.0,0.0,19485000000.0,6307000000.0,13178000000.0,44664200000.0,-1116000000.0,-39000000.0,-438000000.0,0.0,-215000000.0,-645000000.0,-430000000.0,-299000000.0,-41000000.0,0.0,506000000.0,506000000.0,506000000.0,-3000000.0,-6000000.0,0.084,686000000.0,948000000.0,1282000000.0,0.0,4.301,19.235,19.377,2146000000.0,0.0,152.5,1.836,1.836,1319000000.0,17599000000.0,6000000000.0,6000000000.0,0.0,,,,,57000000.0,686000000.0,1.0,292880000.0,292880000,,20.486,15044000000.0,0.0,198000000.0,0.0,51.366,4208000000.0
12,RTN,MRQ,2016-12-31,2016-12-31,2016-12-31,2020-04-01,-7411000000.0,30238000000.0,,10885000000.0,19353000000.0,,34.589,-225000000.0,3303000000.0,3303000000.0,4230000000.0,553000000.0,1.665,1.977,5335000000.0,0.0,5335000000.0,5335000000.0,0.0,138000000.0,0.0,0.025,1.466,885000000.0,1023000000.0,0.163,1023000000.0,885000000.0,827000000.0,1.88,1.87,1.88,10157000000.0,,10157000000.0,44689874000.0,13.0,11.566,916000000.0,3.119,1.0,2049000000.0,0.326,14788000000.0,58000000.0,10943000000.0,,608000000.0,100000000.0,100000000.0,0.0,20081000000.0,6539000000.0,13542000000.0,41697874000.0,961000000.0,0.0,-100000000.0,0.0,-215000000.0,-315000000.0,135000000.0,362000000.0,1141000000.0,0.0,555000000.0,555000000.0,555000000.0,0.0,-2000000.0,0.088,568000000.0,1481000000.0,1520000000.0,0.78,4.105,18.582,18.783,2166000000.0,0.0,142.0,1.728,1.728,1163000000.0,17565000000.0,6279000000.0,6279000000.0,0.0,,,,,31000000.0,568000000.0,1.0,293647000.0,293647000,,21.383,15450000000.0,0.0,272000000.0,0.0,52.614,4346000000.0
13,RTN,MRQ,2016-09-30,2016-10-02,2016-10-02,2020-04-01,-6856000000.0,29452000000.0,,10155000000.0,19297000000.0,,35.47,-104000000.0,2342000000.0,2342000000.0,4474000000.0,542000000.0,1.692,1.814,5334000000.0,0.0,5334000000.0,5334000000.0,2063000000.0,130000000.0,0.0,0.021,0.0,841000000.0,971000000.0,0.161,971000000.0,841000000.0,783000000.0,1.84,1.84,1.84,10467000000.0,,10467000000.0,43488282350.0,13.0,11.22,536000000.0,1.816,1.0,1540000000.0,0.256,14791000000.0,58000000.0,11652000000.0,,651000000.0,462000000.0,462000000.0,0.0,18985000000.0,6001000000.0,12984000000.0,40171282350.0,326000000.0,0.0,-202000000.0,0.0,-216000000.0,-418000000.0,104000000.0,223000000.0,640000000.0,0.0,544000000.0,544000000.0,544000000.0,-1000000.0,-2000000.0,0.09,710000000.0,830000000.0,1415000000.0,0.0,3.838,17.496,17.725,2053000000.0,0.0,136.13,1.657,1.657,6469000000.0,17320000000.0,6014000000.0,6014000000.0,0.0,,,,,31000000.0,710000000.0,1.0,295095000.0,295095000,,20.38,14661000000.0,0.0,239000000.0,0.0,49.682,4154000000.0
14,RTN,MRQ,2016-06-30,2016-07-03,2016-07-03,2020-04-01,-6899000000.0,29098000000.0,,9850000000.0,19248000000.0,,34.736,-101000000.0,2016000000.0,2016000000.0,4362000000.0,713000000.0,1.638,1.821,5333000000.0,0.0,5333000000.0,5333000000.0,2136000000.0,123000000.0,0.0,0.021,1.465,980000000.0,1103000000.0,0.183,1103000000.0,980000000.0,922000000.0,2.41,2.41,2.41,10316000000.0,,10316000000.0,43436843600.0,14.0,11.648,644000000.0,2.168,1.0,1667000000.0,0.276,14791000000.0,58000000.0,11610000000.0,,671000000.0,703000000.0,703000000.0,0.0,18782000000.0,6014000000.0,12768000000.0,40038843600.0,82000000.0,0.0,-260000000.0,0.0,-218000000.0,-568000000.0,-95000000.0,0.0,745000000.0,0.0,717000000.0,717000000.0,717000000.0,1000000.0,-4000000.0,0.119,695000000.0,972000000.0,1405000000.0,0.608,3.881,18.208,18.443,2028000000.0,0.0,134.82,1.667,1.667,6249000000.0,17212000000.0,6029000000.0,6029000000.0,0.0,,,,,35000000.0,695000000.0,1.0,296980000.0,296980000,,20.301,14307000000.0,0.0,205000000.0,0.0,48.175,3836000000.0
15,RTN,MRQ,2016-03-31,2016-04-03,2016-04-03,2020-04-01,-7050000000.0,28829000000.0,,9359000000.0,19470000000.0,,33.86,-161000000.0,1934000000.0,1934000000.0,4441000000.0,405000000.0,1.628,1.829,5332000000.0,0.0,5332000000.0,5332000000.0,2136000000.0,124000000.0,0.0,0.016,0.67,643000000.0,767000000.0,0.132,767000000.0,643000000.0,585000000.0,1.43,1.43,1.43,10124000000.0,,10124000000.0,39847523540.0,14.0,11.734,165000000.0,0.552,1.0,1361000000.0,0.235,14791000000.0,58000000.0,11687000000.0,,637000000.0,711000000.0,711000000.0,0.0,18519000000.0,5749000000.0,12770000000.0,36845523540.0,-394000000.0,-57000000.0,-434000000.0,0.0,-201000000.0,-629000000.0,-91000000.0,127000000.0,326000000.0,0.0,428000000.0,428000000.0,428000000.0,-1000000.0,-23000000.0,0.074,748000000.0,613000000.0,1304000000.0,0.469,3.639,18.543,18.814,2018000000.0,0.0,123.23,1.546,1.546,5882000000.0,17141000000.0,5802000000.0,5802000000.0,0.0,,,,,54000000.0,748000000.0,1.0,298998000.0,298998000,,19.405,14038000000.0,0.0,157000000.0,0.0,46.95,3610000000.0
16,RTN,MRQ,2015-12-31,2015-12-31,2015-12-31,2020-04-01,-7176000000.0,29281000000.0,,9812000000.0,19469000000.0,,33.637,-167000000.0,2328000000.0,2328000000.0,4842000000.0,607000000.0,1.602,1.871,5330000000.0,0.0,5330000000.0,5330000000.0,2193000000.0,136000000.0,0.0,0.021,0.67,899000000.0,1035000000.0,0.162,1035000000.0,899000000.0,841000000.0,2.0,2.0,2.0,10128000000.0,,10128000000.0,40376733940.0,13.0,11.282,659000000.0,2.189,1.0,1560000000.0,0.244,14731000000.0,58000000.0,11426000000.0,,635000000.0,872000000.0,872000000.0,0.0,18951000000.0,6126000000.0,12825000000.0,37495733940.0,-125000000.0,-62000000.0,-251000000.0,0.0,-202000000.0,-449000000.0,-502000000.0,-277000000.0,826000000.0,0.0,607000000.0,607000000.0,607000000.0,-13000000.0,0.0,0.095,678000000.0,882000000.0,1402000000.0,0.335,3.702,17.77,17.996,2005000000.0,0.0,124.53,1.608,1.608,5564000000.0,16903000000.0,6402000000.0,6402000000.0,0.0,,,,,22000000.0,678000000.0,1.0,301098000.0,301098000,,21.262,14550000000.0,0.0,234000000.0,0.0,48.323,3686000000.0
17,RTN,MRQ,2015-09-30,2015-09-27,2015-09-27,2020-04-01,-7024000000.0,29249000000.0,,9528000000.0,19721000000.0,,33.431,-81000000.0,2453000000.0,2453000000.0,4408000000.0,443000000.0,1.506,1.862,5334000000.0,0.0,5334000000.0,5334000000.0,2215000000.0,130000000.0,0.0,0.024,0.67,694000000.0,824000000.0,0.142,824000000.0,694000000.0,636000000.0,1.47,1.47,1.47,10148000000.0,,10148000000.0,35690194440.0,12.0,10.108,1020000000.0,3.36,1.0,1375000000.0,0.238,14681000000.0,58000000.0,11121000000.0,,619000000.0,608000000.0,608000000.0,0.0,18900000000.0,6328000000.0,12572000000.0,32185194440.0,625000000.0,0.0,-252000000.0,0.0,-204000000.0,-456000000.0,-20000000.0,52000000.0,1101000000.0,0.0,447000000.0,447000000.0,447000000.0,1000000.0,-4000000.0,0.077,678000000.0,697000000.0,1334000000.0,0.456,3.172,15.437,15.616,1934000000.0,0.0,106.03,1.396,1.396,5649000000.0,16552000000.0,5783000000.0,5783000000.0,0.0,,,,,26000000.0,678000000.0,1.0,303548000.0,303548000,,19.051,14568000000.0,0.0,189000000.0,0.0,47.992,3200000000.0
18,RTN,MRQ,2015-06-30,2015-06-28,2015-06-28,2020-04-01,-7095000000.0,28437000000.0,,8704000000.0,19733000000.0,,32.955,-86000000.0,1828000000.0,1828000000.0,4525000000.0,503000000.0,1.543,1.808,5333000000.0,0.0,5333000000.0,5333000000.0,1975000000.0,116000000.0,0.0,0.025,0.67,654000000.0,770000000.0,0.132,770000000.0,654000000.0,595000000.0,1.65,1.65,1.65,10056000000.0,,10056000000.0,32264836180.0,10.0,9.015,290000000.0,0.95,1.0,1323000000.0,0.226,14683000000.0,59000000.0,11618000000.0,,519000000.0,666000000.0,666000000.0,0.0,18182000000.0,5641000000.0,12541000000.0,29839836180.0,-1078000000.0,-1886000000.0,-256000000.0,0.0,-205000000.0,-96000000.0,-1358000000.0,598000000.0,376000000.0,0.0,505000000.0,505000000.0,505000000.0,-1000000.0,-2000000.0,0.086,675000000.0,648000000.0,1171000000.0,0.406,2.967,13.86,14.01,1929000000.0,0.0,97.79,1.311,1.311,5514000000.0,16314000000.0,5848000000.0,5848000000.0,0.0,,,,,12000000.0,675000000.0,1.0,305142000.0,305142000,,19.165,13754000000.0,0.0,90000000.0,103000000.0,45.074,3063000000.0
19,RTN,MRQ,2015-03-31,2015-03-29,2015-03-29,2020-04-01,-7353000000.0,27798000000.0,,10241000000.0,17557000000.0,,31.586,-64000000.0,2906000000.0,2906000000.0,3833000000.0,554000000.0,1.817,1.843,5331000000.0,0.0,5331000000.0,5331000000.0,1944000000.0,107000000.0,0.0,0.022,0.605,843000000.0,950000000.0,0.18,950000000.0,843000000.0,785000000.0,1.79,1.79,1.79,9707000000.0,,9707000000.0,35892017390.0,11.0,9.61,-8000000.0,-0.026,1.0,1455000000.0,0.275,13060000000.0,58000000.0,11528000000.0,,506000000.0,1234000000.0,1234000000.0,0.0,17892000000.0,5635000000.0,12257000000.0,33784017390.0,-316000000.0,-6000000.0,-340000000.0,0.0,-186000000.0,-508000000.0,136000000.0,237000000.0,56000000.0,0.0,551000000.0,551000000.0,551000000.0,0.0,3000000.0,0.104,615000000.0,840000000.0,1141000000.0,0.338,3.48,15.363,15.505,1906000000.0,0.0,109.93,1.494,1.494,5223000000.0,16017000000.0,5288000000.0,5288000000.0,0.0,,,,,33000000.0,615000000.0,1.0,307323000.0,307323000,,17.207,14738000000.0,0.0,234000000.0,346000000.0,47.956,4606000000.0
20,RTN,MRQ,2014-12-31,2014-12-31,2014-12-31,2020-04-01,-7458000000.0,27716000000.0,,10279000000.0,17437000000.0,,30.888,-158000000.0,3222000000.0,3222000000.0,4662000000.0,586000000.0,1.787,1.889,5325000000.0,0.0,5325000000.0,5325000000.0,2284000000.0,112000000.0,0.0,0.017,0.605,875000000.0,987000000.0,0.161,987000000.0,875000000.0,820000000.0,1.88,1.88,1.88,9525000000.0,,9525000000.0,35459166560.0,11.0,9.62,756000000.0,2.452,1.0,1481000000.0,0.241,13061000000.0,55000000.0,11006000000.0,,414000000.0,1497000000.0,1497000000.0,0.0,17995000000.0,5752000000.0,12243000000.0,33356166560.0,588000000.0,-427000000.0,-105000000.0,592000000.0,-184000000.0,307000000.0,-633000000.0,-33000000.0,914000000.0,0.0,582000000.0,582000000.0,582000000.0,-6000000.0,4000000.0,0.095,612000000.0,869000000.0,1250000000.0,0.322,3.502,14.865,15.045,1935000000.0,0.0,108.17,1.461,1.461,4985000000.0,15671000000.0,6143000000.0,6143000000.0,0.0,,,,,26000000.0,612000000.0,1.0,308368000.0,308368000,,19.921,14655000000.0,0.0,238000000.0,0.0,47.524,4527000000.0
21,RTN,MRQ,2014-09-30,2014-09-28,2014-09-28,2020-04-01,-4895000000.0,26307000000.0,,10285000000.0,16022000000.0,,37.925,-86000000.0,2634000000.0,2634000000.0,4171000000.0,519000000.0,1.727,1.218,4737000000.0,0.0,4737000000.0,4737000000.0,2382000000.0,111000000.0,0.0,0.023,0.605,761000000.0,872000000.0,0.159,872000000.0,761000000.0,708000000.0,1.66,1.65,1.66,11784000000.0,,11784000000.0,33019192880.0,10.0,9.187,338000000.0,1.088,1.0,1303000000.0,0.238,12762000000.0,53000000.0,9693000000.0,,522000000.0,1480000000.0,1480000000.0,0.0,14353000000.0,5955000000.0,8398000000.0,31544192880.0,-627000000.0,0.0,-201000000.0,0.0,-188000000.0,-383000000.0,-668000000.0,-582000000.0,424000000.0,0.0,515000000.0,515000000.0,515000000.0,0.0,4000000.0,0.094,540000000.0,763000000.0,1060000000.0,0.364,2.677,14.384,14.565,1860000000.0,0.0,101.52,1.399,1.399,5340000000.0,15273000000.0,5474000000.0,5474000000.0,0.0,,,,,23000000.0,540000000.0,1.0,310719000.0,310719000,,17.617,13545000000.0,0.0,193000000.0,0.0,43.592,4330000000.0
22,RTN,MRQ,2014-06-30,2014-06-29,2014-06-29,2020-04-01,-4786000000.0,26380000000.0,,10299000000.0,16081000000.0,,37.487,-76000000.0,3261000000.0,3261000000.0,4301000000.0,553000000.0,1.747,1.235,4736000000.0,0.0,4736000000.0,4736000000.0,2558000000.0,109000000.0,0.0,0.024,0.605,817000000.0,926000000.0,0.162,926000000.0,817000000.0,763000000.0,1.76,1.76,1.76,11728000000.0,,11728000000.0,31232700800.0,10.0,8.685,99000000.0,0.316,1.0,1400000000.0,0.246,12765000000.0,54000000.0,9194000000.0,,430000000.0,915000000.0,915000000.0,0.0,14486000000.0,5896000000.0,8590000000.0,29533700800.0,225000000.0,0.0,-303000000.0,0.0,-189000000.0,-468000000.0,518000000.0,594000000.0,175000000.0,0.0,551000000.0,551000000.0,551000000.0,-52000000.0,2000000.0,0.097,641000000.0,759000000.0,1113000000.0,0.344,2.518,13.629,13.821,1878000000.0,0.0,94.4,1.288,1.288,5366000000.0,14945000000.0,5701000000.0,5701000000.0,0.0,,,,,25000000.0,641000000.0,1.0,312857000.0,312857000,,18.222,13615000000.0,0.0,212000000.0,0.0,43.518,4403000000.0
23,RTN,MRQ,2014-03-31,2014-03-30,2014-03-30,2020-04-01,-4962000000.0,26541000000.0,,10439000000.0,16102000000.0,,36.304,-51000000.0,3036000000.0,3036000000.0,4161000000.0,600000000.0,1.746,1.31,4735000000.0,0.0,4735000000.0,4735000000.0,2612000000.0,107000000.0,0.0,0.022,0.0,794000000.0,901000000.0,0.164,901000000.0,794000000.0,743000000.0,1.89,1.89,1.89,11418000000.0,,11418000000.0,32464312850.0,10.0,9.16,620000000.0,1.971,1.0,1347000000.0,0.245,12765000000.0,51000000.0,9496000000.0,,363000000.0,1495000000.0,1495000000.0,0.0,14958000000.0,5979000000.0,8979000000.0,31026312850.0,-260000000.0,0.0,-229000000.0,0.0,-174000000.0,-392000000.0,-539000000.0,-488000000.0,671000000.0,0.0,596000000.0,596000000.0,596000000.0,-7000000.0,4000000.0,0.108,559000000.0,788000000.0,1078000000.0,0.0,2.717,14.746,15.015,1902000000.0,0.0,98.65,1.33,1.33,5211000000.0,14582000000.0,5508000000.0,5508000000.0,0.0,,,,,27000000.0,559000000.0,1.0,314509000.0,314509000,,17.513,13776000000.0,0.0,147000000.0,0.0,43.802,4460000000.0
24,RTN,MRQ,2013-12-31,2013-12-31,2013-12-31,2020-04-01,-5113000000.0,25967000000.0,,9816000000.0,16151000000.0,,34.541,-129000000.0,3296000000.0,3296000000.0,4640000000.0,533000000.0,1.69,1.338,4734000000.0,0.0,4734000000.0,4734000000.0,2350000000.0,113000000.0,0.0,0.024,1.1,782000000.0,895000000.0,0.152,895000000.0,782000000.0,731000000.0,1.66,1.66,1.66,11035000000.0,,11035000000.0,30767110400.0,10.0,8.895,972000000.0,3.043,1.0,1230000000.0,0.21,12764000000.0,51000000.0,8831000000.0,,363000000.0,1001000000.0,1001000000.0,0.0,14770000000.0,5810000000.0,8960000000.0,28976110400.0,354000000.0,5000000.0,-401000000.0,0.0,-174000000.0,-582000000.0,-165000000.0,-41000000.0,1101000000.0,0.0,531000000.0,531000000.0,531000000.0,-64000000.0,2000000.0,0.09,521000000.0,709000000.0,1178000000.0,0.663,2.626,14.517,14.7,1937000000.0,0.0,90.7,1.222,1.222,4870000000.0,14173000000.0,5870000000.0,5870000000.0,0.0,,,,,28000000.0,521000000.0,1.0,319472000.0,319472000,,18.374,13203000000.0,0.0,200000000.0,0.0,41.328,4006000000.0
25,RTN,MRQ,2013-09-30,2013-09-29,2013-09-29,2020-04-01,-7314000000.0,26778000000.0,,9752000000.0,17026000000.0,,27.415,-73000000.0,2942000000.0,2942000000.0,4534000000.0,493000000.0,1.67,2.01,4733000000.0,0.0,4733000000.0,4733000000.0,2232000000.0,111000000.0,0.0,0.027,0.55,763000000.0,874000000.0,0.15,874000000.0,763000000.0,710000000.0,1.52,1.51,1.52,8841000000.0,,8841000000.0,27657941340.0,9.0,8.113,823000000.0,2.552,1.0,1308000000.0,0.224,12765000000.0,53000000.0,9965000000.0,,405000000.0,955000000.0,955000000.0,0.0,17767000000.0,5839000000.0,11928000000.0,25392941340.0,475000000.0,0.0,-225000000.0,0.0,-177000000.0,-404000000.0,-17000000.0,56000000.0,896000000.0,0.0,489000000.0,489000000.0,489000000.0,-2000000.0,4000000.0,0.084,551000000.0,757000000.0,1143000000.0,0.362,2.872,13.13,13.278,1907000000.0,0.0,78.74,1.046,1.046,5248000000.0,13817000000.0,5842000000.0,5842000000.0,0.0,,,,,31000000.0,551000000.0,1.0,322491000.0,322491000,,18.115,14013000000.0,1181000000.0,221000000.0,1000000.0,43.452,3913000000.0
26,RTN,MRQ,2013-06-30,2013-06-30,2013-06-30,2020-04-01,-7464000000.0,26376000000.0,,9276000000.0,17100000000.0,,26.394,-68000000.0,2467000000.0,2467000000.0,4753000000.0,493000000.0,1.701,2.059,4732000000.0,0.0,4732000000.0,4732000000.0,2140000000.0,113000000.0,0.0,0.031,0.55,761000000.0,874000000.0,0.143,874000000.0,761000000.0,708000000.0,1.5,1.5,1.5,8568000000.0,,8568000000.0,23069477680.0,8.0,6.718,-110000000.0,-0.339,1.0,1362000000.0,0.223,12764000000.0,53000000.0,10423000000.0,,454000000.0,995000000.0,995000000.0,0.0,17639000000.0,5454000000.0,12185000000.0,21463477680.0,-658000000.0,-14000000.0,-253000000.0,0.0,-179000000.0,-430000000.0,-186000000.0,-104000000.0,-42000000.0,0.0,488000000.0,488000000.0,488000000.0,0.0,5000000.0,0.08,596000000.0,766000000.0,1164000000.0,0.367,2.505,11.035,11.169,1924000000.0,0.0,66.12,0.877,0.877,5156000000.0,13503000000.0,6115000000.0,6115000000.0,0.0,,,,,26000000.0,596000000.0,1.0,324614000.0,324614000,,18.838,13612000000.0,1230000000.0,220000000.0,10000000.0,41.933,3822000000.0
27,RTN,MRQ,2013-03-31,2013-03-31,2013-03-31,2020-04-01,-7646000000.0,26687000000.0,,9458000000.0,17229000000.0,,25.402,-57000000.0,3125000000.0,3125000000.0,4605000000.0,494000000.0,1.663,2.199,4731000000.0,0.0,4731000000.0,4731000000.0,2187000000.0,108000000.0,0.0,0.034,0.0,708000000.0,816000000.0,0.139,816000000.0,708000000.0,655000000.0,1.49,1.49,1.49,8290000000.0,,8290000000.0,20729410450.0,7.0,6.068,366000000.0,1.121,1.0,1274000000.0,0.217,12757000000.0,53000000.0,9847000000.0,,442000000.0,887000000.0,887000000.0,0.0,18227000000.0,5689000000.0,12538000000.0,19186410450.0,-63000000.0,0.0,-220000000.0,0.0,-164000000.0,-381000000.0,-105000000.0,-48000000.0,423000000.0,0.0,488000000.0,488000000.0,488000000.0,2000000.0,6000000.0,0.083,568000000.0,706000000.0,1221000000.0,0.0,2.314,9.951,10.084,1954000000.0,0.0,58.79,0.788,0.788,4808000000.0,13193000000.0,5879000000.0,5879000000.0,0.0,,,,,28000000.0,568000000.0,1.0,326355000.0,326355000,,18.014,13930000000.0,1347000000.0,167000000.0,10000000.0,42.684,3769000000.0
28,RTN,MRQ,2012-12-31,2012-12-31,2012-12-31,2020-04-01,-7788000000.0,26686000000.0,,9246000000.0,17440000000.0,,24.331,-151000000.0,3188000000.0,3188000000.0,5092000000.0,471000000.0,1.567,2.305,4731000000.0,0.0,4731000000.0,4731000000.0,2398000000.0,114000000.0,0.0,0.035,1.0,731000000.0,845000000.0,0.131,845000000.0,731000000.0,679000000.0,1.42,1.42,1.42,8026000000.0,,8026000000.0,20564144520.0,7.0,6.009,837000000.0,2.537,1.0,1347000000.0,0.209,12756000000.0,52000000.0,9571000000.0,,381000000.0,856000000.0,856000000.0,0.0,18496000000.0,5902000000.0,12594000000.0,18987144520.0,156000000.0,-294000000.0,-96000000.0,122000000.0,-165000000.0,-142000000.0,-690000000.0,-244000000.0,988000000.0,0.0,469000000.0,469000000.0,469000000.0,-3000000.0,2000000.0,0.073,592000000.0,755000000.0,1348000000.0,0.704,2.366,10.057,10.152,1986000000.0,0.0,57.56,0.778,0.778,4543000000.0,12883000000.0,6439000000.0,6439000000.0,-543000000.0,,,,,39000000.0,1135000000.0,1.0,329867000.0,329867000,,19.52,13930000000.0,1463000000.0,210000000.0,9000000.0,42.229,3344000000.0
29,RTN,MRQ,2012-09-30,2012-09-30,2012-09-30,2020-04-01,-6506000000.0,25697000000.0,,9260000000.0,16437000000.0,,27.294,-79000000.0,3032000000.0,3032000000.0,4689000000.0,507000000.0,1.634,1.818,4609000000.0,0.0,4609000000.0,4609000000.0,2169000000.0,113000000.0,0.0,0.033,0.5,786000000.0,899000000.0,0.149,899000000.0,786000000.0,737000000.0,1.51,1.5,1.51,9062000000.0,,9062000000.0,21235206040.0,7.0,5.995,1032000000.0,3.108,1.0,1356000000.0,0.224,12546000000.0,49000000.0,9060000000.0,,482000000.0,614000000.0,614000000.0,0.0,16472000000.0,5668000000.0,10804000000.0,18978206040.0,682000000.0,-7000000.0,-129000000.0,0.0,-165000000.0,-292000000.0,-137000000.0,-50000000.0,1111000000.0,0.0,500000000.0,500000000.0,500000000.0,1000000.0,7000000.0,0.083,570000000.0,786000000.0,1190000000.0,0.331,2.094,9.673,9.821,1929000000.0,0.0,57.16,0.778,0.778,4789000000.0,12578000000.0,6045000000.0,6045000000.0,181000000.0,,,,,24000000.0,389000000.0,1.0,332019000.0,332019000,,18.207,13151000000.0,803000000.0,237000000.0,3000000.0,39.609,3592000000.0
30,RTN,MRQ,2012-06-30,2012-07-01,2012-07-01,2020-04-01,-6688000000.0,25078000000.0,,8779000000.0,16299000000.0,,25.923,-49000000.0,2350000000.0,2350000000.0,4652000000.0,470000000.0,1.616,1.884,4607000000.0,0.0,4607000000.0,4607000000.0,2274000000.0,116000000.0,0.0,0.024,0.5,740000000.0,856000000.0,0.143,856000000.0,740000000.0,690000000.0,1.41,1.41,1.41,8641000000.0,,8641000000.0,19928597420.0,7.0,5.755,-306000000.0,-0.918,1.0,1340000000.0,0.224,12542000000.0,50000000.0,9360000000.0,,448000000.0,556000000.0,556000000.0,0.0,16279000000.0,5433000000.0,10846000000.0,18863597420.0,-1191000000.0,0.0,-163000000.0,0.0,-167000000.0,-328000000.0,-606000000.0,-556000000.0,-257000000.0,0.0,471000000.0,471000000.0,471000000.0,1000000.0,-1000000.0,0.079,598000000.0,742000000.0,1179000000.0,0.355,2.183,9.61,9.859,1943000000.0,0.0,56.59,0.771,0.771,5054000000.0,12242000000.0,5992000000.0,5992000000.0,194000000.0,,,,,24000000.0,404000000.0,1.0,333338000.0,333338000,,17.976,12536000000.0,653000000.0,219000000.0,6000000.0,37.607,3346000000.0
31,RTN,MRQ,2012-03-31,2012-04-01,2012-04-01,2020-04-01,-6817000000.0,25627000000.0,,9185000000.0,16442000000.0,,24.527,-90000000.0,3541000000.0,3541000000.0,4659000000.0,452000000.0,1.603,2.055,4606000000.0,0.0,4606000000.0,4606000000.0,2360000000.0,112000000.0,0.0,0.033,0.0,710000000.0,822000000.0,0.138,822000000.0,710000000.0,660000000.0,1.33,1.32,1.33,8336000000.0,,8336000000.0,18543655280.0,6.0,5.468,25000000.0,0.074,1.0,1279000000.0,0.215,12544000000.0,50000000.0,8417000000.0,,395000000.0,0.0,0.0,0.0,17128000000.0,5731000000.0,11397000000.0,17938655280.0,-459000000.0,0.0,-343000000.0,0.0,-146000000.0,-484000000.0,-90000000.0,0.0,115000000.0,0.0,448000000.0,448000000.0,448000000.0,2000000.0,4000000.0,0.075,573000000.0,706000000.0,1199000000.0,0.0,2.152,9.295,9.493,1979000000.0,0.0,52.78,0.727,0.727,4838000000.0,11938000000.0,5938000000.0,5938000000.0,168000000.0,,,,,22000000.0,405000000.0,1.0,339876000.0,339876000,,17.471,13083000000.0,804000000.0,212000000.0,4000000.0,38.493,3454000000.0
32,RTN,MRQ,2011-12-31,2011-12-31,2011-12-31,2020-04-01,-7001000000.0,25854000000.0,,9309000000.0,16545000000.0,,23.638,-167000000.0,4000000000.0,4000000000.0,5018000000.0,552000000.0,1.519,2.141,4605000000.0,0.0,4605000000.0,4605000000.0,2542000000.0,116000000.0,0.0,0.043,0.86,849000000.0,965000000.0,0.15,965000000.0,849000000.0,804000000.0,1.57,1.57,1.57,8181000000.0,,8181000000.0,17951318000.0,6.0,5.5,1151000000.0,3.326,1.0,1404000000.0,0.219,12544000000.0,45000000.0,7785000000.0,,336000000.0,0.0,0.0,0.0,17514000000.0,6130000000.0,11384000000.0,16744318000.0,1595000000.0,-94000000.0,-311000000.0,992000000.0,-148000000.0,533000000.0,-256000000.0,0.0,1318000000.0,0.0,543000000.0,543000000.0,543000000.0,-4000000.0,9000000.0,0.085,555000000.0,849000000.0,1507000000.0,0.548,2.047,8.973,9.128,2006000000.0,0.0,48.38,0.675,0.675,4526000000.0,11656000000.0,6422000000.0,6422000000.0,-454000000.0,,,,,30000000.0,1009000000.0,1.0,346100000.0,346100000,,18.555,13310000000.0,878000000.0,261000000.0,5000000.0,38.457,3179000000.0
33,RTN,MRQ,2011-09-30,2011-10-02,2011-10-02,2020-04-01,-4808000000.0,24120000000.0,,8112000000.0,16008000000.0,,29.001,-114000000.0,2405000000.0,2405000000.0,4815000000.0,510000000.0,1.412,1.337,3612000000.0,0.0,3612000000.0,3612000000.0,2044000000.0,113000000.0,0.0,0.03,0.0,707000000.0,820000000.0,0.134,820000000.0,707000000.0,666000000.0,1.43,1.43,1.43,10255000000.0,,10255000000.0,15948163310.0,6.0,5.16,747000000.0,2.112,1.0,1301000000.0,0.213,12468000000.0,41000000.0,7113000000.0,,423000000.0,0.0,0.0,0.0,13713000000.0,5746000000.0,7967000000.0,14452163310.0,289000000.0,-1000000.0,-316000000.0,0.0,-152000000.0,-466000000.0,-106000000.0,0.0,861000000.0,0.0,501000000.0,501000000.0,501000000.0,-3000000.0,9000000.0,0.082,579000000.0,722000000.0,1349000000.0,0.0,1.409,8.11,8.174,1958000000.0,0.0,40.87,0.573,0.573,4987000000.0,11258000000.0,6116000000.0,6116000000.0,153000000.0,,,,,13000000.0,426000000.0,1.0,353613000.0,353613000,,17.296,11652000000.0,269000000.0,165000000.0,363000000.0,32.951,2366000000.0
34,RTN,MRQ,2011-06-30,2011-07-03,2011-07-03,2020-04-01,-4803000000.0,24055000000.0,,8077000000.0,15978000000.0,,28.623,-80000000.0,2116000000.0,2116000000.0,4933000000.0,445000000.0,1.512,1.345,3612000000.0,0.0,3612000000.0,3612000000.0,1978000000.0,111000000.0,0.0,0.032,0.86,673000000.0,784000000.0,0.126,784000000.0,673000000.0,630000000.0,1.23,1.23,1.23,10195000000.0,,10195000000.0,18799179800.0,7.0,5.849,-167000000.0,-0.469,1.0,1268000000.0,0.204,12469000000.0,43000000.0,7741000000.0,,430000000.0,0.0,0.0,0.0,13716000000.0,5341000000.0,8375000000.0,17848179800.0,-544000000.0,-50000000.0,-196000000.0,0.0,-153000000.0,-344000000.0,-113000000.0,0.0,-87000000.0,0.0,438000000.0,438000000.0,438000000.0,-8000000.0,7000000.0,0.071,598000000.0,670000000.0,1331000000.0,0.699,1.751,8.884,9.061,1966000000.0,0.0,50.11,0.703,0.703,4964000000.0,10906000000.0,6201000000.0,6201000000.0,162000000.0,,,,,14000000.0,436000000.0,1.0,356180000.0,356180000,,17.41,11586000000.0,430000000.0,192000000.0,350000000.0,32.528,2736000000.0
35,RTN,MRQ,2011-03-31,2011-04-03,2011-04-03,2020-04-01,-4965000000.0,24574000000.0,,8544000000.0,16030000000.0,,27.557,-76000000.0,2660000000.0,2660000000.0,4898000000.0,389000000.0,1.483,1.465,3611000000.0,0.0,3611000000.0,3611000000.0,2104000000.0,104000000.0,0.0,0.022,0.375,591000000.0,695000000.0,0.115,695000000.0,591000000.0,548000000.0,1.07,1.06,1.07,9912000000.0,,9912000000.0,18391929740.0,8.0,6.42,-61000000.0,-0.17,1.0,1154000000.0,0.191,12435000000.0,43000000.0,7330000000.0,,422000000.0,0.0,0.0,0.0,14521000000.0,5760000000.0,8761000000.0,18419929740.0,-978000000.0,-500000000.0,-282000000.0,0.0,-135000000.0,-417000000.0,-576000000.0,0.0,15000000.0,0.0,384000000.0,384000000.0,384000000.0,-3000000.0,5000000.0,0.063,565000000.0,589000000.0,1322000000.0,0.35,1.858,10.354,10.559,1997000000.0,0.0,51.21,0.732,0.732,4933000000.0,10620000000.0,6052000000.0,6052000000.0,139000000.0,,,,,31000000.0,426000000.0,1.0,359694000.0,359694000,,16.825,12139000000.0,417000000.0,164000000.0,258000000.0,33.748,2784000000.0
36,RTN,MRQ,2010-12-31,2010-12-31,2010-12-31,2020-04-01,-5146000000.0,24422000000.0,,8822000000.0,15600000000.0,,26.757,-155000000.0,3638000000.0,3638000000.0,5476000000.0,474000000.0,1.48,1.49,3610000000.0,0.0,3610000000.0,3610000000.0,2201000000.0,103000000.0,0.0,0.024,0.375,689000000.0,792000000.0,0.116,792000000.0,689000000.0,661000000.0,1.27,1.25,1.27,9754000000.0,,9754000000.0,17069922620.0,7.0,5.747,710000000.0,1.948,1.0,1376000000.0,0.201,12045000000.0,28000000.0,6389000000.0,,363000000.0,0.0,0.0,0.0,14532000000.0,5960000000.0,8572000000.0,16892922620.0,1489000000.0,-140000000.0,-240000000.0,1297000000.0,-135000000.0,919000000.0,-295000000.0,0.0,865000000.0,0.0,459000000.0,459000000.0,459000000.0,41000000.0,15000000.0,0.067,566000000.0,810000000.0,1538000000.0,0.295,1.732,9.181,9.381,2003000000.0,0.0,46.34,0.672,0.672,4414000000.0,10390000000.0,6852000000.0,6852000000.0,143000000.0,,,,,37000000.0,423000000.0,1.0,364543000.0,364543000,,18.796,12377000000.0,372000000.0,202000000.0,147000000.0,33.952,2862000000.0
37,RTN,MRQ,2010-09-30,2010-09-26,2010-09-26,2020-04-01,-4680000000.0,22852000000.0,,7525000000.0,15327000000.0,,26.997,-89000000.0,2149000000.0,2149000000.0,4975000000.0,737000000.0,1.416,1.25,2326000000.0,0.0,2326000000.0,2326000000.0,2070000000.0,105000000.0,0.0,0.03,0.375,838000000.0,943000000.0,0.15,943000000.0,838000000.0,805000000.0,1.96,1.94,1.96,10100000000.0,,10100000000.0,17102517440.0,6.0,5.6,329000000.0,0.879,1.0,1297000000.0,0.207,11924000000.0,33000000.0,5791000000.0,,324000000.0,0.0,0.0,0.0,12625000000.0,5314000000.0,7311000000.0,17160517440.0,-236000000.0,0.0,-425000000.0,0.0,-141000000.0,-565000000.0,-89000000.0,0.0,418000000.0,0.0,728000000.0,728000000.0,728000000.0,-88000000.0,9000000.0,0.116,548000000.0,749000000.0,1413000000.0,0.191,1.699,9.104,9.156,1951000000.0,0.0,45.87,0.687,0.687,4606000000.0,10065000000.0,6272000000.0,6272000000.0,154000000.0,,,,,24000000.0,394000000.0,1.0,374112000.0,374112000,,16.765,10928000000.0,440000000.0,77000000.0,310000000.0,29.211,2211000000.0
38,RTN,MRQ,2010-06-30,2010-06-27,2010-06-27,2020-04-01,-4712000000.0,23281000000.0,,7720000000.0,15561000000.0,,25.914,-81000000.0,2385000000.0,2385000000.0,5038000000.0,215000000.0,1.36,1.345,2327000000.0,0.0,2327000000.0,2327000000.0,2159000000.0,103000000.0,0.0,0.026,0.375,332000000.0,435000000.0,0.073,435000000.0,332000000.0,299000000.0,0.55,0.55,0.55,9875000000.0,,9875000000.0,18913054700.0,7.0,6.342,319000000.0,0.837,1.0,935000000.0,0.157,11921000000.0,33000000.0,5627000000.0,,330000000.0,0.0,0.0,0.0,13286000000.0,5675000000.0,7611000000.0,19198054700.0,-228000000.0,0.0,-399000000.0,0.0,-143000000.0,-546000000.0,-82000000.0,0.0,400000000.0,0.0,208000000.0,208000000.0,208000000.0,4000000.0,7000000.0,0.035,590000000.0,345000000.0,1330000000.0,0.682,1.944,11.656,11.689,1953000000.0,0.0,50.38,0.771,0.771,4592000000.0,9473000000.0,5973000000.0,5973000000.0,176000000.0,,,,,29000000.0,414000000.0,1.0,381065000.0,381065000,,15.674,11360000000.0,627000000.0,91000000.0,23000000.0,29.811,2045000000.0
39,RTN,MRQ,2010-03-31,2010-03-28,2010-03-28,2020-04-01,-4768000000.0,23800000000.0,,8179000000.0,15621000000.0,,26.685,-57000000.0,2613000000.0,2613000000.0,4784000000.0,453000000.0,1.526,1.341,2328000000.0,0.0,2328000000.0,2328000000.0,2173000000.0,103000000.0,0.0,0.022,0.0,697000000.0,800000000.0,0.132,800000000.0,697000000.0,665000000.0,1.18,1.16,1.18,10116000000.0,,10116000000.0,21404665070.0,7.0,6.277,202000000.0,0.533,1.0,1269000000.0,0.21,11925000000.0,32000000.0,6231000000.0,,329000000.0,0.0,0.0,0.0,13564000000.0,5359000000.0,8205000000.0,21717665070.0,-29000000.0,-12000000.0,-114000000.0,0.0,-117000000.0,-219000000.0,-69000000.0,0.0,259000000.0,0.0,445000000.0,445000000.0,445000000.0,8000000.0,8000000.0,0.074,560000000.0,709000000.0,1310000000.0,0.0,2.147,11.264,11.458,1969000000.0,0.0,57.29,0.867,0.867,4855000000.0,9406000000.0,6053000000.0,6053000000.0,152000000.0,,,,,17000000.0,408000000.0,1.0,379083000.0,379083000,,15.967,11875000000.0,629000000.0,220000000.0,23000000.0,31.326,2820000000.0
40,RTN,MRQ,2009-12-31,2009-12-31,2009-12-31,2020-04-01,-4824000000.0,23607000000.0,,7868000000.0,15739000000.0,,25.643,-160000000.0,2642000000.0,2642000000.0,5317000000.0,517000000.0,1.425,1.391,2329000000.0,0.0,2329000000.0,2329000000.0,2224000000.0,107000000.0,0.0,0.024,0.62,769000000.0,876000000.0,0.131,876000000.0,769000000.0,741000000.0,1.32,1.3,1.32,9827000000.0,,9827000000.0,19594339840.0,7.0,5.741,909000000.0,2.372,1.0,1350000000.0,0.202,11922000000.0,28000000.0,5849000000.0,,344000000.0,0.0,0.0,0.0,13668000000.0,5523000000.0,8145000000.0,19743339840.0,200000000.0,-334000000.0,-279000000.0,22000000.0,-118000000.0,-373000000.0,-496000000.0,0.0,1069000000.0,0.0,504000000.0,504000000.0,504000000.0,0.0,13000000.0,0.076,550000000.0,800000000.0,1397000000.0,0.47,2.009,10.203,10.387,2001000000.0,0.0,51.52,0.794,0.794,4493000000.0,9102000000.0,6667000000.0,6667000000.0,158000000.0,,,,,28000000.0,392000000.0,1.0,383217000.0,383217000,,17.397,11685000000.0,709000000.0,237000000.0,23000000.0,30.492,2345000000.0
41,RTN,MRQ,2009-09-30,2009-09-27,2009-09-27,2020-04-01,-4967000000.0,22880000000.0,,7549000000.0,15331000000.0,,24.487,-72000000.0,2442000000.0,2442000000.0,4894000000.0,498000000.0,1.46,1.389,2293000000.0,0.0,2293000000.0,2293000000.0,2002000000.0,101000000.0,0.0,0.025,0.31,770000000.0,871000000.0,0.14,871000000.0,770000000.0,738000000.0,1.26,1.25,1.26,9535000000.0,,9535000000.0,18627022510.0,6.0,5.677,670000000.0,1.721,1.0,1311000000.0,0.211,11668000000.0,32000000.0,5893000000.0,,317000000.0,0.0,0.0,0.0,13241000000.0,5170000000.0,8071000000.0,18531022510.0,243000000.0,0.0,-304000000.0,0.0,-121000000.0,-427000000.0,-72000000.0,0.0,742000000.0,0.0,490000000.0,490000000.0,490000000.0,1000000.0,8000000.0,0.079,546000000.0,765000000.0,1266000000.0,0.246,1.943,10.006,10.212,1945000000.0,0.0,47.59,0.763,0.763,4312000000.0,8714000000.0,6205000000.0,6205000000.0,145000000.0,,,,,33000000.0,401000000.0,1.0,389389000.0,389389000,,15.935,11212000000.0,827000000.0,248000000.0,0.0,28.794,2379000000.0
42,RTN,MRQ,2009-06-30,2009-06-28,2009-06-28,2020-04-01,-4962000000.0,23050000000.0,,7594000000.0,15456000000.0,,23.958,-68000000.0,2199000000.0,2199000000.0,4839000000.0,501000000.0,1.493,1.431,2295000000.0,0.0,2295000000.0,2295000000.0,1968000000.0,97000000.0,0.0,0.026,0.31,766000000.0,863000000.0,0.141,863000000.0,766000000.0,735000000.0,1.24,1.23,1.24,9441000000.0,,9441000000.0,17623159500.0,6.0,5.53,441000000.0,1.119,1.0,1286000000.0,0.21,11665000000.0,31000000.0,6396000000.0,,294000000.0,0.0,0.0,0.0,13511000000.0,5085000000.0,8426000000.0,17536159500.0,-11000000.0,0.0,-319000000.0,0.0,-122000000.0,-442000000.0,-78000000.0,0.0,509000000.0,0.0,489000000.0,489000000.0,489000000.0,3000000.0,12000000.0,0.08,521000000.0,765000000.0,1189000000.0,0.25,1.857,9.802,10.045,1961000000.0,0.0,44.5,0.732,0.732,4608000000.0,8344000000.0,6125000000.0,6125000000.0,151000000.0,,,,,23000000.0,370000000.0,1.0,394071000.0,394071000,,15.543,11385000000.0,972000000.0,246000000.0,0.0,28.891,2509000000.0
43,RTN,MRQ,2009-03-31,2009-03-29,2009-03-29,2020-04-01,-5132000000.0,22879000000.0,,7339000000.0,15540000000.0,,22.971,-46000000.0,2210000000.0,2210000000.0,4697000000.0,460000000.0,1.572,1.477,2297000000.0,0.0,2297000000.0,2297000000.0,1794000000.0,97000000.0,0.0,0.021,0.0,706000000.0,803000000.0,0.136,803000000.0,706000000.0,674000000.0,1.13,1.12,1.13,9191000000.0,,9191000000.0,15814688600.0,6.0,5.098,359000000.0,0.897,1.0,1187000000.0,0.202,11661000000.0,32000000.0,6637000000.0,,275000000.0,0.0,0.0,0.0,13579000000.0,4668000000.0,8911000000.0,15764688600.0,-49000000.0,0.0,-297000000.0,0.0,-112000000.0,-408000000.0,-46000000.0,0.0,405000000.0,0.0,452000000.0,452000000.0,452000000.0,-3000000.0,8000000.0,0.077,475000000.0,712000000.0,1209000000.0,0.0,1.715,9.134,9.359,1981000000.0,0.0,39.4,0.665,0.665,4363000000.0,7976000000.0,5884000000.0,5884000000.0,111000000.0,,,,,30000000.0,364000000.0,1.0,400119000.0,400119000,,14.706,11218000000.0,1107000000.0,222000000.0,0.0,28.037,2671000000.0
44,RTN,MRQ,2008-12-31,2008-12-31,2008-12-31,2020-04-01,-5182000000.0,23134000000.0,,7417000000.0,15717000000.0,,21.946,-146000000.0,2259000000.0,2259000000.0,4903000000.0,428000000.0,1.44,1.535,2309000000.0,0.0,2309000000.0,2309000000.0,1970000000.0,102000000.0,0.0,0.022,0.56,642000000.0,744000000.0,0.122,744000000.0,642000000.0,610000000.0,1.03,1.01,1.03,9087000000.0,,9087000000.0,20645979680.0,8.0,6.848,298000000.0,0.72,1.0,1183000000.0,0.194,11662000000.0,32000000.0,6373000000.0,,325000000.0,0.0,0.0,0.0,13946000000.0,5149000000.0,8797000000.0,21133979680.0,-502000000.0,0.0,-679000000.0,0.0,-116000000.0,-792000000.0,-154000000.0,0.0,444000000.0,0.0,421000000.0,421000000.0,421000000.0,0.0,7000000.0,0.069,530000000.0,653000000.0,1201000000.0,0.544,2.326,12.64,12.728,2024000000.0,0.0,51.04,0.912,0.912,3898000000.0,7646000000.0,6086000000.0,6086000000.0,138000000.0,,,,,30000000.0,392000000.0,1.0,414067000.0,414067000,,14.698,11472000000.0,1571000000.0,189000000.0,0.0,27.706,2268000000.0
45,RTN,MRQ,2008-09-30,2008-09-28,2008-09-28,2020-04-01,-1900000000.0,23766000000.0,,8168000000.0,15598000000.0,,30.48,-89000000.0,2761000000.0,2761000000.0,4664000000.0,437000000.0,1.615,0.87,2273000000.0,0.0,2273000000.0,2273000000.0,1850000000.0,99000000.0,0.0,0.015,0.28,678000000.0,777000000.0,0.133,777000000.0,678000000.0,649000000.0,1.03,1.0,1.03,12707000000.0,,12707000000.0,23086526120.0,9.0,7.665,664000000.0,1.593,1.0,1200000000.0,0.205,11667000000.0,29000000.0,6552000000.0,,356000000.0,0.0,0.0,0.0,11059000000.0,5059000000.0,6000000000.0,23371526120.0,207000000.0,-20000000.0,-324000000.0,0.0,-117000000.0,-437000000.0,-109000000.0,0.0,753000000.0,0.0,427000000.0,427000000.0,427000000.0,0.0,10000000.0,0.073,510000000.0,690000000.0,1196000000.0,0.272,1.839,12.64,12.947,1990000000.0,0.0,56.06,1.012,1.012,4486000000.0,7336000000.0,5864000000.0,5864000000.0,130000000.0,,,,,85000000.0,380000000.0,1.0,416902000.0,416902000,,14.066,12099000000.0,452000000.0,222000000.0,515000000.0,29.021,3109000000.0
46,RTN,MRQ,2008-06-30,2008-06-29,2008-06-29,2020-04-01,-1856000000.0,23597000000.0,,7981000000.0,15616000000.0,,30.108,-69000000.0,2554000000.0,2554000000.0,4664000000.0,432000000.0,1.659,0.853,2269000000.0,0.0,2269000000.0,2269000000.0,1933000000.0,97000000.0,0.0,0.014,0.0,681000000.0,778000000.0,0.133,778000000.0,681000000.0,647000000.0,1.02,0.99,1.02,12736000000.0,,12736000000.0,23689224000.0,10.0,8.3,692000000.0,1.636,1.0,1206000000.0,0.205,11657000000.0,34000000.0,6845000000.0,,379000000.0,0.0,0.0,0.0,10861000000.0,4810000000.0,6051000000.0,23688224000.0,267000000.0,-25000000.0,-311000000.0,0.0,-118000000.0,-401000000.0,-93000000.0,0.0,761000000.0,0.0,426000000.0,426000000.0,426000000.0,0.0,6000000.0,0.073,538000000.0,668000000.0,1128000000.0,0.0,1.86,13.764,14.035,2021000000.0,0.0,56.0,1.055,1.055,4479000000.0,7025000000.0,5870000000.0,5870000000.0,142000000.0,,,,,-28000000.0,396000000.0,1.0,423004000.0,423004000,,13.877,11940000000.0,440000000.0,221000000.0,543000000.0,28.227,3171000000.0
47,RTN,MRQ,2008-03-31,2008-03-30,2008-03-30,2020-04-01,0.0,23134000000.0,,7497000000.0,15637000000.0,,29.626,-60000000.0,2287000000.0,2287000000.0,4258000000.0,399000000.0,1.676,0.831,2288000000.0,0.0,2288000000.0,2288000000.0,1842000000.0,92000000.0,0.0,0.016,0.28,624000000.0,716000000.0,0.134,716000000.0,624000000.0,590000000.0,0.94,0.92,0.94,12632000000.0,,12632000000.0,27114897000.0,8.0,7.25,-3000000.0,-0.007,1.0,1096000000.0,0.205,11632000000.0,34000000.0,7029000000.0,,385000000.0,0.0,0.0,0.0,10502000000.0,4474000000.0,6028000000.0,27501897000.0,-368000000.0,0.0,-273000000.0,0.0,-109000000.0,-364000000.0,-61000000.0,0.0,57000000.0,0.0,398000000.0,398000000.0,398000000.0,2000000.0,1000000.0,0.074,487000000.0,609000000.0,1044000000.0,0.298,2.177,10.457,10.697,2035000000.0,0.0,64.5,1.259,1.259,4196000000.0,,5354000000.0,5354000000.0,107000000.0,,,,,-18000000.0,380000000.0,1.0,426386000.0,426386000,,12.557,11502000000.0,436000000.0,192000000.0,483000000.0,26.976,3023000000.0
48,RTN,MRQ,2007-12-31,2007-12-31,2007-12-31,2020-04-01,-1956000000.0,23281000000.0,,7616000000.0,15665000000.0,,29.215,-184000000.0,2655000000.0,2655000000.0,4811000000.0,624000000.0,1.591,0.856,2268000000.0,0.0,2268000000.0,2268000000.0,1845000000.0,97000000.0,0.0,0.017,0.51,644000000.0,741000000.0,0.123,741000000.0,644000000.0,603000000.0,1.34,1.33,1.34,12542000000.0,,12542000000.0,25817934900.0,8.0,7.02,749000000.0,1.745,1.0,1189000000.0,0.198,11627000000.0,41000000.0,6479000000.0,,386000000.0,0.0,0.0,0.0,10739000000.0,4788000000.0,5951000000.0,26058934900.0,46000000.0,-185000000.0,-298000000.0,-118000000.0,-109000000.0,-517000000.0,-370000000.0,0.0,933000000.0,0.0,598000000.0,598000000.0,598000000.0,36000000.0,26000000.0,0.1,517000000.0,672000000.0,1141000000.0,0.381,2.078,10.108,10.323,2058000000.0,0.0,60.7,1.223,1.223,3947000000.0,6452000000.0,6000000000.0,6000000000.0,125000000.0,,,,,101000000.0,392000000.0,1.0,429307000.0,429307000,,13.976,11654000000.0,530000000.0,5000000.0,451000000.0,27.146,2828000000.0
49,RTN,MRQ,2007-09-30,2007-09-23,2007-09-23,2020-04-01,0.0,23491000000.0,,7807000000.0,15684000000.0,,27.377,-77000000.0,2609000000.0,2609000000.0,4150000000.0,299000000.0,1.569,0.962,2368000000.0,119000000.0,2249000000.0,2368000000.0,1786000000.0,95000000.0,0.0,0.016,0.255,524000000.0,619000000.0,0.119,619000000.0,524000000.0,483000000.0,0.69,0.68,0.69,11973000000.0,,11973000000.0,27618532400.0,8.0,7.59,654000000.0,1.495,1.0,1069000000.0,0.205,11464000000.0,41000000.0,6811000000.0,,543000000.0,0.0,0.0,0.0,11518000000.0,4975000000.0,6543000000.0,27744532400.0,-436000000.0,0.0,-419000000.0,-568000000.0,-111000000.0,-1084000000.0,-83000000.0,0.0,731000000.0,0.0,299000000.0,299000000.0,299000000.0,81000000.0,0.0,0.057,497000000.0,572000000.0,982000000.0,0.37,2.317,11.831,11.858,2062000000.0,0.0,63.44,1.357,1.357,4049000000.0,,5219000000.0,5219000000.0,142000000.0,,,,,-14000000.0,355000000.0,1.0,437335000.0,437335000,,11.934,12027000000.0,289000000.0,184000000.0,0.0,27.501,2832000000.0
50,RTN,MRQ,2007-06-30,2007-06-24,2007-06-24,2020-04-01,0.0,24290000000.0,,8150000000.0,16140000000.0,,27.441,-76000000.0,3045000000.0,3045000000.0,4194000000.0,1335000000.0,1.454,0.994,2919000000.0,686000000.0,2233000000.0,2919000000.0,1895000000.0,94000000.0,0.0,0.018,0.255,1570000000.0,1664000000.0,0.315,1664000000.0,1570000000.0,1516000000.0,3.06,2.97,3.06,12180000000.0,,12180000000.0,26499152000.0,8.0,7.284,-126000000.0,-0.284,1.0,1084000000.0,0.205,11541000000.0,54000000.0,7016000000.0,,537000000.0,0.0,0.0,0.0,12110000000.0,5607000000.0,6503000000.0,24190152000.0,1385000000.0,3117000000.0,-470000000.0,-1041000000.0,-113000000.0,-1606000000.0,3041000000.0,0.0,-50000000.0,0.0,1335000000.0,1335000000.0,1335000000.0,-980000000.0,0.0,0.253,495000000.0,589000000.0,893000000.0,0.083,1.986,10.22,10.111,2086000000.0,0.0,54.5,1.2,1.2,4097000000.0,,5278000000.0,5278000000.0,138000000.0,,,,,-18000000.0,357000000.0,1.0,443856000.0,443856000,,11.891,12749000000.0,467000000.0,181000000.0,0.0,28.723,2543000000.0
51,RTN,MRQ,2007-03-31,2007-03-25,2007-03-25,2020-04-01,0.0,25083000000.0,,9099000000.0,15984000000.0,,25.126,-53000000.0,1660000000.0,1660000000.0,3856000000.0,346000000.0,1.414,1.237,3969000000.0,686000000.0,3283000000.0,3969000000.0,1947000000.0,86000000.0,0.0,0.018,0.0,568000000.0,654000000.0,0.136,654000000.0,568000000.0,508000000.0,0.78,0.76,0.78,11211000000.0,,11211000000.0,24970289870.0,11.0,9.637,-469000000.0,-1.051,1.0,948000000.0,0.197,11539000000.0,60000000.0,9416000000.0,,499000000.0,0.0,0.0,0.0,13872000000.0,6437000000.0,7435000000.0,23465289870.0,-800000000.0,0.0,-214000000.0,3000000.0,-107000000.0,-303000000.0,-81000000.0,0.0,-416000000.0,0.0,346000000.0,346000000.0,346000000.0,-22000000.0,0.0,0.072,427000000.0,521000000.0,833000000.0,0.0,2.093,17.485,17.356,2105000000.0,0.0,52.59,1.182,1.182,4069000000.0,,4804000000.0,4804000000.0,97000000.0,,,,,-15000000.0,330000000.0,1.0,446193000.0,446193000,,10.767,13544000000.0,470000000.0,162000000.0,0.0,30.355,2662000000.0
52,RTN,MRQ,2006-12-31,2006-12-31,2006-12-31,2020-04-01,-2514000000.0,25491000000.0,,9517000000.0,15974000000.0,,24.967,-173000000.0,2460000000.0,2460000000.0,4091000000.0,365000000.0,1.417,1.296,3965000000.0,687000000.0,3278000000.0,3965000000.0,1885000000.0,86000000.0,0.0,0.018,0.48,616000000.0,702000000.0,0.137,702000000.0,616000000.0,546000000.0,0.82,0.81,0.82,11101000000.0,,11101000000.0,26297464000.0,12.0,10.436,1378000000.0,3.099,1.0,1047000000.0,0.204,11461000000.0,70000000.0,8820000000.0,,376000000.0,0.0,0.0,0.0,14390000000.0,6715000000.0,7675000000.0,23476464000.0,1298000000.0,-50000000.0,55000000.0,8000000.0,-107000000.0,-62000000.0,-191000000.0,0.0,1551000000.0,0.0,365000000.0,365000000.0,365000000.0,7000000.0,0.0,0.071,453000000.0,594000000.0,910000000.0,0.585,2.115,18.298,18.207,2025000000.0,0.0,52.8,1.191,1.191,3741000000.0,4329000000.0,5138000000.0,5138000000.0,122000000.0,,,,,-31000000.0,331000000.0,1.0,444630000.0,444630000,,11.556,14030000000.0,427000000.0,181000000.0,0.0,31.554,2802000000.0
53,RTN,MRQ,2006-09-30,2006-09-24,2006-09-24,2020-04-01,0.0,24787000000.0,,8081000000.0,16706000000.0,,25.361,-82000000.0,1162000000.0,1162000000.0,4047000000.0,321000000.0,1.361,1.178,3983000000.0,582000000.0,3401000000.0,3983000000.0,1965000000.0,91000000.0,0.0,0.019,0.24,527000000.0,618000000.0,0.125,618000000.0,527000000.0,462000000.0,0.73,0.71,0.73,11380000000.0,,11380000000.0,24303951140.0,12.0,10.544,670000000.0,1.493,1.0,889000000.0,0.18,11617000000.0,65000000.0,10054000000.0,,2139000000.0,0.0,0.0,0.0,13407000000.0,5937000000.0,7470000000.0,21192951140.0,237000000.0,-40000000.0,-208000000.0,-74000000.0,-108000000.0,-383000000.0,-132000000.0,0.0,752000000.0,0.0,321000000.0,321000000.0,321000000.0,-54000000.0,0.0,0.065,433000000.0,456000000.0,1084000000.0,0.329,1.862,17.75,17.493,2588000000.0,0.0,47.23,1.22,1.22,4166000000.0,,4936000000.0,4936000000.0,106000000.0,,,,,0.0,327000000.0,1.0,448718000.0,448718000,,11.0,13170000000.0,341000000.0,141000000.0,209000000.0,29.35,2144000000.0
54,RTN,MRQ,2006-06-30,2006-06-25,2006-06-25,2020-04-01,0.0,24453000000.0,,7700000000.0,16753000000.0,,25.593,-74000000.0,925000000.0,925000000.0,4032000000.0,310000000.0,1.517,1.141,4036000000.0,91000000.0,3945000000.0,4036000000.0,1984000000.0,96000000.0,0.0,0.02,0.24,521000000.0,617000000.0,0.124,617000000.0,521000000.0,453000000.0,0.7,0.69,0.7,11419000000.0,,11419000000.0,23230673280.0,12.0,10.441,386000000.0,0.865,1.0,941000000.0,0.189,11590000000.0,68000000.0,10899000000.0,,1969000000.0,0.0,0.0,0.0,13034000000.0,5075000000.0,7959000000.0,19756673280.0,-19000000.0,28000000.0,17000000.0,-339000000.0,-107000000.0,-424000000.0,-55000000.0,0.0,460000000.0,0.0,310000000.0,310000000.0,310000000.0,-34000000.0,0.0,0.062,480000000.0,461000000.0,1001000000.0,0.343,1.73,17.944,17.855,2621000000.0,0.0,44.28,1.112,1.112,4157000000.0,,4973000000.0,4973000000.0,135000000.0,,,,,0.0,345000000.0,1.0,446176000.0,446176000,,11.146,12863000000.0,372000000.0,143000000.0,209000000.0,28.829,2625000000.0
55,RTN,MRQ,2006-03-31,2006-03-26,2006-03-26,2020-04-01,0.0,24557000000.0,,7628000000.0,16929000000.0,,24.384,-39000000.0,944000000.0,944000000.0,3807000000.0,287000000.0,1.331,1.257,4418000000.0,456000000.0,3962000000.0,4418000000.0,1970000000.0,88000000.0,0.0,0.019,0.0,495000000.0,583000000.0,0.125,583000000.0,495000000.0,426000000.0,0.65,0.64,0.65,10878000000.0,,10878000000.0,23409475700.0,13.0,11.016,-59000000.0,-0.132,1.0,853000000.0,0.183,11586000000.0,69000000.0,10714000000.0,,1951000000.0,0.0,0.0,0.0,13679000000.0,5731000000.0,7948000000.0,20155475700.0,-258000000.0,-25000000.0,-47000000.0,-32000000.0,-98000000.0,-165000000.0,-73000000.0,0.0,-20000000.0,0.0,287000000.0,287000000.0,287000000.0,-15000000.0,0.0,0.062,420000000.0,433000000.0,1058000000.0,0.0,1.853,20.318,20.26,2636000000.0,0.0,45.18,1.107,1.107,4065000000.0,,4660000000.0,4660000000.0,101000000.0,,,,,0.0,319000000.0,1.0,446115000.0,446115000,,10.446,12971000000.0,408000000.0,139000000.0,206000000.0,29.075,1897000000.0
56,RTN,MRQ,2005-12-31,2005-12-31,2005-12-31,2020-04-01,-1950000000.0,24381000000.0,,8313000000.0,16068000000.0,,23.972,-132000000.0,1202000000.0,1202000000.0,2161000000.0,276000000.0,1.343,1.277,4456000000.0,487000000.0,3969000000.0,4456000000.0,1678000000.0,21000000.0,0.0,0.022,0.44,466000000.0,487000000.0,0.173,487000000.0,466000000.0,398000000.0,0.62,0.61,0.62,10709000000.0,,10709000000.0,22165928450.0,13.0,11.127,1095000000.0,2.451,1.0,646000000.0,0.23,11554000000.0,68000000.0,9893000000.0,,460000000.0,0.0,0.0,0.0,13672000000.0,6188000000.0,7484000000.0,17935928450.0,382000000.0,-33000000.0,-34000000.0,-524000000.0,-98000000.0,-717000000.0,-128000000.0,0.0,1227000000.0,0.0,276000000.0,276000000.0,276000000.0,-38000000.0,0.0,0.098,245000000.0,401000000.0,813000000.0,0.71,1.675,20.592,20.59,2136000000.0,0.0,40.15,0.97,0.97,3668000000.0,3475000000.0,2807000000.0,2807000000.0,70000000.0,,,,,0.0,175000000.0,1.0,446723000.0,446723000,,6.284,12827000000.0,355000000.0,122000000.0,59000000.0,28.714,2125000000.0
57,RTN,MRQ,2005-09-30,2005-09-25,2005-09-25,2020-04-01,0.0,24324000000.0,,7713000000.0,16611000000.0,,23.275,-96000000.0,820000000.0,820000000.0,4445000000.0,228000000.0,1.241,1.315,5050000000.0,880000000.0,4170000000.0,5050000000.0,2056000000.0,109000000.0,0.0,0.023,0.22,429000000.0,538000000.0,0.101,538000000.0,429000000.0,350000000.0,0.51,0.5,0.51,10505000000.0,,10505000000.0,21448864360.0,14.0,11.379,698000000.0,1.547,1.0,886000000.0,0.166,11549000000.0,79000000.0,10791000000.0,,2014000000.0,0.0,0.0,0.0,13819000000.0,6214000000.0,7605000000.0,16807864360.0,366000000.0,-39000000.0,-177000000.0,-31000000.0,-99000000.0,-307000000.0,-121000000.0,0.0,794000000.0,0.0,228000000.0,228000000.0,228000000.0,3000000.0,0.0,0.043,472000000.0,414000000.0,964000000.0,0.431,1.6,20.009,19.809,2591000000.0,0.0,37.24,0.886,0.886,4128000000.0,,5331000000.0,5331000000.0,124000000.0,,,,,0.0,348000000.0,1.0,451339000.0,451339000,,11.812,12775000000.0,420000000.0,122000000.0,150000000.0,28.305,1499000000.0
58,RTN,MRQ,2005-06-30,2005-06-26,2005-06-26,2020-04-01,0.0,23978000000.0,,7291000000.0,16687000000.0,,23.296,-74000000.0,454000000.0,454000000.0,4490000000.0,201000000.0,1.235,1.276,5095000000.0,876000000.0,4219000000.0,5095000000.0,1919000000.0,110000000.0,0.0,0.021,0.22,407000000.0,517000000.0,0.096,517000000.0,407000000.0,325000000.0,0.45,0.44,0.45,10535000000.0,,10535000000.0,22635207940.0,16.0,12.66,697000000.0,1.541,1.0,919000000.0,0.17,11511000000.0,82000000.0,11205000000.0,,1960000000.0,0.0,0.0,0.0,13443000000.0,5903000000.0,7540000000.0,17537207940.0,-3000000.0,0.0,-116000000.0,-484000000.0,-100000000.0,-700000000.0,-74000000.0,0.0,771000000.0,0.0,201000000.0,201000000.0,201000000.0,32000000.0,0.0,0.037,492000000.0,427000000.0,952000000.0,0.489,1.665,22.954,22.678,2623000000.0,0.0,38.78,0.944,0.944,4099000000.0,,5409000000.0,5409000000.0,136000000.0,,,,,0.0,356000000.0,1.0,452223000.0,452223000,,11.961,12467000000.0,436000000.0,124000000.0,65000000.0,27.568,1388000000.0
59,RTN,MRQ,2005-03-31,2005-03-27,2005-03-27,2020-04-01,0.0,24341000000.0,,7442000000.0,16899000000.0,,23.297,-60000000.0,457000000.0,457000000.0,4118000000.0,166000000.0,1.264,1.306,5555000000.0,941000000.0,4614000000.0,5555000000.0,1961000000.0,108000000.0,0.0,0.048,0.0,342000000.0,450000000.0,0.091,450000000.0,342000000.0,266000000.0,0.37,0.36,0.37,10556000000.0,,10556000000.0,22059319840.0,22.0,16.316,-337000000.0,-0.744,1.0,826000000.0,0.167,11514000000.0,76000000.0,12039000000.0,,1858000000.0,0.0,0.0,0.0,13785000000.0,5886000000.0,7899000000.0,17462319840.0,-99000000.0,-53000000.0,-41000000.0,422000000.0,-90000000.0,291000000.0,-113000000.0,0.0,-277000000.0,0.0,166000000.0,166000000.0,166000000.0,30000000.0,0.0,0.034,449000000.0,377000000.0,820000000.0,0.0,1.654,38.379,38.158,2684000000.0,0.0,38.54,0.965,0.965,4339000000.0,,4944000000.0,4944000000.0,100000000.0,,,,,0.0,349000000.0,1.0,453096000.0,453096000,,10.912,12827000000.0,460000000.0,100000000.0,0.0,28.31,1556000000.0
60,RTN,MRQ,2004-12-31,2004-12-31,2004-12-31,2020-04-01,-1919000000.0,24153000000.0,,7124000000.0,17029000000.0,,23.34,-131000000.0,556000000.0,556000000.0,2667000000.0,245000000.0,1.262,1.289,5153000000.0,516000000.0,4637000000.0,5153000000.0,1900000000.0,28000000.0,0.0,0.047,0.4,352000000.0,380000000.0,0.116,380000000.0,352000000.0,260000000.0,0.55,0.55,0.55,10551000000.0,,10551000000.0,22932412140.0,24.0,17.736,802000000.0,1.774,1.0,617000000.0,0.188,11516000000.0,92000000.0,11590000000.0,,1745000000.0,0.0,0.0,0.0,13602000000.0,5644000000.0,7958000000.0,17553412140.0,-493000000.0,-3000000.0,28000000.0,-1255000000.0,-91000000.0,-1316000000.0,-110000000.0,74000000.0,933000000.0,0.0,245000000.0,245000000.0,245000000.0,-64000000.0,0.0,0.075,264000000.0,353000000.0,867000000.0,0.727,1.664,42.095,40.874,2738000000.0,0.0,38.83,0.985,0.985,3992000000.0,2998000000.0,3284000000.0,3284000000.0,48000000.0,,,,,0.0,216000000.0,1.0,452058000.0,452058000,,7.265,12637000000.0,540000000.0,15000000.0,0.0,27.954,1480000000.0
61,RTN,MRQ,2004-09-30,2004-09-26,2004-09-26,2020-04-01,0.0,23998000000.0,,7227000000.0,16771000000.0,,22.392,-98000000.0,1049000000.0,1049000000.0,4129000000.0,152000000.0,1.458,1.376,6428000000.0,835000000.0,5593000000.0,6428000000.0,0.0,112000000.0,0.0,0.049,0.2,329000000.0,441000000.0,0.089,441000000.0,329000000.0,229000000.0,0.34,0.34,0.34,10101000000.0,,10101000000.0,22232840900.0,22.0,15.397,252000000.0,0.559,1.0,807000000.0,0.163,11477000000.0,100000000.0,12944000000.0,,1965000000.0,74000000.0,74000000.0,0.0,13897000000.0,4956000000.0,8941000000.0,16694840900.0,45000000.0,0.0,26000000.0,-143000000.0,-90000000.0,-207000000.0,-98000000.0,0.0,350000000.0,0.0,152000000.0,152000000.0,152000000.0,34000000.0,0.0,0.031,450000000.0,357000000.0,824000000.0,0.588,1.653,44.283,41.584,2671000000.0,0.0,37.01,0.85,0.85,3323000000.0,,4936000000.0,4936000000.0,123000000.0,,,,,0.0,327000000.0,1.0,451090000.0,451090000,,10.942,12521000000.0,690000000.0,77000000.0,0.0,27.757,2271000000.0
62,RTN,MRQ,2004-06-30,2004-06-27,2004-06-27,2020-04-01,0.0,24303000000.0,,7395000000.0,16908000000.0,,23.761,-99000000.0,1004000000.0,1004000000.0,4117000000.0,-108000000.0,1.579,1.432,6542000000.0,168000000.0,6374000000.0,6542000000.0,0.0,108000000.0,0.0,0.053,1.231,-27000000.0,81000000.0,0.016,81000000.0,-27000000.0,-136000000.0,-0.25,-0.25,-0.25,9995000000.0,,9995000000.0,21653997351.0,27.0,17.881,795000000.0,1.89,1.0,812000000.0,0.165,11480000000.0,109000000.0,13678000000.0,,2068000000.0,74000000.0,74000000.0,0.0,14308000000.0,4683000000.0,9625000000.0,14583997351.0,664000000.0,0.0,883000000.0,-855000000.0,-85000000.0,-57000000.0,-173000000.0,-74000000.0,894000000.0,0.0,-108000000.0,-108000000.0,-108000000.0,14000000.0,0.0,-0.022,472000000.0,340000000.0,814000000.0,-4.924,1.459,76.758,73.766,2670000000.0,0.0,34.67,0.764,0.764,3482000000.0,,4929000000.0,4929000000.0,127000000.0,,,,,0.0,345000000.0,1.0,420651784.0,420651784,,11.718,12823000000.0,786000000.0,-28000000.0,0.0,30.484,2712000000.0
63,RTN,MRQ,2004-03-31,2004-03-28,2004-03-28,2020-04-01,0.0,23762000000.0,,6912000000.0,16850000000.0,,22.225,-85000000.0,340000000.0,340000000.0,3996000000.0,128000000.0,1.802,1.557,7410000000.0,13000000.0,7397000000.0,7410000000.0,0.0,101000000.0,0.0,0.026,0.0,290000000.0,391000000.0,0.084,391000000.0,290000000.0,173000000.0,0.31,0.3,0.31,9293000000.0,,9293000000.0,19600226080.0,17.0,12.744,-191000000.0,-0.457,1.0,680000000.0,0.145,11478000000.0,117000000.0,15519000000.0,,2003000000.0,0.0,0.0,0.0,14469000000.0,3835000000.0,10634000000.0,12870226080.0,-321000000.0,-66000000.0,22000000.0,-3000000.0,-83000000.0,-64000000.0,-151000000.0,0.0,-106000000.0,0.0,128000000.0,128000000.0,128000000.0,14000000.0,0.0,0.027,429000000.0,251000000.0,757000000.0,0.0,1.385,32.337,32.063,2681000000.0,0.0,30.78,0.693,0.693,3887000000.0,,4676000000.0,4676000000.0,115000000.0,,,,,0.0,314000000.0,1.0,418136000.0,418136000,,11.183,12284000000.0,768000000.0,45000000.0,0.0,29.378,3077000000.0
64,RTN,MRQ,2003-12-31,2003-12-31,2003-12-31,2020-04-01,-2194000000.0,24208000000.0,,7125000000.0,17083000000.0,,22.012,-199000000.0,661000000.0,661000000.0,4219000000.0,205000000.0,1.649,1.642,7391000000.0,15000000.0,7376000000.0,7391000000.0,1578000000.0,114000000.0,0.0,0.027,0.4,417000000.0,531000000.0,0.104,531000000.0,417000000.0,295000000.0,0.49,0.49,0.49,9162000000.0,,9162000000.0,19561441687.0,17.0,12.852,1336000000.0,3.21,1.0,882000000.0,0.173,11479000000.0,122000000.0,15137000000.0,,1998000000.0,0.0,0.0,0.0,15046000000.0,4322000000.0,10724000000.0,12503441687.0,458000000.0,57000000.0,12000000.0,-706000000.0,-84000000.0,-778000000.0,-299000000.0,-156000000.0,1535000000.0,0.0,205000000.0,205000000.0,205000000.0,12000000.0,0.0,0.04,430000000.0,452000000.0,833000000.0,0.816,1.365,34.256,34.136,2711000000.0,0.0,30.04,0.69,0.69,3787000000.0,2937000000.0,5101000000.0,5101000000.0,121000000.0,,,,,0.0,309000000.0,1.0,416226421.0,416226421,,12.255,12729000000.0,803000000.0,90000000.0,0.0,30.582,2803000000.0
65,RTN,MRQ,2003-09-30,2003-09-28,2003-09-28,2020-04-01,0.0,23796000000.0,,6766000000.0,17030000000.0,,21.851,-126000000.0,203000000.0,203000000.0,3776000000.0,-35000000.0,1.56,1.631,7261000000.0,559000000.0,6702000000.0,7261000000.0,0.0,98000000.0,0.0,0.028,0.2,110000000.0,208000000.0,0.048,208000000.0,110000000.0,-27000000.0,-0.08,-0.08,-0.08,9046000000.0,,9046000000.0,19007902080.0,23.0,16.013,473000000.0,1.143,1.0,602000000.0,0.138,11474000000.0,137000000.0,15044000000.0,,2085000000.0,0.0,0.0,0.0,14750000000.0,4336000000.0,10414000000.0,11657902080.0,-161000000.0,-6000000.0,31000000.0,-450000000.0,-82000000.0,-501000000.0,-259000000.0,-127000000.0,599000000.0,0.0,-35000000.0,-35000000.0,-35000000.0,56000000.0,0.0,-0.008,434000000.0,168000000.0,786000000.0,-2.5,1.289,126.716,122.435,2620000000.0,0.0,28.16,0.66,0.66,3798000000.0,,4378000000.0,4378000000.0,129000000.0,,,,,0.0,305000000.0,1.0,413988000.0,413988000,,10.575,12322000000.0,843000000.0,8000000.0,0.0,29.764,2430000000.0
66,RTN,MRQ,2003-06-30,2003-06-29,2003-06-29,2020-04-01,0.0,24293000000.0,,7330000000.0,16963000000.0,,22.204,-97000000.0,364000000.0,364000000.0,3570000000.0,100000000.0,1.563,1.665,7714000000.0,968000000.0,6746000000.0,7714000000.0,0.0,92000000.0,0.0,0.025,0.2,316000000.0,408000000.0,0.092,408000000.0,316000000.0,181000000.0,0.24,0.24,0.24,9116000000.0,,9116000000.0,21220256000.0,20.0,14.767,543000000.0,1.323,1.0,859000000.0,0.194,11452000000.0,135000000.0,15501000000.0,,2114000000.0,0.0,0.0,0.0,15177000000.0,4690000000.0,10487000000.0,13384256000.0,-23000000.0,40000000.0,25000000.0,-602000000.0,-82000000.0,-659000000.0,-4000000.0,54000000.0,640000000.0,0.0,100000000.0,100000000.0,100000000.0,86000000.0,0.0,0.023,476000000.0,383000000.0,824000000.0,0.833,1.468,48.848,48.657,2461000000.0,0.0,32.6,0.77,0.77,4061000000.0,,4429000000.0,4429000000.0,131000000.0,,,,,0.0,345000000.0,1.0,410560000.0,410560000,,10.788,12841000000.0,823000000.0,81000000.0,0.0,31.277,2640000000.0
67,RTN,MRQ,2003-03-31,2003-03-30,2003-03-30,2020-04-01,0.0,24312000000.0,,7324000000.0,16988000000.0,,21.922,-79000000.0,387000000.0,387000000.0,3480000000.0,95000000.0,1.491,1.714,8223000000.0,1528000000.0,6695000000.0,8223000000.0,0.0,89000000.0,0.0,0.028,0.0,286000000.0,375000000.0,0.089,375000000.0,286000000.0,143000000.0,0.23,0.23,0.23,8959000000.0,,8959000000.0,18691476240.0,22.0,15.486,-819000000.0,-2.004,1.0,721000000.0,0.172,11332000000.0,143000000.0,15903000000.0,,2045000000.0,0.0,0.0,0.0,15353000000.0,4913000000.0,10440000000.0,11802476240.0,-157000000.0,-40000000.0,19000000.0,793000000.0,-83000000.0,729000000.0,-146000000.0,104000000.0,-740000000.0,0.0,95000000.0,95000000.0,95000000.0,16000000.0,0.0,0.023,408000000.0,313000000.0,693000000.0,0.0,1.317,310.591,320.889,2387000000.0,0.0,28.88,0.692,0.692,4166000000.0,,4201000000.0,4201000000.0,106000000.0,,,,,0.0,302000000.0,1.0,408673000.0,408673000,,10.28,12980000000.0,855000000.0,48000000.0,0.0,31.761,2411000000.0
68,RTN,MRQ,2002-12-31,2002-12-31,2002-12-31,2020-04-01,-2180000000.0,23946000000.0,,7190000000.0,16756000000.0,,21.853,-216000000.0,544000000.0,544000000.0,3751000000.0,-68000000.0,1.408,1.7,8291000000.0,1153000000.0,7138000000.0,8291000000.0,0.0,97000000.0,0.0,0.026,0.4,99000000.0,196000000.0,0.042,196000000.0,99000000.0,-10000000.0,-0.16,-0.17,-0.16,8870000000.0,,8870000000.0,18726056000.0,106.0,34.614,-762000000.0,-1.877,1.0,911000000.0,0.195,11170000000.0,109000000.0,15416000000.0,,2032000000.0,0.0,0.0,0.0,15076000000.0,5107000000.0,9969000000.0,12481056000.0,-75000000.0,-10000000.0,28000000.0,570000000.0,-81000000.0,517000000.0,-46000000.0,181000000.0,-546000000.0,0.0,-68000000.0,-68000000.0,-68000000.0,223000000.0,0.0,-0.015,390000000.0,521000000.0,776000000.0,-2.5,1.407,-19.502,-19.34,2396000000.0,0.0,30.75,0.745,0.745,3691000000.0,2904000000.0,4662000000.0,4662000000.0,112000000.0,,,,,0.0,278000000.0,1.0,405888000.0,405888000,,11.486,12776000000.0,882000000.0,58000000.0,0.0,31.477,2083000000.0
69,RTN,MRQ,2002-09-30,2002-09-29,2002-09-29,2020-04-01,0.0,24514000000.0,,7496000000.0,17018000000.0,,26.911,-136000000.0,619000000.0,619000000.0,3240000000.0,147000000.0,1.606,1.261,6864000000.0,776000000.0,6088000000.0,6864000000.0,0.0,92000000.0,0.0,0.026,0.2,366000000.0,458000000.0,0.112,458000000.0,366000000.0,248000000.0,0.36,0.36,0.36,10842000000.0,,10842000000.0,18740985480.0,70.0,26.47,82000000.0,0.204,1.0,852000000.0,0.208,11170000000.0,118000000.0,14921000000.0,,2128000000.0,0.0,0.0,0.0,13672000000.0,4668000000.0,9004000000.0,12561985480.0,-1023000000.0,43000000.0,64000000.0,-1008000000.0,-81000000.0,-1025000000.0,-216000000.0,-115000000.0,218000000.0,0.0,147000000.0,147000000.0,147000000.0,81000000.0,0.0,0.036,397000000.0,455000000.0,803000000.0,0.556,1.159,-17.208,-16.763,2324000000.0,0.0,31.18,0.762,0.762,3918000000.0,,4092000000.0,4092000000.0,112000000.0,,,,,0.0,285000000.0,1.0,402886000.0,402886000,,10.157,13344000000.0,597000000.0,101000000.0,837000000.0,33.121,2828000000.0
70,RTN,MRQ,2002-06-30,2002-06-30,2002-06-30,2020-04-01,0.0,25697000000.0,,8622000000.0,17075000000.0,,26.785,-131000000.0,1642000000.0,1642000000.0,3207000000.0,-136000000.0,1.429,1.409,7821000000.0,1783000000.0,6038000000.0,7821000000.0,0.0,87000000.0,0.0,0.02,0.2,91000000.0,178000000.0,0.043,178000000.0,91000000.0,-39000000.0,-0.34,-0.33,-0.34,10666000000.0,,10666000000.0,22529935250.0,-47.0,563.248,162000000.0,0.407,1.0,888000000.0,0.217,11168000000.0,130000000.0,14676000000.0,,2083000000.0,0.0,0.0,0.0,15031000000.0,6032000000.0,8999000000.0,16226935250.0,158000000.0,0.0,94000000.0,-11000000.0,-80000000.0,3000000.0,-138000000.0,-6000000.0,293000000.0,0.0,-136000000.0,-136000000.0,-136000000.0,359000000.0,0.0,-0.033,434000000.0,454000000.0,767000000.0,-0.588,1.521,-13.965,-13.538,2319000000.0,0.0,40.75,1.005,1.005,4024000000.0,,4095000000.0,4095000000.0,121000000.0,,,,,0.0,313000000.0,1.0,398207000.0,398207000,,10.284,14529000000.0,649000000.0,97000000.0,835000000.0,36.486,2590000000.0
71,RTN,MRQ,2002-03-31,2002-03-31,2002-03-31,2020-04-01,0.0,25655000000.0,,8406000000.0,17249000000.0,,27.353,-102000000.0,1484000000.0,1484000000.0,3160000000.0,-583000000.0,1.452,1.364,7787000000.0,1792000000.0,5995000000.0,7787000000.0,0.0,88000000.0,0.0,0.019,0.0,-379000000.0,-291000000.0,-0.074,-291000000.0,-379000000.0,-519000000.0,-1.47,-1.44,-1.47,10852000000.0,,10852000000.0,23311341200.0,-50.0,176.601,-416000000.0,-1.049,1.0,751000000.0,0.192,11359000000.0,140000000.0,14808000000.0,,2012000000.0,0.0,0.0,0.0,14803000000.0,5791000000.0,9012000000.0,16286341200.0,270000000.0,1123000000.0,36000000.0,-442000000.0,-79000000.0,-485000000.0,1069000000.0,-60000000.0,-314000000.0,0.0,-583000000.0,-583000000.0,-583000000.0,224000000.0,0.0,-0.149,398000000.0,353000000.0,782000000.0,0.0,1.501,-13.415,-12.788,2293000000.0,0.0,41.05,1.008,1.008,3984000000.0,,3911000000.0,3911000000.0,104000000.0,,,,,0.0,294000000.0,1.0,396744000.0,396744000,,9.858,14296000000.0,616000000.0,64000000.0,908000000.0,36.033,2615000000.0
72,RTN,MRQ,2001-12-31,2001-12-31,2001-12-31,2020-04-01,-212000000.0,26773000000.0,,9647000000.0,17126000000.0,,31.446,-212000000.0,1214000000.0,1214000000.0,3582000000.0,-158000000.0,1.659,1.352,8237000000.0,1363000000.0,6874000000.0,8237000000.0,0.0,174000000.0,0.0,0.025,0.4,189000000.0,363000000.0,0.083,363000000.0,189000000.0,37000000.0,-0.41,-0.38,-0.41,11381000000.0,,11381000000.0,20518574870.0,526.0,28.657,452000000.0,1.249,1.0,811000000.0,0.185,11358000000.0,152000000.0,16623000000.0,,2177000000.0,0.0,0.0,0.0,15392000000.0,5815000000.0,9577000000.0,11751574870.0,635000000.0,0.0,1057000000.0,-1129000000.0,-73000000.0,-145000000.0,116000000.0,-159000000.0,664000000.0,0.0,-158000000.0,-158000000.0,-158000000.0,206000000.0,0.0,-0.036,384000000.0,427000000.0,910000000.0,-0.976,1.033,-15.565,-15.316,2196000000.0,0.0,32.47,0.734,0.734,3684000000.0,3867000000.0,4393000000.0,4393000000.0,106000000.0,,,,,0.0,278000000.0,1.0,361921000.0,361921000,,12.138,15415000000.0,620000000.0,195000000.0,563000000.0,42.592,3832000000.0
73,RTN,MRQ,2001-09-30,2001-09-30,2001-09-30,2020-04-01,0.0,26758000000.0,,8857000000.0,17901000000.0,,29.404,-131000000.0,579000000.0,579000000.0,3727000000.0,-285000000.0,1.471,1.532,9346000000.0,1723000000.0,7623000000.0,9346000000.0,0.0,170000000.0,0.0,0.023,0.2,-380000000.0,-210000000.0,-0.056,-210000000.0,-380000000.0,-552000000.0,-0.79,-0.79,-0.79,10567000000.0,,10567000000.0,20779350750.0,64.0,21.942,-350000000.0,-0.974,1.0,28000000.0,0.007,12385000000.0,172000000.0,17117000000.0,,2347000000.0,0.0,0.0,0.0,16191000000.0,6023000000.0,10168000000.0,12488350750.0,50000000.0,0.0,6000000.0,485000000.0,-72000000.0,417000000.0,-148000000.0,-11000000.0,-219000000.0,0.0,-285000000.0,-285000000.0,-285000000.0,5000000.0,0.0,-0.076,392000000.0,-364000000.0,903000000.0,-0.253,1.182,-28.908,-28.958,2279000000.0,0.0,34.75,0.837,0.837,4434000000.0,,3755000000.0,3755000000.0,105000000.0,,,,,0.0,287000000.0,1.0,359377000.0,359377000,,10.449,14373000000.0,699000000.0,-267000000.0,607000000.0,39.994,2834000000.0
74,RTN,MRQ,2001-06-30,2001-07-01,2001-07-01,2020-04-01,0.0,26760000000.0,,8114000000.0,18646000000.0,,31.594,-132000000.0,529000000.0,529000000.0,3283000000.0,-188000000.0,1.783,1.47,8820000000.0,255000000.0,8565000000.0,8820000000.0,0.0,169000000.0,0.0,0.03,0.2,101000000.0,270000000.0,0.066,270000000.0,101000000.0,-82000000.0,-0.54,-0.53,-0.54,10835000000.0,,10835000000.0,18665322500.0,17.0,10.721,13000000.0,0.038,1.0,814000000.0,0.199,13029000000.0,183000000.0,17470000000.0,,2274000000.0,0.0,0.0,0.0,15925000000.0,4552000000.0,11373000000.0,9105322500.0,46000000.0,155000000.0,385000000.0,-1238000000.0,-68000000.0,-84000000.0,-15000000.0,-33000000.0,145000000.0,0.0,-188000000.0,-188000000.0,-188000000.0,328000000.0,0.0,-0.046,419000000.0,395000000.0,1060000000.0,-0.37,0.84,-216.793,-265.5,2514000000.0,0.0,26.55,0.594,0.594,4536000000.0,,4097000000.0,4097000000.0,123000000.0,,,,,0.0,296000000.0,1.0,342950000.0,342950000,,11.946,13731000000.0,620000000.0,106000000.0,770000000.0,40.038,3562000000.0
75,RTN,MRQ,2001-03-31,2001-04-01,2001-04-01,2020-04-01,0.0,26527000000.0,,7788000000.0,18739000000.0,,31.377,-126000000.0,483000000.0,483000000.0,3072000000.0,-124000000.0,1.573,1.479,10043000000.0,1185000000.0,8858000000.0,10043000000.0,0.0,164000000.0,0.0,0.02,0.0,120000000.0,284000000.0,0.075,284000000.0,120000000.0,-60000000.0,-0.36,-0.36,-0.36,10700000000.0,,10700000000.0,19078932560.0,15.0,9.789,-561000000.0,-1.645,1.0,700000000.0,0.186,13182000000.0,180000000.0,17955000000.0,,2218000000.0,0.0,0.0,0.0,15827000000.0,4950000000.0,10877000000.0,10018932560.0,-388000000.0,111000000.0,3000000.0,112000000.0,-68000000.0,47000000.0,0.0,28000000.0,-435000000.0,0.0,-124000000.0,-124000000.0,-124000000.0,218000000.0,0.0,-0.033,392000000.0,308000000.0,969000000.0,0.0,0.936,51.379,50.655,2498000000.0,0.0,29.38,0.652,0.652,4398000000.0,,3772000000.0,3772000000.0,122000000.0,,,,,0.0,270000000.0,1.0,341012000.0,341012000,,11.061,13345000000.0,533000000.0,64000000.0,748000000.0,39.134,2838000000.0
76,RTN,MRQ,2000-12-31,2000-12-31,2000-12-31,2020-04-01,-106000000.0,26777000000.0,,8013000000.0,18764000000.0,,31.841,-171000000.0,871000000.0,871000000.0,2526000000.0,165000000.0,1.647,1.474,9931000000.0,877000000.0,9054000000.0,9931000000.0,0.0,118000000.0,0.0,0.026,0.4,485000000.0,603000000.0,0.183,603000000.0,485000000.0,282000000.0,0.49,0.48,0.49,10823000000.0,,10823000000.0,20407604600.0,16.0,10.764,803000000.0,2.362,1.0,776000000.0,0.235,13281000000.0,203000000.0,17691000000.0,,1908000000.0,0.0,0.0,0.0,15954000000.0,4865000000.0,11089000000.0,10557604600.0,700000000.0,227000000.0,3000000.0,-108000000.0,-68000000.0,-175000000.0,-99000000.0,-59000000.0,974000000.0,0.0,165000000.0,165000000.0,165000000.0,269000000.0,0.0,0.05,313000000.0,463000000.0,1099000000.0,0.816,0.975,76.504,75.756,2491000000.0,0.0,31.06,0.667,0.667,4566000000.0,4831000000.0,3302000000.0,3302000000.0,112000000.0,,,,,0.0,201000000.0,1.0,339910000.0,339910000,,9.714,13496000000.0,476000000.0,117000000.0,773000000.0,39.705,3148000000.0
77,RTN,MRQ,2000-09-30,2000-10-01,2000-10-01,2020-04-01,0.0,26610000000.0,,7891000000.0,18719000000.0,,31.517,-106000000.0,171000000.0,171000000.0,3317000000.0,105000000.0,1.598,1.483,10021000000.0,972000000.0,9049000000.0,10021000000.0,0.0,183000000.0,0.0,0.021,0.2,401000000.0,584000000.0,0.14,584000000.0,401000000.0,208000000.0,0.31,0.31,0.31,10716000000.0,,10716000000.0,19755941280.0,18.0,10.825,228000000.0,0.671,1.0,843000000.0,0.203,13378000000.0,193000000.0,18144000000.0,,1934000000.0,0.0,0.0,0.0,15894000000.0,4938000000.0,10956000000.0,9669941280.0,-218000000.0,1000000.0,0.0,-454000000.0,-68000000.0,-522000000.0,-30000000.0,2000000.0,334000000.0,0.0,105000000.0,105000000.0,105000000.0,0.0,0.0,0.025,410000000.0,433000000.0,988000000.0,0.645,0.902,214.888,218.769,2452000000.0,0.0,28.44,0.579,0.579,5114000000.0,,4160000000.0,4160000000.0,122000000.0,,,,,0.0,288000000.0,1.0,340012000.0,340012000,,12.235,13232000000.0,471000000.0,103000000.0,591000000.0,38.916,2953000000.0
78,RTN,MRQ,2000-06-30,2000-07-02,2000-07-02,2020-04-01,0.0,27164000000.0,,8357000000.0,18807000000.0,,31.447,-70000000.0,389000000.0,389000000.0,3289000000.0,49000000.0,1.491,1.542,10475000000.0,1430000000.0,9045000000.0,10475000000.0,0.0,170000000.0,0.0,0.031,0.0,308000000.0,478000000.0,0.116,478000000.0,308000000.0,123000000.0,0.14,0.14,0.14,10687000000.0,,10687000000.0,16511997000.0,24.0,11.82,-22000000.0,-0.065,1.0,835000000.0,0.202,13469000000.0,185000000.0,18176000000.0,,1945000000.0,0.0,0.0,0.0,16477000000.0,5605000000.0,10872000000.0,6541997000.0,208000000.0,15000000.0,1000000.0,324000000.0,-68000000.0,257000000.0,-97000000.0,-39000000.0,48000000.0,0.0,49000000.0,49000000.0,49000000.0,0.0,0.0,0.012,467000000.0,368000000.0,1002000000.0,0.0,0.612,-29.336,-29.167,2465000000.0,0.0,19.25,0.393,0.393,5098000000.0,,4124000000.0,4124000000.0,150000000.0,,,,,0.0,317000000.0,1.0,339844000.0,339844000,,12.135,13695000000.0,442000000.0,74000000.0,509000000.0,40.298,2752000000.0
79,RTN,MRQ,2000-03-31,2000-04-02,2000-04-02,2020-04-01,0.0,27002000000.0,,8187000000.0,18815000000.0,,31.785,-144000000.0,181000000.0,181000000.0,3481000000.0,-181000000.0,1.524,1.516,10151000000.0,1109000000.0,9042000000.0,10151000000.0,0.0,171000000.0,0.0,0.045,0.2,60000000.0,231000000.0,0.055,231000000.0,60000000.0,-120000000.0,-0.54,-0.54,-0.54,10732000000.0,,10732000000.0,15533246356.0,15.0,9.0,-520000000.0,-1.54,1.0,750000000.0,0.177,13562000000.0,180000000.0,18037000000.0,,1935000000.0,0.0,0.0,0.0,16270000000.0,5373000000.0,10897000000.0,5993246356.0,-49000000.0,160000000.0,0.0,382000000.0,-68000000.0,314000000.0,13000000.0,4000000.0,-376000000.0,0.0,-181000000.0,-181000000.0,-181000000.0,70000000.0,0.0,-0.043,434000000.0,316000000.0,1114000000.0,-0.37,0.558,332.958,295.833,2451000000.0,0.0,17.75,0.351,0.351,5282000000.0,,4231000000.0,4231000000.0,123000000.0,,,,,0.0,311000000.0,1.0,337647682.0,337647682,,12.531,13440000000.0,430000000.0,61000000.0,507000000.0,39.805,2814000000.0
80,RTN,MRQ,1999-12-31,1999-12-31,1999-12-31,2020-04-01,-69000000.0,27289000000.0,,8602000000.0,18687000000.0,,32.382,-245000000.0,230000000.0,230000000.0,3326000000.0,72000000.0,1.206,1.49,9769000000.0,2471000000.0,7298000000.0,9769000000.0,0.0,195000000.0,0.0,0.03,0.2,337000000.0,532000000.0,0.127,532000000.0,337000000.0,160000000.0,0.22,0.22,0.22,10959000000.0,,10959000000.0,19283568000.0,13.0,8.757,773000000.0,2.284,1.0,852000000.0,0.204,13596000000.0,177000000.0,16099000000.0,,1950000000.0,0.0,0.0,0.0,16330000000.0,7133000000.0,9197000000.0,8988568000.0,117000000.0,23000000.0,1000000.0,-638000000.0,-68000000.0,-704000000.0,-197000000.0,-46000000.0,1018000000.0,0.0,72000000.0,72000000.0,72000000.0,2000000.0,0.0,0.017,534000000.0,318000000.0,1204000000.0,0.909,0.82,22.249,22.133,2387000000.0,0.0,26.56,0.523,0.523,5167000000.0,4963000000.0,4178000000.0,4178000000.0,147000000.0,,,,,0.0,387000000.0,1.0,338425000.0,338425000,,12.345,13693000000.0,490000000.0,88000000.0,488000000.0,40.461,1469000000.0
81,RTN,MRQ,1999-09-30,1999-10-03,1999-10-03,2020-04-01,0.0,28684000000.0,,9395000000.0,19289000000.0,,32.488,-110000000.0,113000000.0,113000000.0,3577000000.0,-163000000.0,1.164,1.615,10408000000.0,3112000000.0,7296000000.0,10408000000.0,0.0,171000000.0,0.0,0.016,0.2,-15000000.0,156000000.0,0.038,156000000.0,-15000000.0,-192000000.0,-0.48,-0.48,-0.48,10970000000.0,,10970000000.0,26253575080.0,13.0,9.907,-637000000.0,-1.886,1.0,545000000.0,0.132,14115000000.0,177000000.0,16794000000.0,,2003000000.0,0.0,0.0,0.0,17714000000.0,8070000000.0,9644000000.0,16481575080.0,5000000.0,211000000.0,26000000.0,528000000.0,-67000000.0,486000000.0,46000000.0,-1000000.0,-527000000.0,0.0,-163000000.0,-163000000.0,-163000000.0,74000000.0,0.0,-0.04,476000000.0,69000000.0,1571000000.0,-0.417,1.502,24.49,24.405,2311000000.0,0.0,48.81,1.016,1.016,6322000000.0,,4122000000.0,4122000000.0,115000000.0,,,,,0.0,361000000.0,1.0,337668000.0,337668000,,12.207,14569000000.0,667000000.0,-29000000.0,624000000.0,43.146,1325000000.0
82,RTN,MRQ,1999-06-30,1999-07-04,1999-07-04,2020-04-01,0.0,28906000000.0,,9631000000.0,19275000000.0,,33.181,-96000000.0,108000000.0,108000000.0,3440000000.0,290000000.0,1.256,1.592,9880000000.0,2090000000.0,7790000000.0,9880000000.0,0.0,161000000.0,0.0,0.011,0.2,646000000.0,807000000.0,0.177,807000000.0,646000000.0,472000000.0,0.86,0.84,0.86,11153000000.0,,11153000000.0,33995383680.0,15.0,11.65,10000000.0,0.03,1.0,1125000000.0,0.246,14193000000.0,174000000.0,16819000000.0,,2142000000.0,0.0,0.0,0.0,17753000000.0,7666000000.0,10087000000.0,24221383680.0,50000000.0,17000000.0,38000000.0,49000000.0,-67000000.0,19000000.0,-75000000.0,-12000000.0,106000000.0,0.0,290000000.0,290000000.0,290000000.0,-13000000.0,0.0,0.064,499000000.0,626000000.0,1902000000.0,0.233,2.172,28.563,28.595,2275000000.0,0.0,72.06,1.465,1.465,6391000000.0,,4565000000.0,4565000000.0,135000000.0,,,,,0.0,364000000.0,1.0,336128000.0,336128000,,13.581,14713000000.0,700000000.0,182000000.0,600000000.0,43.772,1965000000.0
83,RTN,MRQ,1999-03-31,1999-04-04,1999-04-04,2020-04-01,0.0,28442000000.0,,9109000000.0,19333000000.0,,32.408,-81000000.0,58000000.0,58000000.0,3341000000.0,205000000.0,1.284,1.611,9832000000.0,1671000000.0,8161000000.0,9832000000.0,0.0,172000000.0,0.0,0.013,0.2,535000000.0,707000000.0,0.163,707000000.0,535000000.0,360000000.0,0.61,0.6,0.61,10895000000.0,,10895000000.0,28635854297.0,13.0,9.793,-995000000.0,-2.96,1.0,995000000.0,0.229,14299000000.0,175000000.0,16820000000.0,,2017000000.0,0.0,0.0,0.0,17547000000.0,7097000000.0,10450000000.0,20066854297.0,-363000000.0,0.0,-51000000.0,842000000.0,-67000000.0,724000000.0,-173000000.0,-57000000.0,-914000000.0,0.0,205000000.0,205000000.0,205000000.0,-18000000.0,0.0,0.047,416000000.0,579000000.0,1797000000.0,0.328,1.842,24.442,24.463,2257000000.0,0.0,59.69,1.18,1.18,6000000000.0,,4336000000.0,4336000000.0,111000000.0,,,,,0.0,305000000.0,1.0,336184525.0,336184525,,12.898,14143000000.0,778000000.0,155000000.0,587000000.0,42.069,2012000000.0
84,RTN,MRQ,1998-12-31,1998-12-31,1998-12-31,2020-04-01,-50000000.0,28232000000.0,,8965000000.0,19267000000.0,,32.041,74000000.0,421000000.0,421000000.0,1736000000.0,341000000.0,1.275,1.615,8990000000.0,827000000.0,8163000000.0,8990000000.0,0.0,146000000.0,0.0,0.015,0.4,834000000.0,980000000.0,0.306,980000000.0,834000000.0,670000000.0,1.01,1.0,1.01,10797000000.0,,10797000000.0,27865705750.0,13.0,9.405,1227000000.0,3.641,1.0,1467000000.0,0.458,14396000000.0,164000000.0,15373000000.0,,1991000000.0,0.0,0.0,0.0,17435000000.0,7032000000.0,10403000000.0,17943705750.0,310000000.0,251000000.0,-26000000.0,-1037000000.0,-68000000.0,-1141000000.0,298000000.0,-14000000.0,1153000000.0,0.0,341000000.0,341000000.0,341000000.0,175000000.0,0.0,0.106,494000000.0,973000000.0,2071000000.0,0.396,1.662,21.26,21.3,2275000000.0,0.0,53.25,1.033,1.033,5477000000.0,4829000000.0,3203000000.0,3203000000.0,150000000.0,,,,,0.0,344000000.0,1.0,336971000.0,336971000,,9.505,13836000000.0,840000000.0,329000000.0,561000000.0,41.06,1933000000.0
85,RTN,MRQ,1998-09-30,1998-09-27,1998-09-27,2020-04-01,0.0,28712000000.0,,9634000000.0,19078000000.0,,31.277,348000000.0,111000000.0,111000000.0,3671000000.0,12000000.0,0.941,1.714,10033000000.0,4053000000.0,5980000000.0,10033000000.0,0.0,195000000.0,0.0,0.016,0.2,229000000.0,424000000.0,0.096,424000000.0,229000000.0,49000000.0,0.04,0.04,0.04,10579000000.0,,10579000000.0,27228759420.0,20.0,13.192,353000000.0,1.044,1.0,760000000.0,0.172,0.0,180000000.0,28395000000.0,,2285000000.0,0.0,0.0,0.0,18133000000.0,10239000000.0,7894000000.0,17121759420.0,-206000000.0,81000000.0,-69000000.0,-392000000.0,-67000000.0,-528000000.0,317000000.0,-85000000.0,5000000.0,0.0,12000000.0,12000000.0,12000000.0,0.0,0.0,0.003,538000000.0,222000000.0,1657000000.0,5.0,1.618,41.76,47.308,2274000000.0,0.0,50.62,0.947,0.947,6061000000.0,,4431000000.0,4431000000.0,134000000.0,,,,,0.0,404000000.0,1.0,338241000.0,338241000,,13.1,28712000000.0,1050000000.0,37000000.0,869000000.0,84.886,-605000000.0
86,RTN,MRQ,1998-06-30,1998-06-28,1998-06-28,2020-04-01,0.0,29127000000.0,,9701000000.0,19426000000.0,,31.623,-126000000.0,317000000.0,317000000.0,3910000000.0,263000000.0,0.922,1.72,10424000000.0,4430000000.0,5994000000.0,10424000000.0,0.0,197000000.0,0.0,0.014,0.2,616000000.0,813000000.0,0.161,813000000.0,616000000.0,434000000.0,0.78,0.77,0.78,10707000000.0,,10707000000.0,29824577150.0,19.0,13.477,227000000.0,0.67,1.0,1127000000.0,0.224,0.0,182000000.0,28716000000.0,,2031000000.0,0.0,0.0,0.0,18420000000.0,10518000000.0,7902000000.0,19258577150.0,-15000000.0,343000000.0,-26000000.0,-468000000.0,-68000000.0,-562000000.0,194000000.0,-18000000.0,353000000.0,0.0,263000000.0,263000000.0,263000000.0,0.0,0.0,0.052,610000000.0,517000000.0,1824000000.0,0.256,1.799,31.623,29.472,2813000000.0,0.0,56.88,1.126,1.126,6245000000.0,,5037000000.0,5037000000.0,154000000.0,,,,,0.0,456000000.0,1.0,338582580.0,338582580,,14.877,29127000000.0,979000000.0,171000000.0,844000000.0,86.026,-817000000.0
87,RTN,MRQ,1998-03-31,1998-03-29,1998-03-29,2020-04-01,0.0,29192000000.0,,9801000000.0,19391000000.0,,44.577,-115000000.0,332000000.0,332000000.0,3656000000.0,228000000.0,0.906,1.771,10898000000.0,4908000000.0,5990000000.0,10898000000.0,0.0,196000000.0,0.0,0.013,0.0,550000000.0,746000000.0,0.159,746000000.0,550000000.0,379000000.0,0.67,0.66,0.67,10535000000.0,,10535000000.0,20532409122.0,15.0,10.881,-632000000.0,-2.674,1.0,1037000000.0,0.221,0.0,171000000.0,28946000000.0,,2059000000.0,0.0,0.0,0.0,18657000000.0,10812000000.0,7845000000.0,14238931122.0,36000000.0,-23000000.0,-23000000.0,836000000.0,-68000000.0,745000000.0,-192000000.0,-57000000.0,-517000000.0,0.0,228000000.0,228000000.0,228000000.0,0.0,0.0,0.049,490000000.0,547000000.0,1864000000.0,0.0,1.352,25.61,29.534,2866000000.0,0.0,60.25,0.925,0.925,6116000000.0,,4693000000.0,4693000000.0,144000000.0,,,,,0.0,346000000.0,1.0,236330807.0,236330807,,19.858,29192000000.0,1144000000.0,151000000.0,786000000.0,123.522,-1011000000.0
88,RTN,MRQ,1997-12-31,1997-12-31,1997-12-31,2020-04-01,-23000000.0,28520000000.0,,9155000000.0,19365000000.0,,43.947,-85000000.0,296000000.0,296000000.0,3502000000.0,-93000000.0,0.819,1.746,10062000000.0,5656000000.0,4406000000.0,10062000000.0,0.0,132000000.0,0.0,0.02,0.4,-51000000.0,81000000.0,0.021,81000000.0,-51000000.0,-148000000.0,-0.42,-0.42,-0.42,10386000000.0,,10386000000.0,18228183754.0,16.0,11.522,665000000.0,2.814,1.0,422000000.0,0.108,13836000000.0,97000000.0,13274000000.0,,2038000000.0,0.0,0.0,0.0,18134000000.0,11176000000.0,6958000000.0,11934705754.0,29000000.0,114000000.0,-34000000.0,-542000000.0,-47000000.0,-682000000.0,-41000000.0,-81000000.0,750000000.0,2000000.0,-93000000.0,-93000000.0,-93000000.0,0.0,0.0,-0.024,502000000.0,-80000000.0,1844000000.0,-0.952,1.149,23.356,23.598,2891000000.0,0.0,50.5,0.878,0.878,5417000000.0,4255000000.0,3924000000.0,3924000000.0,125000000.0,,,,,0.0,377000000.0,1.0,236330807.0,236330807,,16.604,14684000000.0,1265000000.0,-55000000.0,786000000.0,62.133,-2021000000.0
89,RTN,MRQ,1997-09-30,1997-09-28,1997-09-28,2020-04-01,0.0,15256152000.0,,6553969000.0,8702183000.0,,21.213,-104000000.0,267684000.0,267684000.0,2636000000.0,211000000.0,1.226,2.042,6561162000.0,2174785000.0,4386377000.0,6561162000.0,0.0,132000000.0,0.0,0.013,0.2,441000000.0,573000000.0,0.166,573000000.0,441000000.0,322000000.0,0.9,0.88,0.9,5015096000.0,,5015096000.0,17842941578.0,13.0,9.792,57000000.0,0.241,1.0,809000000.0,0.235,0.0,119000000.0,16204509000.0,,1652815000.0,0.0,0.0,0.0,10241056000.0,5345121000.0,4895935000.0,14017117578.0,87000000.0,-2490000000.0,-18000000.0,2554000000.0,-47000000.0,2534000000.0,-2607000000.0,0.0,161000000.0,-1000000.0,211000000.0,211000000.0,211000000.0,0.0,0.0,0.061,390000000.0,419000000.0,1265300000.0,0.222,2.795,18.035,17.864,2046958000.0,0.0,59.31,1.08,1.08,953652000.0,,3445000000.0,3445000000.0,121000000.0,,,,,0.0,269000000.0,1.0,236336496.0,236411000,236411000.0,14.572,15256152000.0,227554000.0,111000000.0,85765000.0,64.532,1208848000.0
90,RTN,MRQ,1997-06-30,1997-06-29,1997-06-29,2020-04-01,,,,6177470000.0,,,20.642,-93000000.0,181274000.0,181274000.0,2570000000.0,210000000.0,1.203,,4007098000.0,2510464000.0,1496634000.0,4007098000.0,,99000000.0,,0.016,0.2,388000000.0,487000000.0,0.146,487000000.0,388000000.0,314000000.0,0.89,0.88,0.89,4877539000.0,,4877539000.0,15908890847.0,13.0,9.691,45000000.0,0.19,1.0,755000000.0,0.227,,74000000.0,,,1708915000.0,,0.0,0.0,,5136144000.0,,12140421847.0,58000000.0,0.0,-1000000.0,105000000.0,-48000000.0,60000000.0,-139000000.0,0.0,138000000.0,-1000000.0,210000000.0,210000000.0,210000000.0,0.0,0.0,0.063,373000000.0,382000000.0,1258074000.0,0.225,2.489,16.099,15.957,1922996000.0,0.0,51.38,0.966,0.966,811907000.0,,3325000000.0,3325000000.0,91000000.0,,,,,0.0,282000000.0,1.0,236286918.0,236293000,236293000.0,14.072,,212998000.0,104000000.0,85765000.0,,1041326000.0
91,RTN,MRQ,1997-03-31,1997-03-30,1997-03-30,2020-04-01,0.0,11496419000.0,,5926068000.0,5570351000.0,,19.967,-108000000.0,133543000.0,133543000.0,2221000000.0,183000000.0,1.198,1.437,3902012000.0,2403482000.0,1498530000.0,3902012000.0,0.0,94000000.0,0.0,0.018,0.2,347000000.0,441000000.0,0.152,441000000.0,347000000.0,278000000.0,0.78,0.77,0.78,4717687000.0,,4717687000.0,14280864269.0,12.0,8.829,-113000000.0,-0.478,1.0,678000000.0,0.234,0.0,69000000.0,10317419000.0,,1708748000.0,0.0,0.0,0.0,6778732000.0,4947469000.0,1831263000.0,10692274269.0,-15000000.0,-6000000.0,3000000.0,175000000.0,-47000000.0,141000000.0,-150000000.0,0.0,-5000000.0,-1000000.0,183000000.0,183000000.0,183000000.0,0.0,0.0,0.063,339000000.0,339000000.0,1165050000.0,0.256,2.266,14.19,14.097,1853278000.0,0.0,45.25,0.864,0.864,843926000.0,,2899000000.0,2899000000.0,79000000.0,,,,,0.0,260000000.0,1.0,236293354.0,236277000,236277000.0,12.269,11496419000.0,178811000.0,95000000.0,85765000.0,48.657,978599000.0
92,RTN,MRQ,1996-12-31,1996-12-31,1996-12-31,2020-04-01,0.0,11198000000.0,,5528000000.0,5670000000.0,,19.48,-66196000.0,0.0,0.0,2716265000.0,173227000.0,1.178,1.435,3727000000.0,2227000000.0,1500000000.0,3727000000.0,0.0,97679000.0,0.0,0.016,0.2,223474000.0,321153000.0,0.097,321153000.0,223474000.0,255158000.0,0.75,0.7,0.75,4598000000.0,,4598000000.0,15631208643.0,13.0,9.77,745951000.0,3.16,1.0,593990000.0,0.179,0.0,-31684000.0,10233000000.0,,1591000000.0,0.0,0.0,0.0,6600000000.0,4692000000.0,1908000000.0,11358037643.0,-23220000.0,839000.0,11795000.0,-707274000.0,-47683000.0,-745154000.0,-90876000.0,0.0,812147000.0,663000.0,173227000.0,173227000.0,173227000.0,0.0,0.0,0.052,274019000.0,319971000.0,1126000000.0,0.267,2.47,15.004,15.037,1802000000.0,0.0,48.12,0.927,0.927,0.0,4066000000.0,3310255000.0,3310255000.0,68674000.0,,,,,0.0,239345000.0,1.0,236035695.0,236035695,,14.024,11198000000.0,318000000.0,81931000.0,158000000.0,47.442,836000000.0
93,RTN,MRQ,1996-09-30,1996-09-29,1996-09-29,2020-04-01,0.0,11785748000.0,,6278335000.0,5507413000.0,,18.854,-119951000.0,161437000.0,161437000.0,2428087000.0,187890000.0,1.143,1.649,4434608000.0,2941403000.0,1493205000.0,4434608000.0,0.0,95721000.0,0.0,0.014,0.2,296744000.0,392465000.0,0.129,392465000.0,296744000.0,225917000.0,0.8,0.8,0.8,4448367000.0,,4448367000.0,16693883377.0,12.0,9.622,-300297000.0,-1.273,1.0,604273000.0,0.199,3138693000.0,70827000.0,7425825000.0,,1765654000.0,0.0,0.0,0.0,7337381000.0,5494401000.0,1842980000.0,12791859377.0,-50962000.0,0.0,-26447000.0,320294000.0,-47181000.0,245805000.0,-116771000.0,0.0,-180346000.0,350000.0,187890000.0,187890000.0,187890000.0,0.0,0.0,0.062,365220000.0,239053000.0,1077400000.0,0.25,2.876,15.878,15.965,1753691000.0,0.0,54.12,1.032,1.03,977501000.0,,3032360000.0,3032360000.0,76862000.0,,,,,0.0,254358000.0,1.0,236361038.0,235932000,235932000.0,12.853,8647055000.0,298909000.0,38027000.0,96006000.0,36.651,783934000.0
94,RTN,MRQ,1996-06-30,1996-06-30,1996-06-30,2020-04-01,0.0,11620923000.0,,6147470000.0,5473453000.0,,18.265,-99873000.0,212290000.0,212290000.0,2435359000.0,209397000.0,1.133,1.679,4114314000.0,2618243000.0,1496071000.0,4114314000.0,0.0,88349000.0,0.0,0.015,0.2,374551000.0,462900000.0,0.148,462900000.0,374551000.0,313857000.0,0.88,0.88,0.88,4337547000.0,,4337547000.0,15364656920.0,11.0,8.329,-190414000.0,-0.802,1.0,691420000.0,0.221,3167820000.0,60694000.0,6928079000.0,,1713488000.0,0.0,0.0,0.0,7283376000.0,5427048000.0,1856328000.0,12353491920.0,29301000.0,-517839000.0,-155327000.0,907211000.0,-47277000.0,708884000.0,-588363000.0,0.0,-90541000.0,-679000.0,209397000.0,209397000.0,209397000.0,0.0,0.0,0.067,352571000.0,338849000.0,1300928000.0,0.227,2.848,15.094,15.138,1712685000.0,0.0,51.62,0.987,0.979,1170523000.0,,3126779000.0,3126779000.0,90002000.0,,,,,0.0,262569000.0,1.0,239316000.0,237474000,237474000.0,13.167,8453103000.0,228049000.0,104460000.0,96006000.0,35.596,720422000.0
95,RTN,MRQ,1996-03-31,1996-03-31,1996-03-31,2020-04-01,0.0,10257887000.0,,5509945000.0,4747942000.0,,18.104,-103980000.0,182732000.0,182732000.0,2141289000.0,186486000.0,1.358,1.36,3193897000.0,1706808000.0,1487089000.0,3193897000.0,0.0,87251000.0,0.0,0.015,0.188,336231000.0,423482000.0,0.152,423482000.0,336231000.0,282068000.0,0.78,0.78,0.78,4346753000.0,,4346753000.0,14800738031.0,10.0,8.135,-354240000.0,-1.475,1.0,646317000.0,0.232,0.0,54163000.0,9210563000.0,,1623756000.0,0.0,0.0,0.0,5911134000.0,4058489000.0,1852645000.0,12307248031.0,-27119000.0,0.0,-79021000.0,490769000.0,-47859000.0,365465000.0,-141990000.0,0.0,-250260000.0,-334000.0,186486000.0,186486000.0,186486000.0,0.0,0.0,0.067,352190000.0,294127000.0,950746000.0,0.241,2.831,15.297,15.39,1601853000.0,0.0,51.25,1.008,1.008,902717000.0,,2787606000.0,2787606000.0,87462000.0,,,,,0.0,264728000.0,1.0,240141425.0,240093000,240093000.0,11.611,10257887000.0,155168000.0,95582000.0,100797000.0,42.725,1451456000.0
96,RTN,MRQ,1995-12-31,1995-12-31,1995-12-31,2020-04-01,0.0,9840944000.0,,5275218000.0,4565726000.0,,17.708,-2233000.0,210284000.0,210284000.0,2792446000.0,221839000.0,1.429,1.293,2703774000.0,1216039000.0,1487735000.0,2703774000.0,0.0,77116000.0,0.0,0.016,0.188,379002000.0,456118000.0,0.132,456118000.0,379002000.0,322366000.0,0.93,0.9,0.93,4291964000.0,,4291964000.0,14788794000.0,11.0,8.408,695454000.0,2.869,1.0,655648000.0,0.19,0.0,56636000.0,8644011000.0,,1502983000.0,0.0,0.0,0.0,5548980000.0,3690423000.0,1858557000.0,11452077000.0,3152000.0,459522000.0,-81439000.0,-839975000.0,-44637000.0,-966950000.0,272067000.0,0.0,697687000.0,348000.0,221839000.0,221839000.0,221839000.0,0.0,0.0,0.064,474029000.0,181619000.0,1041848000.0,0.202,2.668,14.46,14.494,1584035000.0,0.0,47.25,0.97,0.97,926800000.0,3787495000.0,3448094000.0,3448094000.0,71504000.0,,,,,0.0,277525000.0,1.0,242372000.0,242372000,,14.226,9840944000.0,196711000.0,100527000.0,100797000.0,40.603,1584795000.0
97,RTN,MRQ,1995-09-30,1995-10-01,1995-10-01,2020-04-01,0.0,10264001000.0,,5558765000.0,4705236000.0,,17.237,-130559000.0,207251000.0,207251000.0,2424712000.0,200731000.0,1.303,1.449,3543968000.0,2063589000.0,1480379000.0,3543968000.0,0.0,129265000.0,0.0,0.018,0.188,372864000.0,502129000.0,0.159,502129000.0,372864000.0,305511000.0,0.82,0.82,0.82,4191584000.0,,4191584000.0,13716127305.0,10.0,7.912,129517000.0,0.533,1.0,728006000.0,0.231,0.0,67353000.0,9335087000.0,,1760858000.0,0.0,0.0,0.0,6072417000.0,4265631000.0,1806786000.0,10365999305.0,-36787000.0,-43029000.0,-69124000.0,-49248000.0,-45493000.0,-166173000.0,-129490000.0,0.0,260076000.0,-1200000.0,200731000.0,200731000.0,200731000.0,0.0,0.0,0.064,373676000.0,354330000.0,860851000.0,0.229,2.473,13.36,13.578,1661386000.0,0.0,42.5,0.928,0.925,1212363000.0,,3152718000.0,3152718000.0,79619000.0,,,,,0.0,294057000.0,1.0,243905866.0,243174000,243174000.0,12.965,10264001000.0,110264000.0,104780000.0,0.0,42.208,1293134000.0
98,RTN,MRQ,1995-06-30,1995-07-02,1995-07-02,2020-04-01,0.0,10142621000.0,,5612669000.0,4529952000.0,,16.816,-78785000.0,243088000.0,243088000.0,2116287000.0,195494000.0,1.059,1.463,3593216000.0,3198075000.0,395141000.0,3593216000.0,0.0,90103000.0,0.0,0.019,0.188,347642000.0,437745000.0,0.155,437745000.0,347642000.0,297309000.0,0.8,0.8,0.8,4117643000.0,,4117643000.0,10789671800.0,9.0,6.753,275740000.0,1.126,1.0,699785000.0,0.248,0.0,50333000.0,8192133000.0,,1841894000.0,0.0,0.0,0.0,6024978000.0,5300616000.0,724362000.0,9554245800.0,49620000.0,-2190441000.0,-95048000.0,2120563000.0,-45655000.0,1977767000.0,-2283561000.0,0.0,354525000.0,889000.0,195494000.0,195494000.0,195494000.0,0.0,0.0,0.069,373885000.0,325900000.0,783939000.0,0.235,2.32,12.455,12.766,1655266000.0,0.0,38.81,0.913,0.909,1142270000.0,,2816072000.0,2816072000.0,89812000.0,,,,,0.0,284073000.0,1.0,246180000.0,244870000,244870000.0,11.5,10142621000.0,166096000.0,101815000.0,0.0,41.42,312053000.0
99,RTN,MRQ,1995-03-31,1995-04-02,1995-04-02,2020-04-01,0.0,7674055000.0,,5208194000.0,2465861000.0,,16.459,-55423000.0,193467000.0,193467000.0,1825555000.0,173936000.0,1.516,0.893,1428893000.0,1404741000.0,24152000.0,1428893000.0,0.0,74516000.0,0.0,0.02,0.188,288492000.0,363008000.0,0.152,363008000.0,288492000.0,265814000.0,0.71,0.71,0.71,4054560000.0,,4054560000.0,9362155000.0,8.0,6.123,-192711000.0,-0.782,1.0,561561000.0,0.235,0.0,22678000.0,5473777000.0,,1722510000.0,0.0,0.0,0.0,3619495000.0,3435704000.0,183791000.0,9589186000.0,-7985000.0,-108052000.0,-15389000.0,371660000.0,-46215000.0,310356000.0,-182016000.0,0.0,-137288000.0,963000.0,173936000.0,173936000.0,173936000.0,0.0,0.0,0.073,305410000.0,256151000.0,788570000.0,0.265,2.365,12.554,12.332,1362494000.0,0.0,36.44,0.943,0.883,960011000.0,,2387116000.0,2387116000.0,75065000.0,,,,,0.0,230345000.0,1.0,263150000.0,246342000,246342000.0,9.69,7674055000.0,95865000.0,91878000.0,134571000.0,31.152,1772490000.0
100,RTN,MRQ,1994-12-31,1994-12-31,1994-12-31,2020-04-01,0.0,7395394000.0,,4985491000.0,2409903000.0,,14.927,-276772000.0,202181000.0,202181000.0,2148547000.0,205737000.0,1.519,0.883,1057603000.0,1033081000.0,24522000.0,1057603000.0,0.0,100915000.0,0.0,0.023,0.188,329717000.0,430632000.0,0.153,430632000.0,329717000.0,314526000.0,0.8,0.78,0.8,3928168000.0,,3928168000.0,8177980000.0,9.0,6.529,-10839000.0,-0.041,1.0,665018000.0,0.236,0.0,15191000.0,4967751000.0,,1499458000.0,0.0,0.0,0.0,3467226000.0,3283065000.0,184161000.0,8405011000.0,-47851000.0,-151209000.0,-519589000.0,415387000.0,-46269000.0,-152087000.0,-157971000.0,85113000.0,265933000.0,-3726000.0,205737000.0,205737000.0,205737000.0,0.0,0.0,0.073,314589000.0,350429000.0,894911000.0,0.235,2.14,14.082,14.133,1360780000.0,0.0,31.94,0.832,0.832,976278000.0,3481519000.0,2813565000.0,2813565000.0,68168000.0,,,,,0.0,246421000.0,1.0,263150000.0,263150000,,10.692,7395394000.0,165615000.0,108789000.0,134571000.0,28.103,1702426000.0
101,RTN,MRQ,1994-09-30,1994-10-02,1994-10-02,2020-04-01,0.0,7210774000.0,,4977389000.0,2233385000.0,,16.239,138799000.0,248901000.0,248901000.0,1876059000.0,191944000.0,1.738,0.677,21870000.0,0.0,21870000.0,21870000.0,0.0,68877000.0,0.0,0.022,0.188,297385000.0,366262000.0,0.15,366262000.0,297385000.0,287444000.0,0.73,0.73,0.73,4299642000.0,,4299642000.0,8367209080.0,9.0,6.974,581427000.0,2.196,1.0,566574000.0,0.232,0.0,9941000.0,4120177000.0,,1627042000.0,0.0,0.0,0.0,2911132000.0,2863566000.0,47566000.0,8533346080.0,60272000.0,0.0,-99457000.0,-201266000.0,-49136000.0,-350478000.0,-38324000.0,0.0,442628000.0,6446000.0,191944000.0,191944000.0,191944000.0,0.0,0.0,0.079,293438000.0,273136000.0,1307233000.0,0.258,1.985,14.801,14.843,1379817000.0,0.0,32.06,0.871,0.866,837972000.0,,2442633000.0,2442633000.0,68238000.0,,,,,0.0,225200000.0,1.0,266168000.0,264768000,264768000.0,9.226,7210774000.0,0.0,95500000.0,90233000.0,27.234,2113823000.0
102,RTN,MRQ,1994-06-30,1994-07-03,1994-07-03,2020-04-01,0.0,7166280000.0,,4845021000.0,2321259000.0,,15.854,-61041000.0,188626000.0,188626000.0,1948726000.0,192229000.0,1.689,0.686,22489000.0,0.0,22489000.0,22489000.0,0.0,65218000.0,0.0,0.016,0.175,303887000.0,369105000.0,0.146,369105000.0,303887000.0,291023000.0,0.715,0.715,0.715,4249845000.0,,4249845000.0,8711517000.0,10.0,7.415,224686000.0,0.838,1.0,578267000.0,0.229,0.0,12864000.0,4131893000.0,,1535856000.0,0.0,0.0,0.0,2916435000.0,2868250000.0,48185000.0,8835688000.0,41886000.0,0.0,-123458000.0,6628000.0,-50055000.0,-166964000.0,-74690000.0,0.0,285727000.0,-2187000.0,192229000.0,192229000.0,192229000.0,0.0,0.0,0.076,298912000.0,279355000.0,1511890000.0,0.245,2.079,15.909,15.898,1400636000.0,0.0,32.75,0.922,0.916,897145000.0,,2526993000.0,2526993000.0,71821000.0,,,,,0.0,227091000.0,1.0,269792000.0,268054000,268054000.0,9.427,7166280000.0,0.0,98794000.0,53290000.0,26.734,1976771000.0
103,RTN,MRQ,1994-03-31,1994-04-03,1994-04-03,2020-04-01,0.0,7263577000.0,,4625910000.0,2637667000.0,,15.663,-68086000.0,146739000.0,146739000.0,1796549000.0,6966000.0,1.551,0.716,22568000.0,0.0,22568000.0,22568000.0,0.0,69156000.0,0.0,0.016,0.175,17454000.0,86610000.0,0.037,86610000.0,17454000.0,6946000.0,0.025,0.025,0.025,4233316000.0,,4233316000.0,,,,95485000.0,0.353,1.0,517922000.0,0.224,0.0,10508000.0,4157409000.0,,1580553000.0,0.0,0.0,0.0,3030261000.0,2981997000.0,48264000.0,8728526532.0,-43490000.0,0.0,-24020000.0,-61766000.0,-47221000.0,-134815000.0,-71977000.0,0.0,163571000.0,-269000.0,6966000.0,6966000.0,6966000.0,0.0,0.0,0.003,524739000.0,-6817000.0,1504404000.0,7.0,2.062,16.091,16.115,1404678000.0,0.0,32.31,0.937,0.938,672228000.0,,2314471000.0,2314471000.0,61387000.0,,,,,0.0,213601000.0,1.0,270149382.0,270282000,270282000.0,8.563,7263577000.0,0.0,-20000.0,96387000.0,26.874,1643913000.0
104,RTN,MRQ,1993-12-31,1993-12-31,1993-12-31,2020-04-01,0.0,7257712000.0,,4609243000.0,2648469000.0,,15.909,340985000.0,190231000.0,190231000.0,1978746000.0,185401000.0,1.584,0.689,24376000.0,0.0,24376000.0,24376000.0,0.0,89631000.0,0.0,0.016,0.175,288231000.0,377862000.0,0.15,377862000.0,288231000.0,278905000.0,0.69,0.66,0.69,4297860000.0,,4297860000.0,,,,879396000.0,3.255,1.0,537892000.0,0.214,0.0,9326000.0,4182077000.0,,1500393000.0,0.0,0.0,0.0,2959852000.0,2909780000.0,50072000.0,8914929606.0,106365000.0,-566400000.0,-26798000.0,-92355000.0,-47340000.0,-174178000.0,-258051000.0,0.0,538411000.0,183000.0,185401000.0,185401000.0,185401000.0,0.0,0.0,0.074,281793000.0,256099000.0,1688363000.0,0.254,2.074,12.864,12.891,1422086000.0,0.0,33.0,0.969,0.969,727713000.0,,2516638000.0,2516638000.0,60055000.0,,,,,0.0,221738000.0,1.0,270149382.0,270149382,,9.316,7257712000.0,0.0,93504000.0,113472000.0,26.866,1699463000.0
105,RTN,MRQ,1993-09-30,1993-10-03,1993-10-03,2020-04-01,,,,,,,,-443108000.0,,,1721862000.0,170795000.0,,,,,,,,67864000.0,,0.017,0.0,273368000.0,341232000.0,0.154,341232000.0,273368000.0,264566000.0,0.63,0.63,0.63,,,,,,,-227492000.0,-0.838,1.0,500870000.0,0.225,,8802000.0,,,,,,,,,,,-48008000.0,0.0,4121000.0,188284000.0,-47518000.0,144308000.0,-407802000.0,0.0,215616000.0,-130000.0,170795000.0,170795000.0,170795000.0,0.0,0.0,0.077,277865000.0,223005000.0,,0.0,,,,,0.0,31.81,,,,,2222732000.0,2222732000.0,64674000.0,,,,,0.0,213191000.0,1.0,,271322000,271322000.0,8.192,,,93771000.0,,,
106,RTN,MRQ,1993-06-30,1993-07-04,1993-07-04,2020-04-01,,,,,,,,0.0,,,1749136000.0,179280000.0,,,,,,,,70973000.0,,0.022,0.175,275286000.0,346259000.0,0.153,346259000.0,275286000.0,268600000.0,0.66,0.66,0.66,,,,,,,13012000.0,0.048,1.0,509179000.0,0.225,,6686000.0,,,,,,,,,,,13313000.0,0.0,-47397000.0,0.0,0.0,-71687000.0,0.0,0.0,13012000.0,148000.0,179280000.0,179280000.0,179280000.0,0.0,0.0,0.079,280127000.0,229052000.0,,0.265,,,,,0.0,30.625,,,,,2258315000.0,2258315000.0,76711000.0,,,,,0.0,203416000.0,1.0,,271134000,271134000.0,8.329,,,89320000.0,,,
107,RTN,MRQ,1993-03-31,1993-04-04,1993-04-04,2020-04-01,,,,,,,,0.0,,,1724535000.0,157515000.0,,,,,,,,67947000.0,,0.029,0.175,242329000.0,310276000.0,0.141,310276000.0,242329000.0,235276000.0,0.58,0.58,0.58,,,,,,,183018000.0,0.674,1.0,478977000.0,0.217,,7053000.0,,,,,,,,,,,29721000.0,0.0,24642000.0,0.0,0.0,24642000.0,0.0,0.0,183018000.0,142000.0,157515000.0,157515000.0,157515000.0,0.0,0.0,0.071,267214000.0,211763000.0,,0.302,,,,,0.0,28.375,,,,,2203512000.0,2203512000.0,78008000.0,,,,,0.0,189206000.0,1.0,,271580000,271580000.0,8.114,,,77761000.0,,,
0,RTN,MRT,2019-12-31,2019-12-31,2019-12-31,2020-04-01,-9260000000.0,34566000000.0,32786250000.0,13082000000.0,21484000000.0,0.89,43.892,-982000000.0,4292000000.0,4292000000.0,21413000000.0,3329000000.0,1.336,1.828,5466000000.0,1499000000.0,3967000000.0,5466000000.0,0.0,605000000.0,0.0,0.013,2.828,4181000000.0,4786000000.0,0.164,4786000000.0,4181000000.0,4001000000.0,11.94,11.93,11.94,12223000000.0,12279250000.0,12223000000.0,63996975460.0,15.0,13.372,3498000000.0,12.561,1.0,7763000000.0,0.266,14882000000.0,180000000.0,11067000000.0,12414500000.0,671000000.0,0.0,0.0,0.0,22343000000.0,9791000000.0,12552000000.0,61192975460.0,674000000.0,-8000000.0,-869000000.0,-300000000.0,-1036000000.0,-2803000000.0,-1003000000.0,0.0,4480000000.0,0.0,3343000000.0,3343000000.0,3343000000.0,-1000000.0,-14000000.0,0.115,2989000000.0,4774000000.0,1796000000.0,0.237,5.006,18.305,18.404,4228000000.0,0.0,219.74,2.097,2.097,1364000000.0,21480000000.0,29176000000.0,29176000000.0,0.0,0.102,0.272,0.337,0.143,184000000.0,2989000000.0,1.0,278479000.0,278479000,,104.769,19684000000.0,0.0,658000000.0,0.0,70.684,3291000000.0
1,RTN,MRT,2019-09-30,2019-09-29,2019-09-29,2020-04-01,-8042000000.0,32817000000.0,32312250000.0,12029000000.0,20788000000.0,0.888,46.608,-930000000.0,2646000000.0,2646000000.0,20974000000.0,3275000000.0,1.539,1.528,5450000000.0,500000000.0,4950000000.0,5450000000.0,0.0,597000000.0,0.0,0.019,3.621,4042000000.0,4639000000.0,0.162,4639000000.0,4042000000.0,3862000000.0,11.7,11.69,11.7,12982000000.0,12091500000.0,12982000000.0,58062967680.0,14.0,12.516,3191000000.0,11.456,1.0,7720000000.0,0.269,14881000000.0,180000000.0,12925000000.0,12507000000.0,802000000.0,0.0,0.0,0.0,19835000000.0,7815000000.0,12020000000.0,54458967680.0,577000000.0,-8000000.0,-1269000000.0,-300000000.0,-1020000000.0,-2594000000.0,-950000000.0,0.0,4121000000.0,0.0,3290000000.0,3290000000.0,3290000000.0,2000000.0,-15000000.0,0.115,3011000000.0,4709000000.0,1470000000.0,0.309,4.195,16.553,16.711,3958000000.0,0.0,195.52,1.898,1.898,1473000000.0,20987000000.0,28694000000.0,28694000000.0,0.0,0.102,0.272,0.323,0.141,150000000.0,3011000000.0,1.0,278534000.0,278534000,,103.018,17936000000.0,0.0,572000000.0,0.0,64.394,4214000000.0
2,RTN,MRT,2019-06-30,2019-06-30,2019-06-30,2020-04-01,-8182000000.0,32186000000.0,31641500000.0,11526000000.0,20660000000.0,0.887,43.606,-888000000.0,2173000000.0,2173000000.0,20346000000.0,3056000000.0,1.464,1.637,5777000000.0,800000000.0,4977000000.0,5777000000.0,0.0,585000000.0,0.0,0.02,3.546,3646000000.0,4231000000.0,0.151,4231000000.0,3646000000.0,3466000000.0,10.87,10.86,10.87,12204000000.0,11673500000.0,12204000000.0,52278969480.0,14.0,12.356,1512000000.0,5.402,1.0,7708000000.0,0.275,14882000000.0,180000000.0,13037000000.0,12049000000.0,932000000.0,0.0,0.0,0.0,19982000000.0,7871000000.0,12111000000.0,48663969480.0,-916000000.0,-8000000.0,-1393000000.0,0.0,-1005000000.0,-2403000000.0,-913000000.0,0.0,2400000000.0,0.0,3074000000.0,3074000000.0,3074000000.0,1000000.0,-18000000.0,0.11,3022000000.0,4686000000.0,1368000000.0,0.326,3.988,15.831,15.996,3870000000.0,0.0,173.88,1.735,1.735,1607000000.0,20383000000.0,28054000000.0,28054000000.0,0.0,0.097,0.263,0.303,0.13,155000000.0,3022000000.0,1.0,279871000.0,279871000,,100.239,17304000000.0,0.0,392000000.0,0.0,61.828,3655000000.0
3,RTN,MRT,2019-03-31,2019-03-31,2019-03-31,2020-04-01,-8399000000.0,31576000000.0,31279500000.0,10956000000.0,20620000000.0,0.88,41.483,-872000000.0,2093000000.0,2093000000.0,19918000000.0,3034000000.0,1.427,1.697,5708000000.0,800000000.0,4908000000.0,5708000000.0,0.0,573000000.0,0.0,0.019,3.471,3515000000.0,4088000000.0,0.149,4088000000.0,3515000000.0,3334000000.0,10.73,10.72,10.73,11708000000.0,11274250000.0,11708000000.0,52837077120.0,15.0,12.925,1861000000.0,6.594,1.0,7602000000.0,0.276,14882000000.0,181000000.0,12629000000.0,11493250000.0,882000000.0,0.0,0.0,0.0,19868000000.0,7680000000.0,12188000000.0,51390077120.0,-664000000.0,3000000.0,-1512000000.0,0.0,-990000000.0,-2507000000.0,-890000000.0,0.0,2733000000.0,0.0,3057000000.0,3057000000.0,3057000000.0,0.0,-23000000.0,0.111,2992000000.0,4610000000.0,1361000000.0,0.323,4.389,16.811,16.969,3715000000.0,0.0,182.08,1.867,1.867,1424000000.0,20104000000.0,27520000000.0,27520000000.0,0.0,0.098,0.271,0.306,0.128,161000000.0,2992000000.0,1.0,282239000.0,282239000,,97.506,16694000000.0,0.0,277000000.0,0.0,59.148,3276000000.0
4,RTN,MRT,2018-12-31,2018-12-31,2018-12-31,2020-04-01,-8618000000.0,32670000000.0,31009750000.0,12137000000.0,20533000000.0,0.873,40.312,-819000000.0,3608000000.0,3608000000.0,19573000000.0,2882000000.0,1.434,1.848,5702000000.0,300000000.0,5402000000.0,5702000000.0,0.0,568000000.0,0.0,0.028,4.269,3357000000.0,3925000000.0,0.145,3925000000.0,3357000000.0,3173000000.0,10.16,10.15,10.16,11472000000.0,10906500000.0,11472000000.0,46619882950.0,14.0,11.878,2609000000.0,9.168,1.0,7485000000.0,0.277,14864000000.0,184000000.0,11437000000.0,11123500000.0,758000000.0,0.0,0.0,0.0,21198000000.0,8463000000.0,12735000000.0,43639882950.0,509000000.0,11000000.0,-1418000000.0,0.0,-975000000.0,-2398000000.0,-521000000.0,309000000.0,3428000000.0,0.0,2909000000.0,2909000000.0,2909000000.0,1000000.0,-27000000.0,0.108,2947000000.0,4538000000.0,1964000000.0,0.42,3.804,15.002,15.094,3645000000.0,0.0,153.35,1.613,1.613,1648000000.0,20087000000.0,27058000000.0,27058000000.0,0.0,0.094,0.267,0.302,0.124,165000000.0,2947000000.0,1.0,284577000.0,284577000,,95.081,17806000000.0,0.0,264000000.0,0.0,62.57,3674000000.0
5,RTN,MRT,2018-09-30,2018-09-30,2018-09-30,2020-04-01,-8413000000.0,30134000000.0,30557250000.0,10635000000.0,19499000000.0,0.867,39.648,-812000000.0,2073000000.0,2073000000.0,19165000000.0,2442000000.0,1.486,1.664,5053000000.0,300000000.0,4753000000.0,5053000000.0,0.0,566000000.0,0.0,0.016,3.331,3268000000.0,3834000000.0,0.145,3834000000.0,3268000000.0,3082000000.0,8.59,8.57,8.59,11310000000.0,10529250000.0,11310000000.0,60909831600.0,19.0,15.887,1807000000.0,6.335,1.0,7316000000.0,0.276,14865000000.0,186000000.0,11093000000.0,10911250000.0,804000000.0,0.0,0.0,0.0,18824000000.0,7156000000.0,11668000000.0,58951831600.0,-238000000.0,11000000.0,-1117000000.0,0.0,-959000000.0,-2081000000.0,-776000000.0,12000000.0,2619000000.0,0.0,2470000000.0,2470000000.0,2470000000.0,0.0,-28000000.0,0.093,2892000000.0,4424000000.0,1392000000.0,0.388,5.212,23.867,24.058,2639000000.0,0.0,206.66,2.226,2.226,1527000000.0,19720000000.0,26481000000.0,26481000000.0,0.0,0.081,0.235,0.3,0.123,183000000.0,2892000000.0,1.0,285260000.0,285260000,,92.831,15269000000.0,0.0,612000000.0,0.0,53.527,3479000000.0
6,RTN,MRT,2018-06-30,2018-07-01,2018-07-01,2020-04-01,-8863000000.0,30738000000.0,30593250000.0,11315000000.0,19423000000.0,0.849,36.926,-776000000.0,3094000000.0,3094000000.0,18762000000.0,2368000000.0,1.613,1.898,5052000000.0,300000000.0,4752000000.0,5052000000.0,0.0,561000000.0,0.0,0.013,2.464,3452000000.0,4013000000.0,0.155,4013000000.0,3452000000.0,3263000000.0,8.31,8.29,8.31,10607000000.0,10416000000.0,10607000000.0,57793955000.0,17.0,14.402,2668000000.0,9.288,1.0,7197000000.0,0.277,14865000000.0,189000000.0,10814000000.0,11049500000.0,725000000.0,0.0,0.0,0.0,20131000000.0,7017000000.0,13114000000.0,55490955000.0,927000000.0,-43000000.0,-1197000000.0,0.0,-943000000.0,-2145000000.0,-372000000.0,429000000.0,3444000000.0,0.0,2398000000.0,2398000000.0,2398000000.0,1000000.0,-30000000.0,0.092,2828000000.0,4369000000.0,1380000000.0,0.297,5.232,23.141,23.247,2554000000.0,0.0,193.18,2.138,2.138,1317000000.0,19467000000.0,25959000000.0,25959000000.0,0.0,0.078,0.23,0.312,0.133,182000000.0,2828000000.0,1.0,287250000.0,287250000,,90.371,15873000000.0,0.0,865000000.0,0.0,55.258,4298000000.0
7,RTN,MRT,2018-03-31,2018-04-01,2018-04-01,2020-04-01,-9095000000.0,30497000000.0,30466000000.0,10960000000.0,19537000000.0,0.841,35.483,-705000000.0,2748000000.0,2748000000.0,18506000000.0,2124000000.0,1.617,1.979,5051000000.0,300000000.0,4751000000.0,5051000000.0,0.0,555000000.0,0.0,0.015,3.192,3394000000.0,3949000000.0,0.154,3949000000.0,3394000000.0,3200000000.0,7.43,7.4,7.43,10237000000.0,10468000000.0,10237000000.0,64212364920.0,19.0,16.26,2365000000.0,8.197,1.0,7109000000.0,0.278,14871000000.0,194000000.0,11150000000.0,11269750000.0,640000000.0,0.0,0.0,0.0,20260000000.0,6779000000.0,13481000000.0,62265364920.0,582000000.0,-54000000.0,-919000000.0,-291000000.0,-925000000.0,-2178000000.0,-310000000.0,429000000.0,3070000000.0,0.0,2151000000.0,2151000000.0,2151000000.0,2000000.0,-27000000.0,0.084,2785000000.0,4324000000.0,1255000000.0,0.43,6.082,28.947,29.047,2478000000.0,0.0,215.82,2.431,2.431,1639000000.0,19329000000.0,25615000000.0,25615000000.0,0.0,0.071,0.205,0.301,0.133,179000000.0,2785000000.0,1.0,288506000.0,288506000,,88.785,15626000000.0,0.0,1049000000.0,0.0,54.162,4181000000.0
8,RTN,MRT,2017-12-31,2017-12-31,2017-12-31,2020-04-01,-7935000000.0,30860000000.0,30309000000.0,11326000000.0,19534000000.0,0.836,34.464,-565000000.0,3103000000.0,3103000000.0,18340000000.0,2001000000.0,1.541,2.097,5050000000.0,300000000.0,4750000000.0,5050000000.0,0.0,550000000.0,0.0,0.013,2.394,3343000000.0,3893000000.0,0.154,3893000000.0,3343000000.0,3138000000.0,6.96,6.95,6.96,9963000000.0,10504750000.0,9963000000.0,57042992950.0,17.0,14.653,2180000000.0,7.541,1.0,7008000000.0,0.276,14871000000.0,205000000.0,10588000000.0,11454250000.0,594000000.0,297000000.0,297000000.0,0.0,20897000000.0,7348000000.0,13549000000.0,54304992950.0,-188000000.0,-93000000.0,-885000000.0,-291000000.0,-910000000.0,-2116000000.0,-817000000.0,-179000000.0,2745000000.0,0.0,2024000000.0,2024000000.0,2024000000.0,-2000000.0,-23000000.0,0.08,2777000000.0,4231000000.0,1519000000.0,0.344,5.451,26.831,26.99,2439000000.0,0.0,187.85,2.142,2.142,1324000000.0,17895000000.0,25348000000.0,25348000000.0,0.0,0.067,0.193,0.292,0.132,173000000.0,2777000000.0,1.0,289087000.0,289087000,,87.683,15989000000.0,0.0,1114000000.0,0.0,55.309,3978000000.0
9,RTN,MRT,2017-09-30,2017-10-01,2017-10-01,2020-04-01,-7075000000.0,30278000000.0,30153500000.0,10778000000.0,19500000000.0,0.824,37.406,-566000000.0,2311000000.0,2311000000.0,17585000000.0,2167000000.0,1.66,1.789,5049000000.0,300000000.0,4749000000.0,5049000000.0,0.0,539000000.0,0.0,0.016,3.062,3340000000.0,3879000000.0,0.156,3879000000.0,3340000000.0,3125000000.0,7.49,7.47,7.49,10857000000.0,10553250000.0,10857000000.0,57034658420.0,17.0,14.703,1697000000.0,5.847,1.0,7259000000.0,0.292,14878000000.0,215000000.0,11646000000.0,11543000000.0,693000000.0,0.0,0.0,0.0,19421000000.0,6492000000.0,12929000000.0,54154658420.0,-19000000.0,-93000000.0,-884000000.0,-291000000.0,-894000000.0,-2099000000.0,-183000000.0,480000000.0,2263000000.0,0.0,2186000000.0,2186000000.0,2186000000.0,-2000000.0,-19000000.0,0.088,2647000000.0,4612000000.0,1347000000.0,0.409,4.988,24.773,24.911,2248000000.0,0.0,186.58,2.18,2.18,1393000000.0,17929000000.0,24844000000.0,24844000000.0,0.0,0.072,0.207,0.289,0.134,158000000.0,2647000000.0,1.0,290249000.0,290249000,,85.595,15400000000.0,0.0,939000000.0,0.0,53.058,4286000000.0
10,RTN,MRT,2017-06-30,2017-07-02,2017-07-02,2020-04-01,-6994000000.0,30229000000.0,29947000000.0,10937000000.0,19292000000.0,0.821,37.155,-512000000.0,2167000000.0,2167000000.0,17591000000.0,2142000000.0,1.66,1.795,5047000000.0,300000000.0,4747000000.0,5047000000.0,0.0,531000000.0,0.0,0.019,3.062,3313000000.0,3844000000.0,0.156,3844000000.0,3313000000.0,3088000000.0,7.36,7.34,7.36,10815000000.0,10455750000.0,10815000000.0,50153629520.0,15.0,13.047,2010000000.0,6.905,1.0,6983000000.0,0.284,14827000000.0,225000000.0,11695000000.0,11544500000.0,581000000.0,410000000.0,410000000.0,0.0,19414000000.0,6587000000.0,12827000000.0,47002629520.0,159000000.0,-39000000.0,-881000000.0,-291000000.0,-878000000.0,-2080000000.0,-283000000.0,286000000.0,2522000000.0,0.0,2158000000.0,2158000000.0,2158000000.0,-4000000.0,-16000000.0,0.088,2669000000.0,4314000000.0,1278000000.0,0.416,4.346,21.781,21.94,2172000000.0,0.0,161.48,1.913,1.913,1560000000.0,17806000000.0,24574000000.0,24574000000.0,0.0,0.072,0.206,0.287,0.135,154000000.0,2669000000.0,1.0,291074000.0,291074000,,84.425,15402000000.0,0.0,930000000.0,0.0,52.914,4350000000.0
11,RTN,MRT,2017-03-31,2017-04-02,2017-04-02,2020-04-01,-7218000000.0,29869000000.0,29664250000.0,10515000000.0,19354000000.0,0.82,35.455,-521000000.0,2186000000.0,2186000000.0,17432000000.0,2308000000.0,1.667,1.876,5337000000.0,251000000.0,5086000000.0,5337000000.0,0.0,521000000.0,0.0,0.019,2.93,3468000000.0,3989000000.0,0.164,3989000000.0,3468000000.0,3236000000.0,7.87,7.86,7.87,10384000000.0,10331000000.0,10384000000.0,46696200000.0,13.0,11.706,1964000000.0,6.706,1.0,6890000000.0,0.283,14825000000.0,232000000.0,11888000000.0,11523250000.0,599000000.0,399000000.0,399000000.0,0.0,19485000000.0,6307000000.0,13178000000.0,44664200000.0,253000000.0,-39000000.0,-1000000000.0,0.0,-864000000.0,-1946000000.0,-286000000.0,286000000.0,2485000000.0,0.0,2322000000.0,2322000000.0,2322000000.0,-3000000.0,-14000000.0,0.095,2659000000.0,4231000000.0,1282000000.0,0.372,4.301,19.235,19.377,2146000000.0,0.0,152.5,1.836,1.836,1319000000.0,17599000000.0,24322000000.0,24322000000.0,0.0,0.078,0.225,0.301,0.143,154000000.0,2659000000.0,1.0,292880000.0,292880000,,83.044,15044000000.0,0.0,914000000.0,0.0,51.366,4208000000.0
12,RTN,MRT,2016-12-31,2016-12-31,2016-12-31,2020-04-01,-7411000000.0,30238000000.0,29404250000.0,10885000000.0,19353000000.0,0.82,34.589,-591000000.0,3303000000.0,3303000000.0,17507000000.0,2213000000.0,1.665,1.977,5335000000.0,0.0,5335000000.0,5335000000.0,0.0,515000000.0,0.0,0.025,3.6,3349000000.0,3864000000.0,0.16,3864000000.0,3349000000.0,3117000000.0,7.56,7.55,7.56,10157000000.0,10266000000.0,10157000000.0,44689874000.0,13.0,11.566,2261000000.0,7.7,1.0,6617000000.0,0.274,14788000000.0,232000000.0,10943000000.0,11473000000.0,608000000.0,100000000.0,100000000.0,0.0,20081000000.0,6539000000.0,13542000000.0,41697874000.0,975000000.0,-57000000.0,-996000000.0,0.0,-850000000.0,-1930000000.0,53000000.0,712000000.0,2852000000.0,0.0,2244000000.0,2244000000.0,2244000000.0,-1000000.0,-31000000.0,0.093,2721000000.0,3896000000.0,1520000000.0,0.476,4.105,18.582,18.783,2166000000.0,0.0,142.0,1.728,1.728,1163000000.0,17565000000.0,24124000000.0,24124000000.0,0.0,0.076,0.219,0.292,0.139,151000000.0,2721000000.0,1.0,293647000.0,293647000,,82.153,15450000000.0,0.0,873000000.0,0.0,52.614,4346000000.0
13,RTN,MRT,2016-09-30,2016-10-02,2016-10-02,2020-04-01,-6856000000.0,29452000000.0,29165000000.0,10155000000.0,19297000000.0,0.831,35.47,-533000000.0,2342000000.0,2342000000.0,18119000000.0,2267000000.0,1.692,1.814,5334000000.0,0.0,5334000000.0,5334000000.0,2063000000.0,513000000.0,0.0,0.021,2.805,3363000000.0,3876000000.0,0.16,3876000000.0,3363000000.0,3131000000.0,7.68,7.68,7.68,10467000000.0,10258750000.0,10467000000.0,43488282350.0,13.0,11.22,2004000000.0,6.791,1.0,6128000000.0,0.253,14791000000.0,232000000.0,11652000000.0,11593750000.0,651000000.0,462000000.0,462000000.0,0.0,18985000000.0,6001000000.0,12984000000.0,40171282350.0,-111000000.0,-119000000.0,-1147000000.0,0.0,-837000000.0,-2064000000.0,-584000000.0,73000000.0,2537000000.0,0.0,2296000000.0,2296000000.0,2296000000.0,-14000000.0,-29000000.0,0.095,2831000000.0,3297000000.0,1415000000.0,0.365,3.838,17.496,17.725,2053000000.0,0.0,136.13,1.657,1.657,6469000000.0,17320000000.0,24247000000.0,24247000000.0,0.0,0.079,0.224,0.29,0.139,142000000.0,2831000000.0,1.0,295095000.0,295095000,,82.167,14661000000.0,0.0,835000000.0,0.0,49.682,4154000000.0
14,RTN,MRT,2016-06-30,2016-07-03,2016-07-03,2020-04-01,-6899000000.0,29098000000.0,29114250000.0,9850000000.0,19248000000.0,0.825,34.736,-510000000.0,2016000000.0,2016000000.0,18053000000.0,2168000000.0,1.638,1.821,5333000000.0,0.0,5333000000.0,5333000000.0,2136000000.0,513000000.0,0.0,0.021,2.805,3216000000.0,3729000000.0,0.155,3729000000.0,3216000000.0,2984000000.0,7.31,7.31,7.31,10316000000.0,10179000000.0,10316000000.0,43436843600.0,14.0,11.648,2488000000.0,8.378,1.0,5963000000.0,0.248,14791000000.0,232000000.0,11610000000.0,11461000000.0,671000000.0,703000000.0,703000000.0,0.0,18782000000.0,6014000000.0,12768000000.0,40038843600.0,188000000.0,-119000000.0,-1197000000.0,0.0,-825000000.0,-2102000000.0,-708000000.0,-98000000.0,2998000000.0,0.0,2199000000.0,2199000000.0,2199000000.0,-12000000.0,-31000000.0,0.092,2799000000.0,3164000000.0,1405000000.0,0.384,3.881,18.208,18.443,2028000000.0,0.0,134.82,1.667,1.667,6249000000.0,17212000000.0,24016000000.0,24016000000.0,0.0,0.076,0.216,0.281,0.134,137000000.0,2799000000.0,1.0,296980000.0,296980000,,80.867,14307000000.0,0.0,785000000.0,0.0,48.175,3836000000.0
15,RTN,MRT,2016-03-31,2016-04-03,2016-04-03,2020-04-01,-7050000000.0,28829000000.0,28949000000.0,9359000000.0,19470000000.0,0.823,33.86,-495000000.0,1934000000.0,1934000000.0,18216000000.0,1958000000.0,1.628,1.829,5332000000.0,0.0,5332000000.0,5332000000.0,2136000000.0,506000000.0,0.0,0.016,2.01,2890000000.0,3396000000.0,0.142,3396000000.0,2890000000.0,2657000000.0,6.55,6.55,6.55,10124000000.0,10114000000.0,10124000000.0,39847523540.0,14.0,11.734,2134000000.0,7.137,1.0,5619000000.0,0.236,14791000000.0,233000000.0,11687000000.0,11463000000.0,637000000.0,711000000.0,711000000.0,0.0,18519000000.0,5749000000.0,12770000000.0,36845523540.0,-972000000.0,-2005000000.0,-1193000000.0,0.0,-812000000.0,-1630000000.0,-1971000000.0,500000000.0,2629000000.0,0.0,1987000000.0,1987000000.0,1987000000.0,-14000000.0,-29000000.0,0.083,2779000000.0,2840000000.0,1304000000.0,0.307,3.639,18.543,18.814,2018000000.0,0.0,123.23,1.546,1.546,5882000000.0,17141000000.0,23835000000.0,23835000000.0,0.0,0.069,0.196,0.252,0.121,114000000.0,2779000000.0,1.0,298998000.0,298998000,,79.716,14038000000.0,0.0,670000000.0,0.0,46.95,3610000000.0
16,RTN,MRT,2015-12-31,2015-12-31,2015-12-31,2020-04-01,-7176000000.0,29281000000.0,28691250000.0,9812000000.0,19469000000.0,0.813,33.637,-398000000.0,2328000000.0,2328000000.0,17608000000.0,2107000000.0,1.602,1.871,5330000000.0,0.0,5330000000.0,5330000000.0,2193000000.0,489000000.0,0.0,0.021,2.615,3090000000.0,3579000000.0,0.153,3579000000.0,3090000000.0,2857000000.0,6.92,6.91,6.92,10128000000.0,10009750000.0,10128000000.0,40376733940.0,13.0,11.282,1961000000.0,6.513,1.0,5713000000.0,0.245,14731000000.0,233000000.0,11426000000.0,11423250000.0,635000000.0,872000000.0,872000000.0,0.0,18951000000.0,6126000000.0,12825000000.0,37495733940.0,-894000000.0,-1954000000.0,-1099000000.0,0.0,-797000000.0,-1509000000.0,-1744000000.0,610000000.0,2359000000.0,0.0,2110000000.0,2110000000.0,2110000000.0,-13000000.0,-3000000.0,0.09,2646000000.0,3067000000.0,1402000000.0,0.378,3.702,17.77,17.996,2005000000.0,0.0,124.53,1.608,1.608,5564000000.0,16903000000.0,23321000000.0,23321000000.0,0.0,0.074,0.211,0.271,0.132,93000000.0,2646000000.0,1.0,301098000.0,301098000,,77.453,14550000000.0,0.0,747000000.0,0.0,48.323,3686000000.0
17,RTN,MRT,2015-09-30,2015-09-27,2015-09-27,2020-04-01,-7024000000.0,29249000000.0,28300000000.0,9528000000.0,19721000000.0,0.815,33.431,-389000000.0,2453000000.0,2453000000.0,17428000000.0,2086000000.0,1.506,1.862,5334000000.0,0.0,5334000000.0,5334000000.0,2215000000.0,465000000.0,0.0,0.024,2.55,3066000000.0,3531000000.0,0.153,3531000000.0,3066000000.0,2836000000.0,6.79,6.79,6.79,10148000000.0,9859000000.0,10148000000.0,35690194440.0,12.0,10.108,2058000000.0,6.78,1.0,5634000000.0,0.244,14681000000.0,230000000.0,11121000000.0,11318250000.0,619000000.0,608000000.0,608000000.0,0.0,18900000000.0,6328000000.0,12572000000.0,32185194440.0,-181000000.0,-2319000000.0,-953000000.0,592000000.0,-779000000.0,-753000000.0,-1875000000.0,854000000.0,2447000000.0,0.0,2085000000.0,2085000000.0,2085000000.0,-6000000.0,1000000.0,0.09,2580000000.0,3054000000.0,1334000000.0,0.376,3.172,15.437,15.616,1934000000.0,0.0,106.03,1.396,1.396,5649000000.0,16552000000.0,23062000000.0,23062000000.0,0.0,0.074,0.211,0.271,0.133,97000000.0,2580000000.0,1.0,303548000.0,303548000,,75.975,14568000000.0,0.0,751000000.0,0.0,47.992,3200000000.0
18,RTN,MRT,2015-06-30,2015-06-28,2015-06-28,2020-04-01,-7095000000.0,28437000000.0,27564500000.0,8704000000.0,19733000000.0,0.825,32.955,-394000000.0,1828000000.0,1828000000.0,17191000000.0,2162000000.0,1.543,1.808,5333000000.0,0.0,5333000000.0,5333000000.0,1975000000.0,446000000.0,0.0,0.025,2.485,3133000000.0,3579000000.0,0.157,3579000000.0,3133000000.0,2908000000.0,6.98,6.97,6.98,10056000000.0,10268000000.0,10056000000.0,32264836180.0,10.0,9.015,1376000000.0,4.509,1.0,5562000000.0,0.244,14683000000.0,225000000.0,11618000000.0,10961250000.0,519000000.0,666000000.0,666000000.0,0.0,18182000000.0,5641000000.0,12541000000.0,29839836180.0,-1433000000.0,-2319000000.0,-902000000.0,592000000.0,-763000000.0,-680000000.0,-2523000000.0,220000000.0,1770000000.0,0.0,2153000000.0,2153000000.0,2153000000.0,-7000000.0,9000000.0,0.095,2442000000.0,3120000000.0,1171000000.0,0.356,2.967,13.86,14.01,1929000000.0,0.0,97.79,1.311,1.311,5514000000.0,16314000000.0,22753000000.0,22753000000.0,0.0,0.078,0.21,0.286,0.138,94000000.0,2442000000.0,1.0,305142000.0,305142000,,74.565,13754000000.0,0.0,755000000.0,103000000.0,45.074,3063000000.0
19,RTN,MRT,2015-03-31,2015-03-29,2015-03-29,2020-04-01,-7353000000.0,27798000000.0,27050250000.0,10241000000.0,17557000000.0,0.836,31.586,-384000000.0,2906000000.0,2906000000.0,16967000000.0,2212000000.0,1.817,1.843,5331000000.0,0.0,5331000000.0,5331000000.0,1944000000.0,439000000.0,0.0,0.022,2.42,3296000000.0,3735000000.0,0.165,3735000000.0,3296000000.0,3076000000.0,7.09,7.08,7.09,9707000000.0,10686000000.0,9707000000.0,35892017390.0,11.0,9.61,1185000000.0,3.856,1.0,5639000000.0,0.249,13060000000.0,220000000.0,11528000000.0,10355250000.0,506000000.0,1234000000.0,1234000000.0,0.0,17892000000.0,5635000000.0,12257000000.0,33784017390.0,-130000000.0,-433000000.0,-949000000.0,592000000.0,-747000000.0,-1052000000.0,-647000000.0,216000000.0,1569000000.0,0.0,2199000000.0,2199000000.0,2199000000.0,-58000000.0,13000000.0,0.097,2408000000.0,3231000000.0,1141000000.0,0.341,3.48,15.363,15.505,1906000000.0,0.0,109.93,1.494,1.494,5223000000.0,16017000000.0,22606000000.0,22606000000.0,0.0,0.081,0.206,0.318,0.146,107000000.0,2408000000.0,1.0,307323000.0,307323000,,73.558,14738000000.0,0.0,877000000.0,346000000.0,47.956,4606000000.0
20,RTN,MRT,2014-12-31,2014-12-31,2014-12-31,2020-04-01,-7458000000.0,27716000000.0,26736000000.0,10279000000.0,17437000000.0,0.854,30.888,-371000000.0,3222000000.0,3222000000.0,17295000000.0,2258000000.0,1.787,1.889,5325000000.0,0.0,5325000000.0,5325000000.0,2284000000.0,439000000.0,0.0,0.017,1.815,3247000000.0,3686000000.0,0.161,3686000000.0,3247000000.0,3034000000.0,7.19,7.18,7.19,9525000000.0,11113750000.0,9525000000.0,35459166560.0,11.0,9.62,1813000000.0,5.879,1.0,5531000000.0,0.242,13061000000.0,213000000.0,11006000000.0,9847250000.0,414000000.0,1497000000.0,1497000000.0,0.0,17995000000.0,5752000000.0,12243000000.0,33356166560.0,-74000000.0,-427000000.0,-838000000.0,592000000.0,-735000000.0,-936000000.0,-1322000000.0,-509000000.0,2184000000.0,0.0,2244000000.0,2244000000.0,2244000000.0,-65000000.0,14000000.0,0.098,2352000000.0,3179000000.0,1250000000.0,0.252,3.502,14.865,15.045,1935000000.0,0.0,108.17,1.461,1.461,4985000000.0,15671000000.0,22826000000.0,22826000000.0,0.0,0.084,0.202,0.33,0.142,101000000.0,2352000000.0,1.0,308368000.0,308368000,,74.022,14655000000.0,0.0,790000000.0,0.0,47.524,4527000000.0
21,RTN,MRT,2014-09-30,2014-09-28,2014-09-28,2020-04-01,-4895000000.0,26307000000.0,26298750000.0,10285000000.0,16022000000.0,0.858,37.925,-342000000.0,2634000000.0,2634000000.0,17273000000.0,2205000000.0,1.727,1.218,4737000000.0,0.0,4737000000.0,4737000000.0,2382000000.0,440000000.0,0.0,0.023,2.31,3154000000.0,3594000000.0,0.159,3594000000.0,3154000000.0,2945000000.0,6.97,6.96,6.97,11784000000.0,11491250000.0,11784000000.0,33019192880.0,10.0,9.187,2029000000.0,6.53,1.0,5280000000.0,0.234,12762000000.0,209000000.0,9693000000.0,9303500000.0,522000000.0,1480000000.0,1480000000.0,0.0,14353000000.0,5955000000.0,8398000000.0,31544192880.0,-308000000.0,5000000.0,-1134000000.0,0.0,-725000000.0,-1825000000.0,-854000000.0,-517000000.0,2371000000.0,0.0,2193000000.0,2193000000.0,2193000000.0,-123000000.0,12000000.0,0.097,2261000000.0,3019000000.0,1060000000.0,0.331,2.677,14.384,14.565,1860000000.0,0.0,101.52,1.399,1.399,5340000000.0,15273000000.0,22553000000.0,22553000000.0,0.0,0.083,0.191,0.339,0.14,103000000.0,2261000000.0,1.0,310719000.0,310719000,,72.583,13545000000.0,0.0,752000000.0,0.0,43.592,4330000000.0
22,RTN,MRT,2014-06-30,2014-06-29,2014-06-29,2020-04-01,-4786000000.0,26380000000.0,26416500000.0,10299000000.0,16081000000.0,0.868,37.487,-329000000.0,3261000000.0,3261000000.0,17636000000.0,2179000000.0,1.747,1.235,4736000000.0,0.0,4736000000.0,4736000000.0,2558000000.0,440000000.0,0.0,0.024,2.255,3156000000.0,3596000000.0,0.157,3596000000.0,3156000000.0,2947000000.0,6.83,6.82,6.83,11728000000.0,10755500000.0,11728000000.0,31232700800.0,10.0,8.685,2514000000.0,8.036,1.0,5285000000.0,0.231,12765000000.0,209000000.0,9194000000.0,9371500000.0,430000000.0,915000000.0,915000000.0,0.0,14486000000.0,5896000000.0,8590000000.0,29533700800.0,794000000.0,5000000.0,-1158000000.0,0.0,-714000000.0,-1846000000.0,-203000000.0,121000000.0,2843000000.0,0.0,2167000000.0,2167000000.0,2167000000.0,-125000000.0,12000000.0,0.095,2272000000.0,3013000000.0,1113000000.0,0.33,2.518,13.629,13.821,1878000000.0,0.0,94.4,1.288,1.288,5366000000.0,14945000000.0,22921000000.0,22921000000.0,0.0,0.082,0.201,0.337,0.138,111000000.0,2272000000.0,1.0,312857000.0,312857000,,73.264,13615000000.0,0.0,780000000.0,0.0,43.518,4403000000.0
23,RTN,MRT,2014-03-31,2014-03-30,2014-03-30,2020-04-01,-4962000000.0,26541000000.0,26415500000.0,10439000000.0,16102000000.0,0.883,36.304,-321000000.0,3036000000.0,3036000000.0,18088000000.0,2119000000.0,1.746,1.31,4735000000.0,0.0,4735000000.0,4735000000.0,2612000000.0,444000000.0,0.0,0.022,2.2,3100000000.0,3544000000.0,0.152,3544000000.0,3100000000.0,2892000000.0,6.57,6.56,6.57,11418000000.0,9965500000.0,11418000000.0,32464312850.0,10.0,9.16,2305000000.0,7.329,1.0,5247000000.0,0.225,12765000000.0,208000000.0,9496000000.0,9678750000.0,363000000.0,1495000000.0,1495000000.0,0.0,14958000000.0,5979000000.0,8979000000.0,31026312850.0,-89000000.0,-9000000.0,-1108000000.0,0.0,-704000000.0,-1808000000.0,-907000000.0,-577000000.0,2626000000.0,0.0,2104000000.0,2104000000.0,2104000000.0,-73000000.0,15000000.0,0.09,2227000000.0,3020000000.0,1078000000.0,0.335,2.717,14.746,15.015,1902000000.0,0.0,98.65,1.33,1.33,5211000000.0,14582000000.0,23335000000.0,23335000000.0,0.0,0.08,0.211,0.32,0.133,112000000.0,2227000000.0,1.0,314509000.0,314509000,,74.195,13776000000.0,0.0,788000000.0,0.0,43.802,4460000000.0
24,RTN,MRT,2013-12-31,2013-12-31,2013-12-31,2020-04-01,-5113000000.0,25967000000.0,26452000000.0,9816000000.0,16151000000.0,0.896,34.541,-327000000.0,3296000000.0,3296000000.0,18532000000.0,2013000000.0,1.69,1.338,4734000000.0,0.0,4734000000.0,4734000000.0,2350000000.0,445000000.0,0.0,0.024,2.2,3014000000.0,3459000000.0,0.146,3459000000.0,3014000000.0,2804000000.0,6.17,6.16,6.17,11035000000.0,9183500000.0,11035000000.0,30767110400.0,10.0,8.895,2051000000.0,6.42,1.0,5174000000.0,0.218,12764000000.0,210000000.0,8831000000.0,9766500000.0,363000000.0,1001000000.0,1001000000.0,0.0,14770000000.0,5810000000.0,8960000000.0,28976110400.0,108000000.0,-9000000.0,-1099000000.0,0.0,-694000000.0,-1797000000.0,-473000000.0,-137000000.0,2378000000.0,0.0,1996000000.0,1996000000.0,1996000000.0,-64000000.0,17000000.0,0.084,2236000000.0,2938000000.0,1178000000.0,0.357,2.626,14.517,14.7,1937000000.0,0.0,90.7,1.222,1.222,4870000000.0,14173000000.0,23706000000.0,23706000000.0,0.0,0.075,0.217,0.309,0.127,113000000.0,2236000000.0,1.0,319472000.0,319472000,,74.204,13203000000.0,0.0,808000000.0,0.0,41.328,4006000000.0
25,RTN,MRT,2013-09-30,2013-09-29,2013-09-29,2020-04-01,-7314000000.0,26778000000.0,26631750000.0,9752000000.0,17026000000.0,0.912,27.415,-349000000.0,2942000000.0,2942000000.0,18984000000.0,1951000000.0,1.67,2.01,4733000000.0,0.0,4733000000.0,4733000000.0,2232000000.0,446000000.0,0.0,0.027,2.1,2963000000.0,3409000000.0,0.14,3409000000.0,2963000000.0,2752000000.0,5.93,5.92,5.93,8841000000.0,8431250000.0,8841000000.0,27657941340.0,9.0,8.113,1916000000.0,5.941,1.0,5291000000.0,0.218,12765000000.0,211000000.0,9965000000.0,9951500000.0,405000000.0,955000000.0,955000000.0,0.0,17767000000.0,5839000000.0,11928000000.0,25392941340.0,-90000000.0,-308000000.0,-794000000.0,122000000.0,-685000000.0,-1357000000.0,-998000000.0,-340000000.0,2265000000.0,0.0,1934000000.0,1934000000.0,1934000000.0,-3000000.0,17000000.0,0.08,2307000000.0,2984000000.0,1143000000.0,0.354,2.872,13.13,13.278,1907000000.0,0.0,78.74,1.046,1.046,5248000000.0,13817000000.0,24275000000.0,24275000000.0,-543000000.0,0.073,0.229,0.298,0.122,124000000.0,2850000000.0,1.0,322491000.0,322491000,,75.273,14013000000.0,1181000000.0,818000000.0,1000000.0,43.452,3913000000.0
26,RTN,MRT,2013-06-30,2013-06-30,2013-06-30,2020-04-01,-7464000000.0,26376000000.0,26361500000.0,9276000000.0,17100000000.0,0.929,26.394,-355000000.0,2467000000.0,2467000000.0,19139000000.0,1965000000.0,1.701,2.059,4732000000.0,0.0,4732000000.0,4732000000.0,2140000000.0,448000000.0,0.0,0.031,2.05,2986000000.0,3434000000.0,0.14,3434000000.0,2986000000.0,2779000000.0,5.92,5.91,5.92,8568000000.0,8486500000.0,8568000000.0,23069477680.0,8.0,6.718,2125000000.0,6.546,1.0,5339000000.0,0.218,12764000000.0,207000000.0,10423000000.0,9725250000.0,454000000.0,995000000.0,995000000.0,0.0,17639000000.0,5454000000.0,12185000000.0,21463477680.0,117000000.0,-315000000.0,-698000000.0,122000000.0,-673000000.0,-1245000000.0,-1118000000.0,-446000000.0,2480000000.0,0.0,1945000000.0,1945000000.0,1945000000.0,0.0,20000000.0,0.079,2326000000.0,3013000000.0,1164000000.0,0.346,2.505,11.035,11.169,1924000000.0,0.0,66.12,0.877,0.877,5156000000.0,13503000000.0,24478000000.0,24478000000.0,-362000000.0,0.074,0.229,0.307,0.122,117000000.0,2688000000.0,1.0,324614000.0,324614000,,75.406,13612000000.0,1230000000.0,834000000.0,10000000.0,41.933,3822000000.0
27,RTN,MRT,2013-03-31,2013-03-31,2013-03-31,2020-04-01,-7646000000.0,26687000000.0,26037000000.0,9458000000.0,17229000000.0,0.935,25.402,-336000000.0,3125000000.0,3125000000.0,19038000000.0,1942000000.0,1.663,2.199,4731000000.0,0.0,4731000000.0,4731000000.0,2187000000.0,451000000.0,0.0,0.034,2.0,2965000000.0,3416000000.0,0.14,3416000000.0,2965000000.0,2761000000.0,5.83,5.82,5.83,8290000000.0,8504750000.0,8290000000.0,20729410450.0,7.0,6.068,1929000000.0,5.911,1.0,5317000000.0,0.218,12757000000.0,204000000.0,9847000000.0,9459500000.0,442000000.0,887000000.0,887000000.0,0.0,18227000000.0,5689000000.0,12538000000.0,19186410450.0,-416000000.0,-301000000.0,-608000000.0,122000000.0,-661000000.0,-1143000000.0,-1538000000.0,-898000000.0,2265000000.0,0.0,1928000000.0,1928000000.0,1928000000.0,1000000.0,14000000.0,0.079,2328000000.0,2989000000.0,1221000000.0,0.343,2.314,9.951,10.084,1954000000.0,0.0,58.79,0.788,0.788,4808000000.0,13193000000.0,24355000000.0,24355000000.0,-168000000.0,0.074,0.227,0.313,0.122,115000000.0,2496000000.0,1.0,326355000.0,326355000,,74.627,13930000000.0,1347000000.0,833000000.0,10000000.0,42.684,3769000000.0
28,RTN,MRT,2012-12-31,2012-12-31,2012-12-31,2020-04-01,-7788000000.0,26686000000.0,25772000000.0,9246000000.0,17440000000.0,0.947,24.331,-369000000.0,3188000000.0,3188000000.0,19092000000.0,1900000000.0,1.567,2.305,4731000000.0,0.0,4731000000.0,4731000000.0,2398000000.0,455000000.0,0.0,0.035,2.0,2967000000.0,3422000000.0,0.14,3422000000.0,2967000000.0,2766000000.0,5.67,5.65,5.67,8026000000.0,8516250000.0,8026000000.0,20564144520.0,7.0,6.009,1588000000.0,4.814,1.0,5322000000.0,0.218,12756000000.0,201000000.0,9571000000.0,9102000000.0,381000000.0,856000000.0,856000000.0,0.0,18496000000.0,5902000000.0,12594000000.0,18987144520.0,-812000000.0,-301000000.0,-731000000.0,122000000.0,-643000000.0,-1246000000.0,-1523000000.0,-850000000.0,1957000000.0,0.0,1888000000.0,1888000000.0,1888000000.0,1000000.0,12000000.0,0.077,2333000000.0,2989000000.0,1348000000.0,0.353,2.366,10.057,10.152,1986000000.0,0.0,57.56,0.778,0.778,4543000000.0,12883000000.0,24414000000.0,24414000000.0,0.0,0.073,0.222,0.326,0.122,109000000.0,2333000000.0,1.0,329867000.0,329867000,,74.012,13930000000.0,1463000000.0,878000000.0,9000000.0,42.229,3344000000.0
29,RTN,MRT,2012-09-30,2012-09-30,2012-09-30,2020-04-01,-6506000000.0,25697000000.0,25564000000.0,9260000000.0,16437000000.0,0.954,27.294,-385000000.0,3032000000.0,3032000000.0,19018000000.0,1981000000.0,1.634,1.818,4609000000.0,0.0,4609000000.0,4609000000.0,2169000000.0,457000000.0,0.0,0.033,1.86,3085000000.0,3542000000.0,0.145,3542000000.0,3085000000.0,2891000000.0,5.82,5.8,5.82,9062000000.0,8555000000.0,9062000000.0,21235206040.0,7.0,5.995,1902000000.0,5.729,1.0,5379000000.0,0.22,12546000000.0,194000000.0,9060000000.0,8655500000.0,482000000.0,614000000.0,614000000.0,0.0,16472000000.0,5668000000.0,10804000000.0,18978206040.0,627000000.0,-101000000.0,-946000000.0,992000000.0,-626000000.0,-571000000.0,-1089000000.0,-606000000.0,2287000000.0,0.0,1962000000.0,1962000000.0,1962000000.0,0.0,19000000.0,0.08,2296000000.0,3083000000.0,1190000000.0,0.32,2.094,9.673,9.821,1929000000.0,0.0,57.16,0.778,0.778,4789000000.0,12578000000.0,24397000000.0,24397000000.0,89000000.0,0.077,0.229,0.356,0.126,100000000.0,2207000000.0,1.0,332019000.0,332019000,,73.481,13151000000.0,803000000.0,929000000.0,3000000.0,39.609,3592000000.0
30,RTN,MRT,2012-06-30,2012-07-01,2012-07-01,2020-04-01,-6688000000.0,25078000000.0,25169750000.0,8779000000.0,16299000000.0,0.972,25.923,-420000000.0,2350000000.0,2350000000.0,19144000000.0,1984000000.0,1.616,1.884,4607000000.0,0.0,4607000000.0,4607000000.0,2274000000.0,457000000.0,0.0,0.024,1.36,3006000000.0,3463000000.0,0.142,3463000000.0,3006000000.0,2820000000.0,5.74,5.73,5.74,8641000000.0,8853250000.0,8641000000.0,19928597420.0,7.0,5.755,1617000000.0,4.851,1.0,5324000000.0,0.218,12542000000.0,186000000.0,9360000000.0,8168750000.0,448000000.0,556000000.0,556000000.0,0.0,16279000000.0,5433000000.0,10846000000.0,18863597420.0,234000000.0,-95000000.0,-1133000000.0,992000000.0,-613000000.0,-745000000.0,-1058000000.0,-556000000.0,2037000000.0,0.0,1963000000.0,1963000000.0,1963000000.0,-4000000.0,21000000.0,0.08,2305000000.0,3019000000.0,1179000000.0,0.237,2.183,9.61,9.859,1943000000.0,0.0,56.59,0.771,0.771,5054000000.0,12242000000.0,24468000000.0,24468000000.0,61000000.0,0.078,0.222,0.368,0.123,89000000.0,2244000000.0,1.0,333338000.0,333338000,,73.403,12536000000.0,653000000.0,857000000.0,6000000.0,37.607,3346000000.0
31,RTN,MRT,2012-03-31,2012-04-01,2012-04-01,2020-04-01,-6817000000.0,25627000000.0,24914000000.0,9185000000.0,16442000000.0,0.99,24.527,-451000000.0,3541000000.0,3541000000.0,19425000000.0,1959000000.0,1.603,2.055,4606000000.0,0.0,4606000000.0,4606000000.0,2360000000.0,452000000.0,0.0,0.033,1.72,2939000000.0,3391000000.0,0.137,3391000000.0,2939000000.0,2760000000.0,5.56,5.55,5.56,8336000000.0,9241750000.0,8336000000.0,18543655280.0,6.0,5.468,1756000000.0,5.167,1.0,5252000000.0,0.213,12544000000.0,179000000.0,8417000000.0,7764000000.0,395000000.0,0.0,0.0,0.0,17128000000.0,5731000000.0,11397000000.0,17938655280.0,881000000.0,-145000000.0,-1166000000.0,992000000.0,-599000000.0,-761000000.0,-565000000.0,0.0,2207000000.0,0.0,1930000000.0,1930000000.0,1930000000.0,-13000000.0,29000000.0,0.078,2305000000.0,2947000000.0,1199000000.0,0.309,2.152,9.295,9.493,1979000000.0,0.0,52.78,0.727,0.727,4838000000.0,11938000000.0,24677000000.0,24677000000.0,29000000.0,0.077,0.209,0.379,0.119,79000000.0,2276000000.0,1.0,339876000.0,339876000,,72.606,13083000000.0,804000000.0,830000000.0,4000000.0,38.493,3454000000.0
32,RTN,MRT,2011-12-31,2011-12-31,2011-12-31,2020-04-01,-7001000000.0,25854000000.0,24650750000.0,9309000000.0,16545000000.0,1.006,23.638,-437000000.0,4000000000.0,4000000000.0,19664000000.0,1896000000.0,1.519,2.141,4605000000.0,0.0,4605000000.0,4605000000.0,2542000000.0,444000000.0,0.0,0.043,2.095,2820000000.0,3264000000.0,0.132,3264000000.0,2820000000.0,2648000000.0,5.3,5.28,5.3,8181000000.0,9635750000.0,8181000000.0,17951318000.0,6.0,5.5,1670000000.0,4.825,1.0,5127000000.0,0.207,12544000000.0,172000000.0,7785000000.0,7492250000.0,336000000.0,0.0,0.0,0.0,17514000000.0,6130000000.0,11384000000.0,16744318000.0,362000000.0,-645000000.0,-1105000000.0,992000000.0,-588000000.0,-694000000.0,-1051000000.0,0.0,2107000000.0,0.0,1866000000.0,1866000000.0,1866000000.0,-18000000.0,30000000.0,0.075,2297000000.0,2830000000.0,1507000000.0,0.395,2.047,8.973,9.128,2006000000.0,0.0,48.38,0.675,0.675,4526000000.0,11656000000.0,24791000000.0,24791000000.0,0.0,0.076,0.194,0.376,0.114,88000000.0,2297000000.0,1.0,346100000.0,346100000,,71.63,13310000000.0,878000000.0,782000000.0,5000000.0,38.457,3179000000.0
33,RTN,MRT,2011-09-30,2011-10-02,2011-10-02,2020-04-01,-4808000000.0,24120000000.0,24292750000.0,8112000000.0,16008000000.0,1.038,29.001,-425000000.0,2405000000.0,2405000000.0,20122000000.0,1818000000.0,1.412,1.337,3612000000.0,0.0,3612000000.0,3612000000.0,2044000000.0,431000000.0,0.0,0.03,1.235,2660000000.0,3091000000.0,0.123,3091000000.0,2660000000.0,2505000000.0,5.0,4.97,5.0,10255000000.0,10029000000.0,10255000000.0,15948163310.0,6.0,5.16,1229000000.0,3.476,1.0,5099000000.0,0.202,12468000000.0,155000000.0,7113000000.0,7143250000.0,423000000.0,0.0,0.0,0.0,13713000000.0,5746000000.0,7967000000.0,14452163310.0,256000000.0,-691000000.0,-1034000000.0,1297000000.0,-575000000.0,-308000000.0,-1090000000.0,0.0,1654000000.0,0.0,1782000000.0,1782000000.0,1782000000.0,27000000.0,36000000.0,0.071,2308000000.0,2791000000.0,1349000000.0,0.247,1.409,8.11,8.174,1958000000.0,0.0,40.87,0.573,0.573,4987000000.0,11258000000.0,25221000000.0,25221000000.0,597000000.0,0.073,0.178,0.372,0.105,95000000.0,1711000000.0,1.0,353613000.0,353613000,,71.324,11652000000.0,269000000.0,723000000.0,363000000.0,32.951,2366000000.0
34,RTN,MRT,2011-06-30,2011-07-03,2011-07-03,2020-04-01,-4803000000.0,24055000000.0,23975750000.0,8077000000.0,15978000000.0,1.058,28.623,-400000000.0,2116000000.0,2116000000.0,20282000000.0,2045000000.0,1.512,1.345,3612000000.0,0.0,3612000000.0,3612000000.0,1978000000.0,423000000.0,0.0,0.032,1.61,2791000000.0,3214000000.0,0.127,3214000000.0,2791000000.0,2644000000.0,5.53,5.48,5.53,10195000000.0,9990250000.0,10195000000.0,18799179800.0,7.0,5.849,811000000.0,2.277,1.0,5095000000.0,0.201,12469000000.0,147000000.0,7741000000.0,6812750000.0,430000000.0,0.0,0.0,0.0,13716000000.0,5341000000.0,8375000000.0,17848179800.0,-269000000.0,-690000000.0,-1143000000.0,1297000000.0,-564000000.0,-407000000.0,-1073000000.0,0.0,1211000000.0,0.0,2009000000.0,2009000000.0,2009000000.0,-58000000.0,36000000.0,0.079,2277000000.0,2818000000.0,1331000000.0,0.291,1.751,8.884,9.061,1966000000.0,0.0,50.11,0.703,0.703,4964000000.0,10906000000.0,25377000000.0,25377000000.0,598000000.0,0.084,0.201,0.41,0.11,106000000.0,1679000000.0,1.0,356180000.0,356180000,,71.248,11586000000.0,430000000.0,635000000.0,350000000.0,32.528,2736000000.0
35,RTN,MRT,2011-03-31,2011-04-03,2011-04-03,2020-04-01,-4965000000.0,24574000000.0,23782250000.0,8544000000.0,16030000000.0,1.057,27.557,-401000000.0,2660000000.0,2660000000.0,20387000000.0,1815000000.0,1.483,1.465,3611000000.0,0.0,3611000000.0,3611000000.0,2104000000.0,415000000.0,0.0,0.022,1.125,2450000000.0,2865000000.0,0.114,2865000000.0,2450000000.0,2313000000.0,4.85,4.8,4.85,9912000000.0,9910250000.0,9912000000.0,18391929740.0,8.0,6.42,1297000000.0,3.606,1.0,4762000000.0,0.189,12435000000.0,137000000.0,7330000000.0,6284250000.0,422000000.0,0.0,0.0,0.0,14521000000.0,5760000000.0,8761000000.0,18419929740.0,47000000.0,-640000000.0,-1346000000.0,1297000000.0,-554000000.0,-609000000.0,-1042000000.0,0.0,1698000000.0,0.0,1779000000.0,1779000000.0,1779000000.0,-46000000.0,36000000.0,0.071,2269000000.0,2493000000.0,1322000000.0,0.232,1.858,10.354,10.559,1997000000.0,0.0,51.21,0.732,0.732,4933000000.0,10620000000.0,25149000000.0,25149000000.0,612000000.0,0.075,0.18,0.39,0.097,121000000.0,1657000000.0,1.0,359694000.0,359694000,,69.918,12139000000.0,417000000.0,534000000.0,258000000.0,33.748,2784000000.0
36,RTN,MRT,2010-12-31,2010-12-31,2010-12-31,2020-04-01,-5146000000.0,24422000000.0,23588750000.0,8822000000.0,15600000000.0,1.066,26.757,-382000000.0,3638000000.0,3638000000.0,20273000000.0,1879000000.0,1.48,1.49,3610000000.0,0.0,3610000000.0,3610000000.0,2201000000.0,414000000.0,0.0,0.024,1.125,2556000000.0,2970000000.0,0.118,2970000000.0,2556000000.0,2430000000.0,4.94,4.88,4.94,9754000000.0,9961250000.0,9754000000.0,17069922620.0,7.0,5.747,1560000000.0,4.279,1.0,4877000000.0,0.194,12045000000.0,126000000.0,6389000000.0,6009500000.0,363000000.0,0.0,0.0,0.0,14532000000.0,5960000000.0,8572000000.0,16892922620.0,996000000.0,-152000000.0,-1178000000.0,1297000000.0,-536000000.0,-411000000.0,-535000000.0,0.0,1942000000.0,0.0,1840000000.0,1840000000.0,1840000000.0,-35000000.0,39000000.0,0.073,2264000000.0,2613000000.0,1538000000.0,0.228,1.732,9.181,9.381,2003000000.0,0.0,46.34,0.672,0.672,4414000000.0,10390000000.0,25150000000.0,25150000000.0,625000000.0,0.078,0.185,0.425,0.102,107000000.0,1639000000.0,1.0,364543000.0,364543000,,68.99,12377000000.0,372000000.0,590000000.0,147000000.0,33.952,2862000000.0
37,RTN,MRT,2010-09-30,2010-09-26,2010-09-26,2020-04-01,-4680000000.0,22852000000.0,23385000000.0,7525000000.0,15327000000.0,1.068,26.997,-387000000.0,2149000000.0,2149000000.0,20114000000.0,1922000000.0,1.416,1.25,2326000000.0,0.0,2326000000.0,2326000000.0,2070000000.0,418000000.0,0.0,0.03,1.37,2636000000.0,3054000000.0,0.122,3054000000.0,2636000000.0,2510000000.0,5.01,4.95,5.01,10100000000.0,9979500000.0,10100000000.0,17102517440.0,6.0,5.6,1759000000.0,4.702,1.0,4851000000.0,0.194,11924000000.0,126000000.0,5791000000.0,5874500000.0,324000000.0,0.0,0.0,0.0,12625000000.0,5314000000.0,7311000000.0,17160517440.0,-293000000.0,-346000000.0,-1217000000.0,22000000.0,-519000000.0,-1703000000.0,-736000000.0,0.0,2146000000.0,0.0,1885000000.0,1885000000.0,1885000000.0,-76000000.0,37000000.0,0.076,2248000000.0,2603000000.0,1413000000.0,0.273,1.699,9.104,9.156,1951000000.0,0.0,45.87,0.687,0.687,4606000000.0,10065000000.0,24965000000.0,24965000000.0,640000000.0,0.081,0.189,0.449,0.106,98000000.0,1608000000.0,1.0,374112000.0,374112000,,66.731,10928000000.0,440000000.0,625000000.0,310000000.0,29.211,2211000000.0
38,RTN,MRT,2010-06-30,2010-06-27,2010-06-27,2020-04-01,-4712000000.0,23281000000.0,23392000000.0,7720000000.0,15561000000.0,1.064,25.914,-370000000.0,2385000000.0,2385000000.0,20033000000.0,1683000000.0,1.36,1.345,2327000000.0,0.0,2327000000.0,2327000000.0,2159000000.0,414000000.0,0.0,0.026,1.305,2568000000.0,2982000000.0,0.12,2982000000.0,2568000000.0,2443000000.0,4.31,4.26,4.31,9875000000.0,9838250000.0,9875000000.0,18913054700.0,7.0,6.342,2100000000.0,5.511,1.0,4865000000.0,0.195,11921000000.0,125000000.0,5627000000.0,5900000000.0,330000000.0,0.0,0.0,0.0,13286000000.0,5675000000.0,7611000000.0,19198054700.0,186000000.0,-346000000.0,-1096000000.0,22000000.0,-499000000.0,-1565000000.0,-719000000.0,0.0,2470000000.0,0.0,1647000000.0,1647000000.0,1647000000.0,13000000.0,36000000.0,0.066,2246000000.0,2619000000.0,1330000000.0,0.303,1.944,11.656,11.689,1953000000.0,0.0,50.38,0.771,0.771,4592000000.0,9473000000.0,24898000000.0,24898000000.0,631000000.0,0.07,0.167,0.435,0.103,107000000.0,1615000000.0,1.0,381065000.0,381065000,,65.338,11360000000.0,627000000.0,796000000.0,23000000.0,29.811,2045000000.0
39,RTN,MRT,2010-03-31,2010-03-28,2010-03-28,2020-04-01,-4768000000.0,23800000000.0,23334250000.0,8179000000.0,15621000000.0,1.074,26.685,-357000000.0,2613000000.0,2613000000.0,19834000000.0,1969000000.0,1.526,1.341,2328000000.0,0.0,2328000000.0,2328000000.0,2173000000.0,408000000.0,0.0,0.022,1.24,3002000000.0,3410000000.0,0.136,3410000000.0,3002000000.0,2879000000.0,5.0,4.94,5.0,10116000000.0,9729750000.0,10116000000.0,21404665070.0,7.0,6.277,2222000000.0,5.862,1.0,5216000000.0,0.208,11925000000.0,123000000.0,6231000000.0,6092250000.0,329000000.0,0.0,0.0,0.0,13564000000.0,5359000000.0,8205000000.0,21717665070.0,403000000.0,-346000000.0,-1016000000.0,22000000.0,-478000000.0,-1461000000.0,-715000000.0,0.0,2579000000.0,0.0,1928000000.0,1928000000.0,1928000000.0,12000000.0,41000000.0,0.077,2177000000.0,3039000000.0,1310000000.0,0.248,2.147,11.264,11.458,1969000000.0,0.0,57.29,0.867,0.867,4855000000.0,9406000000.0,25050000000.0,25050000000.0,606000000.0,0.083,0.198,0.493,0.12,101000000.0,1571000000.0,1.0,379083000.0,379083000,,66.081,11875000000.0,629000000.0,951000000.0,23000000.0,31.326,2820000000.0
40,RTN,MRT,2009-12-31,2009-12-31,2009-12-31,2020-04-01,-4824000000.0,23607000000.0,23104000000.0,7868000000.0,15739000000.0,1.077,25.643,-346000000.0,2642000000.0,2642000000.0,19747000000.0,1976000000.0,1.425,1.391,2329000000.0,0.0,2329000000.0,2329000000.0,2224000000.0,402000000.0,0.0,0.024,1.24,3011000000.0,3413000000.0,0.137,3413000000.0,3011000000.0,2888000000.0,4.96,4.89,4.96,9827000000.0,9498500000.0,9827000000.0,19594339840.0,7.0,5.741,2379000000.0,6.208,1.0,5134000000.0,0.206,11922000000.0,123000000.0,5849000000.0,6193750000.0,344000000.0,0.0,0.0,0.0,13668000000.0,5523000000.0,8145000000.0,19743339840.0,383000000.0,-334000000.0,-1199000000.0,22000000.0,-473000000.0,-1650000000.0,-692000000.0,0.0,2725000000.0,0.0,1935000000.0,1935000000.0,1935000000.0,1000000.0,41000000.0,0.078,2092000000.0,3042000000.0,1397000000.0,0.25,2.009,10.203,10.387,2001000000.0,0.0,51.52,0.794,0.794,4493000000.0,9102000000.0,24881000000.0,24881000000.0,565000000.0,0.084,0.204,0.486,0.121,114000000.0,1527000000.0,1.0,383217000.0,383217000,,64.927,11685000000.0,709000000.0,953000000.0,23000000.0,30.492,2345000000.0
41,RTN,MRT,2009-09-30,2009-09-27,2009-09-27,2020-04-01,-4967000000.0,22880000000.0,22985750000.0,7549000000.0,15331000000.0,1.057,24.487,-332000000.0,2442000000.0,2442000000.0,19333000000.0,1887000000.0,1.46,1.389,2293000000.0,0.0,2293000000.0,2293000000.0,2002000000.0,397000000.0,0.0,0.025,1.18,2884000000.0,3281000000.0,0.135,3281000000.0,2884000000.0,2757000000.0,4.66,4.61,4.66,9535000000.0,9313500000.0,9535000000.0,18627022510.0,6.0,5.677,1768000000.0,4.54,1.0,4967000000.0,0.204,11668000000.0,127000000.0,5893000000.0,6324750000.0,317000000.0,0.0,0.0,0.0,13241000000.0,5170000000.0,8071000000.0,18531022510.0,-319000000.0,0.0,-1599000000.0,0.0,-471000000.0,-2069000000.0,-350000000.0,0.0,2100000000.0,0.0,1852000000.0,1852000000.0,1852000000.0,1000000.0,35000000.0,0.076,2072000000.0,2895000000.0,1266000000.0,0.253,1.943,10.006,10.212,1945000000.0,0.0,47.59,0.763,0.763,4312000000.0,8714000000.0,24300000000.0,24300000000.0,545000000.0,0.081,0.199,0.456,0.119,116000000.0,1527000000.0,1.0,389389000.0,389389000,,62.405,11212000000.0,827000000.0,905000000.0,0.0,28.794,2379000000.0
42,RTN,MRT,2009-06-30,2009-06-28,2009-06-28,2020-04-01,-4962000000.0,23050000000.0,23207250000.0,7594000000.0,15456000000.0,1.032,23.958,-349000000.0,2199000000.0,2199000000.0,19103000000.0,1826000000.0,1.493,1.431,2295000000.0,0.0,2295000000.0,2295000000.0,1968000000.0,395000000.0,0.0,0.026,1.15,2792000000.0,3187000000.0,0.133,3187000000.0,2792000000.0,2668000000.0,4.43,4.36,4.43,9441000000.0,10106500000.0,9441000000.0,17623159500.0,6.0,5.53,1762000000.0,4.471,1.0,4856000000.0,0.203,11665000000.0,124000000.0,6396000000.0,6489500000.0,294000000.0,0.0,0.0,0.0,13511000000.0,5085000000.0,8426000000.0,17536159500.0,-355000000.0,-20000000.0,-1619000000.0,0.0,-467000000.0,-2079000000.0,-387000000.0,0.0,2111000000.0,0.0,1789000000.0,1789000000.0,1789000000.0,0.0,37000000.0,0.075,2036000000.0,2820000000.0,1189000000.0,0.26,1.857,9.802,10.045,1961000000.0,0.0,44.5,0.732,0.732,4608000000.0,8344000000.0,23959000000.0,23959000000.0,530000000.0,0.077,0.177,0.43,0.117,168000000.0,1506000000.0,1.0,394071000.0,394071000,,60.799,11385000000.0,972000000.0,879000000.0,0.0,28.891,2509000000.0
43,RTN,MRT,2009-03-31,2009-03-29,2009-03-29,2020-04-01,-5132000000.0,22879000000.0,23344000000.0,7339000000.0,15540000000.0,1.015,22.971,-350000000.0,2210000000.0,2210000000.0,18928000000.0,1757000000.0,1.572,1.477,2297000000.0,0.0,2297000000.0,2297000000.0,1794000000.0,395000000.0,0.0,0.021,0.84,2707000000.0,3102000000.0,0.131,3102000000.0,2707000000.0,2580000000.0,4.21,4.12,4.21,9191000000.0,10930250000.0,9191000000.0,15814688600.0,6.0,5.098,2013000000.0,5.031,1.0,4776000000.0,0.201,11661000000.0,127000000.0,6637000000.0,6601750000.0,275000000.0,0.0,0.0,0.0,13579000000.0,4668000000.0,8911000000.0,15764688600.0,-77000000.0,-45000000.0,-1611000000.0,0.0,-463000000.0,-2038000000.0,-402000000.0,0.0,2363000000.0,0.0,1726000000.0,1726000000.0,1726000000.0,-3000000.0,31000000.0,0.073,2053000000.0,2723000000.0,1209000000.0,0.2,1.715,9.134,9.359,1981000000.0,0.0,39.4,0.665,0.665,4363000000.0,7976000000.0,23704000000.0,23704000000.0,521000000.0,0.074,0.158,0.41,0.114,117000000.0,1532000000.0,1.0,400119000.0,400119000,,59.242,11218000000.0,1107000000.0,854000000.0,0.0,28.037,2671000000.0
44,RTN,MRT,2008-12-31,2008-12-31,2008-12-31,2020-04-01,-5182000000.0,23134000000.0,23407750000.0,7417000000.0,15717000000.0,0.99,21.946,-364000000.0,2259000000.0,2259000000.0,18489000000.0,1696000000.0,1.44,1.535,2309000000.0,0.0,2309000000.0,2309000000.0,1970000000.0,390000000.0,0.0,0.022,1.12,2625000000.0,3015000000.0,0.13,3015000000.0,2625000000.0,2496000000.0,4.01,3.92,4.01,9087000000.0,11790500000.0,9087000000.0,20645979680.0,8.0,6.848,1651000000.0,3.987,1.0,4685000000.0,0.202,11662000000.0,129000000.0,6373000000.0,6699750000.0,325000000.0,0.0,0.0,0.0,13946000000.0,5149000000.0,8797000000.0,21133979680.0,-396000000.0,-45000000.0,-1587000000.0,0.0,-460000000.0,-1994000000.0,-417000000.0,0.0,2015000000.0,0.0,1672000000.0,1672000000.0,1672000000.0,2000000.0,24000000.0,0.072,2065000000.0,2620000000.0,1201000000.0,0.279,2.326,12.64,12.728,2024000000.0,0.0,51.04,0.912,0.912,3898000000.0,7646000000.0,23174000000.0,23174000000.0,517000000.0,0.071,0.142,0.392,0.113,69000000.0,1548000000.0,1.0,414067000.0,414067000,,55.967,11472000000.0,1571000000.0,824000000.0,0.0,27.706,2268000000.0
45,RTN,MRT,2008-09-30,2008-09-28,2008-09-28,2020-04-01,-1900000000.0,23766000000.0,23444500000.0,8168000000.0,15598000000.0,0.985,30.48,-402000000.0,2761000000.0,2761000000.0,18397000000.0,1892000000.0,1.615,0.87,2273000000.0,0.0,2273000000.0,2273000000.0,1850000000.0,385000000.0,0.0,0.015,0.815,2627000000.0,3012000000.0,0.13,3012000000.0,2627000000.0,2489000000.0,4.33,4.24,4.33,12707000000.0,12654250000.0,12707000000.0,23086526120.0,9.0,7.665,2102000000.0,5.042,1.0,4691000000.0,0.203,11667000000.0,138000000.0,6552000000.0,6726250000.0,356000000.0,0.0,0.0,0.0,11059000000.0,5059000000.0,6000000000.0,23371526120.0,152000000.0,-230000000.0,-1206000000.0,-118000000.0,-453000000.0,-1719000000.0,-633000000.0,0.0,2504000000.0,0.0,1849000000.0,1849000000.0,1849000000.0,38000000.0,43000000.0,0.08,2052000000.0,2639000000.0,1196000000.0,0.188,1.839,12.64,12.947,1990000000.0,0.0,56.06,1.012,1.012,4486000000.0,7336000000.0,23088000000.0,23088000000.0,504000000.0,0.079,0.146,0.391,0.114,140000000.0,1548000000.0,1.0,416902000.0,416902000,,55.38,12099000000.0,452000000.0,640000000.0,515000000.0,29.021,3109000000.0
46,RTN,MRT,2008-06-30,2008-06-29,2008-06-29,2020-04-01,-1856000000.0,23597000000.0,23375750000.0,7981000000.0,15616000000.0,0.96,30.108,-390000000.0,2554000000.0,2554000000.0,17883000000.0,1754000000.0,1.659,0.853,2269000000.0,0.0,2269000000.0,2269000000.0,1933000000.0,381000000.0,0.0,0.014,0.79,2473000000.0,2854000000.0,0.127,2854000000.0,2473000000.0,2323000000.0,3.99,3.92,3.99,12736000000.0,12470750000.0,12736000000.0,23689224000.0,10.0,8.3,2092000000.0,4.946,1.0,4560000000.0,0.203,11657000000.0,150000000.0,6845000000.0,6791000000.0,379000000.0,0.0,0.0,0.0,10861000000.0,4810000000.0,6051000000.0,23688224000.0,-491000000.0,-210000000.0,-1301000000.0,-686000000.0,-447000000.0,-2366000000.0,-607000000.0,0.0,2482000000.0,0.0,1721000000.0,1721000000.0,1721000000.0,119000000.0,33000000.0,0.077,2039000000.0,2521000000.0,1128000000.0,0.198,1.86,13.764,14.035,2021000000.0,0.0,56.0,1.055,1.055,4479000000.0,7025000000.0,22443000000.0,22443000000.0,516000000.0,0.074,0.138,0.364,0.11,41000000.0,1523000000.0,1.0,423004000.0,423004000,,53.056,11940000000.0,440000000.0,602000000.0,543000000.0,28.227,3171000000.0
47,RTN,MRT,2008-03-31,2008-03-30,2008-03-30,2020-04-01,0.0,23134000000.0,23549000000.0,7497000000.0,15637000000.0,0.928,29.626,-397000000.0,2287000000.0,2287000000.0,17413000000.0,2657000000.0,1.676,0.831,2288000000.0,0.0,2288000000.0,2288000000.0,1842000000.0,378000000.0,0.0,0.016,1.045,3362000000.0,3740000000.0,0.171,3740000000.0,3362000000.0,3192000000.0,6.03,5.9,6.03,12632000000.0,12331750000.0,12632000000.0,27114897000.0,8.0,7.25,1274000000.0,2.988,1.0,4438000000.0,0.203,11632000000.0,170000000.0,7029000000.0,6833750000.0,385000000.0,0.0,0.0,0.0,10502000000.0,4474000000.0,6028000000.0,27501897000.0,627000000.0,2932000000.0,-1460000000.0,-1727000000.0,-442000000.0,-3571000000.0,2527000000.0,0.0,1671000000.0,0.0,2630000000.0,2630000000.0,2630000000.0,-861000000.0,27000000.0,0.12,1996000000.0,2442000000.0,1044000000.0,0.173,2.177,10.457,10.697,2035000000.0,0.0,64.5,1.259,1.259,4196000000.0,,21851000000.0,21851000000.0,512000000.0,0.112,0.213,0.492,0.154,51000000.0,1484000000.0,1.0,426386000.0,426386000,,51.247,11502000000.0,436000000.0,562000000.0,483000000.0,26.976,3023000000.0
48,RTN,MRT,2007-12-31,2007-12-31,2007-12-31,2020-04-01,-1956000000.0,23281000000.0,24036250000.0,7616000000.0,15665000000.0,0.886,29.215,-390000000.0,2655000000.0,2655000000.0,17011000000.0,2604000000.0,1.591,0.856,2268000000.0,0.0,2268000000.0,2268000000.0,1845000000.0,372000000.0,0.0,0.017,1.02,3306000000.0,3678000000.0,0.173,3678000000.0,3306000000.0,3110000000.0,5.88,5.75,5.88,12542000000.0,11976500000.0,12542000000.0,25817934900.0,8.0,7.02,808000000.0,1.882,1.0,4290000000.0,0.201,11627000000.0,196000000.0,6479000000.0,7430500000.0,386000000.0,0.0,0.0,0.0,10739000000.0,4788000000.0,5951000000.0,26058934900.0,195000000.0,2932000000.0,-1401000000.0,-1724000000.0,-440000000.0,-3510000000.0,2507000000.0,0.0,1198000000.0,0.0,2578000000.0,2578000000.0,2578000000.0,-885000000.0,26000000.0,0.121,1936000000.0,2354000000.0,1141000000.0,0.173,2.078,10.108,10.323,2058000000.0,0.0,60.7,1.223,1.223,3947000000.0,6452000000.0,21301000000.0,21301000000.0,502000000.0,0.107,0.215,0.445,0.155,54000000.0,1434000000.0,1.0,429307000.0,429307000,,49.617,11654000000.0,530000000.0,532000000.0,451000000.0,27.146,2828000000.0
49,RTN,MRT,2007-09-30,2007-09-23,2007-09-23,2020-04-01,0.0,23491000000.0,24588750000.0,7807000000.0,15684000000.0,0.831,27.377,-379000000.0,2609000000.0,2609000000.0,16291000000.0,2345000000.0,1.569,0.962,2368000000.0,119000000.0,2249000000.0,2368000000.0,1786000000.0,361000000.0,0.0,0.016,0.99,3278000000.0,3639000000.0,0.178,3639000000.0,3278000000.0,3053000000.0,5.35,5.22,5.35,11973000000.0,11616250000.0,11973000000.0,27618532400.0,8.0,7.59,1437000000.0,3.286,1.0,4148000000.0,0.203,11464000000.0,225000000.0,6811000000.0,8015750000.0,543000000.0,0.0,0.0,0.0,11518000000.0,4975000000.0,6543000000.0,27744532400.0,1447000000.0,3067000000.0,-1048000000.0,-1598000000.0,-438000000.0,-3055000000.0,2686000000.0,0.0,1816000000.0,0.0,2345000000.0,2345000000.0,2345000000.0,-914000000.0,0.0,0.115,1872000000.0,2276000000.0,982000000.0,0.185,2.317,11.831,11.858,2062000000.0,0.0,63.44,1.357,1.357,4049000000.0,,20439000000.0,20439000000.0,499000000.0,0.095,0.202,0.409,0.16,-78000000.0,1373000000.0,1.0,437335000.0,437335000,,46.735,12027000000.0,289000000.0,708000000.0,0.0,27.501,2832000000.0
50,RTN,MRT,2007-06-30,2007-06-24,2007-06-24,2020-04-01,0.0,24290000000.0,24912750000.0,8150000000.0,16140000000.0,0.809,27.441,-384000000.0,3045000000.0,3045000000.0,16188000000.0,2367000000.0,1.454,0.994,2919000000.0,686000000.0,2233000000.0,2919000000.0,1895000000.0,357000000.0,0.0,0.018,0.975,3281000000.0,3638000000.0,0.18,3638000000.0,3281000000.0,3032000000.0,5.39,5.25,5.39,12180000000.0,11468000000.0,12180000000.0,26499152000.0,8.0,7.284,1453000000.0,3.274,1.0,3968000000.0,0.197,11541000000.0,249000000.0,7016000000.0,8826500000.0,537000000.0,0.0,0.0,0.0,12110000000.0,5607000000.0,6503000000.0,24190152000.0,2120000000.0,3027000000.0,-837000000.0,-1104000000.0,-435000000.0,-2354000000.0,2637000000.0,0.0,1837000000.0,0.0,2367000000.0,2367000000.0,2367000000.0,-1049000000.0,0.0,0.117,1808000000.0,2160000000.0,893000000.0,0.181,1.986,10.22,10.111,2086000000.0,0.0,54.5,1.2,1.2,4097000000.0,,20156000000.0,20156000000.0,463000000.0,0.095,0.206,0.372,0.163,-64000000.0,1345000000.0,1.0,443856000.0,443856000,,45.411,12749000000.0,467000000.0,665000000.0,0.0,28.723,2543000000.0
51,RTN,MRT,2007-03-31,2007-03-25,2007-03-25,2020-04-01,0.0,25083000000.0,24953500000.0,9099000000.0,15984000000.0,0.796,25.126,-382000000.0,1660000000.0,1660000000.0,16026000000.0,1342000000.0,1.414,1.237,3969000000.0,686000000.0,3283000000.0,3969000000.0,1947000000.0,359000000.0,0.0,0.018,0.96,2232000000.0,2591000000.0,0.131,2591000000.0,2232000000.0,1969000000.0,3.03,2.97,3.03,11211000000.0,11277750000.0,11211000000.0,24970289870.0,11.0,9.637,1965000000.0,4.404,1.0,3825000000.0,0.193,11539000000.0,263000000.0,9416000000.0,9797250000.0,499000000.0,0.0,0.0,0.0,13872000000.0,6437000000.0,7435000000.0,23465289870.0,716000000.0,-62000000.0,-350000000.0,-402000000.0,-429000000.0,-1172000000.0,-459000000.0,0.0,2347000000.0,0.0,1342000000.0,1342000000.0,1342000000.0,-103000000.0,0.0,0.068,1793000000.0,2032000000.0,833000000.0,0.317,2.093,17.485,17.356,2105000000.0,0.0,52.59,1.182,1.182,4069000000.0,,19851000000.0,19851000000.0,460000000.0,0.054,0.119,0.228,0.112,-46000000.0,1333000000.0,1.0,446193000.0,446193000,,44.49,13544000000.0,470000000.0,627000000.0,0.0,30.355,2662000000.0
52,RTN,MRT,2006-12-31,2006-12-31,2006-12-31,2020-04-01,-2514000000.0,25491000000.0,24822000000.0,9517000000.0,15974000000.0,0.794,24.967,-368000000.0,2460000000.0,2460000000.0,15977000000.0,1283000000.0,1.417,1.296,3965000000.0,687000000.0,3278000000.0,3965000000.0,1885000000.0,361000000.0,0.0,0.018,0.96,2159000000.0,2520000000.0,0.128,2520000000.0,2159000000.0,1887000000.0,2.9,2.85,2.9,11101000000.0,11194500000.0,11101000000.0,26297464000.0,12.0,10.436,2375000000.0,5.342,1.0,3730000000.0,0.189,11461000000.0,272000000.0,8820000000.0,10121750000.0,376000000.0,0.0,0.0,0.0,14390000000.0,6715000000.0,7675000000.0,23476464000.0,1258000000.0,-87000000.0,-183000000.0,-437000000.0,-420000000.0,-1034000000.0,-451000000.0,0.0,2743000000.0,0.0,1283000000.0,1283000000.0,1283000000.0,-96000000.0,0.0,0.065,1786000000.0,1944000000.0,910000000.0,0.331,2.115,18.298,18.207,2025000000.0,0.0,52.8,1.191,1.191,3741000000.0,4329000000.0,19707000000.0,19707000000.0,464000000.0,0.052,0.115,0.213,0.11,-31000000.0,1322000000.0,1.0,444630000.0,444630000,,44.322,14030000000.0,427000000.0,604000000.0,0.0,31.554,2802000000.0
53,RTN,MRT,2006-09-30,2006-09-24,2006-09-24,2020-04-01,0.0,24787000000.0,24544500000.0,8081000000.0,16706000000.0,0.708,25.361,-327000000.0,1162000000.0,1162000000.0,14047000000.0,1194000000.0,1.361,1.178,3983000000.0,582000000.0,3401000000.0,3983000000.0,1965000000.0,296000000.0,0.0,0.019,0.92,2009000000.0,2305000000.0,0.133,2305000000.0,2009000000.0,1739000000.0,2.7,2.65,2.7,11380000000.0,11096500000.0,11380000000.0,24303951140.0,12.0,10.544,2092000000.0,4.662,1.0,3329000000.0,0.192,11617000000.0,270000000.0,10054000000.0,10390000000.0,2139000000.0,0.0,0.0,0.0,13407000000.0,5937000000.0,7470000000.0,21192951140.0,342000000.0,-70000000.0,-272000000.0,-969000000.0,-411000000.0,-1689000000.0,-388000000.0,0.0,2419000000.0,0.0,1194000000.0,1194000000.0,1194000000.0,-141000000.0,0.0,0.069,1578000000.0,1751000000.0,1084000000.0,0.341,1.862,17.75,17.493,2588000000.0,0.0,47.23,1.22,1.22,4166000000.0,,17376000000.0,17376000000.0,412000000.0,0.049,0.108,0.193,0.116,0.0,1166000000.0,1.0,448718000.0,448718000,,38.724,13170000000.0,341000000.0,545000000.0,209000000.0,29.35,2144000000.0
54,RTN,MRT,2006-06-30,2006-06-25,2006-06-25,2020-04-01,0.0,24453000000.0,24428750000.0,7700000000.0,16753000000.0,0.727,25.593,-341000000.0,925000000.0,925000000.0,14445000000.0,1101000000.0,1.517,1.141,4036000000.0,91000000.0,3945000000.0,4036000000.0,1984000000.0,314000000.0,0.0,0.02,0.9,1911000000.0,2225000000.0,0.125,2225000000.0,1911000000.0,1627000000.0,2.48,2.44,2.48,11419000000.0,10877750000.0,11419000000.0,23230673280.0,12.0,10.441,2120000000.0,4.751,1.0,3326000000.0,0.187,11590000000.0,284000000.0,10899000000.0,10574250000.0,1969000000.0,0.0,0.0,0.0,13034000000.0,5075000000.0,7959000000.0,19756673280.0,471000000.0,-69000000.0,-241000000.0,-926000000.0,-402000000.0,-1613000000.0,-377000000.0,0.0,2461000000.0,0.0,1101000000.0,1101000000.0,1101000000.0,-84000000.0,0.0,0.062,1617000000.0,1709000000.0,1001000000.0,0.363,1.73,17.944,17.855,2621000000.0,0.0,44.28,1.112,1.112,4157000000.0,,17771000000.0,17771000000.0,430000000.0,0.045,0.101,0.181,0.108,0.0,1187000000.0,1.0,446176000.0,446176000,,39.83,12863000000.0,372000000.0,526000000.0,209000000.0,28.829,2625000000.0
55,RTN,MRT,2006-03-31,2006-03-26,2006-03-26,2020-04-01,0.0,24557000000.0,24310000000.0,7628000000.0,16929000000.0,0.749,24.384,-341000000.0,944000000.0,944000000.0,14903000000.0,992000000.0,1.331,1.257,4418000000.0,456000000.0,3962000000.0,4418000000.0,1970000000.0,328000000.0,0.0,0.019,0.88,1797000000.0,2125000000.0,0.117,2125000000.0,1797000000.0,1499000000.0,2.23,2.19,2.23,10878000000.0,10656750000.0,10878000000.0,23409475700.0,13.0,11.016,2431000000.0,5.449,1.0,3304000000.0,0.181,11586000000.0,298000000.0,10714000000.0,10650750000.0,1951000000.0,0.0,0.0,0.0,13679000000.0,5731000000.0,7948000000.0,20155475700.0,487000000.0,-97000000.0,-374000000.0,-1071000000.0,-395000000.0,-1889000000.0,-396000000.0,0.0,2772000000.0,0.0,992000000.0,992000000.0,992000000.0,-18000000.0,0.0,0.054,1629000000.0,1675000000.0,1058000000.0,0.395,1.853,20.318,20.26,2636000000.0,0.0,45.18,1.107,1.107,4065000000.0,,18207000000.0,18207000000.0,431000000.0,0.041,0.093,0.169,0.099,0.0,1198000000.0,1.0,446115000.0,446115000,,40.812,12971000000.0,408000000.0,507000000.0,206000000.0,29.075,1897000000.0
56,RTN,MRT,2005-12-31,2005-12-31,2005-12-31,2020-04-01,-1950000000.0,24381000000.0,24256000000.0,8313000000.0,16068000000.0,0.762,23.972,-362000000.0,1202000000.0,1202000000.0,15214000000.0,871000000.0,1.343,1.277,4456000000.0,487000000.0,3969000000.0,4456000000.0,1678000000.0,348000000.0,0.0,0.022,0.88,1644000000.0,1992000000.0,0.108,1992000000.0,1644000000.0,1339000000.0,1.95,1.92,1.95,10709000000.0,10576250000.0,10709000000.0,22165928450.0,13.0,11.127,2153000000.0,4.82,1.0,3277000000.0,0.177,11554000000.0,305000000.0,9893000000.0,10982000000.0,460000000.0,0.0,0.0,0.0,13672000000.0,6188000000.0,7484000000.0,17935928450.0,646000000.0,-125000000.0,-368000000.0,-617000000.0,-387000000.0,-1433000000.0,-436000000.0,0.0,2515000000.0,0.0,871000000.0,871000000.0,871000000.0,27000000.0,0.0,0.047,1658000000.0,1619000000.0,813000000.0,0.451,1.675,20.592,20.59,2136000000.0,0.0,40.15,0.97,0.97,3668000000.0,3475000000.0,18491000000.0,18491000000.0,430000000.0,0.036,0.082,0.15,0.089,0.0,1228000000.0,1.0,446723000.0,446723000,,41.393,12827000000.0,355000000.0,468000000.0,59000000.0,28.714,2125000000.0
57,RTN,MRT,2005-09-30,2005-09-25,2005-09-25,2020-04-01,0.0,24324000000.0,24199000000.0,7713000000.0,16611000000.0,0.784,23.275,-361000000.0,820000000.0,820000000.0,15720000000.0,840000000.0,1.241,1.315,5050000000.0,880000000.0,4170000000.0,5050000000.0,2056000000.0,355000000.0,0.0,0.023,0.84,1530000000.0,1885000000.0,0.099,1885000000.0,1530000000.0,1201000000.0,1.88,1.85,1.88,10505000000.0,10536750000.0,10505000000.0,21448864360.0,14.0,11.379,1860000000.0,4.121,1.0,3248000000.0,0.171,11549000000.0,329000000.0,10791000000.0,11406250000.0,2014000000.0,0.0,0.0,0.0,13819000000.0,6214000000.0,7605000000.0,16807864360.0,-229000000.0,-95000000.0,-306000000.0,-1348000000.0,-380000000.0,-2032000000.0,-418000000.0,74000000.0,2221000000.0,0.0,840000000.0,840000000.0,840000000.0,1000000.0,0.0,0.044,1677000000.0,1571000000.0,964000000.0,0.447,1.6,20.009,19.809,2591000000.0,0.0,37.24,0.886,0.886,4128000000.0,,18968000000.0,18968000000.0,408000000.0,0.035,0.08,0.134,0.081,0.0,1269000000.0,1.0,451339000.0,451339000,,42.026,12775000000.0,420000000.0,361000000.0,150000000.0,28.305,1499000000.0
58,RTN,MRT,2005-06-30,2005-06-26,2005-06-26,2020-04-01,0.0,23978000000.0,24117500000.0,7291000000.0,16687000000.0,0.77,23.296,-363000000.0,454000000.0,454000000.0,15404000000.0,764000000.0,1.235,1.276,5095000000.0,876000000.0,4219000000.0,5095000000.0,1919000000.0,358000000.0,0.0,0.021,0.82,1430000000.0,1788000000.0,0.096,1788000000.0,1430000000.0,1080000000.0,1.71,1.69,1.71,10535000000.0,10435750000.0,10535000000.0,22635207940.0,16.0,12.66,1414000000.0,3.127,1.0,3169000000.0,0.171,11511000000.0,350000000.0,11205000000.0,11944500000.0,1960000000.0,0.0,0.0,0.0,13443000000.0,5903000000.0,7540000000.0,17537207940.0,-550000000.0,-56000000.0,-103000000.0,-1460000000.0,-371000000.0,-1932000000.0,-395000000.0,74000000.0,1777000000.0,0.0,764000000.0,764000000.0,764000000.0,32000000.0,0.0,0.041,1655000000.0,1514000000.0,952000000.0,0.48,1.665,22.954,22.678,2623000000.0,0.0,38.78,0.944,0.944,4099000000.0,,18573000000.0,18573000000.0,407000000.0,0.032,0.073,0.12,0.077,0.0,1248000000.0,1.0,452223000.0,452223000,,41.07,12467000000.0,436000000.0,316000000.0,65000000.0,27.568,1388000000.0
59,RTN,MRT,2005-03-31,2005-03-27,2005-03-27,2020-04-01,0.0,24341000000.0,24198750000.0,7442000000.0,16899000000.0,0.748,23.297,-388000000.0,457000000.0,457000000.0,15031000000.0,455000000.0,1.264,1.306,5555000000.0,941000000.0,4614000000.0,5555000000.0,1961000000.0,356000000.0,0.0,0.048,1.831,996000000.0,1352000000.0,0.075,1352000000.0,996000000.0,619000000.0,1.01,1.0,1.01,10556000000.0,10300750000.0,10556000000.0,22059319840.0,22.0,16.316,1512000000.0,3.337,1.0,3062000000.0,0.169,11514000000.0,377000000.0,12039000000.0,12562750000.0,1858000000.0,0.0,0.0,0.0,13785000000.0,5886000000.0,7899000000.0,17462319840.0,117000000.0,-56000000.0,896000000.0,-1831000000.0,-356000000.0,-1289000000.0,-494000000.0,0.0,1900000000.0,0.0,455000000.0,455000000.0,455000000.0,14000000.0,0.0,0.025,1635000000.0,1427000000.0,820000000.0,1.813,1.654,38.379,38.158,2684000000.0,0.0,38.54,0.965,0.965,4339000000.0,,18093000000.0,18093000000.0,398000000.0,0.019,0.044,0.079,0.055,0.0,1237000000.0,1.0,453096000.0,453096000,,39.932,12827000000.0,460000000.0,164000000.0,0.0,28.31,1556000000.0
60,RTN,MRT,2004-12-31,2004-12-31,2004-12-31,2020-04-01,-1919000000.0,24153000000.0,24054000000.0,7124000000.0,17029000000.0,0.741,23.34,-413000000.0,556000000.0,556000000.0,14909000000.0,417000000.0,1.262,1.289,5153000000.0,516000000.0,4637000000.0,5153000000.0,1900000000.0,349000000.0,0.0,0.047,1.831,944000000.0,1293000000.0,0.073,1293000000.0,944000000.0,526000000.0,0.95,0.94,0.95,10551000000.0,9985000000.0,10551000000.0,22932412140.0,24.0,17.736,1658000000.0,3.668,1.0,2916000000.0,0.164,11516000000.0,418000000.0,11590000000.0,13432750000.0,1745000000.0,0.0,0.0,0.0,13602000000.0,5644000000.0,7958000000.0,17553412140.0,-105000000.0,-69000000.0,959000000.0,-2256000000.0,-349000000.0,-1644000000.0,-532000000.0,0.0,2071000000.0,0.0,417000000.0,417000000.0,417000000.0,-2000000.0,0.0,0.023,1615000000.0,1301000000.0,867000000.0,1.927,1.664,42.095,40.874,2738000000.0,0.0,38.83,0.985,0.985,3992000000.0,2998000000.0,17825000000.0,17825000000.0,413000000.0,0.017,0.042,0.07,0.053,0.0,1202000000.0,1.0,452058000.0,452058000,,39.431,12637000000.0,540000000.0,109000000.0,0.0,27.954,1480000000.0
61,RTN,MRT,2004-09-30,2004-09-26,2004-09-26,2020-04-01,0.0,23998000000.0,24067750000.0,7227000000.0,16771000000.0,0.816,22.392,-481000000.0,1049000000.0,1049000000.0,16461000000.0,377000000.0,1.458,1.376,6428000000.0,835000000.0,5593000000.0,6428000000.0,0.0,435000000.0,0.0,0.049,1.831,1009000000.0,1444000000.0,0.074,1444000000.0,1009000000.0,561000000.0,0.89,0.88,0.89,10101000000.0,9637750000.0,10101000000.0,22232840900.0,22.0,15.397,2192000000.0,4.859,1.0,3181000000.0,0.162,11477000000.0,448000000.0,12944000000.0,14319500000.0,1965000000.0,74000000.0,74000000.0,0.0,13897000000.0,4956000000.0,8941000000.0,16694840900.0,846000000.0,-9000000.0,943000000.0,-1707000000.0,-342000000.0,-1106000000.0,-721000000.0,-230000000.0,2673000000.0,0.0,377000000.0,377000000.0,377000000.0,74000000.0,0.0,0.019,1781000000.0,1400000000.0,824000000.0,2.057,1.653,44.283,41.584,2671000000.0,0.0,37.01,0.85,0.85,3323000000.0,,19642000000.0,19642000000.0,486000000.0,0.016,0.039,0.07,0.051,0.0,1295000000.0,1.0,451090000.0,451090000,,43.543,12521000000.0,690000000.0,184000000.0,0.0,27.757,2271000000.0
62,RTN,MRT,2004-06-30,2004-06-27,2004-06-27,2020-04-01,0.0,24303000000.0,24017250000.0,7395000000.0,16908000000.0,0.795,23.761,-509000000.0,1004000000.0,1004000000.0,16108000000.0,190000000.0,1.579,1.432,6542000000.0,168000000.0,6374000000.0,6542000000.0,0.0,421000000.0,0.0,0.053,1.831,790000000.0,1211000000.0,0.063,1211000000.0,790000000.0,305000000.0,0.47,0.46,0.47,9995000000.0,9374000000.0,9995000000.0,21653997351.0,27.0,17.881,2413000000.0,5.736,1.0,2976000000.0,0.156,11480000000.0,485000000.0,13678000000.0,14844500000.0,2068000000.0,74000000.0,74000000.0,0.0,14308000000.0,4683000000.0,9625000000.0,14583997351.0,640000000.0,-15000000.0,948000000.0,-2014000000.0,-334000000.0,-1400000000.0,-882000000.0,-357000000.0,2922000000.0,0.0,190000000.0,190000000.0,190000000.0,96000000.0,0.0,0.01,1765000000.0,1211000000.0,814000000.0,3.896,1.459,76.758,73.766,2670000000.0,0.0,34.67,0.764,0.764,3482000000.0,,19084000000.0,19084000000.0,492000000.0,0.008,0.02,0.053,0.041,0.0,1273000000.0,1.0,420651784.0,420651784,,45.368,12823000000.0,786000000.0,115000000.0,0.0,30.484,2712000000.0
63,RTN,MRT,2004-03-31,2004-03-28,2004-03-28,2020-04-01,0.0,23762000000.0,24014750000.0,6912000000.0,16850000000.0,0.774,22.225,-507000000.0,340000000.0,340000000.0,15561000000.0,398000000.0,1.802,1.557,7410000000.0,13000000.0,7397000000.0,7410000000.0,0.0,405000000.0,0.0,0.026,0.8,1133000000.0,1538000000.0,0.083,1538000000.0,1133000000.0,622000000.0,0.96,0.95,0.96,9293000000.0,9154250000.0,9293000000.0,19600226080.0,17.0,12.744,2161000000.0,5.168,1.0,3023000000.0,0.163,11478000000.0,511000000.0,15519000000.0,15300250000.0,2003000000.0,0.0,0.0,0.0,14469000000.0,3835000000.0,10634000000.0,12870226080.0,-47000000.0,25000000.0,90000000.0,-1761000000.0,-331000000.0,-2002000000.0,-713000000.0,-229000000.0,2668000000.0,0.0,398000000.0,398000000.0,398000000.0,168000000.0,0.0,0.021,1769000000.0,1254000000.0,757000000.0,0.833,1.385,32.337,32.063,2681000000.0,0.0,30.78,0.693,0.693,3887000000.0,,18584000000.0,18584000000.0,496000000.0,0.017,0.043,0.074,0.061,0.0,1273000000.0,1.0,418136000.0,418136000,,44.445,12284000000.0,768000000.0,224000000.0,0.0,29.378,3077000000.0
64,RTN,MRT,2003-12-31,2003-12-31,2003-12-31,2020-04-01,-2194000000.0,24208000000.0,24152250000.0,7125000000.0,17083000000.0,0.75,22.012,-501000000.0,661000000.0,661000000.0,15045000000.0,365000000.0,1.649,1.642,7391000000.0,15000000.0,7376000000.0,7391000000.0,1578000000.0,393000000.0,0.0,0.027,0.8,1129000000.0,1522000000.0,0.084,1522000000.0,1129000000.0,592000000.0,0.88,0.88,0.88,9162000000.0,9070750000.0,9162000000.0,19561441687.0,17.0,12.852,1533000000.0,3.683,1.0,3064000000.0,0.169,11479000000.0,537000000.0,15137000000.0,15396250000.0,1998000000.0,0.0,0.0,0.0,15046000000.0,4322000000.0,10724000000.0,12503441687.0,117000000.0,51000000.0,87000000.0,-965000000.0,-331000000.0,-1209000000.0,-708000000.0,-125000000.0,2034000000.0,0.0,365000000.0,365000000.0,365000000.0,170000000.0,0.0,0.02,1748000000.0,1316000000.0,833000000.0,0.909,1.365,34.256,34.136,2711000000.0,0.0,30.04,0.69,0.69,3787000000.0,2937000000.0,18109000000.0,18109000000.0,487000000.0,0.015,0.04,0.073,0.062,0.0,1261000000.0,1.0,416226421.0,416226421,,43.508,12729000000.0,803000000.0,227000000.0,0.0,30.582,2803000000.0
65,RTN,MRT,2003-09-30,2003-09-28,2003-09-28,2020-04-01,0.0,23796000000.0,24086750000.0,6766000000.0,17030000000.0,0.734,21.851,-518000000.0,203000000.0,203000000.0,14577000000.0,92000000.0,1.56,1.631,7261000000.0,559000000.0,6702000000.0,7261000000.0,0.0,376000000.0,0.0,0.028,0.8,811000000.0,1187000000.0,0.067,1187000000.0,811000000.0,287000000.0,0.23,0.22,0.23,9046000000.0,8997750000.0,9046000000.0,19007902080.0,23.0,16.013,-565000000.0,-1.365,1.0,3093000000.0,0.175,11474000000.0,524000000.0,15044000000.0,15466000000.0,2085000000.0,0.0,0.0,0.0,14750000000.0,4336000000.0,10414000000.0,11657902080.0,-416000000.0,-16000000.0,103000000.0,311000000.0,-328000000.0,86000000.0,-455000000.0,212000000.0,-47000000.0,0.0,92000000.0,92000000.0,92000000.0,381000000.0,0.0,0.005,1708000000.0,1385000000.0,786000000.0,3.478,1.289,126.716,122.435,2620000000.0,0.0,28.16,0.66,0.66,3798000000.0,,17670000000.0,17670000000.0,478000000.0,0.004,0.01,0.052,0.046,0.0,1230000000.0,1.0,413988000.0,413988000,,42.682,12322000000.0,843000000.0,195000000.0,0.0,29.764,2430000000.0
66,RTN,MRT,2003-06-30,2003-06-29,2003-06-29,2020-04-01,0.0,24293000000.0,24266250000.0,7330000000.0,16963000000.0,0.716,22.204,-528000000.0,364000000.0,364000000.0,14041000000.0,274000000.0,1.563,1.665,7714000000.0,968000000.0,6746000000.0,7714000000.0,0.0,370000000.0,0.0,0.025,0.8,1067000000.0,1437000000.0,0.083,1437000000.0,1067000000.0,562000000.0,0.67,0.66,0.67,9116000000.0,9446750000.0,9116000000.0,21220256000.0,20.0,14.767,-956000000.0,-2.329,1.0,3343000000.0,0.192,11452000000.0,505000000.0,15501000000.0,15435250000.0,2114000000.0,0.0,0.0,0.0,15177000000.0,4690000000.0,10487000000.0,13384256000.0,-1278000000.0,33000000.0,136000000.0,-247000000.0,-327000000.0,-438000000.0,-412000000.0,224000000.0,-428000000.0,0.0,274000000.0,274000000.0,274000000.0,406000000.0,0.0,0.016,1671000000.0,1672000000.0,824000000.0,1.194,1.468,48.848,48.657,2461000000.0,0.0,32.6,0.77,0.77,4061000000.0,,17384000000.0,17384000000.0,461000000.0,0.011,0.029,0.069,0.061,0.0,1210000000.0,1.0,410560000.0,410560000,,42.342,12841000000.0,823000000.0,288000000.0,0.0,31.277,2640000000.0
67,RTN,MRT,2003-03-31,2003-03-30,2003-03-30,2020-04-01,0.0,24312000000.0,24617250000.0,7324000000.0,16988000000.0,0.693,21.922,-562000000.0,387000000.0,387000000.0,13678000000.0,38000000.0,1.491,1.714,8223000000.0,1528000000.0,6695000000.0,8223000000.0,0.0,365000000.0,0.0,0.028,0.8,842000000.0,1207000000.0,0.071,1207000000.0,842000000.0,342000000.0,0.09,0.09,0.09,8959000000.0,9834250000.0,8959000000.0,18691476240.0,22.0,15.486,-1337000000.0,-3.272,1.0,3372000000.0,0.198,11332000000.0,500000000.0,15903000000.0,15229000000.0,2045000000.0,0.0,0.0,0.0,15353000000.0,4913000000.0,10440000000.0,11802476240.0,-1097000000.0,-7000000.0,205000000.0,344000000.0,-325000000.0,224000000.0,-546000000.0,164000000.0,-775000000.0,0.0,38000000.0,38000000.0,38000000.0,679000000.0,0.0,0.002,1629000000.0,1743000000.0,693000000.0,8.889,1.317,310.591,320.889,2387000000.0,0.0,28.88,0.692,0.692,4166000000.0,,17050000000.0,17050000000.0,451000000.0,0.002,0.004,0.055,0.049,0.0,1178000000.0,1.0,408673000.0,408673000,,41.72,12980000000.0,855000000.0,304000000.0,0.0,31.761,2411000000.0
68,RTN,MRT,2002-12-31,2002-12-31,2002-12-31,2020-04-01,-2180000000.0,23946000000.0,24953000000.0,7190000000.0,16756000000.0,0.672,21.853,-585000000.0,544000000.0,544000000.0,13358000000.0,-640000000.0,1.408,1.7,8291000000.0,1153000000.0,7138000000.0,8291000000.0,0.0,364000000.0,0.0,0.026,0.8,177000000.0,541000000.0,0.032,541000000.0,177000000.0,-320000000.0,-1.59,-1.57,-1.59,8870000000.0,10307500000.0,8870000000.0,18726056000.0,106.0,34.614,-934000000.0,-2.301,1.0,3402000000.0,0.203,11170000000.0,497000000.0,15416000000.0,14955250000.0,2032000000.0,0.0,0.0,0.0,15076000000.0,5107000000.0,9969000000.0,12481056000.0,-670000000.0,1156000000.0,222000000.0,-891000000.0,-321000000.0,-990000000.0,669000000.0,0.0,-349000000.0,0.0,-640000000.0,-640000000.0,-640000000.0,887000000.0,0.0,-0.038,1619000000.0,1783000000.0,776000000.0,-0.503,1.407,-19.502,-19.34,2396000000.0,0.0,30.75,0.745,0.745,3691000000.0,2904000000.0,16760000000.0,16760000000.0,449000000.0,-0.026,-0.062,0.012,0.011,0.0,1170000000.0,1.0,405888000.0,405888000,,41.292,12776000000.0,882000000.0,320000000.0,0.0,31.477,2083000000.0
69,RTN,MRT,2002-09-30,2002-09-29,2002-09-29,2020-04-01,0.0,24514000000.0,25659750000.0,7496000000.0,17018000000.0,0.643,26.911,-581000000.0,619000000.0,619000000.0,13189000000.0,-730000000.0,1.606,1.261,6864000000.0,776000000.0,6088000000.0,6864000000.0,0.0,441000000.0,0.0,0.026,0.8,267000000.0,708000000.0,0.043,708000000.0,267000000.0,-273000000.0,-1.86,-1.79,-1.86,10842000000.0,10935250000.0,10842000000.0,18740985480.0,70.0,26.47,280000000.0,0.695,1.0,3302000000.0,0.2,11170000000.0,540000000.0,14921000000.0,15257000000.0,2128000000.0,0.0,0.0,0.0,13672000000.0,4668000000.0,9004000000.0,12561985480.0,40000000.0,1166000000.0,1251000000.0,-2590000000.0,-313000000.0,-1652000000.0,831000000.0,-340000000.0,861000000.0,0.0,-730000000.0,-730000000.0,-730000000.0,870000000.0,0.0,-0.044,1613000000.0,1689000000.0,803000000.0,-0.43,1.159,-17.208,-16.763,2324000000.0,0.0,31.18,0.762,0.762,3918000000.0,,16491000000.0,16491000000.0,443000000.0,-0.028,-0.067,0.018,0.016,0.0,1170000000.0,1.0,402886000.0,402886000,,40.932,13344000000.0,597000000.0,457000000.0,837000000.0,33.121,2828000000.0
70,RTN,MRT,2002-06-30,2002-06-30,2002-06-30,2020-04-01,0.0,25697000000.0,26220750000.0,8622000000.0,17075000000.0,0.616,26.785,-576000000.0,1642000000.0,1642000000.0,13676000000.0,-1162000000.0,1.429,1.409,7821000000.0,1783000000.0,6038000000.0,7821000000.0,0.0,519000000.0,0.0,0.02,0.8,-479000000.0,40000000.0,0.002,40000000.0,-479000000.0,-1073000000.0,-3.01,-2.94,-3.01,10666000000.0,10866500000.0,10666000000.0,22529935250.0,-47.0,563.248,-152000000.0,-0.382,1.0,2478000000.0,0.153,11168000000.0,594000000.0,14676000000.0,15806000000.0,2083000000.0,0.0,0.0,0.0,15031000000.0,6032000000.0,8999000000.0,16226935250.0,1113000000.0,1123000000.0,1193000000.0,-1097000000.0,-304000000.0,-210000000.0,899000000.0,-236000000.0,424000000.0,0.0,-1162000000.0,-1162000000.0,-1162000000.0,794000000.0,0.0,-0.072,1608000000.0,870000000.0,767000000.0,-0.266,1.521,-13.965,-13.538,2319000000.0,0.0,40.75,1.005,1.005,4024000000.0,,16154000000.0,16154000000.0,436000000.0,-0.044,-0.107,-0.03,-0.03,0.0,1172000000.0,1.0,398207000.0,398207000,,40.567,14529000000.0,649000000.0,89000000.0,835000000.0,36.486,2590000000.0
71,RTN,MRT,2002-03-31,2002-03-31,2002-03-31,2020-04-01,0.0,25655000000.0,26486500000.0,8406000000.0,17249000000.0,0.61,27.353,-577000000.0,1484000000.0,1484000000.0,13752000000.0,-1214000000.0,1.452,1.364,7787000000.0,1792000000.0,5995000000.0,7787000000.0,0.0,601000000.0,0.0,0.019,0.8,-469000000.0,132000000.0,0.008,132000000.0,-469000000.0,-1116000000.0,-3.21,-3.14,-3.21,10852000000.0,10908750000.0,10852000000.0,23311341200.0,-50.0,176.601,-301000000.0,-0.759,1.0,2404000000.0,0.149,11359000000.0,647000000.0,14808000000.0,16504500000.0,2012000000.0,0.0,0.0,0.0,14803000000.0,5791000000.0,9012000000.0,16286341200.0,1001000000.0,1278000000.0,1484000000.0,-2324000000.0,-292000000.0,-297000000.0,1022000000.0,-263000000.0,276000000.0,0.0,-1214000000.0,-1214000000.0,-1214000000.0,763000000.0,0.0,-0.075,1593000000.0,811000000.0,782000000.0,-0.249,1.501,-13.415,-12.788,2293000000.0,0.0,41.05,1.008,1.008,3984000000.0,,16156000000.0,16156000000.0,438000000.0,-0.046,-0.111,-0.028,-0.029,0.0,1155000000.0,1.0,396744000.0,396744000,,40.721,14296000000.0,616000000.0,98000000.0,908000000.0,36.033,2615000000.0
72,RTN,MRT,2001-12-31,2001-12-31,2001-12-31,2020-04-01,-212000000.0,26773000000.0,26704500000.0,9647000000.0,17126000000.0,0.6,31.446,-601000000.0,1214000000.0,1214000000.0,13664000000.0,-755000000.0,1.659,1.352,8237000000.0,1363000000.0,6874000000.0,8237000000.0,0.0,677000000.0,0.0,0.025,0.8,39000000.0,716000000.0,0.045,716000000.0,39000000.0,-657000000.0,-2.12,-2.09,-2.12,11381000000.0,10870750000.0,11381000000.0,20518574870.0,526.0,28.657,-446000000.0,-1.232,1.0,2353000000.0,0.147,11358000000.0,696000000.0,16623000000.0,17291250000.0,2177000000.0,0.0,0.0,0.0,15392000000.0,5815000000.0,9577000000.0,11751574870.0,343000000.0,266000000.0,1451000000.0,-1770000000.0,-281000000.0,235000000.0,-47000000.0,-175000000.0,155000000.0,0.0,-755000000.0,-755000000.0,-755000000.0,757000000.0,0.0,-0.047,1587000000.0,766000000.0,910000000.0,-0.377,1.033,-15.565,-15.316,2196000000.0,0.0,32.47,0.734,0.734,3684000000.0,3867000000.0,16017000000.0,16017000000.0,456000000.0,-0.028,-0.069,0.002,0.002,0.0,1131000000.0,1.0,361921000.0,361921000,,44.256,15415000000.0,620000000.0,98000000.0,563000000.0,42.592,3832000000.0
73,RTN,MRT,2001-09-30,2001-09-30,2001-09-30,2020-04-01,0.0,26758000000.0,26705500000.0,8857000000.0,17901000000.0,0.559,29.404,-560000000.0,579000000.0,579000000.0,12608000000.0,-432000000.0,1.471,1.532,9346000000.0,1723000000.0,7623000000.0,9346000000.0,0.0,621000000.0,0.0,0.023,0.8,326000000.0,947000000.0,0.063,947000000.0,326000000.0,-412000000.0,-1.2,-1.2,-1.2,10567000000.0,10731250000.0,10567000000.0,20779350750.0,64.0,21.942,-95000000.0,-0.264,1.0,2318000000.0,0.155,12385000000.0,738000000.0,17117000000.0,17558250000.0,2347000000.0,0.0,0.0,0.0,16191000000.0,6023000000.0,10168000000.0,12488350750.0,408000000.0,493000000.0,397000000.0,-749000000.0,-276000000.0,205000000.0,-262000000.0,-75000000.0,465000000.0,0.0,-432000000.0,-432000000.0,-432000000.0,820000000.0,0.0,-0.029,1516000000.0,802000000.0,903000000.0,-0.667,1.182,-28.908,-28.958,2279000000.0,0.0,34.75,0.837,0.837,4434000000.0,,14926000000.0,14926000000.0,462000000.0,-0.016,-0.04,0.019,0.022,0.0,1054000000.0,1.0,359377000.0,359377000,,41.533,14373000000.0,699000000.0,20000000.0,607000000.0,39.994,2834000000.0
74,RTN,MRT,2001-06-30,2001-07-01,2001-07-01,2020-04-01,0.0,26760000000.0,26668500000.0,8114000000.0,18646000000.0,0.575,31.594,-535000000.0,529000000.0,529000000.0,12198000000.0,-42000000.0,1.783,1.47,8820000000.0,255000000.0,8565000000.0,8820000000.0,0.0,634000000.0,0.0,0.03,0.8,1107000000.0,1741000000.0,0.114,1741000000.0,1107000000.0,348000000.0,-0.1,-0.1,-0.1,10835000000.0,10768500000.0,10835000000.0,18665322500.0,17.0,10.721,483000000.0,1.408,1.0,3133000000.0,0.204,13029000000.0,759000000.0,17470000000.0,17815000000.0,2274000000.0,0.0,0.0,0.0,15925000000.0,4552000000.0,11373000000.0,9105322500.0,140000000.0,494000000.0,391000000.0,-1688000000.0,-272000000.0,-734000000.0,-144000000.0,-62000000.0,1018000000.0,0.0,-42000000.0,-42000000.0,-42000000.0,815000000.0,0.0,-0.003,1534000000.0,1599000000.0,1060000000.0,-8.0,0.84,-216.793,-265.5,2514000000.0,0.0,26.55,0.594,0.594,4536000000.0,,15331000000.0,15331000000.0,479000000.0,-0.002,-0.004,0.062,0.072,0.0,1055000000.0,1.0,342950000.0,342950000,,44.703,13731000000.0,620000000.0,390000000.0,770000000.0,40.038,3562000000.0
75,RTN,MRT,2001-03-31,2001-04-01,2001-04-01,2020-04-01,0.0,26527000000.0,26769500000.0,7788000000.0,18739000000.0,0.574,31.377,-473000000.0,483000000.0,483000000.0,12204000000.0,195000000.0,1.573,1.479,10043000000.0,1185000000.0,8858000000.0,10043000000.0,0.0,635000000.0,0.0,0.02,0.6,1314000000.0,1949000000.0,0.127,1949000000.0,1314000000.0,553000000.0,0.58,0.57,0.58,10700000000.0,10731500000.0,10700000000.0,19078932560.0,15.0,9.789,448000000.0,1.314,1.0,3154000000.0,0.205,13182000000.0,761000000.0,17955000000.0,17991500000.0,2218000000.0,0.0,0.0,0.0,15827000000.0,4950000000.0,10877000000.0,10018932560.0,302000000.0,354000000.0,7000000.0,-126000000.0,-272000000.0,-393000000.0,-226000000.0,-68000000.0,921000000.0,0.0,195000000.0,195000000.0,195000000.0,487000000.0,0.0,0.013,1582000000.0,1572000000.0,969000000.0,1.034,0.936,51.379,50.655,2498000000.0,0.0,29.38,0.652,0.652,4398000000.0,,15358000000.0,15358000000.0,506000000.0,0.007,0.018,0.073,0.086,0.0,1076000000.0,1.0,341012000.0,341012000,,45.037,13345000000.0,533000000.0,358000000.0,748000000.0,39.134,2838000000.0
76,RTN,MRT,2000-12-31,2000-12-31,2000-12-31,2020-04-01,-106000000.0,26777000000.0,26888250000.0,8013000000.0,18764000000.0,0.588,31.841,-491000000.0,871000000.0,871000000.0,12613000000.0,138000000.0,1.647,1.474,9931000000.0,877000000.0,9054000000.0,9931000000.0,0.0,642000000.0,0.0,0.026,0.8,1254000000.0,1896000000.0,0.12,1896000000.0,1254000000.0,493000000.0,0.41,0.4,0.41,10823000000.0,10739500000.0,10823000000.0,20407604600.0,16.0,10.764,489000000.0,1.439,1.0,3204000000.0,0.203,13281000000.0,761000000.0,17691000000.0,18012000000.0,1908000000.0,0.0,0.0,0.0,15954000000.0,4865000000.0,11089000000.0,10557604600.0,641000000.0,403000000.0,4000000.0,144000000.0,-272000000.0,-126000000.0,-213000000.0,-92000000.0,980000000.0,0.0,138000000.0,138000000.0,138000000.0,339000000.0,0.0,0.009,1624000000.0,1580000000.0,1099000000.0,1.951,0.975,76.504,75.756,2491000000.0,0.0,31.06,0.667,0.667,4566000000.0,4831000000.0,15817000000.0,15817000000.0,507000000.0,0.005,0.013,0.07,0.079,0.0,1117000000.0,1.0,339910000.0,339910000,,46.533,13496000000.0,476000000.0,355000000.0,773000000.0,39.705,3148000000.0
77,RTN,MRT,2000-09-30,2000-10-01,2000-10-01,2020-04-01,0.0,26610000000.0,27016250000.0,7891000000.0,18719000000.0,0.618,31.517,-565000000.0,171000000.0,171000000.0,13413000000.0,45000000.0,1.598,1.483,10021000000.0,972000000.0,9049000000.0,10021000000.0,0.0,719000000.0,0.0,0.021,0.6,1106000000.0,1825000000.0,0.109,1825000000.0,1106000000.0,371000000.0,0.13,0.13,0.13,10716000000.0,10773500000.0,10716000000.0,19755941280.0,18.0,10.825,459000000.0,1.35,1.0,3280000000.0,0.196,13378000000.0,735000000.0,18144000000.0,17614000000.0,1934000000.0,0.0,0.0,0.0,15894000000.0,4938000000.0,10956000000.0,9669941280.0,58000000.0,199000000.0,2000000.0,-386000000.0,-272000000.0,-655000000.0,-311000000.0,-79000000.0,1024000000.0,0.0,45000000.0,45000000.0,45000000.0,72000000.0,0.0,0.003,1845000000.0,1435000000.0,988000000.0,4.615,0.902,214.888,218.769,2452000000.0,0.0,28.44,0.579,0.579,5114000000.0,,16693000000.0,16693000000.0,542000000.0,0.002,0.004,0.063,0.066,0.0,1303000000.0,1.0,340012000.0,340012000,,49.095,13232000000.0,471000000.0,326000000.0,591000000.0,38.916,2953000000.0
78,RTN,MRT,2000-06-30,2000-07-02,2000-07-02,2020-04-01,0.0,27164000000.0,27534750000.0,8357000000.0,18807000000.0,0.605,31.447,-569000000.0,389000000.0,389000000.0,13673000000.0,-223000000.0,1.491,1.542,10475000000.0,1430000000.0,9045000000.0,10475000000.0,0.0,707000000.0,0.0,0.031,0.6,690000000.0,1397000000.0,0.084,1397000000.0,690000000.0,-29000000.0,-0.66,-0.66,-0.66,10687000000.0,10837000000.0,10687000000.0,16511997000.0,24.0,11.82,-406000000.0,-1.195,1.0,2982000000.0,0.179,13469000000.0,719000000.0,18176000000.0,17276500000.0,1945000000.0,0.0,0.0,0.0,16477000000.0,5605000000.0,10872000000.0,6541997000.0,281000000.0,409000000.0,28000000.0,596000000.0,-271000000.0,353000000.0,-235000000.0,-82000000.0,163000000.0,0.0,-223000000.0,-223000000.0,-223000000.0,146000000.0,0.0,-0.013,1911000000.0,1071000000.0,1002000000.0,-0.909,0.612,-29.336,-29.167,2465000000.0,0.0,19.25,0.393,0.393,5098000000.0,,16655000000.0,16655000000.0,535000000.0,-0.008,-0.021,0.04,0.041,0.0,1376000000.0,1.0,339844000.0,339844000,,49.008,13695000000.0,442000000.0,194000000.0,509000000.0,40.298,2752000000.0
79,RTN,MRT,2000-03-31,2000-04-02,2000-04-02,2020-04-01,0.0,27002000000.0,27970250000.0,8187000000.0,18815000000.0,0.611,31.785,-595000000.0,181000000.0,181000000.0,13824000000.0,18000000.0,1.524,1.516,10151000000.0,1109000000.0,9042000000.0,10151000000.0,0.0,698000000.0,0.0,0.045,0.8,1028000000.0,1726000000.0,0.101,1726000000.0,1028000000.0,320000000.0,0.06,0.04,0.06,10732000000.0,10953500000.0,10732000000.0,15533246356.0,15.0,9.0,-374000000.0,-1.108,1.0,3272000000.0,0.191,13562000000.0,708000000.0,18037000000.0,16937250000.0,1935000000.0,0.0,0.0,0.0,16270000000.0,5373000000.0,10897000000.0,5993246356.0,123000000.0,411000000.0,65000000.0,321000000.0,-270000000.0,115000000.0,-213000000.0,-55000000.0,221000000.0,0.0,18000000.0,18000000.0,18000000.0,133000000.0,0.0,0.001,1943000000.0,1329000000.0,1114000000.0,13.333,0.558,332.958,295.833,2451000000.0,0.0,17.75,0.351,0.351,5282000000.0,,17096000000.0,17096000000.0,520000000.0,0.001,0.002,0.061,0.06,0.0,1423000000.0,1.0,337647682.0,337647682,,50.633,13440000000.0,430000000.0,302000000.0,507000000.0,39.805,2814000000.0
80,RTN,MRT,1999-12-31,1999-12-31,1999-12-31,2020-04-01,-69000000.0,27289000000.0,28330250000.0,8602000000.0,18687000000.0,0.607,32.382,-532000000.0,230000000.0,230000000.0,13684000000.0,404000000.0,1.206,1.49,9769000000.0,2471000000.0,7298000000.0,9769000000.0,0.0,699000000.0,0.0,0.03,0.8,1503000000.0,2202000000.0,0.128,2202000000.0,1503000000.0,800000000.0,1.2,1.19,1.2,10959000000.0,10994250000.0,10959000000.0,19283568000.0,13.0,8.757,-849000000.0,-2.509,1.0,3517000000.0,0.204,13596000000.0,703000000.0,16099000000.0,16633000000.0,1950000000.0,0.0,0.0,0.0,16330000000.0,7133000000.0,9197000000.0,8988568000.0,-191000000.0,251000000.0,14000000.0,781000000.0,-269000000.0,525000000.0,-399000000.0,-116000000.0,-317000000.0,0.0,404000000.0,404000000.0,404000000.0,45000000.0,0.0,0.023,1925000000.0,1592000000.0,1204000000.0,0.667,0.82,22.249,22.133,2387000000.0,0.0,26.56,0.523,0.523,5167000000.0,4963000000.0,17201000000.0,17201000000.0,508000000.0,0.014,0.037,0.09,0.087,0.0,1417000000.0,1.0,338425000.0,338425000,,50.827,13693000000.0,490000000.0,396000000.0,488000000.0,40.461,1469000000.0
81,RTN,MRT,1999-09-30,1999-10-03,1999-10-03,2020-04-01,0.0,28684000000.0,28566000000.0,9395000000.0,19289000000.0,0.568,32.488,-213000000.0,113000000.0,113000000.0,12094000000.0,673000000.0,1.164,1.615,10408000000.0,3112000000.0,7296000000.0,10408000000.0,0.0,650000000.0,0.0,0.016,0.8,2000000000.0,2650000000.0,0.163,2650000000.0,2000000000.0,1310000000.0,2.0,1.96,2.0,10970000000.0,10953750000.0,10970000000.0,26253575080.0,13.0,9.907,-395000000.0,-1.17,1.0,4132000000.0,0.255,14115000000.0,690000000.0,16794000000.0,16451500000.0,2003000000.0,0.0,0.0,0.0,17714000000.0,8070000000.0,9644000000.0,16481575080.0,2000000.0,479000000.0,-13000000.0,382000000.0,-269000000.0,88000000.0,96000000.0,-84000000.0,-182000000.0,0.0,673000000.0,673000000.0,673000000.0,218000000.0,0.0,0.041,1885000000.0,2247000000.0,1571000000.0,0.4,1.502,24.49,24.405,2311000000.0,0.0,48.81,1.016,1.016,6322000000.0,,16226000000.0,16226000000.0,511000000.0,0.024,0.061,0.122,0.123,0.0,1374000000.0,1.0,337668000.0,337668000,,48.053,14569000000.0,667000000.0,637000000.0,624000000.0,43.146,1325000000.0
82,RTN,MRT,1999-06-30,1999-07-04,1999-07-04,2020-04-01,0.0,28906000000.0,28573000000.0,9631000000.0,19275000000.0,0.579,33.181,245000000.0,108000000.0,108000000.0,12188000000.0,848000000.0,1.256,1.592,9880000000.0,2090000000.0,7790000000.0,9880000000.0,0.0,674000000.0,0.0,0.011,0.8,2244000000.0,2918000000.0,0.176,2918000000.0,2244000000.0,1551000000.0,2.52,2.48,2.52,11153000000.0,10856000000.0,11153000000.0,33995383680.0,15.0,11.65,595000000.0,1.77,1.0,4347000000.0,0.263,14193000000.0,693000000.0,16819000000.0,19351750000.0,2142000000.0,0.0,0.0,0.0,17753000000.0,7666000000.0,10087000000.0,24221383680.0,-209000000.0,349000000.0,-108000000.0,-538000000.0,-269000000.0,-926000000.0,367000000.0,-168000000.0,350000000.0,0.0,848000000.0,848000000.0,848000000.0,144000000.0,0.0,0.051,1947000000.0,2400000000.0,1902000000.0,0.317,2.172,28.563,28.595,2275000000.0,0.0,72.06,1.465,1.465,6391000000.0,,16535000000.0,16535000000.0,530000000.0,0.03,0.078,0.116,0.136,0.0,1417000000.0,1.0,336128000.0,336128000,,49.193,14713000000.0,700000000.0,703000000.0,600000000.0,43.772,1965000000.0
83,RTN,MRT,1999-03-31,1999-04-04,1999-04-04,2020-04-01,0.0,28442000000.0,28628250000.0,9109000000.0,19333000000.0,0.594,32.408,215000000.0,58000000.0,58000000.0,12658000000.0,821000000.0,1.284,1.611,9832000000.0,1671000000.0,8161000000.0,9832000000.0,0.0,710000000.0,0.0,0.013,0.8,2214000000.0,2924000000.0,0.172,2924000000.0,2214000000.0,1513000000.0,2.44,2.41,2.44,10895000000.0,10744500000.0,10895000000.0,28635854297.0,13.0,9.793,812000000.0,2.415,1.0,4349000000.0,0.256,14299000000.0,701000000.0,16820000000.0,22326000000.0,2017000000.0,0.0,0.0,0.0,17547000000.0,7097000000.0,10450000000.0,20066854297.0,-274000000.0,675000000.0,-172000000.0,-1055000000.0,-270000000.0,-1507000000.0,636000000.0,-174000000.0,597000000.0,0.0,821000000.0,821000000.0,821000000.0,157000000.0,0.0,0.048,2058000000.0,2291000000.0,1797000000.0,0.328,1.842,24.442,24.463,2257000000.0,0.0,59.69,1.18,1.18,6000000000.0,,17007000000.0,17007000000.0,549000000.0,0.029,0.076,0.099,0.13,0.0,1509000000.0,1.0,336184525.0,336184525,,50.588,14143000000.0,778000000.0,692000000.0,587000000.0,42.069,2012000000.0
84,RTN,MRT,1998-12-31,1998-12-31,1998-12-31,2020-04-01,-50000000.0,28232000000.0,28815750000.0,8965000000.0,19267000000.0,0.603,32.041,181000000.0,421000000.0,421000000.0,12973000000.0,844000000.0,1.275,1.615,8990000000.0,827000000.0,8163000000.0,8990000000.0,0.0,734000000.0,0.0,0.015,0.8,2229000000.0,2963000000.0,0.171,2963000000.0,2229000000.0,1532000000.0,2.5,2.47,2.5,10797000000.0,10654500000.0,10797000000.0,27865705750.0,13.0,9.405,1175000000.0,3.487,1.0,4391000000.0,0.253,14396000000.0,697000000.0,15373000000.0,25357500000.0,1991000000.0,0.0,0.0,0.0,17435000000.0,7032000000.0,10403000000.0,17943705750.0,125000000.0,652000000.0,-144000000.0,-1061000000.0,-271000000.0,-1486000000.0,617000000.0,-174000000.0,994000000.0,0.0,844000000.0,844000000.0,844000000.0,175000000.0,0.0,0.049,2132000000.0,2259000000.0,2071000000.0,0.32,1.662,21.26,21.3,2275000000.0,0.0,53.25,1.033,1.033,5477000000.0,4829000000.0,17364000000.0,17364000000.0,582000000.0,0.029,0.079,0.088,0.128,0.0,1550000000.0,1.0,336971000.0,336971000,,51.53,13836000000.0,840000000.0,688000000.0,561000000.0,41.06,1933000000.0
85,RTN,MRT,1998-09-30,1998-09-27,1998-09-27,2020-04-01,0.0,28712000000.0,28887750000.0,9634000000.0,19078000000.0,0.626,31.277,22000000.0,111000000.0,111000000.0,14739000000.0,410000000.0,0.941,1.714,10033000000.0,4053000000.0,5980000000.0,10033000000.0,0.0,720000000.0,0.0,0.016,0.8,1344000000.0,2064000000.0,0.114,2064000000.0,1344000000.0,714000000.0,1.07,1.05,1.07,10579000000.0,10551750000.0,10579000000.0,27228759420.0,20.0,13.192,613000000.0,1.812,1.0,3346000000.0,0.185,0.0,630000000.0,28395000000.0,24832750000.0,2285000000.0,0.0,0.0,0.0,18133000000.0,10239000000.0,7894000000.0,17121759420.0,-156000000.0,515000000.0,-152000000.0,-566000000.0,-250000000.0,-1027000000.0,278000000.0,-241000000.0,591000000.0,2000000.0,410000000.0,410000000.0,410000000.0,0.0,0.0,0.023,2140000000.0,1206000000.0,1657000000.0,0.748,1.618,41.76,47.308,2274000000.0,0.0,50.62,0.947,0.947,6061000000.0,,18085000000.0,18085000000.0,557000000.0,0.014,0.039,0.054,0.074,0.0,1583000000.0,1.0,338241000.0,338241000,,53.468,28712000000.0,1050000000.0,304000000.0,869000000.0,84.886,-605000000.0
86,RTN,MRT,1998-06-30,1998-06-28,1998-06-28,2020-04-01,0.0,29127000000.0,25523788000.0,9701000000.0,19426000000.0,0.67,31.623,-430000000.0,317000000.0,317000000.0,13704000000.0,609000000.0,0.922,1.72,10424000000.0,4430000000.0,5994000000.0,10424000000.0,0.0,657000000.0,0.0,0.014,0.8,1556000000.0,2213000000.0,0.129,2213000000.0,1556000000.0,987000000.0,1.93,1.89,1.93,10707000000.0,9160774000.0,10707000000.0,29824577150.0,19.0,13.477,317000000.0,0.936,1.0,3395000000.0,0.199,0.0,569000000.0,28716000000.0,21785127250.0,2031000000.0,0.0,0.0,0.0,18420000000.0,10518000000.0,7902000000.0,19258577150.0,137000000.0,-2056000000.0,-101000000.0,2380000000.0,-230000000.0,2035000000.0,-2646000000.0,-156000000.0,747000000.0,1000000.0,609000000.0,609000000.0,609000000.0,0.0,0.0,0.036,1992000000.0,1403000000.0,1824000000.0,0.415,1.799,31.623,29.472,2813000000.0,0.0,56.88,1.126,1.126,6245000000.0,,17099000000.0,17099000000.0,544000000.0,0.024,0.066,0.071,0.091,0.0,1448000000.0,1.0,338582580.0,338582580,,50.502,29127000000.0,979000000.0,378000000.0,844000000.0,86.026,-817000000.0
87,RTN,MRT,1998-03-31,1998-03-29,1998-03-29,2020-04-01,0.0,29192000000.0,20344209500.0,9801000000.0,19391000000.0,0.756,44.577,-397000000.0,332000000.0,332000000.0,12364000000.0,556000000.0,0.906,1.771,10898000000.0,4908000000.0,5990000000.0,10898000000.0,0.0,559000000.0,0.0,0.013,0.8,1328000000.0,1887000000.0,0.123,1887000000.0,1328000000.0,867000000.0,2.04,2.0,2.04,10535000000.0,7703408750.0,10535000000.0,20532409122.0,15.0,10.881,135000000.0,0.571,1.0,3023000000.0,0.196,0.0,461000000.0,28946000000.0,19631709500.0,2059000000.0,0.0,0.0,0.0,18657000000.0,10812000000.0,7845000000.0,14238931122.0,210000000.0,-2399000000.0,-76000000.0,2953000000.0,-210000000.0,2657000000.0,-2979000000.0,-138000000.0,532000000.0,0.0,556000000.0,556000000.0,556000000.0,0.0,0.0,0.036,1755000000.0,1268000000.0,1864000000.0,0.392,1.352,25.61,29.534,2866000000.0,0.0,60.25,0.925,0.925,6116000000.0,,15387000000.0,15387000000.0,481000000.0,0.027,0.072,0.068,0.086,0.0,1274000000.0,1.0,236330807.0,236330807,,65.108,29192000000.0,1144000000.0,311000000.0,786000000.0,123.522,-1011000000.0
88,RTN,MRT,1997-12-31,1997-12-31,1997-12-31,2020-04-01,-23000000.0,28520000000.0,19859000000.0,9155000000.0,19365000000.0,0.684,43.947,-390000000.0,296000000.0,296000000.0,10929000000.0,511000000.0,0.819,1.746,10062000000.0,5656000000.0,4406000000.0,10062000000.0,0.0,457000000.0,0.0,0.02,1.0,1125000000.0,1582000000.0,0.116,1582000000.0,1125000000.0,766000000.0,2.14,2.11,2.14,10386000000.0,6249080500.0,10386000000.0,18228183754.0,16.0,11.522,654000000.0,2.767,1.0,2664000000.0,0.196,13836000000.0,359000000.0,13274000000.0,11753500000.0,2038000000.0,0.0,0.0,0.0,18134000000.0,11176000000.0,6958000000.0,11934705754.0,159000000.0,-2382000000.0,-50000000.0,2292000000.0,-189000000.0,2053000000.0,-2937000000.0,-81000000.0,1044000000.0,-1000000.0,511000000.0,511000000.0,511000000.0,0.0,0.0,0.038,1604000000.0,1060000000.0,1844000000.0,0.467,1.149,23.356,23.598,2891000000.0,0.0,50.5,0.878,0.878,5417000000.0,4255000000.0,13593000000.0,13593000000.0,415000000.0,0.026,0.082,0.096,0.083,0.0,1189000000.0,1.0,236330807.0,236330807,,57.517,14684000000.0,1265000000.0,255000000.0,786000000.0,62.133,-2021000000.0
89,RTN,MRT,1997-09-30,1997-09-28,1997-09-28,2020-04-01,0.0,15256152000.0,13520950000.0,6553969000.0,8702183000.0,0.96,21.213,-371196000.0,267684000.0,267684000.0,10143265000.0,777227000.0,1.226,2.042,6561162000.0,2174785000.0,4386377000.0,6561162000.0,0.0,422679000.0,0.0,0.013,0.8,1399474000.0,1822153000.0,0.14,1822153000.0,1399474000.0,1169158000.0,3.32,3.23,3.32,5015096000.0,4802080500.0,5015096000.0,17842941578.0,13.0,9.792,734951000.0,3.109,1.0,2835990000.0,0.219,0.0,230316000.0,16204509000.0,11815167000.0,1652815000.0,0.0,0.0,0.0,10241056000.0,5345121000.0,4895935000.0,14017117578.0,106780000.0,-2495161000.0,-4205000.0,2126726000.0,-189683000.0,1989846000.0,-2986876000.0,0.0,1106147000.0,-2337000.0,777227000.0,777227000.0,777227000.0,0.0,0.0,0.06,1376019000.0,1459971000.0,1265300000.0,0.241,2.795,18.035,17.864,2046958000.0,0.0,59.31,1.08,1.08,953652000.0,,12979255000.0,12979255000.0,359674000.0,0.057,0.162,0.118,0.108,0.0,1050345000.0,1.0,236336496.0,236411000,,54.901,15256152000.0,227554000.0,391931000.0,85765000.0,64.532,1208848000.0
90,RTN,MRT,1997-06-30,1997-06-29,1997-06-29,2020-04-01,,,,6177470000.0,,,20.642,-387147000.0,181274000.0,181274000.0,9935352000.0,754117000.0,1.203,,4007098000.0,2510464000.0,1496634000.0,4007098000.0,,386400000.0,,0.016,0.8,1255218000.0,1641618000.0,0.131,1641618000.0,1255218000.0,1073075000.0,3.22,3.15,3.22,4877539000.0,4660398250.0,4877539000.0,15908890847.0,13.0,9.691,377654000.0,1.598,1.0,2631263000.0,0.209,,182143000.0,,,1708915000.0,,0.0,0.0,,5136144000.0,,12140421847.0,-31182000.0,-5161000.0,-12652000.0,-106980000.0,-189864000.0,-298349000.0,-496647000.0,0.0,764801000.0,-987000.0,754117000.0,754117000.0,754117000.0,0.0,0.0,0.06,1351239000.0,1280024000.0,1258074000.0,0.248,2.489,16.099,15.957,1922996000.0,0.0,51.38,0.966,0.966,811907000.0,,12566615000.0,12566615000.0,315536000.0,,0.162,,0.1,0.0,1035703000.0,1.0,236286918.0,236293000,,53.182,,212998000.0,318958000.0,85765000.0,,1041326000.0
91,RTN,MRT,1997-03-31,1997-03-30,1997-03-30,2020-04-01,0.0,11496419000.0,11525272500.0,5926068000.0,5570351000.0,1.073,19.967,-394020000.0,133543000.0,133543000.0,9800711000.0,753514000.0,1.198,1.437,3902012000.0,2403482000.0,1498530000.0,3902012000.0,0.0,375749000.0,0.0,0.018,0.8,1241769000.0,1617518000.0,0.131,1617518000.0,1241769000.0,1072932000.0,3.21,3.15,3.21,4717687000.0,4525400250.0,4717687000.0,14280864269.0,12.0,8.829,142240000.0,0.602,1.0,2567683000.0,0.208,0.0,168837000.0,10317419000.0,8726080750.0,1708748000.0,0.0,0.0,0.0,6778732000.0,4947469000.0,1831263000.0,10692274269.0,-59881000.0,-523000000.0,-166979000.0,695231000.0,-189141000.0,350535000.0,-946010000.0,0.0,536260000.0,-666000.0,753514000.0,753514000.0,753514000.0,0.0,0.0,0.061,1330810000.0,1236873000.0,1165050000.0,0.249,2.266,14.19,14.097,1853278000.0,0.0,45.25,0.864,0.864,843926000.0,,12368394000.0,12368394000.0,314538000.0,0.065,0.167,0.142,0.1,0.0,1016272000.0,1.0,236293354.0,236277000,,52.347,11496419000.0,178811000.0,319418000.0,85765000.0,48.657,978599000.0
92,RTN,MRT,1996-12-31,1996-12-31,1996-12-31,2020-04-01,0.0,11198000000.0,11215639500.0,5528000000.0,5670000000.0,1.093,19.48,-390000000.0,0.0,0.0,9721000000.0,757000000.0,1.178,1.435,3727000000.0,2227000000.0,1500000000.0,3727000000.0,0.0,369000000.0,0.0,0.016,0.788,1231000000.0,1600000000.0,0.131,1600000000.0,1231000000.0,1077000000.0,3.2,3.15,3.2,4598000000.0,4432666750.0,4598000000.0,15631208643.0,13.0,9.77,-99000000.0,-0.419,1.0,2536000000.0,0.207,0.0,154000000.0,10233000000.0,8449366750.0,1591000000.0,0.0,0.0,0.0,6600000000.0,4692000000.0,1908000000.0,11358037643.0,-72000000.0,-517000000.0,-249000000.0,1011000000.0,-190000000.0,575000000.0,-938000000.0,0.0,291000000.0,0.0,757000000.0,757000000.0,757000000.0,0.0,0.0,0.062,1344000000.0,1192000000.0,1126000000.0,0.246,2.47,15.004,15.037,1802000000.0,0.0,48.12,0.927,0.927,0.0,4066000000.0,12257000000.0,12257000000.0,323000000.0,0.067,0.171,0.146,0.1,0.0,1021000000.0,1.0,236035695.0,236035695,,51.929,11198000000.0,318000000.0,320000000.0,158000000.0,47.442,836000000.0
93,RTN,MRT,1996-09-30,1996-09-29,1996-09-29,2020-04-01,0.0,11785748000.0,10876375500.0,6278335000.0,5507413000.0,1.14,18.854,-326037000.0,161437000.0,161437000.0,9797181000.0,805612000.0,1.143,1.649,4434608000.0,2941403000.0,1493205000.0,4434608000.0,0.0,348437000.0,0.0,0.014,0.776,1386528000.0,1734965000.0,0.14,1734965000.0,1386528000.0,1144208000.0,3.39,3.36,3.39,4448367000.0,4356157750.0,4448367000.0,16693883377.0,12.0,9.622,-149497000.0,-0.634,1.0,2597658000.0,0.21,3138693000.0,242320000.0,7425825000.0,8052119500.0,1765654000.0,0.0,0.0,0.0,7337381000.0,5494401000.0,1842980000.0,12791859377.0,-45628000.0,-58317000.0,-342234000.0,878299000.0,-186954000.0,353204000.0,-575057000.0,0.0,176540000.0,-315000.0,805612000.0,805612000.0,805612000.0,0.0,0.0,0.065,1544010000.0,1053648000.0,1077400000.0,0.229,2.876,15.878,15.965,1753691000.0,0.0,54.12,1.032,1.03,977501000.0,,12394839000.0,12394839000.0,325830000.0,0.074,0.185,0.172,0.112,0.0,1059180000.0,1.0,236361038.0,235932000,,52.536,8647055000.0,298909000.0,338596000.0,96006000.0,36.651,783934000.0
94,RTN,MRT,1996-06-30,1996-06-30,1996-06-30,2020-04-01,0.0,11620923000.0,10495938750.0,6147470000.0,5473453000.0,1.192,18.265,-336645000.0,212290000.0,212290000.0,9793806000.0,818453000.0,1.133,1.679,4114314000.0,2618243000.0,1496071000.0,4114314000.0,0.0,381981000.0,0.0,0.015,0.763,1462648000.0,1844629000.0,0.147,1844629000.0,1462648000.0,1223802000.0,3.41,3.38,3.41,4337547000.0,4291962000.0,4337547000.0,15364656920.0,11.0,8.329,280317000.0,1.18,1.0,2721391000.0,0.217,3167820000.0,238846000.0,6928079000.0,8529435000.0,1713488000.0,0.0,0.0,0.0,7283376000.0,5427048000.0,1856328000.0,12353491920.0,-31453000.0,-101346000.0,-384911000.0,508757000.0,-185266000.0,-58774000.0,-587776000.0,0.0,616962000.0,-1865000.0,818453000.0,818453000.0,818453000.0,0.0,0.0,0.065,1552466000.0,1168925000.0,1300928000.0,0.224,2.848,15.094,15.138,1712685000.0,0.0,51.62,0.987,0.979,1170523000.0,,12515197000.0,12515197000.0,328587000.0,0.078,0.191,0.171,0.117,0.0,1098879000.0,1.0,239316000.0,237474000,,52.701,8453103000.0,228049000.0,405349000.0,96006000.0,35.596,720422000.0
95,RTN,MRT,1996-03-31,1996-03-31,1996-03-31,2020-04-01,0.0,10257887000.0,10126363250.0,5509945000.0,4747942000.0,1.205,18.104,-315557000.0,182732000.0,182732000.0,9474734000.0,804550000.0,1.358,1.36,3193897000.0,1706808000.0,1487089000.0,3193897000.0,0.0,383735000.0,0.0,0.015,0.75,1435739000.0,1819474000.0,0.149,1819474000.0,1435739000.0,1207254000.0,3.33,3.3,3.33,4346753000.0,4236986000.0,4346753000.0,14800738031.0,10.0,8.135,746471000.0,3.109,1.0,2729756000.0,0.224,0.0,228485000.0,9210563000.0,8845448500.0,1623756000.0,0.0,0.0,0.0,5911134000.0,4058489000.0,1852645000.0,12307248031.0,-11134000.0,-1773948000.0,-324632000.0,1722109000.0,-183644000.0,1210109000.0,-2282974000.0,0.0,1062028000.0,-297000.0,804550000.0,804550000.0,804550000.0,0.0,0.0,0.066,1573780000.0,1155976000.0,950746000.0,0.225,2.831,15.297,15.39,1601853000.0,0.0,51.25,1.008,1.008,902717000.0,,12204490000.0,12204490000.0,328397000.0,0.079,0.19,0.162,0.118,0.0,1120383000.0,1.0,240141425.0,240093000,,50.832,10257887000.0,155168000.0,402704000.0,100797000.0,42.725,1451456000.0
96,RTN,MRT,1995-12-31,1995-12-31,1995-12-31,2020-04-01,0.0,9840944000.0,9480405250.0,5275218000.0,4565726000.0,1.245,17.708,-267000000.0,210284000.0,210284000.0,9159000000.0,792000000.0,1.429,1.293,2703774000.0,1216039000.0,1487735000.0,2703774000.0,0.0,371000000.0,0.0,0.016,0.75,1388000000.0,1759000000.0,0.149,1759000000.0,1388000000.0,1191000000.0,3.26,3.23,3.26,4291964000.0,4163937750.0,4291964000.0,14788794000.0,11.0,8.408,908000000.0,3.746,1.0,2645000000.0,0.224,0.0,197000000.0,8644011000.0,7911252000.0,1502983000.0,0.0,0.0,0.0,5548980000.0,3690423000.0,1858557000.0,11452077000.0,8000000.0,-1882000000.0,-261000000.0,1603000000.0,-182000000.0,1155000000.0,-2323000000.0,0.0,1175000000.0,1000000.0,792000000.0,792000000.0,792000000.0,0.0,0.0,0.067,1527000000.0,1118000000.0,1041848000.0,0.23,2.668,14.46,14.494,1584035000.0,0.0,47.25,0.97,0.97,926800000.0,3787495000.0,11804000000.0,11804000000.0,316000000.0,0.084,0.19,0.175,0.118,0.0,1086000000.0,1.0,242372000.0,242372000,,48.702,9840944000.0,196711000.0,399000000.0,100797000.0,40.603,1584795000.0
97,RTN,MRT,1995-09-30,1995-10-01,1995-10-01,2020-04-01,0.0,10264001000.0,8869017750.0,5558765000.0,4705236000.0,1.259,17.237,-541539000.0,207251000.0,207251000.0,8515101000.0,775898000.0,1.303,1.449,3543968000.0,2063589000.0,1480379000.0,3543968000.0,0.0,394799000.0,0.0,0.018,0.75,1338715000.0,1733514000.0,0.155,1733514000.0,1338715000.0,1183160000.0,3.13,3.11,3.13,4191584000.0,4072988750.0,4191584000.0,13716127305.0,10.0,7.912,201707000.0,0.829,1.0,2654370000.0,0.238,0.0,155555000.0,9335087000.0,6992187000.0,1760858000.0,0.0,0.0,0.0,6072417000.0,4265631000.0,1806786000.0,10365999305.0,-43003000.0,-2492731000.0,-699150000.0,2858362000.0,-183632000.0,1969863000.0,-2753038000.0,85113000.0,743246000.0,-3074000.0,775898000.0,775898000.0,775898000.0,0.0,0.0,0.069,1367560000.0,1286810000.0,860851000.0,0.24,2.473,13.36,13.578,1661386000.0,0.0,42.5,0.928,0.925,1212363000.0,,11169471000.0,11169471000.0,312664000.0,0.087,0.19,0.191,0.12,0.0,1054896000.0,1.0,243905866.0,243174000,,45.932,10264001000.0,110264000.0,407262000.0,0.0,42.208,1293134000.0
98,RTN,MRT,1995-06-30,1995-07-02,1995-07-02,2020-04-01,0.0,10142621000.0,8105711000.0,5612669000.0,4529952000.0,1.29,16.816,-272181000.0,243088000.0,243088000.0,7966448000.0,767111000.0,1.059,1.463,3593216000.0,3198075000.0,395141000.0,3593216000.0,0.0,334411000.0,0.0,0.019,0.75,1263236000.0,1597647000.0,0.153,1597647000.0,1263236000.0,1165093000.0,3.04,3.02,3.04,4117643000.0,4100003250.0,4117643000.0,10789671800.0,9.0,6.753,653617000.0,2.669,1.0,2492938000.0,0.238,0.0,98143000.0,8192133000.0,5688459500.0,1841894000.0,0.0,0.0,0.0,6024978000.0,5300616000.0,724362000.0,9554245800.0,54056000.0,-2449702000.0,-729483000.0,2706344000.0,-187275000.0,1785558000.0,-2661872000.0,85113000.0,925798000.0,4572000.0,767111000.0,767111000.0,767111000.0,0.0,0.0,0.073,1287322000.0,1205616000.0,783939000.0,0.247,2.32,12.455,12.766,1655266000.0,0.0,38.81,0.913,0.909,1142270000.0,,10459386000.0,10459386000.0,301283000.0,0.095,0.187,0.222,0.121,0.0,986039000.0,1.0,246180000.0,244870000,,42.714,10142621000.0,166096000.0,397982000.0,0.0,41.42,312053000.0
99,RTN,MRT,1995-03-31,1995-04-02,1995-04-02,2020-04-01,0.0,7674055000.0,7361625750.0,5208194000.0,2465861000.0,1.382,16.459,-254437000.0,193467000.0,193467000.0,7798887000.0,763846000.0,1.516,0.893,1428893000.0,1404741000.0,24152000.0,1428893000.0,0.0,309526000.0,0.0,0.02,0.738,1219481000.0,1529007000.0,0.15,1529007000.0,1219481000.0,1158807000.0,2.955,2.935,2.955,4054560000.0,4133053750.0,4054560000.0,9362155000.0,8.0,6.123,602563000.0,2.446,1.0,2371420000.0,0.233,0.0,60674000.0,5473777000.0,4673399500.0,1722510000.0,0.0,0.0,0.0,3619495000.0,3435704000.0,183791000.0,9589186000.0,46322000.0,-259261000.0,-757893000.0,592409000.0,-191675000.0,-359173000.0,-453001000.0,85113000.0,857000000.0,1496000.0,763846000.0,763846000.0,763846000.0,0.0,0.0,0.075,1212349000.0,1159071000.0,788570000.0,0.25,2.365,12.554,12.332,1362494000.0,0.0,36.44,0.943,0.883,960011000.0,,10170307000.0,10170307000.0,283292000.0,0.104,0.185,0.261,0.12,0.0,929057000.0,1.0,263150000.0,246342000,,41.285,7674055000.0,95865000.0,394961000.0,134571000.0,31.152,1772490000.0
100,RTN,MRT,1994-12-31,1994-12-31,1994-12-31,2020-04-01,0.0,7395394000.0,7259006250.0,4985491000.0,2409903000.0,1.391,14.927,-267100000.0,202181000.0,202181000.0,7769882000.0,596876000.0,1.519,0.883,1057603000.0,1033081000.0,24522000.0,1057603000.0,0.0,304166000.0,0.0,0.023,0.725,948443000.0,1252609000.0,0.124,1252609000.0,948443000.0,899939000.0,2.26,2.24,2.26,3928168000.0,4177742750.0,3928168000.0,8177980000.0,9.0,6.529,890759000.0,3.385,1.0,2327780000.0,0.231,0.0,48504000.0,4967751000.0,4344307500.0,1499458000.0,0.0,0.0,0.0,3467226000.0,3283065000.0,184161000.0,8405011000.0,10817000.0,-151209000.0,-766524000.0,158983000.0,-192681000.0,-804344000.0,-342962000.0,85113000.0,1157859000.0,264000.0,596876000.0,596876000.0,596876000.0,0.0,0.0,0.059,1431677000.0,896103000.0,894911000.0,0.321,2.14,14.082,14.133,1360780000.0,0.0,31.94,0.832,0.832,976278000.0,3481519000.0,10097662000.0,10097662000.0,269613000.0,0.082,0.143,0.218,0.094,0.0,912313000.0,1.0,263150000.0,263150000,,38.372,7395394000.0,165615000.0,303063000.0,134571000.0,28.103,1702426000.0
101,RTN,MRT,1994-09-30,1994-10-02,1994-10-02,2020-04-01,0.0,7210774000.0,7224585750.0,4977389000.0,2233385000.0,1.357,16.239,350657000.0,248901000.0,248901000.0,7600080000.0,576540000.0,1.738,0.677,21870000.0,0.0,21870000.0,21870000.0,0.0,292882000.0,0.0,0.022,0.712,906957000.0,1199839000.0,0.122,1199839000.0,906957000.0,864318000.0,2.16,2.13,2.16,4299642000.0,4270165750.0,4299642000.0,8367209080.0,9.0,6.974,1780994000.0,6.727,1.0,2200655000.0,0.225,0.0,42639000.0,4120177000.0,4147889000.0,1627042000.0,0.0,0.0,0.0,2911132000.0,2863566000.0,47566000.0,8533346080.0,165033000.0,-566400000.0,-273733000.0,-348759000.0,-193752000.0,-826435000.0,-443042000.0,0.0,1430337000.0,4173000.0,576540000.0,576540000.0,576540000.0,0.0,0.0,0.059,1398882000.0,801773000.0,1307233000.0,0.33,1.985,14.801,14.843,1379817000.0,0.0,32.06,0.871,0.866,837972000.0,,9800735000.0,9800735000.0,261501000.0,0.08,0.135,0.219,0.093,0.0,887630000.0,1.0,266168000.0,264768000,,37.016,7210774000.0,0.0,287778000.0,90233000.0,27.234,2113823000.0
102,RTN,MRT,1994-06-30,1994-07-03,1994-07-03,2020-04-01,0.0,7166280000.0,,4845021000.0,2321259000.0,,15.854,-231250000.0,188626000.0,188626000.0,7445883000.0,555391000.0,1.689,0.686,22489000.0,0.0,22489000.0,22489000.0,0.0,291869000.0,0.0,0.016,0.525,882940000.0,1174809000.0,0.123,1174809000.0,882940000.0,841440000.0,2.06,2.03,2.06,4249845000.0,,4249845000.0,8711517000.0,10.0,7.415,972075000.0,3.626,1.0,2134951000.0,0.223,0.0,41500000.0,4131893000.0,,1535856000.0,0.0,0.0,0.0,2916435000.0,2868250000.0,48185000.0,8835688000.0,56753000.0,-566400000.0,-170155000.0,40791000.0,-192134000.0,-331649000.0,-812520000.0,0.0,1203325000.0,-2403000.0,555391000.0,555391000.0,555391000.0,0.0,0.0,0.058,1383309000.0,751642000.0,1511890000.0,0.255,2.079,15.909,15.898,1400636000.0,0.0,32.75,0.922,0.916,897145000.0,,9580834000.0,9580834000.0,257937000.0,,,,0.092,0.0,875621000.0,1.0,269792000.0,268054000,,35.742,7166280000.0,0.0,286049000.0,53290000.0,26.734,1976771000.0
103,RTN,MRT,1994-03-31,1994-04-03,1994-04-03,2020-04-01,0.0,7263577000.0,,4625910000.0,2637667000.0,,15.663,-170209000.0,146739000.0,146739000.0,7246293000.0,542442000.0,1.551,0.716,22568000.0,0.0,22568000.0,22568000.0,0.0,297624000.0,0.0,0.016,0.525,854339000.0,1151963000.0,0.124,1151963000.0,854339000.0,819017000.0,2.005,1.975,2.005,4233316000.0,,4233316000.0,,,,760401000.0,2.813,1.0,2065863000.0,0.222,0.0,35322000.0,4157409000.0,,1580553000.0,0.0,0.0,0.0,3030261000.0,2981997000.0,48264000.0,8728526532.0,28180000.0,-566400000.0,-94094000.0,34163000.0,-142079000.0,-236372000.0,-737830000.0,0.0,930610000.0,-68000.0,542442000.0,542442000.0,542442000.0,0.0,0.0,0.058,1364524000.0,701339000.0,1504404000.0,0.262,2.062,16.091,16.115,1404678000.0,0.0,32.31,0.937,0.938,672228000.0,,9312156000.0,9312156000.0,262827000.0,,,,0.092,0.0,851946000.0,1.0,270149382.0,270282000,,34.453,7263577000.0,0.0,276575000.0,96387000.0,26.874,1643913000.0
104,RTN,MRT,1993-12-31,1993-12-31,1993-12-31,2020-04-01,0.0,7257712000.0,,4609243000.0,2648469000.0,,15.909,-219615000.0,190231000.0,190231000.0,7174279000.0,692991000.0,1.584,0.689,24376000.0,0.0,24376000.0,24376000.0,0.0,296415000.0,0.0,0.016,0.525,1079214000.0,1375629000.0,0.15,1375629000.0,1079214000.0,1047347000.0,2.56,2.53,2.56,4297860000.0,,4297860000.0,,,,730442000.0,2.704,1.0,2026918000.0,0.22,0.0,31867000.0,4182077000.0,,1500393000.0,0.0,0.0,0.0,2959852000.0,2909780000.0,50072000.0,8914929606.0,101391000.0,-566400000.0,-45432000.0,165513000.0,-189827000.0,-76915000.0,-772094000.0,0.0,950057000.0,343000.0,692991000.0,692991000.0,692991000.0,0.0,0.0,0.075,1106999000.0,919919000.0,1688363000.0,0.205,2.074,12.864,12.891,1422086000.0,0.0,33.0,0.969,0.969,727713000.0,,9201197000.0,9201197000.0,279448000.0,,,,0.117,0.0,827551000.0,1.0,270149382.0,270149382,,34.06,7257712000.0,0.0,354356000.0,113472000.0,26.866,1699463000.0
105,RTN,MRT,1993-09-30,1993-10-03,1993-10-03,2020-04-01,,,,,,,,,,,,,,,,,,,,,,0.017,0.525,,,,,,,,,,,,,,,,,,1.0,,,,,,,,,,,,,,,,,,,,,,,,,,,,,,,,,,,,,,,,31.81,,,,,,,,,,,,,,1.0,,271322000,,,,,,,,
106,RTN,MRT,1993-06-30,1993-07-04,1993-07-04,2020-04-01,,,,,,,,,,,,,,,,,,,,,,0.022,0.687,,,,,,,,,,,,,,,,,,1.0,,,,,,,,,,,,,,,,,,,,,,,,,,,,,,,,,,,,,,,,30.625,,,,,,,,,,,,,,1.0,,271134000,,,,,,,,
107,RTN,MRT,1993-03-31,1993-04-04,1993-04-04,2020-04-01,,,,,,,,,,,,,,,,,,,,,,0.029,0.837,,,,,,,,,,,,,,,,,,1.0,,,,,,,,,,,,,,,,,,,,,,,,,,,,,,,,,,,,,,,,28.375,,,,,,,,,,,,,,1.0,,271580000,,,,,,,,
