None,ticker,dimension,calendardate,datekey,reportperiod,lastupdated,accoci,assets,assetsavg,assetsc,assetsnc,assetturnover,bvps,capex,cashneq,cashnequsd,cor,consolinc,currentratio,de,debt,debtc,debtnc,debtusd,deferredrev,depamor,deposits,divyield,dps,ebit,ebitda,ebitdamargin,ebitdausd,ebitusd,ebt,eps,epsdil,epsusd,equity,equityavg,equityusd,ev,evebit,evebitda,fcf,fcfps,fxusd,gp,grossmargin,intangibles,intexp,invcap,invcapavg,inventory,investments,investmentsc,investmentsnc,liabilities,liabilitiesc,liabilitiesnc,marketcap,ncf,ncfbus,ncfcommon,ncfdebt,ncfdiv,ncff,ncfi,ncfinv,ncfo,ncfx,netinc,netinccmn,netinccmnusd,netincdis,netincnci,netmargin,opex,opinc,payables,payoutratio,pb,pe,pe1,ppnenet,prefdivis,price,ps,ps1,receivables,retearn,revenue,revenueusd,rnd,roa,roe,roic,ros,sbcomp,sgna,sharefactor,sharesbas,shareswa,shareswadil,sps,tangibles,taxassets,taxexp,taxliabilities,tbvps,workingcapital
0,ALL,MRY,2020-12-31,2020-12-31,2020-12-31,2021-08-04,3304000000.0,125987000000.0,121527500000.0,,,0.369,96.974,-308000000.0,311000000.0,311000000.0,24882000000.0,5576000000.0,,3.169,7825000000.0,,,7825000000.0,15946000000.0,686000000.0,1885000000.0,0.02,2.16,7277000000.0,7963000000.0,0.178,7963000000.0,7277000000.0,6959000000.0,17.53,17.31,17.53,30217000000.0,27159750000.0,30217000000.0,39691198098.0,5.0,4.984,5183000000.0,16.634,1.0,19909000000.0,0.444,2369000000.0,318000000.0,131132000000.0,125567500000.0,0.0,59540000000.0,,,95770000000.0,,,33426198098.0,39000000.0,1000000.0,-1674000000.0,1189000000.0,-668000000.0,-2011000000.0,-3441000000.0,-3134000000.0,5491000000.0,0.0,5576000000.0,5461000000.0,5461000000.0,0.0,0.0,0.122,6904000000.0,13005000000.0,0.0,0.123,1.106,6.121,6.271,1057000000.0,115000000.0,109.93,0.746,0.765,13678000000.0,52767000000.0,44791000000.0,44791000000.0,0.0,0.045,0.201,0.058,0.162,0.0,5630000000.0,1.0,304068026.0,311600000,315500000.0,143.745,123618000000.0,0.0,1383000000.0,382000000.0,396.72,
1,ALL,MRY,2019-12-31,2019-12-31,2019-12-31,2021-08-04,1950000000.0,119950000000.0,118807750000.0,,,0.376,79.214,-433000000.0,338000000.0,338000000.0,26655000000.0,4847000000.0,,3.614,6631000000.0,,,6631000000.0,15343000000.0,647000000.0,17692000000.0,0.018,2.0,6416000000.0,7063000000.0,0.158,7063000000.0,6416000000.0,6089000000.0,14.25,14.03,14.25,25998000000.0,25008000000.0,25998000000.0,42471865244.0,7.0,6.013,4696000000.0,14.308,1.0,18020000000.0,0.403,2545000000.0,327000000.0,123698000000.0,122328500000.0,0.0,88362000000.0,,,93952000000.0,,,36428865244.0,-161000000.0,-18000000.0,-1615000000.0,174000000.0,-653000000.0,-2483000000.0,-2807000000.0,-2356000000.0,5129000000.0,0.0,4847000000.0,4678000000.0,4678000000.0,0.0,0.0,0.105,5920000000.0,12100000000.0,0.0,0.14,1.401,7.787,7.891,1145000000.0,169000000.0,112.45,0.815,0.826,15683000000.0,48074000000.0,44675000000.0,44675000000.0,0.0,0.039,0.187,0.052,0.144,0.0,5533000000.0,1.0,323956116.0,328200000,333500000.0,136.121,117405000000.0,0.0,1242000000.0,1154000000.0,357.724,
2,ALL,MRY,2018-12-31,2018-12-31,2018-12-31,2021-08-04,118000000.0,112249000000.0,113349250000.0,,,0.351,61.277,-277000000.0,499000000.0,499000000.0,25405000000.0,2160000000.0,,4.267,6451000000.0,,,6451000000.0,14510000000.0,511000000.0,18371000000.0,0.022,1.84,2960000000.0,3471000000.0,0.087,3471000000.0,2960000000.0,2628000000.0,5.78,5.7,5.78,21312000000.0,22836000000.0,21312000000.0,34451264770.0,12.0,9.925,4898000000.0,14.083,1.0,14410000000.0,0.362,2530000000.0,332000000.0,115671000000.0,117149500000.0,0.0,81260000000.0,,,90937000000.0,,,28461264770.0,-118000000.0,-558000000.0,-2230000000.0,98000000.0,-614000000.0,-3574000000.0,-1719000000.0,-884000000.0,5175000000.0,0.0,2160000000.0,2012000000.0,2012000000.0,0.0,0.0,0.051,5862000000.0,8548000000.0,0.0,0.318,1.335,14.146,14.296,1045000000.0,148000000.0,82.63,0.715,0.722,15719000000.0,44033000000.0,39815000000.0,39815000000.0,0.0,0.018,0.088,0.025,0.074,0.0,5222000000.0,1.0,344442270.0,347800000,353200000.0,114.477,109719000000.0,0.0,468000000.0,425000000.0,315.466,
3,ALL,MRY,2017-12-31,2017-12-31,2017-12-31,2021-08-04,306000000.0,112422000000.0,111790500000.0,,,0.353,62.296,-299000000.0,617000000.0,617000000.0,24460000000.0,3554000000.0,,3.985,6350000000.0,,,6350000000.0,13473000000.0,483000000.0,19434000000.0,0.014,1.48,4884000000.0,5367000000.0,0.136,5367000000.0,4884000000.0,4549000000.0,9.5,9.35,9.5,22551000000.0,21832250000.0,22551000000.0,43231664282.0,9.0,8.055,4015000000.0,11.091,1.0,14947000000.0,0.379,2181000000.0,335000000.0,115974000000.0,115307500000.0,0.0,82803000000.0,,,89871000000.0,,,37572664282.0,181000000.0,-1356000000.0,-1360000000.0,0.0,-525000000.0,-2923000000.0,-1210000000.0,445000000.0,4314000000.0,0.0,3554000000.0,3438000000.0,3438000000.0,0.0,0.0,0.087,4887000000.0,10060000000.0,0.0,0.156,1.666,10.929,11.022,1072000000.0,116000000.0,104.71,0.953,0.962,14707000000.0,43162000000.0,39407000000.0,39407000000.0,0.0,0.031,0.157,0.042,0.124,0.0,4784000000.0,1.0,358825941.0,362000000,367800000.0,108.859,110241000000.0,0.0,995000000.0,782000000.0,304.533,
4,ALL,MRY,2016-12-31,2016-12-31,2016-12-31,2021-08-04,-416000000.0,108610000000.0,107594500000.0,,,0.348,55.185,-313000000.0,436000000.0,436000000.0,24804000000.0,1877000000.0,,4.279,6347000000.0,,,6347000000.0,12583000000.0,382000000.0,20260000000.0,0.018,1.32,3049000000.0,3431000000.0,0.092,3431000000.0,3049000000.0,2754000000.0,4.72,4.67,4.72,20573000000.0,20600000000.0,20573000000.0,32015456151.0,11.0,9.331,3680000000.0,9.871,1.0,12595000000.0,0.337,1219000000.0,295000000.0,113302000000.0,111343500000.0,0.0,81799000000.0,,,88037000000.0,,,27294456151.0,-59000000.0,0.0,-1173000000.0,1219000000.0,-486000000.0,-1526000000.0,-2526000000.0,-2213000000.0,3993000000.0,0.0,1877000000.0,1761000000.0,1761000000.0,0.0,0.0,0.047,4612000000.0,7983000000.0,0.0,0.28,1.327,15.499,15.703,1065000000.0,116000000.0,74.12,0.73,0.739,14342000000.0,40678000000.0,37399000000.0,37399000000.0,0.0,0.016,0.085,0.027,0.082,0.0,4550000000.0,1.0,368246845.0,372800000,377300000.0,100.319,107391000000.0,0.0,877000000.0,487000000.0,288.066,
5,ALL,MRY,2015-12-31,2015-12-31,2015-12-31,2021-08-04,-755000000.0,104656000000.0,106421500000.0,,,0.335,49.925,-303000000.0,495000000.0,495000000.0,23598000000.0,2171000000.0,,4.226,5124000000.0,,,5124000000.0,12202000000.0,371000000.0,21295000000.0,0.019,1.2,3574000000.0,3945000000.0,0.111,3945000000.0,3574000000.0,3282000000.0,5.12,5.05,5.12,20025000000.0,21001500000.0,20025000000.0,28317840468.0,8.0,7.178,3313000000.0,8.26,1.0,12055000000.0,0.338,1219000000.0,292000000.0,108066000000.0,109592000000.0,0.0,77758000000.0,,,84631000000.0,,,24047840468.0,-162000000.0,0.0,-2678000000.0,-20000000.0,-483000000.0,-4520000000.0,742000000.0,1045000000.0,3616000000.0,0.0,2171000000.0,2055000000.0,2055000000.0,0.0,0.0,0.058,4403000000.0,7652000000.0,0.0,0.234,1.201,11.702,12.127,1024000000.0,116000000.0,62.09,0.674,0.699,14062000000.0,39413000000.0,35653000000.0,35653000000.0,0.0,0.019,0.098,0.033,0.1,0.0,4364000000.0,1.0,387306176.0,401100000,406800000.0,88.888,103437000000.0,0.0,1111000000.0,90000000.0,257.883,
6,ALL,MRY,2014-12-31,2014-12-31,2014-12-31,2021-08-04,561000000.0,108479000000.0,112828250000.0,,,0.312,51.701,-288000000.0,657000000.0,657000000.0,22112000000.0,2850000000.0,,3.864,5140000000.0,,,5140000000.0,11655000000.0,366000000.0,22529000000.0,0.016,1.12,4558000000.0,4924000000.0,0.14,4924000000.0,4558000000.0,4236000000.0,6.37,6.27,6.37,22304000000.0,22402500000.0,22304000000.0,33775188201.0,7.0,6.859,2948000000.0,6.834,1.0,13127000000.0,0.373,1219000000.0,322000000.0,111743000000.0,116298250000.0,0.0,81113000000.0,,,86175000000.0,,,29465188201.0,-18000000.0,378000000.0,-2035000000.0,-1006000000.0,-477000000.0,-4875000000.0,1621000000.0,1531000000.0,3236000000.0,0.0,2850000000.0,2746000000.0,2746000000.0,0.0,0.0,0.078,4153000000.0,8974000000.0,0.0,0.176,1.321,10.73,11.028,1031000000.0,104000000.0,70.25,0.836,0.86,13955000000.0,37842000000.0,35239000000.0,35239000000.0,0.0,0.024,0.123,0.039,0.129,0.0,4135000000.0,1.0,419433284.0,431400000,438200000.0,81.685,107260000000.0,0.0,1386000000.0,715000000.0,248.632,
7,ALL,MRY,2013-12-31,2013-12-31,2013-12-31,2021-08-04,1046000000.0,123520000000.0,123474250000.0,,,0.279,46.253,-207000000.0,675000000.0,675000000.0,21106000000.0,2280000000.0,,4.75,6201000000.0,,,6201000000.0,10932000000.0,368000000.0,24304000000.0,0.018,1.0,3763000000.0,4131000000.0,0.12,4131000000.0,3763000000.0,3396000000.0,4.87,4.81,4.87,21480000000.0,20687000000.0,21480000000.0,29955434572.0,8.0,7.251,4035000000.0,8.689,1.0,13401000000.0,0.388,1243000000.0,367000000.0,127803000000.0,127671000000.0,0.0,81155000000.0,,,102040000000.0,,,24807434572.0,-131000000.0,-24000000.0,-1664000000.0,-356000000.0,-352000000.0,-5953000000.0,1580000000.0,1811000000.0,4242000000.0,0.0,2280000000.0,2263000000.0,2263000000.0,0.0,0.0,0.066,4072000000.0,9329000000.0,0.0,0.205,1.155,10.962,11.199,1024000000.0,17000000.0,54.54,0.719,0.734,12858000000.0,35580000000.0,34507000000.0,34507000000.0,0.0,0.018,0.109,0.029,0.109,0.0,4002000000.0,1.0,454848452.0,464400000,470300000.0,74.304,122277000000.0,0.0,1116000000.0,635000000.0,263.301,
8,ALL,MRY,2012-12-31,2012-12-31,2012-12-31,2021-08-04,1175000000.0,126947000000.0,126350750000.0,,,0.264,42.051,-285000000.0,806000000.0,806000000.0,21618000000.0,2306000000.0,,5.168,6057000000.0,,,6057000000.0,10375000000.0,388000000.0,39319000000.0,0.022,0.88,3679000000.0,4067000000.0,0.122,4067000000.0,3679000000.0,3306000000.0,4.71,4.68,4.71,20580000000.0,20018500000.0,20580000000.0,24817110000.0,7.0,6.102,2769000000.0,5.658,1.0,11697000000.0,0.351,1240000000.0,373000000.0,130958000000.0,130517750000.0,0.0,97278000000.0,,,106367000000.0,,,19402110000.0,30000000.0,13000000.0,-828000000.0,141000000.0,-534000000.0,-4605000000.0,1581000000.0,1853000000.0,3054000000.0,0.0,2306000000.0,2306000000.0,2306000000.0,0.0,0.0,0.069,3918000000.0,7779000000.0,0.0,0.187,0.943,8.414,8.529,989000000.0,0.0,40.17,0.582,0.59,13818000000.0,33783000000.0,33315000000.0,33315000000.0,0.0,0.018,0.115,0.028,0.11,0.0,3884000000.0,1.0,483000000.0,489400000,493000000.0,68.073,125707000000.0,0.0,1000000000.0,597000000.0,256.859,
9,ALL,MRY,2011-12-31,2011-12-31,2011-12-31,2021-08-04,29000000.0,125193000000.0,127900000000.0,,,0.255,35.141,-246000000.0,776000000.0,776000000.0,23567000000.0,787000000.0,,5.84,5908000000.0,,,5908000000.0,10057000000.0,252000000.0,42332000000.0,0.031,0.84,1326000000.0,1578000000.0,0.048,1578000000.0,1326000000.0,959000000.0,1.51,1.5,1.51,18298000000.0,18618500000.0,18298000000.0,18732701774.0,14.0,11.871,1683000000.0,3.232,1.0,9087000000.0,0.278,1242000000.0,367000000.0,129083000000.0,132057500000.0,0.0,95618000000.0,,,106867000000.0,,,13851701774.0,214000000.0,-916000000.0,-934000000.0,0.0,-435000000.0,-7876000000.0,6161000000.0,7323000000.0,1929000000.0,0.0,787000000.0,787000000.0,787000000.0,0.0,0.0,0.024,4015000000.0,5072000000.0,0.0,0.556,0.757,17.601,18.152,914000000.0,0.0,27.41,0.424,0.437,12171000000.0,31909000000.0,32654000000.0,32654000000.0,0.0,0.006,0.042,0.01,0.041,0.0,3971000000.0,1.0,505352126.0,520700000,523100000.0,62.712,123951000000.0,722000000.0,172000000.0,0.0,238.047,
10,ALL,MRY,2010-12-31,2010-12-31,2010-12-31,2021-08-04,-184000000.0,130874000000.0,131651000000.0,,,0.239,35.195,-162000000.0,562000000.0,562000000.0,22573000000.0,911000000.0,,5.881,5908000000.0,,,5908000000.0,9800000000.0,94000000.0,48195000000.0,0.025,0.8,1467000000.0,1561000000.0,0.05,1561000000.0,1467000000.0,1100000000.0,1.69,1.68,1.69,19016000000.0,18472250000.0,19016000000.0,22566303848.0,15.0,14.456,3527000000.0,6.528,1.0,8827000000.0,0.281,874000000.0,367000000.0,135346000000.0,136066750000.0,0.0,100483000000.0,,,111830000000.0,,,17157303848.0,-50000000.0,7000000.0,-124000000.0,-2000000.0,-430000000.0,-6071000000.0,2332000000.0,2487000000.0,3689000000.0,0.0,911000000.0,911000000.0,911000000.0,0.0,0.0,0.029,3837000000.0,4990000000.0,0.0,0.473,0.902,18.833,18.864,921000000.0,0.0,31.88,0.546,0.549,11391000000.0,31969000000.0,31400000000.0,31400000000.0,0.0,0.007,0.049,0.011,0.047,0.0,3807000000.0,1.0,538183935.0,540300000,542500000.0,58.116,130000000000.0,784000000.0,189000000.0,0.0,240.607,
11,ALL,MRY,2009-12-31,2009-12-31,2009-12-31,2021-08-04,-2106000000.0,132652000000.0,132904500000.0,,,0.241,30.934,-189000000.0,612000000.0,612000000.0,22489000000.0,854000000.0,,6.945,5910000000.0,,,5910000000.0,9822000000.0,-91000000.0,52582000000.0,0.027,0.8,1640000000.0,1549000000.0,0.048,1549000000.0,1640000000.0,1248000000.0,1.58,1.58,1.58,16692000000.0,15376750000.0,16692000000.0,22049817655.0,13.0,14.235,4112000000.0,7.62,1.0,9524000000.0,0.298,875000000.0,392000000.0,137075000000.0,137541500000.0,0.0,99833000000.0,,,115931000000.0,,,16115817655.0,197000000.0,12000000.0,-1000000.0,251000000.0,-542000000.0,-7544000000.0,3440000000.0,3617000000.0,4301000000.0,0.0,854000000.0,854000000.0,854000000.0,0.0,0.0,0.027,4884000000.0,4640000000.0,0.0,0.506,0.965,18.871,19.013,990000000.0,0.0,30.04,0.503,0.506,11194000000.0,31492000000.0,32013000000.0,32013000000.0,0.0,0.006,0.056,0.012,0.051,0.0,4754000000.0,1.0,536478617.0,539600000,540900000.0,59.327,131777000000.0,1870000000.0,394000000.0,0.0,244.212,
12,ALL,MRY,2008-12-31,2008-12-31,2008-12-31,2021-08-04,-4801000000.0,134798000000.0,145353750000.0,,,0.202,23.055,-291000000.0,415000000.0,415000000.0,24087000000.0,-1679000000.0,,9.661,5659000000.0,,,5659000000.0,10024000000.0,-376000000.0,58413000000.0,0.05,1.64,-2674000000.0,-3050000000.0,-0.104,-3050000000.0,-2674000000.0,-3025000000.0,-3.06,-3.06,-3.06,12641000000.0,17397750000.0,12641000000.0,22862114760.0,-9.0,-7.496,3619000000.0,6.6,1.0,5307000000.0,0.181,874000000.0,351000000.0,139168000000.0,149672750000.0,0.0,95998000000.0,,,122125000000.0,,,17558114760.0,-7000000.0,-120000000.0,-1290000000.0,19000000.0,-889000000.0,-7705000000.0,3788000000.0,4199000000.0,3910000000.0,0.0,-1679000000.0,-1679000000.0,-1679000000.0,0.0,0.0,-0.057,4702000000.0,605000000.0,0.0,-0.536,1.389,-10.457,-10.706,1059000000.0,0.0,32.76,0.597,0.611,11245000000.0,30207000000.0,29394000000.0,29394000000.0,0.0,-0.012,-0.097,-0.018,-0.091,0.0,4679000000.0,1.0,535961989.0,548300000,548300000.0,53.609,133924000000.0,3794000000.0,-1346000000.0,0.0,244.253,
13,ALL,MRY,2007-12-31,2007-12-31,2007-12-31,2021-08-04,623000000.0,156408000000.0,159101750000.0,,,0.231,36.774,-274000000.0,422000000.0,422000000.0,21937000000.0,4636000000.0,,6.158,5640000000.0,,,5640000000.0,10409000000.0,-257000000.0,61975000000.0,0.029,1.52,6986000000.0,6729000000.0,0.183,6729000000.0,6986000000.0,6653000000.0,7.8,7.76,7.8,21851000000.0,21884000000.0,21851000000.0,35141520392.0,5.0,5.222,5159000000.0,8.682,1.0,14832000000.0,0.403,825000000.0,333000000.0,160801000000.0,163270750000.0,0.0,118980000000.0,,,134557000000.0,,,29808520392.0,-21000000.0,3000000.0,-3495000000.0,966000000.0,-901000000.0,-5339000000.0,-115000000.0,156000000.0,5433000000.0,0.0,4636000000.0,4636000000.0,4636000000.0,0.0,0.0,0.126,4733000000.0,10099000000.0,0.0,0.195,1.364,6.43,6.696,1062000000.0,0.0,52.23,0.811,0.844,10696000000.0,32796000000.0,36769000000.0,36769000000.0,0.0,0.029,0.212,0.043,0.19,0.0,4704000000.0,1.0,570716454.0,594200000,597500000.0,61.88,155583000000.0,467000000.0,2017000000.0,0.0,261.836,
14,ALL,MRY,2006-12-31,2006-12-31,2006-12-31,2021-08-04,991000000.0,157554000000.0,157944750000.0,,,0.227,34.539,-161000000.0,443000000.0,443000000.0,20196000000.0,4993000000.0,,6.212,4662000000.0,,,4662000000.0,10427000000.0,-188000000.0,62031000000.0,0.022,1.4,7535000000.0,7347000000.0,0.205,7347000000.0,7535000000.0,7178000000.0,7.89,7.84,7.89,21846000000.0,21299000000.0,21846000000.0,45891956431.0,6.0,6.246,4894000000.0,7.738,1.0,15600000000.0,0.436,825000000.0,357000000.0,160948000000.0,162047250000.0,0.0,119757000000.0,,,135708000000.0,,,40689956431.0,130000000.0,-826000000.0,-1531000000.0,-608000000.0,-873000000.0,-3006000000.0,-1919000000.0,-932000000.0,5055000000.0,0.0,4993000000.0,4993000000.0,4993000000.0,0.0,0.0,0.139,4939000000.0,10661000000.0,0.0,0.177,1.863,8.149,8.252,1010000000.0,0.0,65.11,1.137,1.15,10616000000.0,29070000000.0,35796000000.0,35796000000.0,0.0,0.032,0.234,0.046,0.21,0.0,4757000000.0,1.0,624941736.0,632500000,637200000.0,56.594,156729000000.0,224000000.0,2185000000.0,0.0,247.793,
15,ALL,MRY,2005-12-31,2005-12-31,2005-12-31,2021-08-04,2082000000.0,156072000000.0,154653000000.0,,,0.229,30.506,-196000000.0,313000000.0,313000000.0,25193000000.0,1765000000.0,,6.732,5300000000.0,,,5300000000.0,10294000000.0,-67000000.0,60040000000.0,0.024,1.28,2418000000.0,2351000000.0,0.066,2351000000.0,2418000000.0,2088000000.0,2.67,2.64,2.67,20186000000.0,20813500000.0,20186000000.0,39556005461.0,16.0,16.825,5409000000.0,8.174,1.0,10190000000.0,0.288,825000000.0,330000000.0,160234000000.0,158655250000.0,0.0,118297000000.0,,,135886000000.0,,,35072005461.0,-101000000.0,-62000000.0,-2203000000.0,-46000000.0,-830000000.0,-555000000.0,-5151000000.0,-4893000000.0,5605000000.0,0.0,1765000000.0,1765000000.0,1765000000.0,0.0,0.0,0.05,4762000000.0,5428000000.0,0.0,0.479,1.737,19.871,20.251,1040000000.0,0.0,54.07,0.991,1.011,9919000000.0,24962000000.0,35383000000.0,35383000000.0,0.0,0.011,0.085,0.015,0.068,0.0,4721000000.0,1.0,648640752.0,661700000,667300000.0,53.473,155247000000.0,0.0,323000000.0,351000000.0,234.618,
16,ALL,MRY,2004-12-31,2004-12-31,2004-12-31,2021-08-04,2615000000.0,149725000000.0,143836750000.0,,,0.236,31.373,-200000000.0,414000000.0,414000000.0,21462000000.0,3181000000.0,,5.861,5334000000.0,,,5334000000.0,9932000000.0,-4000000.0,55709000000.0,0.022,1.12,4719000000.0,4715000000.0,0.139,4715000000.0,4719000000.0,4411000000.0,4.57,4.54,4.57,21823000000.0,21281000000.0,21823000000.0,40519892501.0,9.0,8.594,5268000000.0,7.573,1.0,12474000000.0,0.368,825000000.0,308000000.0,153820000000.0,147693500000.0,0.0,115530000000.0,,,127902000000.0,,,35490892501.0,48000000.0,40000000.0,-1137000000.0,668000000.0,-756000000.0,5303000000.0,-10723000000.0,-10563000000.0,5468000000.0,0.0,3181000000.0,3181000000.0,3181000000.0,0.0,0.0,0.094,4516000000.0,7958000000.0,0.0,0.245,1.626,11.157,11.317,1018000000.0,0.0,51.72,1.046,1.06,9044000000.0,24043000000.0,33936000000.0,33936000000.0,0.0,0.022,0.149,0.032,0.139,0.0,4465000000.0,1.0,686212152.0,695600000,700300000.0,48.787,148900000000.0,0.0,1230000000.0,829000000.0,214.06,
17,ALL,MRY,2003-12-31,2003-12-31,2003-12-31,2021-08-04,2756000000.0,134142000000.0,127951500000.0,,,0.251,29.232,-169000000.0,366000000.0,366000000.0,21129000000.0,2705000000.0,,5.523,5076000000.0,,,5076000000.0,9187000000.0,-3000000.0,47071000000.0,0.021,0.92,3826000000.0,3823000000.0,0.119,3823000000.0,3826000000.0,3551000000.0,3.85,3.83,3.85,20565000000.0,19301750000.0,20565000000.0,34398773527.0,9.0,8.998,5522000000.0,7.849,1.0,11020000000.0,0.343,929000000.0,275000000.0,137923000000.0,131055250000.0,0.0,103081000000.0,,,113577000000.0,,,30267773527.0,-96000000.0,0.0,-153000000.0,-198000000.0,-633000000.0,3677000000.0,-9464000000.0,-9295000000.0,5691000000.0,0.0,2705000000.0,2705000000.0,2705000000.0,0.0,0.0,0.084,4132000000.0,6888000000.0,0.0,0.239,1.472,11.19,11.174,1046000000.0,0.0,43.02,0.941,0.941,7507000000.0,21641000000.0,32149000000.0,32149000000.0,0.0,0.021,0.14,0.029,0.119,0.0,4058000000.0,1.0,703574466.0,703500000,706200000.0,45.699,133213000000.0,0.0,846000000.0,1103000000.0,189.357,
18,ALL,MRY,2002-12-31,2002-12-31,2002-12-31,2021-08-04,1733000000.0,117426000000.0,115410250000.0,,,0.256,24.661,-239000000.0,462000000.0,462000000.0,21191000000.0,1134000000.0,,5.722,4240000000.0,,,4240000000.0,8578000000.0,-62000000.0,40751000000.0,0.03,1.095,1477000000.0,1415000000.0,0.048,1415000000.0,1477000000.0,1199000000.0,1.6,1.6,1.6,17438000000.0,17409750000.0,17438000000.0,29776351244.0,20.0,21.043,4179000000.0,5.91,1.0,8388000000.0,0.284,927000000.0,278000000.0,120277000000.0,118213000000.0,0.0,90650000000.0,,,99788000000.0,,,26002351244.0,199000000.0,0.0,-446000000.0,313000000.0,-582000000.0,4784000000.0,-9003000000.0,-8764000000.0,4418000000.0,0.0,1134000000.0,1134000000.0,1134000000.0,0.0,0.0,0.038,3813000000.0,4575000000.0,0.0,0.684,1.491,22.93,23.119,989000000.0,0.0,36.99,0.879,0.884,6958000000.0,19584000000.0,29579000000.0,29579000000.0,0.0,0.01,0.065,0.012,0.05,0.0,3694000000.0,1.0,702956238.0,707100000,709900000.0,41.831,116499000000.0,0.0,65000000.0,259000000.0,164.756,
19,ALL,MRY,2001-12-31,2001-12-31,2001-12-31,2021-08-04,1663000000.0,109175000000.0,108124750000.0,,,0.267,23.877,-186000000.0,263000000.0,263000000.0,20936000000.0,1158000000.0,,5.337,3921000000.0,,,3921000000.0,7961000000.0,-106000000.0,33560000000.0,0.023,0.76,1479000000.0,1373000000.0,0.048,1373000000.0,1479000000.0,1231000000.0,1.61,1.6,1.61,17196000000.0,17400750000.0,17196000000.0,27291973673.0,18.0,19.878,2099000000.0,2.914,1.0,7929000000.0,0.275,1284000000.0,248000000.0,111549000000.0,110189000000.0,0.0,79876000000.0,,,91779000000.0,,,24028973673.0,41000000.0,0.0,-721000000.0,564000000.0,-535000000.0,2110000000.0,-4354000000.0,-4168000000.0,2285000000.0,0.0,1158000000.0,1158000000.0,1158000000.0,0.0,0.0,0.04,3645000000.0,4284000000.0,0.0,0.472,1.397,20.75,20.932,984000000.0,0.0,33.7,0.832,0.841,6674000000.0,19044000000.0,28865000000.0,28865000000.0,0.0,0.011,0.067,0.013,0.051,0.0,3462000000.0,1.0,713025925.0,720200000,723300000.0,40.079,107891000000.0,0.0,73000000.0,137000000.0,149.807,
20,ALL,MRY,2000-12-31,2000-12-31,2000-12-31,2021-08-04,1926000000.0,104808000000.0,103531500000.0,,,0.281,23.456,-300000000.0,222000000.0,222000000.0,19585000000.0,2211000000.0,,4.963,3331000000.0,,,3331000000.0,7607000000.0,-47000000.0,28870000000.0,0.016,0.68,3235000000.0,3188000000.0,0.109,3188000000.0,3235000000.0,3006000000.0,2.97,2.95,2.97,17451000000.0,16696500000.0,17451000000.0,34939560117.0,11.0,10.96,1431000000.0,1.923,1.0,9549000000.0,0.328,1247000000.0,229000000.0,106670000000.0,106072500000.0,0.0,74483000000.0,,,86607000000.0,,,31855560117.0,-32000000.0,0.0,-1783000000.0,480000000.0,-502000000.0,1012000000.0,-2775000000.0,-2475000000.0,1731000000.0,0.0,2211000000.0,2211000000.0,2211000000.0,0.0,0.0,0.076,3570000000.0,5979000000.0,0.0,0.229,1.825,14.408,14.667,1000000000.0,0.0,43.56,1.093,1.112,6154000000.0,18433000000.0,29134000000.0,29134000000.0,0.0,0.021,0.132,0.03,0.111,0.0,3458000000.0,1.0,731303033.0,744000000,748700000.0,39.159,103561000000.0,0.0,795000000.0,348000000.0,139.195,
21,ALL,MRY,1999-12-31,1999-12-31,1999-12-31,2021-08-04,1345000000.0,98119000000.0,91819500000.0,,,0.294,20.746,-212000000.0,254000000.0,254000000.0,17257000000.0,2720000000.0,,4.852,2851000000.0,,,2851000000.0,7671000000.0,-17000000.0,25199000000.0,0.025,0.6,3997000000.0,3980000000.0,0.148,3980000000.0,3997000000.0,3868000000.0,3.4,3.38,3.4,16601000000.0,16774000000.0,16601000000.0,21103838972.0,5.0,5.302,2055000000.0,2.568,1.0,9702000000.0,0.36,1245000000.0,129000000.0,99471000000.0,93291500000.0,0.0,69645000000.0,,,80554000000.0,,,19377838972.0,-4000000.0,971000000.0,-2173000000.0,1035000000.0,-471000000.0,341000000.0,-2612000000.0,-3371000000.0,2267000000.0,0.0,2720000000.0,2720000000.0,2720000000.0,0.0,0.0,0.101,3376000000.0,6326000000.0,0.0,0.176,1.167,7.124,7.076,916000000.0,0.0,24.06,0.719,0.714,6136000000.0,16728000000.0,26959000000.0,26959000000.0,0.0,0.03,0.162,0.043,0.148,0.0,3282000000.0,1.0,805396466.0,800200000,803800000.0,33.69,96874000000.0,211000000.0,1148000000.0,0.0,121.062,
22,ALL,MRY,1998-12-31,1998-12-31,1998-12-31,2021-08-04,2956000000.0,87691000000.0,85686750000.0,,,0.302,20.716,-188000000.0,258000000.0,258000000.0,16016000000.0,3294000000.0,,4.043,1746000000.0,,,1746000000.0,6425000000.0,-22000000.0,21133000000.0,0.014,0.54,4834000000.0,4812000000.0,0.186,4812000000.0,4834000000.0,4716000000.0,3.96,3.94,3.96,17240000000.0,16623250000.0,17240000000.0,32893786383.0,7.0,6.836,2703000000.0,3.248,1.0,9863000000.0,0.381,0.0,118000000.0,89179000000.0,87078750000.0,0.0,66525000000.0,,,69701000000.0,,,31588786383.0,38000000.0,-226000000.0,-1489000000.0,394000000.0,-443000000.0,-1486000000.0,-1367000000.0,-953000000.0,2891000000.0,0.0,3294000000.0,3294000000.0,3294000000.0,0.0,0.0,0.127,3028000000.0,6835000000.0,0.0,0.136,1.832,9.59,9.722,803000000.0,0.0,38.5,1.221,1.238,5014000000.0,14490000000.0,25879000000.0,25879000000.0,0.0,0.038,0.198,0.056,0.187,0.0,3021000000.0,1.0,820487958.0,832200000,836600000.0,31.097,87691000000.0,0.0,1422000000.0,461000000.0,105.373,
23,ALL,MRY,1997-12-31,1997-12-31,1997-12-31,2021-08-04,2785000000.0,80918000000.0,77713000000.0,,,0.321,17.986,-150000000.0,220000000.0,220000000.0,15751000000.0,3105000000.0,,4.136,1696000000.0,,,1696000000.0,6233000000.0,-22000000.0,20389000000.0,0.011,0.48,4529000000.0,4507000000.0,0.181,4507000000.0,4529000000.0,4429000000.0,3.58,3.56,3.58,15610000000.0,14531000000.0,15610000000.0,,,,3192000000.0,3.678,1.0,9198000000.0,0.369,0.0,100000000.0,82394000000.0,79086000000.0,0.0,62548000000.0,,,64558000000.0,,,38256367969.0,104000000.0,138000000.0,-1358000000.0,310000000.0,-323000000.0,-1718000000.0,-1520000000.0,-1508000000.0,3342000000.0,0.0,3105000000.0,3105000000.0,3105000000.0,0.0,0.0,0.124,2789000000.0,6409000000.0,0.0,0.134,2.451,12.321,12.64,741000000.0,0.0,45.25,1.533,1.574,5007000000.0,11646000000.0,24949000000.0,24949000000.0,0.0,0.04,0.214,0.057,0.182,0.0,2789000000.0,1.0,845444596.0,867900000,872800000.0,28.746,80918000000.0,0.0,1324000000.0,381000000.0,93.234,
24,ALL,MRY,1996-12-31,1996-12-31,1996-12-31,2021-08-04,2024000000.0,74508000000.0,,,,,15.101,-126000000.0,116000000.0,116000000.0,16800000000.0,2075000000.0,,4.483,1386000000.0,,,1386000000.0,6174000000.0,-19000000.0,20120000000.0,0.015,0.426,2789000000.0,2770000000.0,0.114,2770000000.0,2789000000.0,2694000000.0,2.33,2.31,2.33,13452000000.0,,13452000000.0,,,,2910000000.0,3.267,1.0,7499000000.0,0.309,0.0,95000000.0,75778000000.0,,0.0,58329000000.0,,,60306000000.0,,,,26000000.0,378000000.0,-336000000.0,908000000.0,-378000000.0,373000000.0,-3383000000.0,-3635000000.0,3036000000.0,0.0,2075000000.0,2075000000.0,2075000000.0,0.0,0.0,0.085,2492000000.0,5007000000.0,0.0,0.183,,,12.421,714000000.0,0.0,28.94,,1.061,5033000000.0,8958000000.0,24299000000.0,24299000000.0,0.0,,,,0.115,0.0,2342000000.0,1.0,,890800000,896400000.0,27.278,74508000000.0,232000000.0,619000000.0,0.0,83.642,
25,ALL,MRY,1995-12-31,1995-12-31,1995-12-31,2021-08-04,,,,,,,,-106000000.0,,,16069000000.0,1904000000.0,,,,,,,,-3000000.0,,0.019,0.39,2558000000.0,2555000000.0,0.112,2555000000.0,2558000000.0,2477000000.0,2.125,2.12,2.125,,,,,,,2622000000.0,2.923,1.0,6724000000.0,0.295,,81000000.0,,,,,,,,,,,34000000.0,0.0,-69000000.0,809000000.0,-350000000.0,1307000000.0,-4001000000.0,-3895000000.0,2728000000.0,0.0,1904000000.0,1904000000.0,1904000000.0,0.0,0.0,0.084,2143000000.0,4581000000.0,,0.184,,,9.678,,0.0,20.565,,0.809,,,22793000000.0,22793000000.0,0.0,,,,0.112,0.0,2143000000.0,1.0,,897000000,899000000.0,25.41,,,573000000.0,,,
0,ALL,MRQ,2021-06-30,2021-06-30,2021-06-30,2021-08-04,2290000000.0,132643000000.0,,,,,94.401,-136000000.0,656000000.0,656000000.0,7459000000.0,1631000000.0,,3.703,7996000000.0,,,7996000000.0,18756000000.0,311000000.0,2097000000.0,0.021,0.81,2078000000.0,2389000000.0,0.189,2389000000.0,2078000000.0,1987000000.0,5.34,5.26,5.34,28207000000.0,,28207000000.0,46332737941.0,7.0,6.384,1392000000.0,4.659,1.0,5187000000.0,0.41,3349000000.0,91000000.0,136634000000.0,,0.0,62570000000.0,,,104451000000.0,,,39045737941.0,0.0,-1000000.0,-483000000.0,0.0,-245000000.0,-842000000.0,-670000000.0,-537000000.0,1528000000.0,,1625000000.0,1595000000.0,1595000000.0,-196000000.0,6000000.0,0.126,1616000000.0,3571000000.0,0.0,0.152,1.384,9.984,10.247,1026000000.0,30000000.0,130.44,0.803,0.802,17643000000.0,52464000000.0,12646000000.0,12646000000.0,0.0,,,,,0.0,1545000000.0,1.0,299338684.0,298800000,303300000.0,42.323,129294000000.0,0.0,362000000.0,758000000.0,432.711,
1,ALL,MRQ,2021-03-31,2021-03-31,2021-03-31,2021-08-04,1823000000.0,129811000000.0,,,,,88.658,-61000000.0,709000000.0,709000000.0,6285000000.0,-1387000000.0,,3.841,7996000000.0,,,7996000000.0,18177000000.0,260000000.0,2097000000.0,0.021,0.81,-669000000.0,-409000000.0,-0.033,-409000000.0,-669000000.0,-755000000.0,-4.65,-4.6,-4.65,26819000000.0,,26819000000.0,42248156647.0,7.0,6.368,1327000000.0,4.387,1.0,6166000000.0,0.495,3350000000.0,86000000.0,133748000000.0,,0.0,60076000000.0,,,103019000000.0,,,34800156647.0,0.0,-3480000000.0,-463000000.0,-422000000.0,-164000000.0,-1480000000.0,513000000.0,4054000000.0,1388000000.0,,-1381000000.0,-1408000000.0,-1408000000.0,3793000000.0,-6000000.0,-0.113,1317000000.0,4849000000.0,0.0,-0.174,1.298,9.831,10.177,1002000000.0,27000000.0,114.9,0.75,0.75,17566000000.0,51107000000.0,12451000000.0,12451000000.0,0.0,,,,,0.0,1523000000.0,1.0,302873426.0,302500000,306400000.0,41.16,126461000000.0,0.0,626000000.0,493000000.0,418.053,
2,ALL,MRQ,2020-12-31,2020-12-31,2020-12-31,2021-08-04,3304000000.0,125987000000.0,,,,,99.365,-73000000.0,311000000.0,311000000.0,6040000000.0,2624000000.0,,3.169,7825000000.0,,,7825000000.0,15946000000.0,186000000.0,1885000000.0,0.02,0.54,3390000000.0,3576000000.0,0.298,3576000000.0,3390000000.0,3310000000.0,8.42,8.3,8.42,30217000000.0,,30217000000.0,39691198098.0,5.0,4.984,1246000000.0,4.097,1.0,5978000000.0,0.497,2369000000.0,80000000.0,131132000000.0,,0.0,59540000000.0,,,95770000000.0,,,33426198098.0,7000000.0,0.0,9000000.0,1189000000.0,-168000000.0,886000000.0,-2198000000.0,-2125000000.0,1319000000.0,0.0,2624000000.0,2598000000.0,2598000000.0,0.0,0.0,0.216,1087000000.0,4891000000.0,0.0,0.064,1.106,6.121,6.271,1057000000.0,26000000.0,109.93,0.746,0.765,13678000000.0,52767000000.0,12018000000.0,12018000000.0,0.0,,,,,0.0,1388000000.0,1.0,304068026.0,304100000,308300000.0,39.52,123618000000.0,0.0,686000000.0,382000000.0,406.504,
3,ALL,MRQ,2020-09-30,2020-09-30,2020-09-30,2021-08-04,2833000000.0,122750000000.0,,,,,87.606,-69000000.0,370000000.0,370000000.0,6949000000.0,1153000000.0,,3.502,6635000000.0,,,6635000000.0,16029000000.0,182000000.0,17288000000.0,0.023,0.54,1520000000.0,1702000000.0,0.148,1702000000.0,1520000000.0,1442000000.0,3.62,3.58,3.62,27263000000.0,,27263000000.0,35488443114.0,6.0,5.121,1227000000.0,3.943,1.0,4551000000.0,0.396,2544000000.0,78000000.0,126471000000.0,,0.0,91197000000.0,,,95487000000.0,,,29401443114.0,-177000000.0,0.0,-914000000.0,0.0,-169000000.0,-1188000000.0,-285000000.0,-216000000.0,1296000000.0,0.0,1153000000.0,1126000000.0,1126000000.0,0.0,0.0,0.098,1652000000.0,2899000000.0,0.0,0.149,1.078,6.434,6.533,1076000000.0,27000000.0,94.14,0.68,0.678,15706000000.0,50336000000.0,11500000000.0,11500000000.0,0.0,,,,,0.0,1492000000.0,1.0,312316158.0,311200000,314100000.0,36.954,120206000000.0,0.0,289000000.0,905000000.0,386.266,
4,ALL,MRQ,2020-06-30,2020-06-30,2020-06-30,2021-08-04,2628000000.0,121266000000.0,,,,,86.025,-101000000.0,547000000.0,547000000.0,5354000000.0,1250000000.0,,3.494,6634000000.0,,,6634000000.0,15448000000.0,163000000.0,17396000000.0,0.021,0.54,1602000000.0,1765000000.0,0.17,1765000000.0,1602000000.0,1523000000.0,3.9,3.86,3.9,26986000000.0,,26986000000.0,36761120054.0,6.0,5.547,1748000000.0,5.572,1.0,5049000000.0,0.485,2544000000.0,79000000.0,124809000000.0,,0.0,89637000000.0,,,94280000000.0,,,30466120054.0,0.0,1000000.0,-363000000.0,0.0,-172000000.0,-614000000.0,-1026000000.0,-926000000.0,1849000000.0,0.0,1250000000.0,1224000000.0,1224000000.0,-144000000.0,0.0,0.118,2197000000.0,2852000000.0,0.0,0.138,1.129,7.031,7.184,1100000000.0,26000000.0,96.99,0.712,0.711,15657000000.0,49380000000.0,10403000000.0,10403000000.0,0.0,,,,,0.0,1344000000.0,1.0,314116095.0,313700000,317000000.0,33.162,118722000000.0,0.0,273000000.0,842000000.0,378.457,
5,ALL,MRQ,2020-03-31,2020-03-31,2020-03-31,2021-08-04,558000000.0,116107000000.0,,,,,76.159,-65000000.0,338000000.0,338000000.0,5491000000.0,549000000.0,,3.803,6633000000.0,,,6633000000.0,14999000000.0,155000000.0,17404000000.0,0.022,0.54,824000000.0,979000000.0,0.099,979000000.0,824000000.0,743000000.0,1.62,1.59,1.62,24173000000.0,,24173000000.0,35363488931.0,6.0,5.72,962000000.0,3.031,1.0,4375000000.0,0.443,2544000000.0,81000000.0,119858000000.0,,0.0,84842000000.0,,,91934000000.0,,,29070488931.0,0.0,0.0,-406000000.0,0.0,-159000000.0,-1095000000.0,68000000.0,133000000.0,1027000000.0,0.0,549000000.0,513000000.0,513000000.0,288000000.0,0.0,0.052,1925000000.0,2450000000.0,0.0,0.333,1.203,7.397,7.6,1123000000.0,36000000.0,91.73,0.668,0.669,15615000000.0,48326000000.0,9866000000.0,9866000000.0,0.0,,,,,0.0,1365000000.0,1.0,316913648.0,317400000,322400000.0,31.084,113563000000.0,0.0,194000000.0,331000000.0,357.791,
6,ALL,MRQ,2019-12-31,2019-12-31,2019-12-31,2021-08-04,1950000000.0,119950000000.0,,,,,81.142,-140000000.0,338000000.0,338000000.0,6420000000.0,1773000000.0,,3.614,6631000000.0,,,6631000000.0,15343000000.0,171000000.0,17692000000.0,0.018,0.5,2313000000.0,2484000000.0,0.217,2484000000.0,2313000000.0,2231000000.0,5.27,5.18,5.27,25998000000.0,,25998000000.0,42471865244.0,7.0,6.013,1094000000.0,3.414,1.0,5052000000.0,0.44,2545000000.0,82000000.0,123698000000.0,,0.0,88362000000.0,,,93952000000.0,,,36428865244.0,-249000000.0,0.0,-777000000.0,0.0,-163000000.0,-1911000000.0,428000000.0,568000000.0,1234000000.0,0.0,1773000000.0,1707000000.0,1707000000.0,0.0,0.0,0.149,1226000000.0,3826000000.0,0.0,0.095,1.401,7.787,7.891,1145000000.0,66000000.0,112.45,0.815,0.826,15683000000.0,48074000000.0,11472000000.0,11472000000.0,0.0,,,,,0.0,1382000000.0,1.0,323956116.0,320400000,326900000.0,35.805,117405000000.0,0.0,458000000.0,1154000000.0,366.433,
7,ALL,MRQ,2019-09-30,2019-09-30,2019-09-30,2021-08-04,2107000000.0,121073000000.0,,,,,79.768,-120000000.0,587000000.0,587000000.0,6733000000.0,931000000.0,,3.632,6630000000.0,,,6630000000.0,15343000000.0,159000000.0,17804000000.0,0.018,0.5,1240000000.0,1399000000.0,0.126,1399000000.0,1240000000.0,1160000000.0,2.71,2.67,2.71,26140000000.0,,26140000000.0,41805563955.0,12.0,10.234,1713000000.0,5.227,1.0,4336000000.0,0.392,2545000000.0,80000000.0,124571000000.0,,0.0,89307000000.0,,,94933000000.0,,,35776563955.0,-12000000.0,0.0,-550000000.0,-1000000.0,-166000000.0,248000000.0,-2093000000.0,-1973000000.0,1833000000.0,0.0,931000000.0,889000000.0,889000000.0,0.0,0.0,0.08,1682000000.0,2654000000.0,0.0,0.185,1.369,14.994,14.847,1092000000.0,42000000.0,108.68,0.838,0.834,15921000000.0,46527000000.0,11069000000.0,11069000000.0,0.0,,,,,0.0,1425000000.0,1.0,329191792.0,327700000,333000000.0,33.778,118528000000.0,0.0,229000000.0,1079000000.0,361.697,
8,ALL,MRQ,2019-06-30,2019-06-30,2019-06-30,2021-08-04,1760000000.0,118374000000.0,,,,,73.723,-93000000.0,599000000.0,599000000.0,7023000000.0,851000000.0,,3.836,6628000000.0,,,6628000000.0,14752000000.0,160000000.0,17964000000.0,0.019,0.5,1160000000.0,1320000000.0,0.118,1320000000.0,1160000000.0,1078000000.0,2.47,2.44,2.47,24476000000.0,,24476000000.0,39775633238.0,11.0,9.763,1255000000.0,3.78,1.0,4121000000.0,0.37,2547000000.0,82000000.0,121856000000.0,,0.0,86491000000.0,,,93898000000.0,,,33873633238.0,48000000.0,0.0,-283000000.0,175000000.0,-166000000.0,-421000000.0,-879000000.0,-786000000.0,1348000000.0,0.0,851000000.0,821000000.0,821000000.0,0.0,0.0,0.074,1583000000.0,2538000000.0,0.0,0.202,1.384,13.888,13.873,1058000000.0,30000000.0,101.69,0.805,0.802,15672000000.0,45803000000.0,11144000000.0,11144000000.0,0.0,,,,,0.0,1362000000.0,1.0,333106827.0,332000000,336900000.0,33.566,115827000000.0,0.0,227000000.0,997000000.0,348.877,
9,ALL,MRQ,2019-03-31,2019-03-31,2019-03-31,2021-08-04,1085000000.0,115834000000.0,,,,,70.409,-80000000.0,551000000.0,551000000.0,6479000000.0,1292000000.0,,3.946,6453000000.0,,,6453000000.0,14323000000.0,157000000.0,18161000000.0,0.02,0.5,1703000000.0,1860000000.0,0.169,1860000000.0,1703000000.0,1620000000.0,3.79,3.74,3.79,23418000000.0,,23418000000.0,37216285135.0,11.0,9.634,634000000.0,1.906,1.0,4511000000.0,0.41,2547000000.0,83000000.0,119189000000.0,,0.0,84121000000.0,,,92416000000.0,,,31264285135.0,52000000.0,-18000000.0,-5000000.0,0.0,-158000000.0,-399000000.0,-263000000.0,-165000000.0,714000000.0,0.0,1292000000.0,1261000000.0,1261000000.0,0.0,0.0,0.115,1429000000.0,3082000000.0,0.0,0.132,1.335,13.617,13.85,1047000000.0,31000000.0,94.18,0.762,0.763,15575000000.0,45148000000.0,10990000000.0,10990000000.0,0.0,,,,,0.0,1364000000.0,1.0,331963104.0,332600000,337500000.0,33.043,113287000000.0,0.0,328000000.0,817000000.0,340.61,
10,ALL,MRQ,2018-12-31,2018-12-31,2018-12-31,2021-08-04,118000000.0,112249000000.0,,,,,62.298,-82000000.0,499000000.0,499000000.0,6720000000.0,-542000000.0,,4.267,6451000000.0,,,6451000000.0,14510000000.0,135000000.0,18371000000.0,0.022,0.46,-629000000.0,-494000000.0,-0.052,-494000000.0,-629000000.0,-710000000.0,-1.65,-1.61,-1.65,21312000000.0,,21312000000.0,34451264770.0,12.0,9.925,1275000000.0,3.727,1.0,2761000000.0,0.291,2530000000.0,81000000.0,115671000000.0,,0.0,81260000000.0,,,90937000000.0,,,28461264770.0,39000000.0,-548000000.0,-1234000000.0,1000000.0,-159000000.0,-2055000000.0,737000000.0,1367000000.0,1357000000.0,0.0,-542000000.0,-585000000.0,-585000000.0,0.0,0.0,-0.062,1884000000.0,877000000.0,0.0,-0.279,1.335,14.146,14.296,1045000000.0,43000000.0,82.63,0.715,0.722,15719000000.0,44033000000.0,9481000000.0,9481000000.0,0.0,,,,,0.0,1336000000.0,1.0,344442270.0,342100000,346600000.0,27.714,109719000000.0,0.0,-168000000.0,425000000.0,320.722,
11,ALL,MRQ,2018-09-30,2018-09-30,2018-09-30,2021-08-04,-1284000000.0,114490000000.0,,,,,68.303,-67000000.0,460000000.0,460000000.0,6466000000.0,979000000.0,,3.844,6450000000.0,,,6450000000.0,14408000000.0,128000000.0,18650000000.0,0.018,0.46,1260000000.0,1388000000.0,0.133,1388000000.0,1260000000.0,1178000000.0,2.72,2.68,2.72,23633000000.0,,23633000000.0,40132133438.0,7.0,6.815,1661000000.0,4.801,1.0,3999000000.0,0.382,2189000000.0,82000000.0,118291000000.0,,0.0,83968000000.0,,,90857000000.0,,,34173133438.0,-29000000.0,0.0,-186000000.0,0.0,-160000000.0,-612000000.0,-1145000000.0,-1078000000.0,1728000000.0,0.0,979000000.0,942000000.0,942000000.0,0.0,0.0,0.09,1315000000.0,2684000000.0,0.0,0.169,1.446,8.171,8.35,1032000000.0,37000000.0,98.7,0.846,0.845,15190000000.0,46178000000.0,10465000000.0,10465000000.0,0.0,,,,,0.0,1317000000.0,1.0,346232355.0,346000000,351700000.0,30.246,112301000000.0,0.0,199000000.0,660000000.0,324.569,
12,ALL,MRQ,2018-06-30,2018-06-30,2018-06-30,2021-08-04,-1268000000.0,113369000000.0,,,,,66.214,-66000000.0,489000000.0,489000000.0,6425000000.0,717000000.0,,3.903,6448000000.0,,,6448000000.0,13824000000.0,126000000.0,18888000000.0,0.018,0.46,983000000.0,1109000000.0,0.11,1109000000.0,983000000.0,897000000.0,1.94,1.91,1.94,23122000000.0,,23122000000.0,38477385058.0,7.0,6.78,1398000000.0,4.003,1.0,3674000000.0,0.364,2189000000.0,86000000.0,117139000000.0,,0.0,83241000000.0,,,90247000000.0,,,32080385058.0,39000000.0,-5000000.0,-550000000.0,-401000000.0,-163000000.0,-1365000000.0,-60000000.0,11000000.0,1464000000.0,0.0,717000000.0,678000000.0,678000000.0,0.0,0.0,0.067,1335000000.0,2339000000.0,0.0,0.237,1.387,8.275,8.404,1040000000.0,39000000.0,91.27,0.806,0.8,14863000000.0,45508000000.0,10099000000.0,10099000000.0,0.0,,,,,0.0,1296000000.0,1.0,351488825.0,349200000,354600000.0,28.92,111180000000.0,0.0,180000000.0,723000000.0,318.385,
13,ALL,MRQ,2018-03-31,2018-03-31,2018-03-31,2021-08-04,-1150000000.0,113289000000.0,,,,,65.736,-62000000.0,450000000.0,450000000.0,5794000000.0,1006000000.0,,3.867,6847000000.0,,,6847000000.0,13448000000.0,122000000.0,19139000000.0,0.017,0.46,1346000000.0,1468000000.0,0.15,1468000000.0,1346000000.0,1263000000.0,2.76,2.71,2.76,23277000000.0,,23277000000.0,39335627406.0,8.0,7.0,564000000.0,1.593,1.0,3976000000.0,0.407,2189000000.0,83000000.0,117497000000.0,,0.0,83289000000.0,,,90012000000.0,,,33602627406.0,-167000000.0,-5000000.0,-260000000.0,498000000.0,-132000000.0,458000000.0,-1251000000.0,-1184000000.0,626000000.0,0.0,1006000000.0,977000000.0,977000000.0,0.0,0.0,0.1,1328000000.0,2648000000.0,0.0,0.167,1.444,8.963,9.089,1060000000.0,29000000.0,94.8,0.85,0.849,14772000000.0,45031000000.0,9770000000.0,9770000000.0,0.0,,,,,0.0,1273000000.0,1.0,354458095.0,354100000,359900000.0,27.591,111100000000.0,0.0,257000000.0,725000000.0,313.753,
14,ALL,MRQ,2017-12-31,2017-12-31,2017-12-31,2021-08-04,306000000.0,112422000000.0,,,,,63.08,-83000000.0,617000000.0,617000000.0,5872000000.0,1614000000.0,,3.985,6350000000.0,,,6350000000.0,13473000000.0,125000000.0,19434000000.0,0.014,0.37,1799000000.0,1924000000.0,0.191,1924000000.0,1799000000.0,1715000000.0,4.4,4.33,4.4,22551000000.0,,22551000000.0,43231664282.0,9.0,8.055,1017000000.0,2.845,1.0,4190000000.0,0.416,2181000000.0,84000000.0,115974000000.0,,0.0,82803000000.0,,,89871000000.0,,,37572664282.0,-73000000.0,0.0,-644000000.0,0.0,-134000000.0,-1033000000.0,-140000000.0,-57000000.0,1100000000.0,0.0,1614000000.0,1585000000.0,1585000000.0,0.0,0.0,0.158,1265000000.0,2925000000.0,0.0,0.084,1.666,10.929,11.022,1072000000.0,29000000.0,104.71,0.953,0.962,14707000000.0,43162000000.0,10062000000.0,10062000000.0,0.0,,,,,0.0,1239000000.0,1.0,358825941.0,357500000,363900000.0,28.145,110241000000.0,0.0,101000000.0,782000000.0,308.366,
15,ALL,MRQ,2017-09-30,2017-09-30,2017-09-30,2021-08-04,328000000.0,113632000000.0,,,,,61.221,-70000000.0,690000000.0,690000000.0,6175000000.0,666000000.0,,4.137,6349000000.0,,,6349000000.0,13535000000.0,120000000.0,19650000000.0,0.016,0.37,1054000000.0,1174000000.0,0.119,1174000000.0,1054000000.0,971000000.0,1.76,1.74,1.76,22119000000.0,,22119000000.0,39078557711.0,9.0,8.016,1796000000.0,4.971,1.0,3713000000.0,0.376,2309000000.0,83000000.0,116982000000.0,,0.0,82771000000.0,,,91513000000.0,,,33212557711.0,208000000.0,0.0,-167000000.0,0.0,-134000000.0,-531000000.0,-1127000000.0,-1057000000.0,1866000000.0,0.0,666000000.0,637000000.0,637000000.0,0.0,0.0,0.064,1214000000.0,2499000000.0,0.0,0.21,1.502,12.467,12.642,1067000000.0,29000000.0,91.91,0.841,0.841,15670000000.0,42125000000.0,9888000000.0,9888000000.0,0.0,,,,,0.0,1200000000.0,1.0,361359566.0,361300000,367100000.0,27.368,111323000000.0,0.0,305000000.0,1249000000.0,308.118,
16,ALL,MRQ,2017-06-30,2017-06-30,2017-06-30,2021-08-04,102000000.0,110865000000.0,,,,,59.134,-72000000.0,482000000.0,482000000.0,6350000000.0,579000000.0,,4.156,6348000000.0,,,6348000000.0,13024000000.0,119000000.0,19832000000.0,0.016,0.37,934000000.0,1053000000.0,0.107,1053000000.0,934000000.0,851000000.0,1.51,1.49,1.51,21501000000.0,,21501000000.0,38141977845.0,9.0,8.227,419000000.0,1.152,1.0,3463000000.0,0.353,2309000000.0,83000000.0,114422000000.0,,0.0,81305000000.0,,,89364000000.0,,,32237977845.0,40000000.0,0.0,-352000000.0,0.0,-135000000.0,-788000000.0,337000000.0,409000000.0,491000000.0,0.0,579000000.0,550000000.0,550000000.0,0.0,0.0,0.056,1229000000.0,2234000000.0,0.0,0.245,1.499,12.803,12.949,1072000000.0,29000000.0,88.44,0.83,0.828,14415000000.0,41622000000.0,9813000000.0,9813000000.0,0.0,,,,,0.0,1176000000.0,1.0,364518067.0,363600000,369000000.0,26.988,108556000000.0,0.0,272000000.0,1104000000.0,298.559,
17,ALL,MRQ,2017-03-31,2017-03-31,2017-03-31,2021-08-04,-197000000.0,110243000000.0,,,,,57.856,-74000000.0,442000000.0,442000000.0,6063000000.0,695000000.0,,4.21,6346000000.0,,,6346000000.0,12705000000.0,119000000.0,20051000000.0,0.017,0.37,1097000000.0,1216000000.0,0.126,1216000000.0,1097000000.0,1012000000.0,1.82,1.79,1.82,21158000000.0,,21158000000.0,35665369626.0,10.0,8.64,783000000.0,2.141,1.0,3581000000.0,0.371,2295000000.0,85000000.0,113852000000.0,,0.0,81143000000.0,,,89085000000.0,,,29754369626.0,6000000.0,-1356000000.0,-197000000.0,0.0,-122000000.0,-571000000.0,-280000000.0,1150000000.0,857000000.0,0.0,695000000.0,666000000.0,666000000.0,0.0,0.0,0.069,1179000000.0,2402000000.0,0.0,0.203,1.406,13.464,13.65,1067000000.0,29000000.0,81.49,0.779,0.781,14372000000.0,41208000000.0,9644000000.0,9644000000.0,0.0,,,,,0.0,1169000000.0,1.0,365129091.0,365700000,371300000.0,26.371,107948000000.0,0.0,317000000.0,833000000.0,295.182,
18,ALL,MRQ,2016-12-31,2016-12-31,2016-12-31,2021-08-04,-416000000.0,108610000000.0,,,,,55.905,-123000000.0,436000000.0,436000000.0,5715000000.0,840000000.0,,4.279,6347000000.0,,,6347000000.0,12583000000.0,97000000.0,20260000000.0,0.018,0.33,1335000000.0,1432000000.0,0.141,1432000000.0,1335000000.0,1258000000.0,2.18,2.16,2.18,20573000000.0,,20573000000.0,32015456151.0,11.0,9.331,1128000000.0,3.065,1.0,4428000000.0,0.437,1219000000.0,77000000.0,113302000000.0,,0.0,81799000000.0,,,88037000000.0,,,27294456151.0,47000000.0,0.0,-142000000.0,1235000000.0,-122000000.0,664000000.0,-1868000000.0,-1745000000.0,1251000000.0,0.0,840000000.0,811000000.0,811000000.0,0.0,0.0,0.08,1198000000.0,3230000000.0,0.0,0.151,1.327,15.499,15.703,1065000000.0,29000000.0,74.12,0.73,0.739,14342000000.0,40678000000.0,10143000000.0,10143000000.0,0.0,,,,,0.0,1157000000.0,1.0,368246845.0,368000000,372500000.0,27.562,107391000000.0,0.0,418000000.0,487000000.0,291.823,
19,ALL,MRQ,2016-09-30,2016-09-30,2016-09-30,2021-08-04,502000000.0,108537000000.0,,,,,56.35,-70000000.0,389000000.0,389000000.0,6220000000.0,520000000.0,,4.185,5110000000.0,,,5110000000.0,12772000000.0,97000000.0,20583000000.0,0.019,0.33,838000000.0,935000000.0,0.101,935000000.0,838000000.0,765000000.0,1.32,1.31,1.32,20934000000.0,,20934000000.0,30360666376.0,12.0,10.513,1314000000.0,3.537,1.0,3001000000.0,0.325,1219000000.0,73000000.0,112039000000.0,,0.0,81104000000.0,,,87603000000.0,,,25697666376.0,-57000000.0,0.0,-199000000.0,0.0,-124000000.0,-607000000.0,-834000000.0,-764000000.0,1384000000.0,0.0,520000000.0,491000000.0,491000000.0,0.0,0.0,0.053,1143000000.0,1858000000.0,0.0,0.25,1.228,18.225,18.497,1013000000.0,29000000.0,69.18,0.715,0.715,14721000000.0,39990000000.0,9221000000.0,9221000000.0,0.0,,,,,0.0,1138000000.0,1.0,371460919.0,371500000,375900000.0,24.821,107318000000.0,0.0,245000000.0,935000000.0,288.878,
20,ALL,MRQ,2016-06-30,2016-06-30,2016-06-30,2021-08-04,295000000.0,107284000000.0,,,,,55.013,-68000000.0,446000000.0,446000000.0,6540000000.0,271000000.0,,4.22,5109000000.0,,,5109000000.0,12300000000.0,97000000.0,20845000000.0,0.018,0.33,448000000.0,545000000.0,0.059,545000000.0,448000000.0,376000000.0,0.65,0.64,0.65,20553000000.0,,20553000000.0,30763988018.0,11.0,9.998,576000000.0,1.542,1.0,2624000000.0,0.286,1219000000.0,72000000.0,110728000000.0,,0.0,79694000000.0,,,86731000000.0,,,26186988018.0,-85000000.0,0.0,-406000000.0,0.0,-125000000.0,-809000000.0,80000000.0,148000000.0,644000000.0,0.0,271000000.0,242000000.0,242000000.0,0.0,0.0,0.026,1137000000.0,1487000000.0,0.0,0.508,1.274,17.005,17.575,1011000000.0,29000000.0,69.95,0.732,0.731,14243000000.0,39623000000.0,9164000000.0,9164000000.0,0.0,,,,,0.0,1126000000.0,1.0,374367234.0,373600000,378100000.0,24.529,106065000000.0,0.0,105000000.0,782000000.0,283.9,
21,ALL,MRQ,2016-03-31,2016-03-31,2016-03-31,2021-08-04,-150000000.0,105947000000.0,,,,,53.795,-52000000.0,531000000.0,531000000.0,6329000000.0,246000000.0,,4.209,5108000000.0,,,5108000000.0,12036000000.0,91000000.0,21092000000.0,0.018,0.33,428000000.0,519000000.0,0.059,519000000.0,428000000.0,355000000.0,0.57,0.57,0.57,20340000000.0,,20340000000.0,30115099834.0,11.0,9.344,662000000.0,1.751,1.0,2542000000.0,0.287,1219000000.0,73000000.0,109305000000.0,,0.0,78877000000.0,,,85607000000.0,,,25486099834.0,36000000.0,0.0,-426000000.0,-16000000.0,-115000000.0,-774000000.0,96000000.0,148000000.0,714000000.0,0.0,246000000.0,217000000.0,217000000.0,0.0,0.0,0.024,1134000000.0,1408000000.0,0.0,0.579,1.253,15.693,16.312,1011000000.0,29000000.0,67.37,0.716,0.716,14131000000.0,39505000000.0,8871000000.0,8871000000.0,0.0,,,,,0.0,1129000000.0,1.0,378300428.0,378100000,382900000.0,23.462,104728000000.0,0.0,109000000.0,479000000.0,276.985,
22,ALL,MRQ,2015-12-31,2015-12-31,2015-12-31,2021-08-04,-755000000.0,104656000000.0,,,,,52.027,-84000000.0,495000000.0,495000000.0,5838000000.0,489000000.0,,4.226,5124000000.0,,,5124000000.0,12202000000.0,96000000.0,21295000000.0,0.019,0.3,793000000.0,889000000.0,0.102,889000000.0,793000000.0,720000000.0,1.2,1.18,1.2,20025000000.0,,20025000000.0,28317840468.0,8.0,7.178,846000000.0,2.198,1.0,2853000000.0,0.328,1219000000.0,73000000.0,108066000000.0,,0.0,77758000000.0,,,84631000000.0,,,24047840468.0,-410000000.0,0.0,-583000000.0,0.0,-118000000.0,-987000000.0,-353000000.0,-269000000.0,930000000.0,0.0,489000000.0,460000000.0,460000000.0,0.0,0.0,0.053,1123000000.0,1730000000.0,0.0,0.25,1.201,11.702,12.127,1024000000.0,29000000.0,62.09,0.674,0.699,14062000000.0,39413000000.0,8691000000.0,8691000000.0,0.0,,,,,0.0,1116000000.0,1.0,387306176.0,384900000,390000000.0,22.58,103437000000.0,0.0,231000000.0,90000000.0,268.737,
23,ALL,MRQ,2015-09-30,2015-09-30,2015-09-30,2021-08-04,-462000000.0,105849000000.0,,,,,51.647,-86000000.0,905000000.0,905000000.0,5909000000.0,650000000.0,,4.162,5175000000.0,,,5175000000.0,12343000000.0,96000000.0,21559000000.0,0.02,0.3,1028000000.0,1124000000.0,0.125,1124000000.0,1028000000.0,955000000.0,1.56,1.54,1.56,20504000000.0,,20504000000.0,27699707776.0,7.0,6.211,1297000000.0,3.267,1.0,3119000000.0,0.345,1219000000.0,73000000.0,108900000000.0,,0.0,78342000000.0,,,85345000000.0,,,23318707776.0,100000000.0,0.0,-780000000.0,-11000000.0,-122000000.0,-1324000000.0,41000000.0,127000000.0,1383000000.0,0.0,650000000.0,621000000.0,621000000.0,0.0,0.0,0.069,1101000000.0,2018000000.0,0.0,0.192,1.137,9.757,10.041,1050000000.0,29000000.0,58.24,0.653,0.647,14179000000.0,39068000000.0,9028000000.0,9028000000.0,0.0,,,,,0.0,1092000000.0,1.0,400389900.0,397000000,402100000.0,22.741,104630000000.0,0.0,305000000.0,243000000.0,263.552,
24,ALL,MRQ,2015-06-30,2015-06-30,2015-06-30,2021-08-04,67000000.0,107117000000.0,,,,,52.329,-74000000.0,805000000.0,805000000.0,6218000000.0,355000000.0,,4.029,5186000000.0,,,5186000000.0,11858000000.0,92000000.0,21968000000.0,0.018,0.3,599000000.0,691000000.0,0.077,691000000.0,599000000.0,526000000.0,0.8,0.79,0.8,21298000000.0,,21298000000.0,30810670780.0,7.0,6.567,663000000.0,1.629,1.0,2764000000.0,0.308,1219000000.0,73000000.0,110279000000.0,,0.0,79141000000.0,,,85819000000.0,,,26532670780.0,-111000000.0,0.0,-369000000.0,-9000000.0,-125000000.0,-829000000.0,-19000000.0,55000000.0,737000000.0,0.0,355000000.0,326000000.0,326000000.0,0.0,0.0,0.036,1105000000.0,1659000000.0,0.0,0.375,1.246,10.533,10.794,1038000000.0,29000000.0,64.87,0.745,0.741,14119000000.0,38567000000.0,8982000000.0,8982000000.0,0.0,,,,,0.0,1086000000.0,1.0,409012961.0,407000000,412600000.0,22.069,105898000000.0,0.0,171000000.0,475000000.0,260.192,
25,ALL,MRQ,2015-03-31,2015-03-31,2015-03-31,2021-08-04,774000000.0,108064000000.0,,,,,53.341,-59000000.0,916000000.0,916000000.0,5633000000.0,677000000.0,,3.872,5194000000.0,,,5194000000.0,11489000000.0,87000000.0,22267000000.0,0.016,0.3,1154000000.0,1241000000.0,0.139,1241000000.0,1154000000.0,1081000000.0,1.56,1.53,1.56,22179000000.0,,22179000000.0,34174080054.0,7.0,6.66,507000000.0,1.219,1.0,3319000000.0,0.371,1219000000.0,73000000.0,111123000000.0,,0.0,80437000000.0,,,85885000000.0,,,29637080054.0,259000000.0,0.0,-946000000.0,0.0,-118000000.0,-1380000000.0,1073000000.0,1132000000.0,566000000.0,0.0,677000000.0,648000000.0,648000000.0,0.0,0.0,0.072,1074000000.0,2245000000.0,0.0,0.192,1.336,10.558,10.751,1026000000.0,29000000.0,71.17,0.835,0.833,13910000000.0,38363000000.0,8952000000.0,8952000000.0,0.0,,,,,0.0,1070000000.0,1.0,416426585.0,415800000,422600000.0,21.53,106845000000.0,0.0,404000000.0,779000000.0,256.962,
26,ALL,MRQ,2014-12-31,2014-12-31,2014-12-31,2021-08-04,561000000.0,108479000000.0,,,,,53.029,-81000000.0,657000000.0,657000000.0,5251000000.0,824000000.0,,3.864,5140000000.0,,,5140000000.0,11655000000.0,89000000.0,22529000000.0,0.016,0.28,1315000000.0,1404000000.0,0.16,1404000000.0,1315000000.0,1242000000.0,1.88,1.85,1.88,22304000000.0,,22304000000.0,33775188201.0,7.0,6.859,590000000.0,1.403,1.0,3508000000.0,0.401,1219000000.0,73000000.0,111743000000.0,,0.0,81113000000.0,,,86175000000.0,,,29465188201.0,-228000000.0,0.0,-50000000.0,0.0,-117000000.0,-536000000.0,-363000000.0,-282000000.0,671000000.0,0.0,824000000.0,795000000.0,795000000.0,0.0,0.0,0.091,1040000000.0,2468000000.0,0.0,0.149,1.321,10.73,11.028,1031000000.0,29000000.0,70.25,0.836,0.86,13955000000.0,37842000000.0,8759000000.0,8759000000.0,0.0,,,,,0.0,1035000000.0,1.0,419433284.0,420600000,428000000.0,20.825,107260000000.0,0.0,418000000.0,715000000.0,255.017,
27,ALL,MRQ,2014-09-30,2014-09-30,2014-09-30,2021-08-04,1238000000.0,108310000000.0,,,,,52.601,-83000000.0,885000000.0,885000000.0,5540000000.0,781000000.0,,3.851,5195000000.0,,,5195000000.0,11728000000.0,88000000.0,22848000000.0,0.018,0.28,1268000000.0,1356000000.0,0.152,1356000000.0,1268000000.0,1190000000.0,1.77,1.74,1.77,22329000000.0,,22329000000.0,31554770826.0,7.0,6.346,1281000000.0,3.018,1.0,3396000000.0,0.38,1219000000.0,78000000.0,111401000000.0,,0.0,80721000000.0,,,85981000000.0,,,26597770826.0,-4000000.0,0.0,-877000000.0,-651000000.0,-122000000.0,-2331000000.0,963000000.0,1046000000.0,1364000000.0,0.0,781000000.0,750000000.0,750000000.0,0.0,0.0,0.084,1033000000.0,2363000000.0,0.0,0.158,1.191,9.633,9.804,1012000000.0,31000000.0,61.37,0.754,0.739,13159000000.0,37164000000.0,8936000000.0,8936000000.0,0.0,,,,,0.0,1030000000.0,1.0,433400209.0,424500000,431200000.0,21.051,107091000000.0,0.0,409000000.0,1076000000.0,252.276,
28,ALL,MRQ,2014-06-30,2014-06-30,2014-06-30,2021-08-04,1566000000.0,110233000000.0,,,,,52.664,-69000000.0,889000000.0,889000000.0,5767000000.0,645000000.0,,3.82,5846000000.0,,,5846000000.0,11217000000.0,91000000.0,23472000000.0,0.018,0.28,1039000000.0,1130000000.0,0.128,1130000000.0,1039000000.0,955000000.0,1.41,1.39,1.41,22872000000.0,,22872000000.0,30513960093.0,8.0,7.139,658000000.0,1.515,1.0,3093000000.0,0.349,1219000000.0,84000000.0,113971000000.0,,0.0,82563000000.0,,,87361000000.0,,,25483960093.0,-281000000.0,380000000.0,-70000000.0,-354000000.0,-125000000.0,-895000000.0,-355000000.0,-666000000.0,727000000.0,0.0,645000000.0,614000000.0,614000000.0,0.0,0.0,0.069,1039000000.0,2054000000.0,0.0,0.199,1.114,10.98,11.38,990000000.0,31000000.0,58.72,0.732,0.733,12884000000.0,36532000000.0,8860000000.0,8860000000.0,0.0,,,,,0.0,1035000000.0,1.0,433991146.0,434300000,440700000.0,20.401,109014000000.0,0.0,310000000.0,1146000000.0,251.011,
29,ALL,MRQ,2014-03-31,2014-03-31,2014-03-31,2021-08-04,1486000000.0,124291000000.0,,,,,49.518,-55000000.0,1170000000.0,1170000000.0,5554000000.0,600000000.0,,4.623,6200000000.0,,,6200000000.0,10821000000.0,98000000.0,23989000000.0,0.018,0.28,936000000.0,1034000000.0,0.119,1034000000.0,936000000.0,849000000.0,1.31,1.3,1.31,22105000000.0,,22105000000.0,30822886881.0,9.0,7.803,419000000.0,0.939,1.0,3130000000.0,0.36,1243000000.0,87000000.0,128078000000.0,,0.0,81690000000.0,,,102186000000.0,,,25296886881.0,495000000.0,-2000000.0,-1038000000.0,-1000000.0,-113000000.0,-1113000000.0,1376000000.0,1433000000.0,474000000.0,0.0,600000000.0,587000000.0,587000000.0,0.0,0.0,0.068,1041000000.0,2089000000.0,0.0,0.214,1.144,11.815,12.09,1024000000.0,13000000.0,56.58,0.728,0.727,12783000000.0,36041000000.0,8684000000.0,8684000000.0,0.0,,,,,0.0,1035000000.0,1.0,447099450.0,446400000,452800000.0,19.453,123048000000.0,0.0,249000000.0,886000000.0,275.645,
30,ALL,MRQ,2013-12-31,2013-12-31,2013-12-31,2021-08-04,1046000000.0,123520000000.0,,,,,47.417,-91000000.0,675000000.0,675000000.0,5078000000.0,821000000.0,,4.75,6201000000.0,,,6201000000.0,10932000000.0,122000000.0,24304000000.0,0.018,0.25,1330000000.0,1452000000.0,0.165,1452000000.0,1330000000.0,1243000000.0,1.77,1.74,1.77,21480000000.0,,21480000000.0,29955434572.0,8.0,7.251,1080000000.0,2.384,1.0,3714000000.0,0.422,1243000000.0,87000000.0,127803000000.0,,0.0,81155000000.0,,,102040000000.0,,,24807434572.0,-394000000.0,0.0,-387000000.0,-18000000.0,-115000000.0,-925000000.0,-653000000.0,-562000000.0,1171000000.0,0.0,821000000.0,810000000.0,810000000.0,0.0,0.0,0.092,1080000000.0,2634000000.0,0.0,0.141,1.155,10.962,11.199,1024000000.0,11000000.0,54.54,0.719,0.734,12858000000.0,35580000000.0,8792000000.0,8792000000.0,0.0,,,,,0.0,1069000000.0,1.0,454848452.0,453000000,459800000.0,19.408,122277000000.0,0.0,422000000.0,635000000.0,269.927,
31,ALL,MRQ,2013-09-30,2013-09-30,2013-09-30,2021-08-04,810000000.0,122285000000.0,,,,,45.066,-73000000.0,1069000000.0,1069000000.0,5242000000.0,316000000.0,,4.885,6217000000.0,,,6217000000.0,11016000000.0,66000000.0,24476000000.0,0.019,0.25,592000000.0,658000000.0,0.078,658000000.0,592000000.0,509000000.0,0.67,0.66,0.67,20780000000.0,,20780000000.0,28768270872.0,9.0,8.436,1445000000.0,3.134,1.0,3223000000.0,0.381,1243000000.0,83000000.0,126190000000.0,,0.0,80483000000.0,,,101505000000.0,,,23427270872.0,435000000.0,-24000000.0,-440000000.0,221000000.0,-118000000.0,-651000000.0,-419000000.0,-322000000.0,1518000000.0,0.0,316000000.0,310000000.0,310000000.0,0.0,0.0,0.037,1039000000.0,2184000000.0,0.0,0.373,1.127,12.684,12.928,993000000.0,6000000.0,50.55,0.684,0.68,12279000000.0,34885000000.0,8465000000.0,8465000000.0,0.0,,,,,0.0,1026000000.0,1.0,463447495.0,461100000,467100000.0,18.358,121042000000.0,0.0,193000000.0,440000000.0,262.507,
32,ALL,MRQ,2013-06-30,2013-06-30,2013-06-30,2021-08-04,50000000.0,121480000000.0,,,,,42.428,17000000.0,634000000.0,634000000.0,5523000000.0,434000000.0,,5.114,5975000000.0,,,5975000000.0,10510000000.0,93000000.0,36357000000.0,0.02,0.25,713000000.0,806000000.0,0.092,806000000.0,713000000.0,614000000.0,0.93,0.92,0.93,19869000000.0,,19869000000.0,28287141533.0,8.0,7.098,830000000.0,1.772,1.0,3264000000.0,0.371,1239000000.0,99000000.0,125582000000.0,,0.0,92315000000.0,,,101611000000.0,,,22551141533.0,-186000000.0,0.0,-115000000.0,-1051000000.0,-119000000.0,-3515000000.0,2516000000.0,2499000000.0,813000000.0,0.0,434000000.0,434000000.0,434000000.0,0.0,0.0,0.049,981000000.0,2283000000.0,0.0,0.269,1.135,9.978,10.173,971000000.0,0.0,48.12,0.665,0.664,13462000000.0,34691000000.0,8787000000.0,8787000000.0,0.0,,,,,0.0,961000000.0,1.0,468643839.0,468300000,473800000.0,18.764,120241000000.0,0.0,180000000.0,250000000.0,256.761,
33,ALL,MRQ,2013-03-31,2013-03-31,2013-03-31,2021-08-04,1279000000.0,126612000000.0,,,,,43.372,-60000000.0,820000000.0,820000000.0,5263000000.0,709000000.0,,5.141,6556000000.0,,,6556000000.0,10218000000.0,87000000.0,38807000000.0,0.019,0.25,1128000000.0,1215000000.0,0.144,1215000000.0,1128000000.0,1030000000.0,1.49,1.47,1.49,20619000000.0,,20619000000.0,28679287880.0,8.0,7.208,680000000.0,1.43,1.0,3200000000.0,0.378,1239000000.0,98000000.0,131109000000.0,,0.0,97382000000.0,,,105993000000.0,,,23428287880.0,14000000.0,0.0,-722000000.0,492000000.0,0.0,-862000000.0,136000000.0,196000000.0,740000000.0,0.0,709000000.0,709000000.0,709000000.0,0.0,0.0,0.084,972000000.0,2228000000.0,0.0,0.168,1.136,10.417,10.53,998000000.0,0.0,49.07,0.701,0.698,13382000000.0,34375000000.0,8463000000.0,8463000000.0,0.0,,,,,0.0,946000000.0,1.0,477446258.0,475400000,480800000.0,17.802,125373000000.0,0.0,321000000.0,782000000.0,263.721,
34,ALL,MRQ,2012-12-31,2012-12-31,2012-12-31,2021-08-04,1175000000.0,126947000000.0,,,,,42.6,-109000000.0,806000000.0,806000000.0,5863000000.0,394000000.0,,5.168,6057000000.0,,,6057000000.0,10375000000.0,95000000.0,39319000000.0,0.022,0.22,636000000.0,731000000.0,0.086,731000000.0,636000000.0,544000000.0,0.82,0.82,0.82,20580000000.0,,20580000000.0,24817110000.0,7.0,6.102,327000000.0,0.677,1.0,2684000000.0,0.314,1240000000.0,92000000.0,130958000000.0,,0.0,97278000000.0,,,106367000000.0,,,19402110000.0,164000000.0,0.0,-159000000.0,-1000000.0,-212000000.0,-1356000000.0,1084000000.0,1193000000.0,436000000.0,0.0,394000000.0,394000000.0,394000000.0,0.0,0.0,0.046,956000000.0,1728000000.0,0.0,0.268,0.943,8.414,8.529,989000000.0,0.0,40.17,0.582,0.59,13818000000.0,33783000000.0,8547000000.0,8547000000.0,0.0,,,,,0.0,947000000.0,1.0,483000000.0,483100000,487900000.0,17.692,125707000000.0,0.0,150000000.0,597000000.0,260.209,
35,ALL,MRQ,2012-09-30,2012-09-30,2012-09-30,2021-08-04,1587000000.0,126988000000.0,,,,,42.883,-60000000.0,642000000.0,642000000.0,4961000000.0,723000000.0,,5.094,6057000000.0,,,6057000000.0,10494000000.0,92000000.0,40110000000.0,0.022,0.22,1141000000.0,1233000000.0,0.152,1233000000.0,1141000000.0,1048000000.0,1.49,1.48,1.49,20837000000.0,,20837000000.0,24694940606.0,6.0,5.41,784000000.0,1.614,1.0,3167000000.0,0.39,1242000000.0,93000000.0,131161000000.0,,0.0,98516000000.0,,,106151000000.0,,,19207940606.0,71000000.0,13000000.0,-112000000.0,0.0,-107000000.0,-918000000.0,145000000.0,192000000.0,844000000.0,0.0,723000000.0,723000000.0,723000000.0,0.0,0.0,0.089,1025000000.0,2142000000.0,0.0,0.148,0.922,7.32,7.53,928000000.0,0.0,39.61,0.582,0.583,12386000000.0,33496000000.0,8128000000.0,8128000000.0,0.0,,,,,0.0,1016000000.0,1.0,484926549.0,485900000,489900000.0,16.728,125746000000.0,0.0,325000000.0,689000000.0,258.79,
36,ALL,MRQ,2012-06-30,2012-06-30,2012-06-30,2021-08-04,745000000.0,125535000000.0,,,,,39.696,-65000000.0,571000000.0,571000000.0,5638000000.0,423000000.0,,5.446,6058000000.0,,,6058000000.0,10085000000.0,105000000.0,40832000000.0,0.025,0.22,695000000.0,800000000.0,0.097,800000000.0,695000000.0,602000000.0,0.86,0.86,0.86,19475000000.0,,19475000000.0,22722842121.0,7.0,6.136,902000000.0,1.839,1.0,2640000000.0,0.319,1242000000.0,93000000.0,129780000000.0,,0.0,97320000000.0,,,106060000000.0,,,17241842121.0,-6000000.0,1000000.0,-263000000.0,-1000000.0,-109000000.0,-1246000000.0,273000000.0,337000000.0,967000000.0,0.0,423000000.0,423000000.0,423000000.0,0.0,0.0,0.051,952000000.0,1688000000.0,0.0,0.256,0.885,8.305,8.538,909000000.0,0.0,35.09,0.521,0.52,12049000000.0,32880000000.0,8278000000.0,8278000000.0,0.0,,,,,0.0,942000000.0,1.0,491360562.0,490600000,493800000.0,16.873,124293000000.0,0.0,179000000.0,53000000.0,253.349,
37,ALL,MRQ,2012-03-31,2012-03-31,2012-03-31,2021-08-04,532000000.0,125933000000.0,,,,,38.464,-51000000.0,577000000.0,577000000.0,5156000000.0,766000000.0,,5.564,6058000000.0,,,6058000000.0,9888000000.0,96000000.0,41603000000.0,0.026,0.22,1207000000.0,1303000000.0,0.156,1303000000.0,1207000000.0,1112000000.0,1.54,1.53,1.54,19182000000.0,,19182000000.0,21535840916.0,13.0,10.682,756000000.0,1.516,1.0,3206000000.0,0.383,1242000000.0,95000000.0,130172000000.0,,0.0,97009000000.0,,,106723000000.0,,,16403840916.0,-199000000.0,-1000000.0,-294000000.0,143000000.0,-106000000.0,-1085000000.0,79000000.0,131000000.0,807000000.0,0.0,766000000.0,766000000.0,766000000.0,0.0,0.0,0.092,985000000.0,2221000000.0,0.0,0.143,0.855,15.942,15.981,912000000.0,0.0,32.92,0.498,0.499,12026000000.0,32565000000.0,8362000000.0,8362000000.0,0.0,,,,,0.0,979000000.0,1.0,498294074.0,498700000,501500000.0,16.768,124691000000.0,201000000.0,346000000.0,0.0,250.032,
38,ALL,MRQ,2011-12-31,2011-12-31,2011-12-31,2021-08-04,29000000.0,125193000000.0,,,,,35.081,-86000000.0,776000000.0,776000000.0,5033000000.0,712000000.0,,5.84,5908000000.0,,,5908000000.0,10057000000.0,103000000.0,42332000000.0,0.031,0.21,1126000000.0,1229000000.0,0.149,1229000000.0,1126000000.0,1034000000.0,1.37,1.36,1.37,18298000000.0,,18298000000.0,18732701774.0,14.0,11.871,172000000.0,0.33,1.0,3203000000.0,0.389,1242000000.0,92000000.0,129083000000.0,,0.0,95618000000.0,,,106867000000.0,,,13851701774.0,-250000000.0,-917000000.0,-94000000.0,1000000.0,-108000000.0,-1864000000.0,1356000000.0,2359000000.0,258000000.0,0.0,712000000.0,712000000.0,712000000.0,0.0,0.0,0.086,997000000.0,2206000000.0,0.0,0.153,0.757,17.601,18.152,914000000.0,0.0,27.41,0.424,0.437,12171000000.0,31909000000.0,8236000000.0,8236000000.0,0.0,,,,,0.0,981000000.0,1.0,505352126.0,521600000,523700000.0,15.79,123951000000.0,722000000.0,322000000.0,0.0,237.636,
39,ALL,MRQ,2011-09-30,2011-09-30,2011-09-30,2021-08-04,-54000000.0,126959000000.0,,,,,35.352,-54000000.0,1026000000.0,1026000000.0,5992000000.0,175000000.0,,6.013,5907000000.0,,,5907000000.0,10002000000.0,60000000.0,43776000000.0,0.035,0.21,311000000.0,371000000.0,0.045,371000000.0,311000000.0,219000000.0,0.34,0.34,0.34,18100000000.0,,18100000000.0,17452452096.0,28.0,21.362,357000000.0,0.697,1.0,2250000000.0,0.273,874000000.0,92000000.0,130966000000.0,,0.0,97525000000.0,,,108830000000.0,,,12238452096.0,333000000.0,2000000.0,-313000000.0,0.0,-109000000.0,-1868000000.0,1790000000.0,1842000000.0,411000000.0,0.0,175000000.0,175000000.0,175000000.0,0.0,0.0,0.021,1054000000.0,1196000000.0,0.0,0.618,0.676,34.572,35.894,908000000.0,0.0,23.69,0.377,0.373,11708000000.0,31704000000.0,8242000000.0,8242000000.0,0.0,,,,,0.0,1046000000.0,1.0,516608362.0,512000000,514200000.0,16.098,126085000000.0,792000000.0,44000000.0,0.0,246.26,
40,ALL,MRQ,2011-06-30,2011-06-30,2011-06-30,2021-08-04,373000000.0,129023000000.0,,,,,35.871,-58000000.0,693000000.0,693000000.0,7194000000.0,-624000000.0,,5.875,5907000000.0,,,5907000000.0,9727000000.0,58000000.0,45078000000.0,0.027,0.21,-945000000.0,-887000000.0,-0.11,-887000000.0,-945000000.0,-1036000000.0,-1.19,-1.19,-1.19,18764000000.0,,18764000000.0,21232998048.0,24.0,20.107,476000000.0,0.91,1.0,887000000.0,0.11,874000000.0,91000000.0,133363000000.0,,0.0,99289000000.0,,,110230000000.0,,,15965998048.0,52000000.0,0.0,-231000000.0,-1000000.0,-111000000.0,-2212000000.0,1730000000.0,1788000000.0,534000000.0,0.0,-624000000.0,-624000000.0,-624000000.0,0.0,0.0,-0.077,971000000.0,-84000000.0,0.0,-0.176,0.851,29.242,30.53,914000000.0,0.0,30.53,0.496,0.496,11315000000.0,31647000000.0,8081000000.0,8081000000.0,0.0,,,,,0.0,960000000.0,1.0,522960958.0,523100000,523100000.0,15.448,128149000000.0,525000000.0,-412000000.0,0.0,244.98,
41,ALL,MRQ,2011-03-31,2011-03-31,2011-03-31,2021-08-04,-15000000.0,130425000000.0,,,,,36.369,-48000000.0,641000000.0,641000000.0,5348000000.0,524000000.0,,5.752,5908000000.0,,,5908000000.0,9563000000.0,31000000.0,46834000000.0,0.025,0.21,834000000.0,865000000.0,0.107,865000000.0,834000000.0,742000000.0,0.99,0.98,0.99,19312000000.0,,19312000000.0,22182091299.0,11.0,10.033,678000000.0,1.277,1.0,2747000000.0,0.339,874000000.0,92000000.0,134818000000.0,,0.0,99611000000.0,,,111084000000.0,,,16836091299.0,79000000.0,-1000000.0,-296000000.0,0.0,-107000000.0,-1932000000.0,1285000000.0,1334000000.0,726000000.0,0.0,524000000.0,524000000.0,524000000.0,0.0,0.0,0.065,993000000.0,1754000000.0,0.0,0.212,0.872,12.803,12.919,912000000.0,0.0,31.78,0.53,0.532,11431000000.0,32377000000.0,8095000000.0,8095000000.0,0.0,,,,,0.0,984000000.0,1.0,529770022.0,531000000,533600000.0,15.245,129551000000.0,612000000.0,218000000.0,0.0,243.976,
42,ALL,MRQ,2010-12-31,2010-12-31,2010-12-31,2021-08-04,-184000000.0,130874000000.0,,,,,35.254,-48000000.0,562000000.0,562000000.0,5734000000.0,279000000.0,,5.881,5908000000.0,,,5908000000.0,9800000000.0,39000000.0,48195000000.0,0.025,0.2,429000000.0,468000000.0,0.058,468000000.0,429000000.0,337000000.0,0.52,0.52,0.52,19016000000.0,,19016000000.0,22566303848.0,15.0,14.456,618000000.0,1.146,1.0,2353000000.0,0.291,874000000.0,92000000.0,135346000000.0,,0.0,100483000000.0,,,111830000000.0,,,17157303848.0,62000000.0,0.0,-145000000.0,-1000000.0,-108000000.0,-1265000000.0,661000000.0,709000000.0,666000000.0,0.0,279000000.0,279000000.0,279000000.0,0.0,0.0,0.034,835000000.0,1518000000.0,0.0,0.385,0.902,18.833,18.864,921000000.0,0.0,31.88,0.546,0.549,11391000000.0,31969000000.0,8087000000.0,8087000000.0,0.0,,,,,0.0,838000000.0,1.0,538183935.0,539400000,541900000.0,14.993,130000000000.0,784000000.0,58000000.0,0.0,241.009,
43,ALL,MRQ,2010-09-30,2010-09-30,2010-09-30,2021-08-04,119000000.0,132534000000.0,,,,,35.633,-45000000.0,500000000.0,500000000.0,5493000000.0,367000000.0,,5.875,5909000000.0,,,5909000000.0,10001000000.0,29000000.0,48936000000.0,0.025,0.2,581000000.0,610000000.0,0.077,610000000.0,581000000.0,490000000.0,0.68,0.68,0.68,19274000000.0,,19274000000.0,22174066286.0,12.0,11.776,884000000.0,1.634,1.0,2415000000.0,0.305,874000000.0,91000000.0,137069000000.0,,0.0,102214000000.0,,,113232000000.0,,,16976066286.0,-211000000.0,7000000.0,1000000.0,0.0,-107000000.0,-1058000000.0,-82000000.0,-44000000.0,929000000.0,0.0,367000000.0,367000000.0,367000000.0,0.0,0.0,0.046,1015000000.0,1400000000.0,0.0,0.294,0.881,14.762,14.812,922000000.0,0.0,31.55,0.541,0.544,11578000000.0,31781000000.0,7908000000.0,7908000000.0,0.0,,,,,0.0,1006000000.0,1.0,538068662.0,540900000,543000000.0,14.62,131660000000.0,670000000.0,123000000.0,0.0,243.409,
44,ALL,MRQ,2010-06-30,2010-06-30,2010-06-30,2021-08-04,-873000000.0,130810000000.0,,,,,33.362,-45000000.0,711000000.0,711000000.0,5649000000.0,145000000.0,,6.25,5909000000.0,,,5909000000.0,9684000000.0,10000000.0,49443000000.0,0.028,0.2,258000000.0,268000000.0,0.035,268000000.0,258000000.0,166000000.0,0.27,0.27,0.27,18039000000.0,,18039000000.0,20659960689.0,13.0,12.888,1085000000.0,2.007,1.0,2007000000.0,0.262,874000000.0,92000000.0,135134000000.0,,0.0,99943000000.0,,,112743000000.0,,,15453960689.0,7000000.0,0.0,11000000.0,-1000000.0,-108000000.0,-1913000000.0,790000000.0,835000000.0,1130000000.0,0.0,145000000.0,145000000.0,145000000.0,0.0,0.0,0.019,962000000.0,1045000000.0,0.0,0.741,0.857,15.392,15.446,935000000.0,0.0,28.73,0.498,0.5,11367000000.0,31552000000.0,7656000000.0,7656000000.0,0.0,,,,,0.0,949000000.0,1.0,537903261.0,540700000,543000000.0,14.159,129936000000.0,1301000000.0,21000000.0,0.0,240.311,
45,ALL,MRQ,2010-03-31,2010-03-31,2010-03-31,2021-08-04,-1289000000.0,132386000000.0,,,,,32.488,-24000000.0,704000000.0,704000000.0,5697000000.0,120000000.0,,6.537,5910000000.0,,,5910000000.0,9575000000.0,16000000.0,51027000000.0,0.025,0.2,199000000.0,215000000.0,0.028,215000000.0,199000000.0,107000000.0,0.22,0.22,0.22,17560000000.0,,17560000000.0,22634617088.0,12.0,12.033,940000000.0,1.739,1.0,2052000000.0,0.265,874000000.0,92000000.0,136718000000.0,,0.0,100223000000.0,,,114798000000.0,,,17336617088.0,92000000.0,0.0,9000000.0,0.0,-107000000.0,-1835000000.0,963000000.0,987000000.0,964000000.0,0.0,120000000.0,120000000.0,120000000.0,0.0,0.0,0.015,1025000000.0,1027000000.0,0.0,0.909,0.987,13.892,13.987,954000000.0,0.0,32.31,0.544,0.548,11238000000.0,31514000000.0,7749000000.0,7749000000.0,0.0,,,,,0.0,1014000000.0,1.0,536571250.0,540500000,541800000.0,14.337,131512000000.0,1440000000.0,-13000000.0,0.0,243.315,
46,ALL,MRQ,2009-12-31,2009-12-31,2009-12-31,2021-08-04,-2106000000.0,132652000000.0,,,,,30.917,-46000000.0,612000000.0,612000000.0,5382000000.0,518000000.0,,6.945,5910000000.0,,,5910000000.0,9822000000.0,-4000000.0,52582000000.0,0.027,0.2,794000000.0,790000000.0,0.098,790000000.0,794000000.0,693000000.0,0.96,0.96,0.96,16692000000.0,,16692000000.0,22049817655.0,13.0,14.235,740000000.0,1.371,1.0,2676000000.0,0.332,875000000.0,101000000.0,137075000000.0,,0.0,99833000000.0,,,115931000000.0,,,16115817655.0,-115000000.0,0.0,0.0,-751000000.0,-108000000.0,-1880000000.0,979000000.0,1025000000.0,786000000.0,0.0,518000000.0,518000000.0,518000000.0,0.0,0.0,0.064,1123000000.0,1553000000.0,0.0,0.208,0.965,18.871,19.013,990000000.0,0.0,30.04,0.503,0.506,11194000000.0,31492000000.0,8058000000.0,8058000000.0,0.0,,,,,0.0,1105000000.0,1.0,536478617.0,539900000,542100000.0,14.925,131777000000.0,1870000000.0,175000000.0,0.0,244.077,
47,ALL,MRQ,2009-09-30,2009-09-30,2009-09-30,2021-08-04,-868000000.0,135504000000.0,,,,,32.423,-39000000.0,727000000.0,727000000.0,5451000000.0,221000000.0,,6.739,6661000000.0,,,6661000000.0,10069000000.0,-1000000.0,53336000000.0,0.033,0.2,331000000.0,330000000.0,0.044,330000000.0,331000000.0,225000000.0,0.41,0.41,0.41,17505000000.0,,17505000000.0,22415180749.0,-25.0,-20.659,994000000.0,1.841,1.0,2131000000.0,0.281,874000000.0,106000000.0,140564000000.0,,0.0,100626000000.0,,,117970000000.0,,,16424180749.0,60000000.0,0.0,2000000.0,3000000.0,-107000000.0,-1052000000.0,79000000.0,118000000.0,1033000000.0,0.0,221000000.0,221000000.0,221000000.0,0.0,0.0,0.029,1058000000.0,1073000000.0,0.0,0.488,0.938,-20.711,-21.264,1013000000.0,0.0,30.62,0.538,0.542,11430000000.0,31083000000.0,7582000000.0,7582000000.0,0.0,,,,,0.0,1023000000.0,1.0,536387353.0,539900000,541500000.0,14.043,134630000000.0,1520000000.0,4000000.0,0.0,249.361,
48,ALL,MRQ,2009-06-30,2009-06-30,2009-06-30,2021-08-04,-3172000000.0,133091000000.0,,,,,27.914,-51000000.0,667000000.0,667000000.0,5970000000.0,389000000.0,,7.831,6658000000.0,,,6658000000.0,9755000000.0,-12000000.0,53999000000.0,0.05,0.2,558000000.0,546000000.0,0.064,546000000.0,558000000.0,461000000.0,0.72,0.72,0.72,15068000000.0,,15068000000.0,17909278013.0,-7.0,-5.976,909000000.0,1.684,1.0,2520000000.0,0.297,874000000.0,97000000.0,138208000000.0,,0.0,96458000000.0,,,117993000000.0,,,13087278013.0,-170000000.0,0.0,0.0,999000000.0,-107000000.0,-2163000000.0,1033000000.0,1084000000.0,960000000.0,0.0,389000000.0,389000000.0,389000000.0,0.0,0.0,0.046,1261000000.0,1259000000.0,0.0,0.278,0.869,-6.756,-6.873,1031000000.0,0.0,24.4,0.432,0.435,11415000000.0,30969000000.0,8490000000.0,8490000000.0,0.0,,,,,0.0,1229000000.0,1.0,536363853.0,539800000,540600000.0,15.728,132217000000.0,2710000000.0,72000000.0,0.0,244.937,
49,ALL,MRQ,2009-03-31,2009-03-31,2009-03-31,2021-08-04,-4839000000.0,130371000000.0,,,,,22.717,-53000000.0,837000000.0,837000000.0,5686000000.0,-274000000.0,,9.647,5659000000.0,,,5659000000.0,9685000000.0,-74000000.0,56621000000.0,0.075,0.2,-43000000.0,-117000000.0,-0.015,-117000000.0,-43000000.0,-131000000.0,-0.51,-0.51,-0.51,12242000000.0,,12242000000.0,15509200259.0,-5.0,-4.281,1469000000.0,2.726,1.0,2197000000.0,0.279,874000000.0,88000000.0,134319000000.0,,0.0,93873000000.0,,,118100000000.0,,,10265200259.0,422000000.0,12000000.0,-3000000.0,0.0,-220000000.0,-2449000000.0,1349000000.0,1390000000.0,1522000000.0,0.0,-274000000.0,-274000000.0,-274000000.0,0.0,0.0,-0.035,1442000000.0,755000000.0,0.0,-0.392,0.839,-4.461,-4.538,1044000000.0,0.0,19.15,0.352,0.354,11417000000.0,29825000000.0,7883000000.0,7883000000.0,0.0,,,,,0.0,1397000000.0,1.0,536041789.0,538900000,538900000.0,14.628,129497000000.0,3486000000.0,143000000.0,0.0,240.299,
50,ALL,MRQ,2008-12-31,2008-12-31,2008-12-31,2021-08-04,-4801000000.0,134798000000.0,,,,,23.479,-138000000.0,415000000.0,415000000.0,5681000000.0,-1129000000.0,,9.661,5659000000.0,,,5659000000.0,10024000000.0,-109000000.0,58413000000.0,0.05,0.41,-1735000000.0,-1844000000.0,-0.281,-1844000000.0,-1735000000.0,-1822000000.0,-2.06,-2.06,-2.06,12641000000.0,,12641000000.0,22862114760.0,-9.0,-7.496,216000000.0,0.401,1.0,888000000.0,0.135,874000000.0,87000000.0,139168000000.0,,0.0,95998000000.0,,,122125000000.0,,,17558114760.0,60000000.0,0.0,-3000000.0,0.0,-221000000.0,-1964000000.0,1670000000.0,1808000000.0,354000000.0,0.0,-1129000000.0,-1129000000.0,-1129000000.0,0.0,0.0,-0.172,1684000000.0,-796000000.0,0.0,-0.199,1.389,-10.457,-10.706,1059000000.0,0.0,32.76,0.597,0.611,11245000000.0,30207000000.0,6569000000.0,6569000000.0,0.0,,,,,0.0,1665000000.0,1.0,535961989.0,538400000,538400000.0,12.201,133924000000.0,3794000000.0,-693000000.0,0.0,248.744,
51,ALL,MRQ,2008-09-30,2008-09-30,2008-09-30,2021-08-04,-1842000000.0,143574000000.0,,,,,31.228,-55000000.0,355000000.0,355000000.0,6975000000.0,-923000000.0,,7.476,5659000000.0,,,5659000000.0,10446000000.0,-126000000.0,59320000000.0,0.035,0.41,-1456000000.0,-1582000000.0,-0.216,-1582000000.0,-1456000000.0,-1544000000.0,-1.7,-1.7,-1.7,16938000000.0,,16938000000.0,29884809883.0,161.0,-200.569,1202000000.0,2.216,1.0,345000000.0,0.047,880000000.0,88000000.0,147998000000.0,,0.0,104983000000.0,,,126636000000.0,,,24974809883.0,-393000000.0,0.0,-435000000.0,1000000.0,-224000000.0,-4149000000.0,2499000000.0,2554000000.0,1257000000.0,0.0,-923000000.0,-923000000.0,-923000000.0,0.0,0.0,-0.126,990000000.0,-645000000.0,0.0,-0.241,1.474,118.928,144.125,1004000000.0,0.0,46.12,0.785,0.786,11212000000.0,31557000000.0,7320000000.0,7320000000.0,0.0,,,,,0.0,980000000.0,1.0,541517994.0,542400000,542400000.0,13.496,142694000000.0,2054000000.0,-621000000.0,0.0,263.079,
52,ALL,MRQ,2008-06-30,2008-06-30,2008-06-30,2021-08-04,-628000000.0,150833000000.0,,,,,35.718,-46000000.0,748000000.0,748000000.0,5734000000.0,25000000.0,,6.653,5658000000.0,,,5658000000.0,10266000000.0,-82000000.0,62419000000.0,0.035,0.41,2000000.0,-80000000.0,-0.011,-80000000.0,2000000.0,-86000000.0,0.05,0.05,0.05,19709000000.0,,19709000000.0,30381642915.0,10.0,10.72,1133000000.0,2.053,1.0,1684000000.0,0.227,875000000.0,88000000.0,154868000000.0,,0.0,113603000000.0,,,131124000000.0,,,25109642915.0,378000000.0,-120000000.0,-425000000.0,16000000.0,-228000000.0,-310000000.0,-491000000.0,-325000000.0,1179000000.0,0.0,25000000.0,25000000.0,25000000.0,0.0,0.0,0.003,954000000.0,730000000.0,0.0,8.2,1.274,11.895,12.255,1017000000.0,0.0,45.59,0.75,0.751,10704000000.0,32701000000.0,7418000000.0,7418000000.0,0.0,,,,,0.0,959000000.0,1.0,550770847.0,551800000,553800000.0,13.443,149958000000.0,1333000000.0,-111000000.0,0.0,271.762,
53,ALL,MRQ,2008-03-31,2008-03-31,2008-03-31,2021-08-04,-637000000.0,152210000000.0,,,,,36.204,-52000000.0,370000000.0,370000000.0,5697000000.0,348000000.0,,6.497,5642000000.0,,,5642000000.0,10112000000.0,-59000000.0,61727000000.0,0.032,0.41,515000000.0,456000000.0,0.056,456000000.0,515000000.0,427000000.0,0.62,0.62,0.62,20303000000.0,,20303000000.0,32151798513.0,6.0,6.463,1068000000.0,1.904,1.0,2390000000.0,0.296,825000000.0,88000000.0,156657000000.0,,0.0,115470000000.0,,,131907000000.0,,,26933798513.0,-52000000.0,0.0,-427000000.0,2000000.0,-216000000.0,-1282000000.0,110000000.0,162000000.0,1120000000.0,0.0,348000000.0,348000000.0,348000000.0,0.0,0.0,0.043,1074000000.0,1316000000.0,0.0,0.661,1.327,7.72,8.01,1025000000.0,0.0,48.06,0.758,0.759,10679000000.0,32902000000.0,8087000000.0,8087000000.0,0.0,,,,,0.0,1075000000.0,1.0,560420277.0,560800000,562800000.0,14.42,151385000000.0,1067000000.0,79000000.0,0.0,269.945,
54,ALL,MRQ,2007-12-31,2007-12-31,2007-12-31,2021-08-04,623000000.0,156408000000.0,,,,,37.982,-62000000.0,422000000.0,422000000.0,5802000000.0,760000000.0,,6.158,5640000000.0,,,5640000000.0,10409000000.0,-68000000.0,61975000000.0,0.029,0.38,1125000000.0,1057000000.0,0.118,1057000000.0,1125000000.0,1037000000.0,1.35,1.35,1.35,21851000000.0,,21851000000.0,35141520392.0,5.0,5.222,1253000000.0,2.178,1.0,3189000000.0,0.355,825000000.0,88000000.0,160801000000.0,,0.0,118980000000.0,,,134557000000.0,,,29808520392.0,115000000.0,-3000000.0,-573000000.0,0.0,-221000000.0,-2004000000.0,804000000.0,869000000.0,1315000000.0,0.0,760000000.0,760000000.0,760000000.0,0.0,0.0,0.085,1189000000.0,2000000000.0,0.0,0.281,1.364,6.43,6.696,1062000000.0,0.0,52.23,0.811,0.844,10696000000.0,32796000000.0,8991000000.0,8991000000.0,0.0,,,,,0.0,1165000000.0,1.0,570716454.0,575300000,574700000.0,15.628,155583000000.0,467000000.0,277000000.0,0.0,270.438,
55,ALL,MRQ,2007-09-30,2007-09-30,2007-09-30,2021-08-04,410000000.0,159373000000.0,,,,,37.229,-62000000.0,307000000.0,307000000.0,5565000000.0,978000000.0,,6.367,5640000000.0,,,5640000000.0,10623000000.0,-75000000.0,62741000000.0,0.026,0.38,1476000000.0,1401000000.0,0.156,1401000000.0,1476000000.0,1386000000.0,1.7,1.7,1.7,21634000000.0,,21634000000.0,38711879491.0,5.0,5.184,1462000000.0,2.516,1.0,3427000000.0,0.381,825000000.0,90000000.0,163881000000.0,,0.0,121129000000.0,,,137739000000.0,,,33455879491.0,-78000000.0,6000000.0,-1186000000.0,0.0,-229000000.0,-1813000000.0,211000000.0,267000000.0,1524000000.0,0.0,978000000.0,978000000.0,978000000.0,0.0,0.0,0.109,1172000000.0,2255000000.0,0.0,0.224,1.546,6.574,6.816,1060000000.0,0.0,57.19,0.907,0.901,10846000000.0,32252000000.0,8992000000.0,8992000000.0,0.0,,,,,0.0,1170000000.0,1.0,584995270.0,581100000,585100000.0,15.474,158548000000.0,528000000.0,408000000.0,0.0,272.841,
56,ALL,MRQ,2007-06-30,2007-06-30,2007-06-30,2021-08-04,427000000.0,160537000000.0,,,,,35.689,-72000000.0,385000000.0,385000000.0,5376000000.0,1403000000.0,,6.446,5641000000.0,,,5641000000.0,10346000000.0,-66000000.0,62616000000.0,0.024,0.38,2127000000.0,2061000000.0,0.218,2061000000.0,2127000000.0,2044000000.0,2.33,2.3,2.33,21560000000.0,,21560000000.0,41530670078.0,5.0,5.368,994000000.0,1.645,1.0,4079000000.0,0.431,825000000.0,83000000.0,164968000000.0,,0.0,122267000000.0,,,138977000000.0,,,37361670078.0,-86000000.0,0.0,-1049000000.0,987000000.0,-233000000.0,-606000000.0,-546000000.0,-474000000.0,1066000000.0,0.0,1403000000.0,1403000000.0,1403000000.0,0.0,0.0,0.148,1220000000.0,2859000000.0,0.0,0.163,1.733,7.091,7.211,1055000000.0,0.0,61.51,1.02,1.015,10691000000.0,31495000000.0,9455000000.0,9455000000.0,0.0,,,,,0.0,1216000000.0,1.0,607408065.0,604100000,608800000.0,15.651,159712000000.0,443000000.0,641000000.0,0.0,264.38,
57,ALL,MRQ,2007-03-31,2007-03-31,2007-03-31,2021-08-04,1018000000.0,160089000000.0,,,,,36.464,-78000000.0,471000000.0,471000000.0,5194000000.0,1495000000.0,,6.118,4640000000.0,,,4640000000.0,10221000000.0,-48000000.0,62472000000.0,0.024,0.38,2258000000.0,2210000000.0,0.237,2210000000.0,2258000000.0,2186000000.0,2.42,2.41,2.42,22491000000.0,,22491000000.0,41380419055.0,5.0,5.55,1450000000.0,2.351,1.0,4137000000.0,0.443,825000000.0,72000000.0,163433000000.0,,0.0,122382000000.0,,,137598000000.0,,,37161419055.0,28000000.0,0.0,-687000000.0,-21000000.0,-218000000.0,-916000000.0,-584000000.0,-506000000.0,1528000000.0,0.0,1495000000.0,1495000000.0,1495000000.0,0.0,0.0,0.16,1152000000.0,2985000000.0,0.0,0.157,1.652,7.325,7.406,1033000000.0,0.0,60.06,1.031,1.028,10622000000.0,30322000000.0,9331000000.0,9331000000.0,0.0,,,,,0.0,1153000000.0,1.0,618738246.0,616800000,621600000.0,15.128,159264000000.0,268000000.0,691000000.0,0.0,258.21,
58,ALL,MRQ,2006-12-31,2006-12-31,2006-12-31,2021-08-04,991000000.0,157554000000.0,,,,,35.021,-53000000.0,443000000.0,443000000.0,5243000000.0,1213000000.0,,6.212,4662000000.0,,,4662000000.0,10427000000.0,-32000000.0,62031000000.0,0.022,0.35,1828000000.0,1796000000.0,0.197,1796000000.0,1828000000.0,1732000000.0,1.94,1.93,1.94,21846000000.0,,21846000000.0,45891956431.0,6.0,6.246,1357000000.0,2.175,1.0,3859000000.0,0.424,825000000.0,96000000.0,160948000000.0,,0.0,119757000000.0,,,135708000000.0,,,40689956431.0,116000000.0,-14000000.0,-422000000.0,-820000000.0,-220000000.0,-2342000000.0,1048000000.0,1115000000.0,1410000000.0,0.0,1213000000.0,1213000000.0,1213000000.0,0.0,0.0,0.133,1246000000.0,2613000000.0,0.0,0.18,1.863,8.149,8.252,1010000000.0,0.0,65.11,1.137,1.15,10616000000.0,29070000000.0,9102000000.0,9102000000.0,0.0,,,,,0.0,1235000000.0,1.0,624941736.0,623800000,629100000.0,14.591,156729000000.0,224000000.0,519000000.0,0.0,251.249,
59,ALL,MRQ,2006-09-30,2006-09-30,2006-09-30,2021-08-04,1969000000.0,160324000000.0,,,,,35.294,5000000.0,327000000.0,327000000.0,5067000000.0,1158000000.0,,6.222,5529000000.0,,,5529000000.0,10680000000.0,-62000000.0,62395000000.0,0.022,0.35,1732000000.0,1670000000.0,0.191,1670000000.0,1732000000.0,1642000000.0,1.84,1.83,1.84,22200000000.0,,22200000000.0,44553912258.0,6.0,6.301,1583000000.0,2.517,1.0,3671000000.0,0.42,825000000.0,90000000.0,164701000000.0,,0.0,122181000000.0,,,138124000000.0,,,39488912258.0,-139000000.0,0.0,-240000000.0,-6000000.0,-221000000.0,-647000000.0,-1070000000.0,-1075000000.0,1578000000.0,0.0,1158000000.0,1158000000.0,1158000000.0,0.0,0.0,0.133,1212000000.0,2459000000.0,0.0,0.19,1.779,8.191,8.331,1004000000.0,0.0,62.73,1.108,1.107,10922000000.0,28075000000.0,8738000000.0,8738000000.0,0.0,,,,,0.0,1160000000.0,1.0,629506014.0,629000000,633900000.0,13.892,159499000000.0,0.0,484000000.0,320000000.0,253.576,
60,ALL,MRQ,2006-06-30,2006-06-30,2006-06-30,2021-08-04,1101000000.0,157094000000.0,,,,,32.495,-46000000.0,466000000.0,466000000.0,5020000000.0,1207000000.0,,6.624,5531000000.0,,,5531000000.0,10329000000.0,-58000000.0,62008000000.0,0.024,0.35,1838000000.0,1780000000.0,0.201,1780000000.0,1838000000.0,1748000000.0,1.91,1.89,1.91,20605000000.0,,20605000000.0,39997787950.0,13.0,13.717,1170000000.0,1.845,1.0,3855000000.0,0.434,825000000.0,90000000.0,161334000000.0,,0.0,118516000000.0,,,136489000000.0,,,34773787950.0,123000000.0,-812000000.0,-435000000.0,-41000000.0,-225000000.0,593000000.0,-1686000000.0,-828000000.0,1216000000.0,0.0,1207000000.0,1207000000.0,1207000000.0,0.0,0.0,0.136,1235000000.0,2620000000.0,0.0,0.183,1.688,16.442,16.435,1043000000.0,0.0,54.73,0.97,0.968,10848000000.0,27138000000.0,8875000000.0,8875000000.0,0.0,,,,,0.0,1223000000.0,1.0,635369778.0,634100000,638500000.0,13.996,156269000000.0,0.0,541000000.0,0.0,246.442,
61,ALL,MRQ,2006-03-31,2006-03-31,2006-03-31,2021-08-04,1626000000.0,156807000000.0,,,,,31.942,-67000000.0,343000000.0,343000000.0,4866000000.0,1415000000.0,,6.632,5567000000.0,,,5567000000.0,10085000000.0,-36000000.0,60253000000.0,0.025,0.35,2137000000.0,2101000000.0,0.231,2101000000.0,2137000000.0,2056000000.0,2.2,2.19,2.2,20545000000.0,,20545000000.0,38597044641.0,13.0,13.548,784000000.0,1.219,1.0,4215000000.0,0.464,825000000.0,81000000.0,161206000000.0,,0.0,118840000000.0,,,136262000000.0,,,33610044641.0,30000000.0,0.0,-434000000.0,259000000.0,-207000000.0,-610000000.0,-211000000.0,-144000000.0,851000000.0,0.0,1415000000.0,1415000000.0,1415000000.0,0.0,0.0,0.156,1246000000.0,2969000000.0,0.0,0.159,1.636,16.339,16.596,1052000000.0,0.0,52.11,0.94,0.937,9487000000.0,26152000000.0,9081000000.0,9081000000.0,0.0,,,,,0.0,1139000000.0,1.0,644982626.0,643200000,647400000.0,14.118,155982000000.0,0.0,641000000.0,165000000.0,242.509,
62,ALL,MRQ,2005-12-31,2005-12-31,2005-12-31,2021-08-04,2082000000.0,156072000000.0,,,,,31.156,-10000000.0,313000000.0,313000000.0,5494000000.0,1041000000.0,,6.732,5300000000.0,,,5300000000.0,10294000000.0,-30000000.0,60040000000.0,0.024,0.32,1550000000.0,1520000000.0,0.17,1520000000.0,1550000000.0,1471000000.0,1.58,1.56,1.58,20186000000.0,,20186000000.0,39556005461.0,16.0,16.825,326000000.0,0.503,1.0,3451000000.0,0.386,825000000.0,79000000.0,160234000000.0,,0.0,118297000000.0,,,135886000000.0,,,35072005461.0,-95000000.0,-60000000.0,44000000.0,406000000.0,-209000000.0,526000000.0,-957000000.0,-887000000.0,336000000.0,0.0,1041000000.0,1041000000.0,1041000000.0,0.0,0.0,0.116,1169000000.0,2282000000.0,0.0,0.203,1.737,19.871,20.251,1040000000.0,0.0,54.07,0.991,1.011,9919000000.0,24962000000.0,8945000000.0,8945000000.0,0.0,,,,,0.0,1164000000.0,1.0,648640752.0,647900000,653500000.0,13.806,155247000000.0,0.0,430000000.0,351000000.0,239.616,
63,ALL,MRQ,2005-09-30,2005-09-30,2005-09-30,2021-08-04,1936000000.0,156131000000.0,,,,,29.656,-56000000.0,408000000.0,408000000.0,9532000000.0,-1548000000.0,,7.04,4892000000.0,,,4892000000.0,10490000000.0,-8000000.0,58952000000.0,0.022,0.32,-2477000000.0,-2485000000.0,-0.278,-2485000000.0,-2477000000.0,-2562000000.0,-2.36,-2.36,-2.36,19419000000.0,,19419000000.0,41135832350.0,16.0,16.534,2045000000.0,3.123,1.0,-590000000.0,-0.066,825000000.0,85000000.0,159790000000.0,,0.0,119406000000.0,,,136712000000.0,,,36313832350.0,43000000.0,0.0,-734000000.0,-294000000.0,-213000000.0,-1845000000.0,-213000000.0,-157000000.0,2101000000.0,0.0,-1548000000.0,-1548000000.0,-1548000000.0,0.0,0.0,-0.173,1170000000.0,-1760000000.0,0.0,-0.136,1.87,19.461,20.708,1024000000.0,0.0,55.29,1.028,1.025,9511000000.0,24129000000.0,8942000000.0,8942000000.0,0.0,,,,,0.0,1160000000.0,1.0,656788431.0,654800000,654800000.0,13.656,155306000000.0,0.0,-1014000000.0,329000000.0,237.181,
64,ALL,MRQ,2005-06-30,2005-06-30,2005-06-30,2021-08-04,2456000000.0,154943000000.0,,,,,33.494,-73000000.0,365000000.0,365000000.0,5102000000.0,1149000000.0,,5.941,5187000000.0,,,5187000000.0,10083000000.0,-10000000.0,59182000000.0,0.02,0.32,1723000000.0,1713000000.0,0.195,1713000000.0,1723000000.0,1641000000.0,1.72,1.71,1.72,22324000000.0,,22324000000.0,44943716724.0,9.0,9.032,1705000000.0,2.558,1.0,3689000000.0,0.42,825000000.0,82000000.0,158940000000.0,,0.0,120868000000.0,,,132619000000.0,,,39927716724.0,26000000.0,-2000000.0,-806000000.0,-184000000.0,-216000000.0,109000000.0,-1861000000.0,-1786000000.0,1778000000.0,0.0,1149000000.0,1149000000.0,1149000000.0,0.0,0.0,0.131,1209000000.0,2480000000.0,0.0,0.186,1.789,11.507,11.647,1027000000.0,0.0,59.75,1.147,1.144,9092000000.0,25886000000.0,8791000000.0,8791000000.0,0.0,,,,,0.0,1201000000.0,1.0,668246305.0,666500000,672600000.0,13.19,154118000000.0,0.0,492000000.0,614000000.0,231.235,
65,ALL,MRQ,2005-03-31,2005-03-31,2005-03-31,2021-08-04,1735000000.0,151466000000.0,,,,,31.467,-57000000.0,339000000.0,339000000.0,5065000000.0,1123000000.0,,6.103,5355000000.0,,,5355000000.0,9810000000.0,-19000000.0,57494000000.0,0.021,0.32,1622000000.0,1603000000.0,0.184,1603000000.0,1622000000.0,1538000000.0,1.66,1.64,1.66,21325000000.0,,21325000000.0,41637938961.0,9.0,8.626,1333000000.0,1.967,1.0,3640000000.0,0.418,825000000.0,84000000.0,155657000000.0,,0.0,116883000000.0,,,130141000000.0,,,36717938961.0,-75000000.0,0.0,-707000000.0,26000000.0,-192000000.0,655000000.0,-2120000000.0,-2063000000.0,1390000000.0,0.0,1123000000.0,1123000000.0,1123000000.0,0.0,0.0,0.129,1214000000.0,2426000000.0,0.0,0.193,1.722,10.944,11.078,1013000000.0,0.0,54.06,1.07,1.067,9117000000.0,24950000000.0,8705000000.0,8705000000.0,0.0,,,,,0.0,1196000000.0,1.0,679207158.0,677700000,683100000.0,12.845,150641000000.0,0.0,415000000.0,256000000.0,222.283,
66,ALL,MRQ,2004-12-31,2004-12-31,2004-12-31,2021-08-04,2615000000.0,149725000000.0,,,,,31.812,-73000000.0,414000000.0,414000000.0,5165000000.0,1142000000.0,,5.861,5334000000.0,,,5334000000.0,9932000000.0,-12000000.0,55709000000.0,0.022,0.28,1669000000.0,1657000000.0,0.187,1657000000.0,1669000000.0,1584000000.0,1.65,1.64,1.65,21823000000.0,,21823000000.0,40519892501.0,9.0,8.594,566000000.0,0.825,1.0,3714000000.0,0.418,825000000.0,85000000.0,153820000000.0,,0.0,115530000000.0,,,127902000000.0,,,35490892501.0,44000000.0,40000000.0,-162000000.0,-70000000.0,-194000000.0,1037000000.0,-1632000000.0,-1599000000.0,639000000.0,0.0,1142000000.0,1142000000.0,1142000000.0,0.0,0.0,0.129,1239000000.0,2475000000.0,0.0,0.17,1.626,11.157,11.317,1018000000.0,0.0,51.72,1.046,1.06,9044000000.0,24043000000.0,8879000000.0,8879000000.0,0.0,,,,,0.0,1214000000.0,1.0,686212152.0,686000000,690700000.0,12.943,148900000000.0,0.0,442000000.0,829000000.0,217.055,
67,ALL,MRQ,2004-09-30,2004-09-30,2004-09-30,2021-08-04,2444000000.0,147772000000.0,,,,,30.397,-49000000.0,370000000.0,370000000.0,6567000000.0,56000000.0,,6.024,5399000000.0,,,5399000000.0,9983000000.0,-5000000.0,53478000000.0,0.022,0.28,8000000.0,3000000.0,0.0,3000000.0,8000000.0,-68000000.0,0.1,0.09,0.1,21038000000.0,,21038000000.0,37813488553.0,9.0,9.02,1880000000.0,2.716,1.0,1875000000.0,0.222,828000000.0,76000000.0,151973000000.0,,0.0,114295000000.0,,,126734000000.0,,,33256488553.0,75000000.0,0.0,-401000000.0,541000000.0,-196000000.0,1571000000.0,-3425000000.0,-3376000000.0,1929000000.0,0.0,56000000.0,56000000.0,56000000.0,0.0,0.0,0.007,1123000000.0,752000000.0,0.0,2.8,1.581,11.877,11.968,1001000000.0,0.0,47.99,0.998,0.997,8668000000.0,23093000000.0,8442000000.0,8442000000.0,0.0,,,,,0.0,1124000000.0,1.0,692987884.0,692100000,696800000.0,12.198,146944000000.0,0.0,-124000000.0,699000000.0,212.316,
68,ALL,MRQ,2004-06-30,2004-06-30,2004-06-30,2021-08-04,1660000000.0,139808000000.0,,,,,29.547,-44000000.0,295000000.0,295000000.0,4879000000.0,1034000000.0,,5.76,4852000000.0,,,4852000000.0,9464000000.0,5000000.0,51457000000.0,0.022,0.28,1559000000.0,1564000000.0,0.188,1564000000.0,1559000000.0,1486000000.0,1.47,1.47,1.47,20683000000.0,,20683000000.0,37088226382.0,7.0,7.203,1498000000.0,2.14,1.0,3425000000.0,0.412,878000000.0,73000000.0,143487000000.0,,0.0,107583000000.0,,,119125000000.0,,,32707226382.0,-21000000.0,0.0,-406000000.0,172000000.0,-197000000.0,1635000000.0,-3198000000.0,-3154000000.0,1542000000.0,0.0,1034000000.0,1034000000.0,1034000000.0,0.0,0.0,0.125,1088000000.0,2337000000.0,0.0,0.19,1.581,9.522,9.519,1011000000.0,0.0,46.55,0.991,0.987,8138000000.0,23231000000.0,8304000000.0,8304000000.0,0.0,,,,,0.0,1072000000.0,1.0,702625701.0,700000000,704500000.0,11.863,138930000000.0,0.0,452000000.0,358000000.0,198.471,
69,ALL,MRQ,2004-03-31,2004-03-31,2004-03-31,2021-08-04,3058000000.0,138042000000.0,,,,,30.632,-34000000.0,316000000.0,316000000.0,4851000000.0,949000000.0,,5.397,4697000000.0,,,4697000000.0,9138000000.0,8000000.0,49162000000.0,0.021,0.28,1483000000.0,1491000000.0,0.179,1491000000.0,1483000000.0,1409000000.0,1.35,1.34,1.35,21580000000.0,,21580000000.0,36748755462.0,8.0,8.392,1324000000.0,1.879,1.0,3460000000.0,0.416,929000000.0,74000000.0,141494000000.0,,0.0,107239000000.0,,,116462000000.0,,,32038755462.0,-50000000.0,0.0,-168000000.0,25000000.0,-169000000.0,1060000000.0,-2468000000.0,-2434000000.0,1358000000.0,0.0,949000000.0,949000000.0,949000000.0,0.0,0.0,0.114,1066000000.0,2394000000.0,0.0,0.207,1.485,10.719,10.671,1023000000.0,0.0,45.46,0.983,0.982,7597000000.0,22393000000.0,8311000000.0,8311000000.0,0.0,,,,,0.0,1055000000.0,1.0,704768048.0,704500000,709200000.0,11.797,137113000000.0,0.0,460000000.0,1027000000.0,194.625,
70,ALL,MRQ,2003-12-31,2003-12-31,2003-12-31,2021-08-04,2756000000.0,134142000000.0,,,,,29.232,-40000000.0,366000000.0,366000000.0,5185000000.0,761000000.0,,5.523,5076000000.0,,,5076000000.0,9187000000.0,-6000000.0,47071000000.0,0.021,0.23,1140000000.0,1134000000.0,0.137,1134000000.0,1140000000.0,1069000000.0,1.09,1.08,1.09,20565000000.0,,20565000000.0,34398773527.0,9.0,8.998,807000000.0,1.147,1.0,3077000000.0,0.372,929000000.0,71000000.0,137923000000.0,,0.0,103081000000.0,,,113577000000.0,,,30267773527.0,119000000.0,0.0,-41000000.0,13000000.0,-161000000.0,898000000.0,-1626000000.0,-1586000000.0,847000000.0,0.0,761000000.0,761000000.0,761000000.0,0.0,0.0,0.092,1087000000.0,1990000000.0,0.0,0.211,1.472,11.19,11.174,1046000000.0,0.0,43.02,0.941,0.941,7507000000.0,21641000000.0,8262000000.0,8262000000.0,0.0,,,,,0.0,1069000000.0,1.0,703574466.0,703500000,707100000.0,11.744,133213000000.0,0.0,308000000.0,1103000000.0,189.357,
71,ALL,MRQ,2003-09-30,2003-09-30,2003-09-30,2021-08-04,2201000000.0,130262000000.0,,,,,27.527,-42000000.0,247000000.0,247000000.0,5397000000.0,691000000.0,,5.728,4378000000.0,,,4378000000.0,9260000000.0,-7000000.0,45522000000.0,0.032,0.23,967000000.0,960000000.0,0.118,960000000.0,967000000.0,897000000.0,0.98,0.97,0.98,19360000000.0,,19360000000.0,29326893353.0,9.0,9.295,1675000000.0,2.382,1.0,2730000000.0,0.336,930000000.0,70000000.0,133463000000.0,,0.0,101499000000.0,,,110902000000.0,,,25706893353.0,-260000000.0,0.0,-50000000.0,-93000000.0,-162000000.0,1497000000.0,-3474000000.0,-3432000000.0,1717000000.0,0.0,691000000.0,691000000.0,691000000.0,0.0,0.0,0.085,1034000000.0,1696000000.0,0.0,0.235,1.328,10.752,10.744,1049000000.0,0.0,36.53,0.817,0.816,7568000000.0,21043000000.0,8127000000.0,8127000000.0,0.0,,,,,0.0,1015000000.0,1.0,703720048.0,703300000,706000000.0,11.556,129332000000.0,0.0,206000000.0,656000000.0,183.893,
72,ALL,MRQ,2003-06-30,2003-06-30,2003-06-30,2021-08-04,2645000000.0,127054000000.0,,,,,27.413,-37000000.0,507000000.0,507000000.0,5413000000.0,588000000.0,,5.573,4127000000.0,,,4127000000.0,8834000000.0,10000000.0,43358000000.0,0.032,0.23,784000000.0,794000000.0,0.101,794000000.0,784000000.0,717000000.0,0.84,0.84,0.84,19299000000.0,,19299000000.0,28768305067.0,12.0,11.728,1743000000.0,2.476,1.0,2486000000.0,0.315,930000000.0,67000000.0,129744000000.0,,0.0,99205000000.0,,,107555000000.0,,,25095305067.0,117000000.0,0.0,-8000000.0,59000000.0,-162000000.0,957000000.0,-2620000000.0,-2583000000.0,1780000000.0,0.0,588000000.0,588000000.0,588000000.0,0.0,0.0,0.074,975000000.0,1511000000.0,0.0,0.274,1.3,12.883,12.87,958000000.0,0.0,35.65,0.82,0.821,7256000000.0,20514000000.0,7899000000.0,7899000000.0,0.0,,,,,0.0,961000000.0,1.0,703935626.0,704000000,706600000.0,11.22,126124000000.0,0.0,129000000.0,778000000.0,179.153,
73,ALL,MRQ,2003-03-31,2003-03-31,2003-03-31,2021-08-04,1785000000.0,120348000000.0,,,,,25.569,-50000000.0,390000000.0,390000000.0,5134000000.0,665000000.0,,5.681,4063000000.0,,,4063000000.0,8566000000.0,0.0,41820000000.0,0.034,0.23,935000000.0,935000000.0,0.119,935000000.0,935000000.0,868000000.0,0.95,0.94,0.95,17983000000.0,,17983000000.0,27139687588.0,13.0,12.881,1297000000.0,1.844,1.0,2727000000.0,0.347,930000000.0,67000000.0,123091000000.0,,0.0,93982000000.0,,,102165000000.0,,,23361687588.0,-72000000.0,0.0,-54000000.0,-177000000.0,-148000000.0,325000000.0,-1744000000.0,-1694000000.0,1347000000.0,0.0,665000000.0,665000000.0,665000000.0,0.0,0.0,0.085,1036000000.0,1691000000.0,0.0,0.242,1.299,13.71,13.763,981000000.0,0.0,33.17,0.775,0.774,6992000000.0,20087000000.0,7861000000.0,7861000000.0,0.0,,,,,0.0,1013000000.0,1.0,704301706.0,703300000,705200000.0,11.177,119418000000.0,0.0,203000000.0,306000000.0,169.797,
74,ALL,MRQ,2002-12-31,2002-12-31,2002-12-31,2021-08-04,1733000000.0,117426000000.0,,,,,24.819,-88000000.0,462000000.0,462000000.0,5409000000.0,447000000.0,,5.722,4240000000.0,,,4240000000.0,8578000000.0,-12000000.0,40751000000.0,0.03,0.465,478000000.0,466000000.0,0.061,466000000.0,478000000.0,404000000.0,0.63,0.63,0.63,17438000000.0,,17438000000.0,29776351244.0,20.0,21.043,851000000.0,1.211,1.0,2178000000.0,0.287,927000000.0,74000000.0,120277000000.0,,0.0,90650000000.0,,,99788000000.0,,,26002351244.0,31000000.0,0.0,-73000000.0,29000000.0,-148000000.0,785000000.0,-1693000000.0,-1605000000.0,939000000.0,0.0,447000000.0,447000000.0,447000000.0,0.0,0.0,0.059,941000000.0,1237000000.0,0.0,0.738,1.491,22.93,23.119,989000000.0,0.0,36.99,0.879,0.884,6958000000.0,19584000000.0,7587000000.0,7587000000.0,0.0,,,,,0.0,917000000.0,1.0,702956238.0,702600000,705700000.0,10.798,116499000000.0,0.0,-43000000.0,259000000.0,165.811,
75,ALL,MRQ,2002-09-30,2002-09-30,2002-09-30,2021-08-04,2314000000.0,116732000000.0,,,,,25.186,-56000000.0,431000000.0,431000000.0,5243000000.0,248000000.0,,5.559,4205000000.0,,,4205000000.0,8665000000.0,-20000000.0,39313000000.0,0.023,0.21,278000000.0,258000000.0,0.036,258000000.0,278000000.0,211000000.0,0.35,0.35,0.35,17766000000.0,,17766000000.0,29009495530.0,22.0,22.842,1464000000.0,2.075,1.0,1996000000.0,0.276,927000000.0,67000000.0,119579000000.0,,0.0,89888000000.0,,,98766000000.0,,,25085495530.0,132000000.0,0.0,-131000000.0,-17000000.0,-149000000.0,1247000000.0,-2635000000.0,-2579000000.0,1520000000.0,0.0,248000000.0,248000000.0,248000000.0,0.0,0.0,0.034,1006000000.0,990000000.0,0.0,0.6,1.412,26.378,26.53,976000000.0,0.0,35.55,0.855,0.854,7082000000.0,19285000000.0,7239000000.0,7239000000.0,0.0,,,,,0.0,966000000.0,1.0,705639818.0,705400000,708100000.0,10.262,115805000000.0,0.0,-37000000.0,602000000.0,164.169,
76,ALL,MRQ,2002-06-30,2002-06-30,2002-06-30,2021-08-04,1751000000.0,115227000000.0,,,,,24.294,-50000000.0,299000000.0,299000000.0,5365000000.0,344000000.0,,5.681,4223000000.0,,,4223000000.0,8225000000.0,-21000000.0,37323000000.0,0.022,0.21,469000000.0,448000000.0,0.06,448000000.0,469000000.0,401000000.0,0.48,0.48,0.48,17217000000.0,,17217000000.0,30009251199.0,23.0,24.904,895000000.0,1.263,1.0,2090000000.0,0.28,926000000.0,68000000.0,118225000000.0,,0.0,86816000000.0,,,97810000000.0,,,26234251199.0,-36000000.0,0.0,-157000000.0,112000000.0,-150000000.0,1544000000.0,-2525000000.0,-2475000000.0,945000000.0,0.0,344000000.0,344000000.0,344000000.0,0.0,0.0,0.046,961000000.0,1129000000.0,0.0,0.438,1.524,28.239,28.229,970000000.0,0.0,36.98,0.896,0.895,6827000000.0,19185000000.0,7455000000.0,7455000000.0,0.0,,,,,0.0,926000000.0,1.0,709417285.0,708700000,712100000.0,10.519,114301000000.0,0.0,57000000.0,215000000.0,161.283,
77,ALL,MRQ,2002-03-31,2002-03-31,2002-03-31,2021-08-04,1477000000.0,112256000000.0,,,,,24.193,-45000000.0,335000000.0,335000000.0,5174000000.0,95000000.0,,5.508,4110000000.0,,,4110000000.0,7974000000.0,-9000000.0,35039000000.0,0.021,0.21,252000000.0,243000000.0,0.033,243000000.0,252000000.0,183000000.0,0.14,0.14,0.14,17218000000.0,,17218000000.0,30539984274.0,30.0,32.945,969000000.0,1.362,1.0,2124000000.0,0.291,1260000000.0,69000000.0,114771000000.0,,0.0,82211000000.0,,,94838000000.0,,,26881984274.0,72000000.0,0.0,-85000000.0,189000000.0,-135000000.0,1208000000.0,-2150000000.0,-2105000000.0,1014000000.0,0.0,95000000.0,95000000.0,95000000.0,0.0,0.0,0.013,905000000.0,1219000000.0,0.0,1.5,1.561,35.7,35.632,973000000.0,0.0,37.77,0.926,0.926,6745000000.0,19320000000.0,7298000000.0,7298000000.0,0.0,,,,,0.0,885000000.0,1.0,711728469.0,711700000,713800000.0,10.254,110996000000.0,0.0,88000000.0,61000000.0,155.959,
78,ALL,MRQ,2001-12-31,2001-12-31,2001-12-31,2021-08-04,1663000000.0,109175000000.0,,,,,24.138,-66000000.0,263000000.0,263000000.0,5281000000.0,264000000.0,,5.337,3921000000.0,,,3921000000.0,7961000000.0,-20000000.0,33560000000.0,0.023,0.19,341000000.0,321000000.0,0.044,321000000.0,341000000.0,279000000.0,0.37,0.37,0.37,17196000000.0,,17196000000.0,27291973673.0,18.0,19.878,504000000.0,0.707,1.0,2077000000.0,0.282,1284000000.0,62000000.0,111549000000.0,,0.0,79876000000.0,,,91779000000.0,,,24028973673.0,44000000.0,0.0,-37000000.0,433000000.0,-135000000.0,378000000.0,-904000000.0,-838000000.0,570000000.0,0.0,264000000.0,264000000.0,264000000.0,0.0,0.0,0.036,1017000000.0,1060000000.0,0.0,0.514,1.397,20.75,20.932,984000000.0,0.0,33.7,0.832,0.841,6674000000.0,19044000000.0,7358000000.0,7358000000.0,0.0,,,,,0.0,896000000.0,1.0,713025925.0,712400000,714600000.0,10.328,107891000000.0,0.0,15000000.0,137000000.0,151.447,
79,ALL,MRQ,2001-09-30,2001-09-30,2001-09-30,2021-08-04,1868000000.0,108606000000.0,,,,,24.108,-40000000.0,219000000.0,219000000.0,5360000000.0,226000000.0,,5.237,3482000000.0,,,3482000000.0,8033000000.0,-29000000.0,32653000000.0,0.02,0.19,222000000.0,193000000.0,0.027,193000000.0,222000000.0,159000000.0,0.32,0.32,0.32,17293000000.0,,17293000000.0,30026667330.0,16.0,16.756,922000000.0,1.285,1.0,1813000000.0,0.253,1296000000.0,63000000.0,110573000000.0,,0.0,80271000000.0,,,90563000000.0,,,26854667330.0,15000000.0,0.0,-380000000.0,104000000.0,-138000000.0,311000000.0,-1258000000.0,-1218000000.0,962000000.0,0.0,226000000.0,226000000.0,226000000.0,0.0,0.0,0.032,887000000.0,926000000.0,0.0,0.594,1.553,18.636,18.769,969000000.0,0.0,37.35,0.935,0.933,6793000000.0,18916000000.0,7173000000.0,7173000000.0,0.0,,,,,0.0,863000000.0,1.0,719000464.0,717300000,719700000.0,10.0,107310000000.0,0.0,-67000000.0,299000000.0,149.603,
80,ALL,MRQ,2001-06-30,2001-06-30,2001-06-30,2021-08-04,1865000000.0,108265000000.0,,,,,24.248,-33000000.0,204000000.0,204000000.0,5427000000.0,168000000.0,,5.119,3376000000.0,,,3376000000.0,7804000000.0,-29000000.0,31492000000.0,0.016,0.19,199000000.0,170000000.0,0.024,170000000.0,199000000.0,138000000.0,0.23,0.23,0.23,17570000000.0,,17570000000.0,35156945403.0,13.0,13.782,396000000.0,0.547,1.0,1776000000.0,0.247,1314000000.0,61000000.0,110123000000.0,,0.0,78379000000.0,,,89945000000.0,,,31867945403.0,60000000.0,0.0,-82000000.0,-75000000.0,-138000000.0,785000000.0,-1154000000.0,-1121000000.0,429000000.0,0.0,168000000.0,168000000.0,168000000.0,0.0,0.0,0.023,873000000.0,903000000.0,0.0,0.826,1.814,17.143,17.319,989000000.0,0.0,43.99,1.099,1.099,6658000000.0,18826000000.0,7203000000.0,7203000000.0,0.0,,,,,0.0,856000000.0,1.0,724436131.0,724600000,728500000.0,9.941,106951000000.0,0.0,-30000000.0,278000000.0,147.6,
81,ALL,MRQ,2001-03-31,2001-03-31,2001-03-31,2021-08-04,1838000000.0,106453000000.0,,,,,24.145,-47000000.0,144000000.0,144000000.0,4868000000.0,500000000.0,,5.025,3433000000.0,,,3433000000.0,7573000000.0,-28000000.0,30121000000.0,0.017,0.19,717000000.0,689000000.0,0.097,689000000.0,717000000.0,655000000.0,0.69,0.68,0.69,17544000000.0,,17544000000.0,33573600572.0,11.0,11.033,277000000.0,0.381,1.0,2263000000.0,0.317,1231000000.0,62000000.0,108511000000.0,,0.0,77305000000.0,,,88159000000.0,,,30464600572.0,-78000000.0,0.0,-222000000.0,102000000.0,-124000000.0,636000000.0,-1038000000.0,-991000000.0,324000000.0,0.0,500000000.0,500000000.0,500000000.0,0.0,0.0,0.07,868000000.0,1395000000.0,0.0,0.275,1.736,14.17,14.314,999000000.0,0.0,41.94,1.051,1.052,6469000000.0,18795000000.0,7131000000.0,7131000000.0,0.0,,,,,0.0,847000000.0,1.0,726385326.0,726600000,730300000.0,9.814,105222000000.0,0.0,155000000.0,270000000.0,144.814,
82,ALL,MRQ,2000-12-31,2000-12-31,2000-12-31,2021-08-04,1926000000.0,104808000000.0,,,,,23.899,-71000000.0,222000000.0,222000000.0,4861000000.0,547000000.0,,4.963,3331000000.0,,,3331000000.0,7607000000.0,-26000000.0,28870000000.0,0.016,0.17,766000000.0,740000000.0,0.102,740000000.0,766000000.0,703000000.0,0.75,0.74,0.75,17451000000.0,,17451000000.0,34939560117.0,11.0,10.96,23000000.0,0.031,1.0,2359000000.0,0.327,1247000000.0,63000000.0,106670000000.0,,0.0,74483000000.0,,,86607000000.0,,,31855560117.0,-9000000.0,0.0,-314000000.0,17000000.0,-126000000.0,-212000000.0,109000000.0,180000000.0,94000000.0,0.0,547000000.0,547000000.0,547000000.0,0.0,0.0,0.076,839000000.0,1520000000.0,0.0,0.227,1.825,14.408,14.667,1000000000.0,0.0,43.56,1.093,1.112,6154000000.0,18433000000.0,7220000000.0,7220000000.0,0.0,,,,,0.0,816000000.0,1.0,731303033.0,730200000,734600000.0,9.888,103561000000.0,0.0,156000000.0,348000000.0,141.826,
83,ALL,MRQ,2000-09-30,2000-09-30,2000-09-30,2021-08-04,1403000000.0,105702000000.0,,,,,22.824,-57000000.0,231000000.0,231000000.0,4901000000.0,644000000.0,,5.249,3315000000.0,,,3315000000.0,7809000000.0,-8000000.0,28388000000.0,0.019,0.17,960000000.0,952000000.0,0.128,952000000.0,960000000.0,899000000.0,0.87,0.87,0.87,16794000000.0,,16794000000.0,28587343040.0,9.0,9.303,587000000.0,0.798,1.0,2544000000.0,0.342,0.0,61000000.0,108786000000.0,,0.0,74543000000.0,,,88158000000.0,,,25514343040.0,-7000000.0,0.0,-236000000.0,3000000.0,-126000000.0,578000000.0,-1229000000.0,-1172000000.0,644000000.0,0.0,644000000.0,644000000.0,644000000.0,0.0,0.0,0.087,922000000.0,1622000000.0,0.0,0.195,1.519,12.214,12.591,989000000.0,0.0,34.75,0.882,0.884,6230000000.0,18010000000.0,7445000000.0,7445000000.0,0.0,,,,,0.0,892000000.0,1.0,734225699.0,735800000,740600000.0,10.118,105702000000.0,3000000.0,255000000.0,0.0,143.656,
84,ALL,MRQ,2000-06-30,2000-06-30,2000-06-30,2021-08-04,1247000000.0,103410000000.0,,,,,21.723,-74000000.0,238000000.0,238000000.0,4940000000.0,459000000.0,,5.353,3311000000.0,,,3311000000.0,7639000000.0,-23000000.0,27224000000.0,0.029,0.17,685000000.0,662000000.0,0.092,662000000.0,685000000.0,627000000.0,0.62,0.61,0.62,16125000000.0,,16125000000.0,18712962609.0,7.0,6.645,313000000.0,0.422,1.0,2243000000.0,0.312,0.0,58000000.0,106483000000.0,,0.0,72655000000.0,,,86321000000.0,,,16567962609.0,-52000000.0,0.0,-439000000.0,876000000.0,-130000000.0,1233000000.0,-1672000000.0,-1598000000.0,387000000.0,0.0,459000000.0,459000000.0,459000000.0,0.0,0.0,0.064,879000000.0,1364000000.0,0.0,0.274,1.027,8.562,8.829,989000000.0,0.0,22.25,0.591,0.589,6224000000.0,17492000000.0,7183000000.0,7183000000.0,0.0,,,,,0.0,860000000.0,1.0,744627533.0,742300000,747800000.0,9.677,103410000000.0,88000000.0,168000000.0,0.0,139.31,
85,ALL,MRQ,2000-03-31,2000-03-31,2000-03-31,2021-08-04,1501000000.0,100206000000.0,,,,,21.386,-98000000.0,290000000.0,290000000.0,4883000000.0,561000000.0,,5.045,2435000000.0,,,2435000000.0,7545000000.0,10000000.0,26132000000.0,0.026,0.17,824000000.0,834000000.0,0.114,834000000.0,824000000.0,777000000.0,0.73,0.73,0.73,16416000000.0,,16416000000.0,21076284293.0,6.0,6.398,508000000.0,0.662,1.0,2403000000.0,0.33,0.0,47000000.0,102351000000.0,,0.0,70101000000.0,,,82826000000.0,,,18479284293.0,36000000.0,0.0,-794000000.0,-416000000.0,-120000000.0,-587000000.0,17000000.0,115000000.0,606000000.0,0.0,561000000.0,561000000.0,561000000.0,0.0,0.0,0.077,930000000.0,1473000000.0,0.0,0.233,1.126,8.228,8.325,956000000.0,0.0,23.81,0.673,0.666,6224000000.0,17160000000.0,7286000000.0,7286000000.0,0.0,,,,,0.0,890000000.0,1.0,776114418.0,767600000,772100000.0,9.492,100206000000.0,80000000.0,216000000.0,0.0,130.545,
86,ALL,MRQ,1999-12-31,1999-12-31,1999-12-31,2021-08-04,1345000000.0,98119000000.0,,,,,21.03,-78000000.0,254000000.0,254000000.0,4749000000.0,425000000.0,,4.852,2851000000.0,,,2851000000.0,7671000000.0,12000000.0,25199000000.0,0.025,0.15,613000000.0,625000000.0,0.089,625000000.0,613000000.0,570000000.0,0.54,0.54,0.54,16601000000.0,,16601000000.0,21103838972.0,5.0,5.302,614000000.0,0.778,1.0,2260000000.0,0.322,1245000000.0,43000000.0,99471000000.0,,0.0,69645000000.0,,,80554000000.0,,,19377838972.0,24000000.0,1010000000.0,-511000000.0,825000000.0,-117000000.0,753000000.0,-1421000000.0,-2353000000.0,692000000.0,0.0,425000000.0,425000000.0,425000000.0,0.0,0.0,0.061,978000000.0,1282000000.0,0.0,0.278,1.167,7.124,7.076,916000000.0,0.0,24.06,0.719,0.714,6136000000.0,16728000000.0,7009000000.0,7009000000.0,0.0,,,,,0.0,884000000.0,1.0,805396466.0,789400000,794200000.0,8.879,96874000000.0,211000000.0,145000000.0,0.0,122.719,
87,ALL,MRQ,1999-09-30,1999-09-30,1999-09-30,2021-08-04,1228000000.0,90322000000.0,,,,,20.059,-30000000.0,230000000.0,230000000.0,4452000000.0,490000000.0,,4.646,1956000000.0,,,1956000000.0,6737000000.0,-22000000.0,23179000000.0,0.023,0.15,717000000.0,695000000.0,0.106,695000000.0,717000000.0,689000000.0,0.63,0.62,0.63,15865000000.0,,15865000000.0,21230981756.0,5.0,4.781,414000000.0,0.523,1.0,2099000000.0,0.32,0.0,28000000.0,92048000000.0,,0.0,66043000000.0,,,73707000000.0,,,19910981756.0,-24000000.0,-39000000.0,-1111000000.0,382000000.0,-121000000.0,-224000000.0,-244000000.0,-175000000.0,444000000.0,0.0,490000000.0,490000000.0,490000000.0,0.0,0.0,0.075,808000000.0,1291000000.0,0.0,0.238,1.255,6.518,6.58,822000000.0,0.0,24.94,0.754,0.747,5516000000.0,16425000000.0,6551000000.0,6551000000.0,0.0,,,,,0.0,808000000.0,1.0,798355323.0,790900000,793900000.0,8.283,90322000000.0,371000000.0,199000000.0,0.0,114.202,
88,ALL,MRQ,1999-06-30,1999-06-30,1999-06-30,2021-08-04,1846000000.0,89414000000.0,,,,,21.329,-55000000.0,254000000.0,254000000.0,4129000000.0,770000000.0,,4.15,1574000000.0,,,1574000000.0,6535000000.0,-1000000.0,22262000000.0,0.016,0.15,1141000000.0,1140000000.0,0.173,1140000000.0,1141000000.0,1113000000.0,0.96,0.95,0.96,17217000000.0,,17217000000.0,30444510787.0,6.0,6.323,360000000.0,0.446,1.0,2463000000.0,0.374,0.0,28000000.0,90734000000.0,,0.0,66522000000.0,,,71447000000.0,,,28954510787.0,64000000.0,0.0,-299000000.0,-105000000.0,-122000000.0,69000000.0,-420000000.0,-365000000.0,415000000.0,0.0,770000000.0,770000000.0,770000000.0,0.0,0.0,0.117,797000000.0,1666000000.0,0.0,0.156,1.682,8.833,8.903,834000000.0,0.0,35.88,1.101,1.102,5155000000.0,16052000000.0,6592000000.0,6592000000.0,0.0,,,,,0.0,797000000.0,1.0,806981906.0,807200000,810500000.0,8.167,89414000000.0,22000000.0,343000000.0,0.0,110.771,
89,ALL,MRQ,1999-03-31,1999-03-31,1999-03-31,2021-08-04,2403000000.0,89423000000.0,,,,,21.402,-49000000.0,190000000.0,190000000.0,3927000000.0,1035000000.0,,4.092,1680000000.0,,,1680000000.0,6404000000.0,-6000000.0,21466000000.0,0.015,0.15,1526000000.0,1520000000.0,0.223,1520000000.0,1526000000.0,1496000000.0,1.27,1.27,1.27,17413000000.0,,17413000000.0,31632117847.0,6.0,6.384,667000000.0,0.82,1.0,2880000000.0,0.423,0.0,30000000.0,90913000000.0,,0.0,67519000000.0,,,71260000000.0,,,30144117847.0,-68000000.0,0.0,-252000000.0,-67000000.0,-111000000.0,-257000000.0,-527000000.0,-478000000.0,716000000.0,0.0,1035000000.0,1035000000.0,1035000000.0,0.0,0.0,0.152,793000000.0,2087000000.0,0.0,0.118,1.731,8.884,8.973,818000000.0,0.0,37.06,1.149,1.149,5166000000.0,15403000000.0,6807000000.0,6807000000.0,0.0,,,,,0.0,793000000.0,1.0,813386882.0,813600000,817000000.0,8.367,89423000000.0,0.0,461000000.0,181000000.0,109.91,
90,ALL,MRQ,1998-12-31,1998-12-31,1998-12-31,2021-08-04,2956000000.0,87691000000.0,,,,,21.027,-51000000.0,258000000.0,258000000.0,4006000000.0,760000000.0,,4.043,1746000000.0,,,1746000000.0,6425000000.0,-14000000.0,21133000000.0,0.014,0.135,1100000000.0,1086000000.0,0.168,1086000000.0,1100000000.0,1070000000.0,0.93,0.93,0.93,17240000000.0,,17240000000.0,32893786383.0,7.0,6.836,578000000.0,0.705,1.0,2448000000.0,0.379,0.0,30000000.0,89179000000.0,,0.0,66525000000.0,,,69701000000.0,,,31588786383.0,-2000000.0,0.0,-178000000.0,183000000.0,-112000000.0,165000000.0,-796000000.0,-745000000.0,629000000.0,0.0,760000000.0,760000000.0,760000000.0,0.0,0.0,0.118,766000000.0,1682000000.0,0.0,0.145,1.832,9.59,9.722,803000000.0,0.0,38.5,1.221,1.238,5014000000.0,14490000000.0,6454000000.0,6454000000.0,0.0,,,,,0.0,759000000.0,1.0,820487958.0,819900000,824000000.0,7.872,87691000000.0,0.0,310000000.0,461000000.0,106.953,
91,ALL,MRQ,1998-09-30,1998-09-30,1998-09-30,2021-08-04,2798000000.0,85397000000.0,,,,,20.082,-59000000.0,260000000.0,260000000.0,4080000000.0,713000000.0,,4.1,1565000000.0,,,1565000000.0,6505000000.0,8000000.0,20682000000.0,0.013,0.135,1061000000.0,1069000000.0,0.166,1069000000.0,1061000000.0,1033000000.0,0.87,0.86,0.87,16598000000.0,,16598000000.0,35673630796.0,7.0,7.132,945000000.0,1.143,1.0,2356000000.0,0.366,0.0,28000000.0,86702000000.0,,0.0,65644000000.0,,,68049000000.0,,,34383630796.0,-41000000.0,0.0,-426000000.0,-27000000.0,-113000000.0,-702000000.0,-343000000.0,-284000000.0,1004000000.0,0.0,713000000.0,713000000.0,713000000.0,0.0,0.0,0.111,784000000.0,1572000000.0,0.0,0.155,2.072,10.098,10.222,775000000.0,0.0,41.5,1.336,1.333,5146000000.0,13840000000.0,6436000000.0,6436000000.0,0.0,,,,,0.0,784000000.0,1.0,828521224.0,826500000,830700000.0,7.787,85397000000.0,0.0,320000000.0,326000000.0,103.324,
92,ALL,MRQ,1998-06-30,1998-06-30,1998-06-30,2021-08-04,2863000000.0,85123000000.0,,,,,19.668,-35000000.0,301000000.0,301000000.0,4052000000.0,885000000.0,,4.123,1591000000.0,,,1591000000.0,6333000000.0,-11000000.0,20639000000.0,0.011,0.135,1291000000.0,1280000000.0,0.196,1280000000.0,1291000000.0,1263000000.0,1.06,1.05,1.06,16468000000.0,,16468000000.0,39923526558.0,8.0,7.776,334000000.0,0.399,1.0,2487000000.0,0.38,0.0,28000000.0,86413000000.0,,0.0,64885000000.0,,,67905000000.0,,,38438526558.0,38000000.0,-226000000.0,-441000000.0,186000000.0,-104000000.0,-440000000.0,109000000.0,370000000.0,369000000.0,0.0,885000000.0,885000000.0,885000000.0,0.0,0.0,0.135,754000000.0,1733000000.0,0.0,0.127,2.334,10.932,11.058,762000000.0,0.0,45.78,1.496,1.492,5106000000.0,13237000000.0,6539000000.0,6539000000.0,0.0,,,,,0.0,754000000.0,1.0,839635792.0,837300000,841900000.0,7.81,85123000000.0,0.0,378000000.0,311000000.0,101.664,
93,ALL,MRQ,1998-03-31,1998-03-31,1998-03-31,2021-08-04,2923000000.0,84536000000.0,,,,,19.149,-43000000.0,263000000.0,263000000.0,3878000000.0,936000000.0,,4.176,1748000000.0,,,1748000000.0,6223000000.0,-5000000.0,20525000000.0,0.011,0.135,1382000000.0,1377000000.0,0.213,1377000000.0,1382000000.0,1350000000.0,1.11,1.1,1.11,16187000000.0,,16187000000.0,40341088078.0,8.0,8.448,846000000.0,1.001,1.0,2572000000.0,0.399,0.0,32000000.0,86021000000.0,,0.0,64889000000.0,,,67599000000.0,,,38865088078.0,43000000.0,0.0,-444000000.0,52000000.0,-114000000.0,-509000000.0,-337000000.0,-294000000.0,889000000.0,0.0,936000000.0,936000000.0,936000000.0,0.0,0.0,0.145,724000000.0,1848000000.0,0.0,0.122,2.401,11.871,12.034,754000000.0,0.0,45.97,1.541,1.541,5112000000.0,12468000000.0,6450000000.0,6450000000.0,0.0,,,,,0.0,724000000.0,1.0,845444596.0,845300000,850100000.0,7.63,84536000000.0,0.0,414000000.0,434000000.0,100.007,
94,ALL,MRQ,1997-12-31,1997-12-31,1997-12-31,2021-08-04,2785000000.0,80918000000.0,,,,,18.238,-46000000.0,220000000.0,220000000.0,3849000000.0,871000000.0,,4.136,1696000000.0,,,1696000000.0,6233000000.0,-9000000.0,20389000000.0,0.011,0.12,1285000000.0,1276000000.0,0.202,1276000000.0,1285000000.0,1259000000.0,1.02,1.01,1.02,15610000000.0,,15610000000.0,,,,589000000.0,0.688,1.0,2464000000.0,0.39,0.0,26000000.0,82394000000.0,,0.0,62548000000.0,,,64558000000.0,,,38256367969.0,53000000.0,138000000.0,-531000000.0,223000000.0,-8000000.0,-281000000.0,-301000000.0,-393000000.0,635000000.0,0.0,871000000.0,871000000.0,871000000.0,0.0,0.0,0.138,729000000.0,1735000000.0,0.0,0.118,2.451,12.321,12.64,741000000.0,0.0,45.25,1.533,1.574,5007000000.0,11646000000.0,6313000000.0,6313000000.0,0.0,,,,,0.0,729000000.0,1.0,845444596.0,855900000,859000000.0,7.376,80918000000.0,0.0,388000000.0,381000000.0,94.541,
95,ALL,MRQ,1997-09-30,1997-09-30,1997-09-30,2021-08-04,,,,,,,,-39000000.0,,,3979000000.0,824000000.0,,,,,,,,-8000000.0,,0.012,0.12,1209000000.0,1201000000.0,0.188,1201000000.0,1209000000.0,1183000000.0,0.95,0.95,0.95,,,,,,,947000000.0,1.094,1.0,2405000000.0,0.377,,26000000.0,,,,,,,,,,,-15000000.0,0.0,-292000000.0,62000000.0,-104000000.0,-603000000.0,-398000000.0,-359000000.0,986000000.0,0.0,824000000.0,824000000.0,824000000.0,0.0,0.0,0.129,712000000.0,1693000000.0,,0.126,,,,,0.0,40.19,,,,,6384000000.0,6384000000.0,0.0,,,,,0.0,712000000.0,1.0,,865600000,871300000.0,7.375,,,359000000.0,,,
96,ALL,MRQ,1997-06-30,1997-06-30,1997-06-30,2021-08-04,,,,,,,,-40000000.0,,,3972000000.0,643000000.0,,,,,,,,-6000000.0,,0.012,0.12,927000000.0,921000000.0,0.152,921000000.0,927000000.0,903000000.0,0.74,0.73,0.74,,,,,,,923000000.0,1.061,1.0,2101000000.0,0.346,,24000000.0,,,,,,,,,,,53000000.0,0.0,-219000000.0,79000000.0,-105000000.0,-282000000.0,-628000000.0,-588000000.0,963000000.0,0.0,643000000.0,643000000.0,643000000.0,0.0,0.0,0.106,681000000.0,1420000000.0,,0.162,,,,,0.0,36.5,,,,,6073000000.0,6073000000.0,0.0,,,,,0.0,681000000.0,1.0,,870200000,874600000.0,6.979,,,260000000.0,,,
97,ALL,MRQ,1997-03-31,1997-03-31,1997-03-31,2021-08-04,,,,,,,,-25000000.0,,,3951000000.0,767000000.0,,,,,,,,1000000.0,,0.015,0.12,1108000000.0,1109000000.0,0.179,1109000000.0,1108000000.0,1084000000.0,0.87,0.865,0.87,,,,,,,733000000.0,0.833,1.0,2228000000.0,0.361,,24000000.0,,,,,,,,,,,13000000.0,0.0,-316000000.0,-54000000.0,-106000000.0,-552000000.0,-193000000.0,-168000000.0,758000000.0,0.0,767000000.0,767000000.0,767000000.0,0.0,0.0,0.124,667000000.0,1561000000.0,,0.138,,,,,0.0,29.69,,,,,6179000000.0,6179000000.0,0.0,,,,,0.0,667000000.0,1.0,,880000000,884600000.0,7.022,,,317000000.0,,,
98,ALL,MRQ,1996-12-31,1996-12-31,1996-12-31,2021-08-04,2024000000.0,74508000000.0,,,,,15.101,,116000000.0,116000000.0,,,,4.483,1386000000.0,,,1386000000.0,6174000000.0,,20120000000.0,0.015,0.106,,,,,,,,,,13452000000.0,,13452000000.0,,,,,,1.0,,,0.0,,75778000000.0,,0.0,58329000000.0,,,60306000000.0,,,,,,,,,,,,,,,,,,,,,,0.0,,,,12.421,714000000.0,,28.94,,1.061,5033000000.0,8958000000.0,,,,,,,,,,1.0,,890800000,,,74508000000.0,232000000.0,,0.0,83.642,
0,ALL,MRT,2021-06-30,2021-06-30,2021-06-30,2021-08-04,2290000000.0,132643000000.0,127797750000.0,,,0.38,94.401,-339000000.0,656000000.0,656000000.0,26733000000.0,4021000000.0,,3.703,7996000000.0,,,7996000000.0,18756000000.0,939000000.0,2097000000.0,0.021,2.7,6319000000.0,7258000000.0,0.149,7258000000.0,6319000000.0,5984000000.0,12.73,12.54,12.73,28207000000.0,28126500000.0,28207000000.0,46332737941.0,7.0,6.384,5192000000.0,17.376,1.0,21882000000.0,0.45,3349000000.0,335000000.0,136634000000.0,131996250000.0,0.0,62570000000.0,,,104451000000.0,,,39045737941.0,-170000000.0,-3481000000.0,-1851000000.0,767000000.0,-746000000.0,-2624000000.0,-2640000000.0,1176000000.0,5531000000.0,,4021000000.0,3911000000.0,3911000000.0,3597000000.0,0.0,0.08,5672000000.0,16210000000.0,0.0,0.212,1.384,9.984,10.247,1026000000.0,110000000.0,130.44,0.803,0.802,17643000000.0,52464000000.0,48615000000.0,48615000000.0,0.0,0.031,0.139,0.048,0.13,0.0,5948000000.0,1.0,299338684.0,298800000,303300000.0,162.701,129294000000.0,0.0,1963000000.0,758000000.0,432.711,
1,ALL,MRT,2021-03-31,2021-03-31,2021-03-31,2021-08-04,1823000000.0,129811000000.0,124953500000.0,,,0.371,88.658,-304000000.0,709000000.0,709000000.0,24628000000.0,3640000000.0,,3.841,7996000000.0,,,7996000000.0,18177000000.0,791000000.0,2097000000.0,0.021,2.43,5843000000.0,6634000000.0,0.143,6634000000.0,5843000000.0,5520000000.0,11.29,11.14,11.29,26819000000.0,27821250000.0,26819000000.0,42248156647.0,7.0,6.368,5548000000.0,18.34,1.0,21744000000.0,0.469,3350000000.0,323000000.0,133748000000.0,129040000000.0,0.0,60076000000.0,,,103019000000.0,,,34800156647.0,-170000000.0,-3479000000.0,-1731000000.0,767000000.0,-673000000.0,-2396000000.0,-2996000000.0,787000000.0,5852000000.0,,3646000000.0,3540000000.0,3540000000.0,3649000000.0,-6000000.0,0.076,6253000000.0,15491000000.0,0.0,0.215,1.298,9.831,10.177,1002000000.0,106000000.0,114.9,0.75,0.75,17566000000.0,51107000000.0,46372000000.0,46372000000.0,0.0,0.028,0.127,0.045,0.126,0.0,5747000000.0,1.0,302873426.0,302500000,306400000.0,153.296,126461000000.0,0.0,1874000000.0,493000000.0,418.053,
2,ALL,MRT,2020-12-31,2020-12-31,2020-12-31,2021-08-04,3304000000.0,125987000000.0,121527500000.0,,,0.369,96.974,-308000000.0,311000000.0,311000000.0,24882000000.0,5576000000.0,,3.169,7825000000.0,,,7825000000.0,15946000000.0,686000000.0,1885000000.0,0.02,2.16,7277000000.0,7963000000.0,0.178,7963000000.0,7277000000.0,6959000000.0,17.53,17.31,17.53,30217000000.0,27159750000.0,30217000000.0,39691198098.0,5.0,4.984,5183000000.0,16.634,1.0,19909000000.0,0.444,2369000000.0,318000000.0,131132000000.0,125567500000.0,0.0,59540000000.0,,,95770000000.0,,,33426198098.0,39000000.0,1000000.0,-1674000000.0,1189000000.0,-668000000.0,-2011000000.0,-3441000000.0,-3134000000.0,5491000000.0,0.0,5576000000.0,5461000000.0,5461000000.0,0.0,0.0,0.122,6904000000.0,13005000000.0,0.0,0.123,1.106,6.121,6.271,1057000000.0,115000000.0,109.93,0.746,0.765,13678000000.0,52767000000.0,44791000000.0,44791000000.0,0.0,0.045,0.201,0.058,0.162,0.0,5630000000.0,1.0,304068026.0,311600000,315500000.0,143.745,123618000000.0,0.0,1383000000.0,382000000.0,396.72,
3,ALL,MRT,2020-09-30,2020-09-30,2020-09-30,2021-08-04,2833000000.0,122750000000.0,120018250000.0,,,0.36,87.606,-375000000.0,370000000.0,370000000.0,24214000000.0,4725000000.0,,3.502,6635000000.0,,,6635000000.0,16029000000.0,671000000.0,17288000000.0,0.023,2.12,6259000000.0,6930000000.0,0.16,6930000000.0,6259000000.0,5939000000.0,14.41,14.21,14.41,27263000000.0,26105000000.0,27263000000.0,35488443114.0,6.0,5.121,5031000000.0,16.166,1.0,19027000000.0,0.44,2544000000.0,320000000.0,126471000000.0,123709000000.0,0.0,91197000000.0,,,95487000000.0,,,29401443114.0,-426000000.0,1000000.0,-2460000000.0,0.0,-663000000.0,-4808000000.0,-815000000.0,-441000000.0,5406000000.0,0.0,4725000000.0,4570000000.0,4570000000.0,144000000.0,0.0,0.106,7000000000.0,12027000000.0,0.0,0.147,1.078,6.434,6.533,1076000000.0,155000000.0,94.14,0.68,0.678,15706000000.0,50336000000.0,43241000000.0,43241000000.0,0.0,0.038,0.175,0.051,0.145,0.0,5583000000.0,1.0,312316158.0,311200000,314100000.0,138.949,120206000000.0,0.0,1214000000.0,905000000.0,386.266,
4,ALL,MRT,2020-06-30,2020-06-30,2020-06-30,2021-08-04,2628000000.0,121266000000.0,119599000000.0,,,0.358,86.025,-426000000.0,547000000.0,547000000.0,23998000000.0,4503000000.0,,3.494,6634000000.0,,,6634000000.0,15448000000.0,648000000.0,17396000000.0,0.021,2.08,5979000000.0,6627000000.0,0.155,6627000000.0,5979000000.0,5657000000.0,13.5,13.3,13.5,26986000000.0,25824250000.0,26986000000.0,36761120054.0,6.0,5.547,5517000000.0,17.587,1.0,18812000000.0,0.439,2544000000.0,322000000.0,124809000000.0,123234000000.0,0.0,89637000000.0,,,94280000000.0,,,30466120054.0,-261000000.0,1000000.0,-2096000000.0,-1000000.0,-660000000.0,-3372000000.0,-2623000000.0,-2198000000.0,5943000000.0,0.0,4503000000.0,4333000000.0,4333000000.0,144000000.0,0.0,0.101,7030000000.0,11782000000.0,0.0,0.154,1.129,7.031,7.184,1100000000.0,170000000.0,96.99,0.712,0.711,15657000000.0,49380000000.0,42810000000.0,42810000000.0,0.0,0.036,0.168,0.049,0.14,0.0,5516000000.0,1.0,314116095.0,313700000,317000000.0,136.468,118722000000.0,0.0,1154000000.0,842000000.0,378.457,
5,ALL,MRT,2020-03-31,2020-03-31,2020-03-31,2021-08-04,558000000.0,116107000000.0,118876000000.0,,,0.366,76.159,-418000000.0,338000000.0,338000000.0,25667000000.0,4104000000.0,,3.803,6633000000.0,,,6633000000.0,14999000000.0,645000000.0,17404000000.0,0.022,2.04,5537000000.0,6182000000.0,0.142,6182000000.0,5537000000.0,5212000000.0,12.07,11.88,12.07,24173000000.0,25196750000.0,24173000000.0,35363488931.0,6.0,5.72,5024000000.0,15.829,1.0,17884000000.0,0.411,2544000000.0,325000000.0,119858000000.0,122495750000.0,0.0,84842000000.0,,,91934000000.0,,,29070488931.0,-213000000.0,0.0,-2016000000.0,174000000.0,-654000000.0,-3179000000.0,-2476000000.0,-2058000000.0,5442000000.0,0.0,4104000000.0,3930000000.0,3930000000.0,288000000.0,0.0,0.09,6416000000.0,11468000000.0,0.0,0.169,1.203,7.397,7.6,1123000000.0,174000000.0,91.73,0.668,0.669,15615000000.0,48326000000.0,43551000000.0,43551000000.0,0.0,0.033,0.156,0.045,0.127,0.0,5534000000.0,1.0,316913648.0,317400000,322400000.0,137.212,113563000000.0,0.0,1108000000.0,331000000.0,357.791,
6,ALL,MRT,2019-12-31,2019-12-31,2019-12-31,2021-08-04,1950000000.0,119950000000.0,118807750000.0,,,0.376,79.214,-433000000.0,338000000.0,338000000.0,26655000000.0,4847000000.0,,3.614,6631000000.0,,,6631000000.0,15343000000.0,647000000.0,17692000000.0,0.018,2.0,6416000000.0,7063000000.0,0.158,7063000000.0,6416000000.0,6089000000.0,14.25,14.03,14.25,25998000000.0,25008000000.0,25998000000.0,42471865244.0,7.0,6.013,4696000000.0,14.308,1.0,18020000000.0,0.403,2545000000.0,327000000.0,123698000000.0,122328500000.0,0.0,88362000000.0,,,93952000000.0,,,36428865244.0,-161000000.0,-18000000.0,-1615000000.0,174000000.0,-653000000.0,-2483000000.0,-2807000000.0,-2356000000.0,5129000000.0,0.0,4847000000.0,4678000000.0,4678000000.0,0.0,0.0,0.105,5920000000.0,12100000000.0,0.0,0.14,1.401,7.787,7.891,1145000000.0,169000000.0,112.45,0.815,0.826,15683000000.0,48074000000.0,44675000000.0,44675000000.0,0.0,0.039,0.187,0.052,0.144,0.0,5533000000.0,1.0,323956116.0,328200000,333500000.0,136.121,117405000000.0,0.0,1242000000.0,1154000000.0,357.724,
7,ALL,MRT,2019-09-30,2019-09-30,2019-09-30,2021-08-04,2107000000.0,121073000000.0,116882500000.0,,,0.365,79.768,-375000000.0,587000000.0,587000000.0,26955000000.0,2532000000.0,,3.632,6630000000.0,,,6630000000.0,15343000000.0,611000000.0,17804000000.0,0.018,1.96,3474000000.0,4085000000.0,0.096,4085000000.0,3474000000.0,3148000000.0,7.32,7.24,7.32,26140000000.0,23836500000.0,26140000000.0,41805563955.0,12.0,10.234,4877000000.0,14.883,1.0,15729000000.0,0.368,2545000000.0,326000000.0,124571000000.0,120321750000.0,0.0,89307000000.0,,,94933000000.0,,,35776563955.0,127000000.0,-566000000.0,-2072000000.0,175000000.0,-649000000.0,-2627000000.0,-2498000000.0,-1557000000.0,5252000000.0,0.0,2532000000.0,2386000000.0,2386000000.0,0.0,0.0,0.056,6578000000.0,9151000000.0,0.0,0.268,1.369,14.994,14.847,1092000000.0,146000000.0,108.68,0.838,0.834,15921000000.0,46527000000.0,42684000000.0,42684000000.0,0.0,0.02,0.1,0.029,0.081,0.0,5487000000.0,1.0,329191792.0,327700000,333000000.0,130.253,118528000000.0,0.0,616000000.0,1079000000.0,361.697,
8,ALL,MRT,2019-06-30,2019-06-30,2019-06-30,2021-08-04,1760000000.0,118374000000.0,115236750000.0,,,0.365,73.723,-322000000.0,599000000.0,599000000.0,26688000000.0,2580000000.0,,3.836,6628000000.0,,,6628000000.0,14752000000.0,580000000.0,17964000000.0,0.019,1.92,3494000000.0,4074000000.0,0.097,4074000000.0,3494000000.0,3166000000.0,7.33,7.25,7.33,24476000000.0,23209750000.0,24476000000.0,39775633238.0,11.0,9.763,4825000000.0,14.533,1.0,15392000000.0,0.366,2547000000.0,328000000.0,121856000000.0,118751750000.0,0.0,86491000000.0,,,93898000000.0,,,33873633238.0,110000000.0,-566000000.0,-1708000000.0,176000000.0,-643000000.0,-3487000000.0,-1550000000.0,-662000000.0,5147000000.0,0.0,2580000000.0,2439000000.0,2439000000.0,0.0,0.0,0.058,6211000000.0,9181000000.0,0.0,0.262,1.384,13.888,13.873,1058000000.0,141000000.0,101.69,0.805,0.802,15672000000.0,45803000000.0,42080000000.0,42080000000.0,0.0,0.021,0.105,0.029,0.083,0.0,5379000000.0,1.0,333106827.0,332000000,336900000.0,126.747,115827000000.0,0.0,586000000.0,997000000.0,348.877,
9,ALL,MRT,2019-03-31,2019-03-31,2019-03-31,2021-08-04,1085000000.0,115834000000.0,113985500000.0,,,0.36,70.409,-295000000.0,551000000.0,551000000.0,26090000000.0,2446000000.0,,3.946,6453000000.0,,,6453000000.0,14323000000.0,546000000.0,18161000000.0,0.02,1.88,3317000000.0,3863000000.0,0.094,3863000000.0,3317000000.0,2985000000.0,6.8,6.72,6.8,23418000000.0,22871250000.0,23418000000.0,37216285135.0,11.0,9.634,4968000000.0,14.937,1.0,14945000000.0,0.364,2547000000.0,332000000.0,119189000000.0,117572500000.0,0.0,84121000000.0,,,92416000000.0,,,31264285135.0,101000000.0,-571000000.0,-1975000000.0,-400000000.0,-640000000.0,-4431000000.0,-731000000.0,135000000.0,5263000000.0,0.0,2446000000.0,2296000000.0,2296000000.0,0.0,0.0,0.056,5963000000.0,8982000000.0,0.0,0.276,1.335,13.617,13.85,1047000000.0,150000000.0,94.18,0.762,0.763,15575000000.0,45148000000.0,41035000000.0,41035000000.0,0.0,0.02,0.1,0.028,0.081,0.0,5313000000.0,1.0,331963104.0,332600000,337500000.0,123.376,113287000000.0,0.0,539000000.0,817000000.0,340.61,
10,ALL,MRT,2018-12-31,2018-12-31,2018-12-31,2021-08-04,118000000.0,112249000000.0,113349250000.0,,,0.351,61.277,-277000000.0,499000000.0,499000000.0,25405000000.0,2160000000.0,,4.267,6451000000.0,,,6451000000.0,14510000000.0,511000000.0,18371000000.0,0.022,1.84,2960000000.0,3471000000.0,0.087,3471000000.0,2960000000.0,2628000000.0,5.78,5.7,5.78,21312000000.0,22836000000.0,21312000000.0,34451264770.0,12.0,9.925,4898000000.0,14.083,1.0,14410000000.0,0.362,2530000000.0,332000000.0,115671000000.0,117149500000.0,0.0,81260000000.0,,,90937000000.0,,,28461264770.0,-118000000.0,-558000000.0,-2230000000.0,98000000.0,-614000000.0,-3574000000.0,-1719000000.0,-884000000.0,5175000000.0,0.0,2160000000.0,2012000000.0,2012000000.0,0.0,0.0,0.051,5862000000.0,8548000000.0,0.0,0.318,1.335,14.146,14.296,1045000000.0,148000000.0,82.63,0.715,0.722,15719000000.0,44033000000.0,39815000000.0,39815000000.0,0.0,0.018,0.088,0.025,0.074,0.0,5222000000.0,1.0,344442270.0,347800000,353200000.0,114.477,109719000000.0,0.0,468000000.0,425000000.0,315.466,
11,ALL,MRT,2018-09-30,2018-09-30,2018-09-30,2021-08-04,-1284000000.0,114490000000.0,113392500000.0,,,0.356,68.303,-278000000.0,460000000.0,460000000.0,24557000000.0,4316000000.0,,3.844,6450000000.0,,,6450000000.0,14408000000.0,501000000.0,18650000000.0,0.018,1.75,5388000000.0,5889000000.0,0.146,5889000000.0,5388000000.0,5053000000.0,11.82,11.63,11.82,23633000000.0,23145750000.0,23633000000.0,40132133438.0,7.0,6.815,4640000000.0,13.41,1.0,15839000000.0,0.392,2189000000.0,335000000.0,118291000000.0,117225250000.0,0.0,83968000000.0,,,90857000000.0,,,34173133438.0,-230000000.0,-10000000.0,-1640000000.0,97000000.0,-589000000.0,-2552000000.0,-2596000000.0,-2308000000.0,4918000000.0,0.0,4316000000.0,4182000000.0,4182000000.0,0.0,0.0,0.104,5243000000.0,10596000000.0,0.0,0.148,1.446,8.171,8.35,1032000000.0,134000000.0,98.7,0.846,0.845,15190000000.0,46178000000.0,40396000000.0,40396000000.0,0.0,0.037,0.181,0.046,0.133,0.0,5125000000.0,1.0,346232355.0,346000000,351700000.0,116.751,112301000000.0,0.0,737000000.0,660000000.0,324.569,
12,ALL,MRT,2018-06-30,2018-06-30,2018-06-30,2021-08-04,-1268000000.0,113369000000.0,113178000000.0,,,0.352,66.214,-281000000.0,489000000.0,489000000.0,24266000000.0,4003000000.0,,3.903,6448000000.0,,,6448000000.0,13824000000.0,493000000.0,18888000000.0,0.018,1.66,5182000000.0,5675000000.0,0.143,5675000000.0,5182000000.0,4846000000.0,10.86,10.69,10.86,23122000000.0,22767250000.0,23122000000.0,38477385058.0,7.0,6.78,4775000000.0,13.674,1.0,15553000000.0,0.391,2189000000.0,336000000.0,117139000000.0,116898000000.0,0.0,83241000000.0,,,90247000000.0,,,32080385058.0,7000000.0,-10000000.0,-1621000000.0,97000000.0,-563000000.0,-2471000000.0,-2578000000.0,-2287000000.0,5056000000.0,0.0,4003000000.0,3877000000.0,3877000000.0,0.0,0.0,0.097,5142000000.0,10411000000.0,0.0,0.153,1.387,8.275,8.404,1040000000.0,126000000.0,91.27,0.806,0.8,14863000000.0,45508000000.0,39819000000.0,39819000000.0,0.0,0.034,0.17,0.044,0.13,0.0,5008000000.0,1.0,351488825.0,349200000,354600000.0,114.029,111180000000.0,0.0,843000000.0,723000000.0,318.385,
13,ALL,MRT,2018-03-31,2018-03-31,2018-03-31,2021-08-04,-1150000000.0,113289000000.0,112552000000.0,,,0.351,65.736,-287000000.0,450000000.0,450000000.0,24191000000.0,3865000000.0,,3.867,6847000000.0,,,6847000000.0,13448000000.0,486000000.0,19139000000.0,0.017,1.57,5133000000.0,5619000000.0,0.142,5619000000.0,5133000000.0,4800000000.0,10.43,10.27,10.43,23277000000.0,22362000000.0,23277000000.0,39335627406.0,8.0,7.0,3796000000.0,10.72,1.0,15342000000.0,0.388,2189000000.0,333000000.0,117497000000.0,116218750000.0,0.0,83289000000.0,,,90012000000.0,,,33602627406.0,8000000.0,-5000000.0,-1423000000.0,498000000.0,-535000000.0,-1894000000.0,-2181000000.0,-1889000000.0,4083000000.0,0.0,3865000000.0,3749000000.0,3749000000.0,0.0,0.0,0.095,5036000000.0,10306000000.0,0.0,0.151,1.444,8.963,9.089,1060000000.0,116000000.0,94.8,0.85,0.849,14772000000.0,45031000000.0,39533000000.0,39533000000.0,0.0,0.033,0.168,0.044,0.13,0.0,4888000000.0,1.0,354458095.0,354100000,359900000.0,111.644,111100000000.0,0.0,935000000.0,725000000.0,313.753,
14,ALL,MRT,2017-12-31,2017-12-31,2017-12-31,2021-08-04,306000000.0,112422000000.0,111790500000.0,,,0.353,62.296,-299000000.0,617000000.0,617000000.0,24460000000.0,3554000000.0,,3.985,6350000000.0,,,6350000000.0,13473000000.0,483000000.0,19434000000.0,0.014,1.48,4884000000.0,5367000000.0,0.136,5367000000.0,4884000000.0,4549000000.0,9.5,9.35,9.5,22551000000.0,21832250000.0,22551000000.0,43231664282.0,9.0,8.055,4015000000.0,11.091,1.0,14947000000.0,0.379,2181000000.0,335000000.0,115974000000.0,115307500000.0,0.0,82803000000.0,,,89871000000.0,,,37572664282.0,181000000.0,-1356000000.0,-1360000000.0,0.0,-525000000.0,-2923000000.0,-1210000000.0,445000000.0,4314000000.0,0.0,3554000000.0,3438000000.0,3438000000.0,0.0,0.0,0.087,4887000000.0,10060000000.0,0.0,0.156,1.666,10.929,11.022,1072000000.0,116000000.0,104.71,0.953,0.962,14707000000.0,43162000000.0,39407000000.0,39407000000.0,0.0,0.031,0.157,0.042,0.124,0.0,4784000000.0,1.0,358825941.0,362000000,367800000.0,108.859,110241000000.0,0.0,995000000.0,782000000.0,304.533,
15,ALL,MRT,2017-09-30,2017-09-30,2017-09-30,2021-08-04,328000000.0,113632000000.0,110837500000.0,,,0.356,61.221,-339000000.0,690000000.0,690000000.0,24303000000.0,2780000000.0,,4.137,6349000000.0,,,6349000000.0,13535000000.0,455000000.0,19650000000.0,0.016,1.44,4420000000.0,4875000000.0,0.123,4875000000.0,4420000000.0,4092000000.0,7.27,7.18,7.27,22119000000.0,21337750000.0,22119000000.0,39078557711.0,9.0,8.016,4126000000.0,11.42,1.0,15185000000.0,0.385,2309000000.0,328000000.0,116982000000.0,114639500000.0,0.0,82771000000.0,,,91513000000.0,,,33212557711.0,301000000.0,-1356000000.0,-858000000.0,1235000000.0,-513000000.0,-1226000000.0,-2938000000.0,-1243000000.0,4465000000.0,0.0,2780000000.0,2664000000.0,2664000000.0,0.0,0.0,0.067,4820000000.0,10365000000.0,0.0,0.198,1.502,12.467,12.642,1067000000.0,116000000.0,91.91,0.841,0.841,15670000000.0,42125000000.0,39488000000.0,39488000000.0,0.0,0.024,0.125,0.039,0.112,0.0,4702000000.0,1.0,361359566.0,361300000,367100000.0,109.294,111323000000.0,0.0,1312000000.0,1249000000.0,308.118,
16,ALL,MRT,2017-06-30,2017-06-30,2017-06-30,2021-08-04,102000000.0,110865000000.0,109563750000.0,,,0.354,59.134,-339000000.0,482000000.0,482000000.0,24348000000.0,2634000000.0,,4.156,6348000000.0,,,6348000000.0,13024000000.0,432000000.0,19832000000.0,0.016,1.4,4204000000.0,4636000000.0,0.119,4636000000.0,4204000000.0,3886000000.0,6.83,6.75,6.83,21501000000.0,21041500000.0,21501000000.0,38141977845.0,9.0,8.227,3644000000.0,10.022,1.0,14473000000.0,0.373,2309000000.0,318000000.0,114422000000.0,113403750000.0,0.0,81305000000.0,,,89364000000.0,,,32237977845.0,36000000.0,-1356000000.0,-890000000.0,1235000000.0,-503000000.0,-1302000000.0,-2645000000.0,-950000000.0,3983000000.0,0.0,2634000000.0,2518000000.0,2518000000.0,0.0,0.0,0.065,4749000000.0,9724000000.0,0.0,0.205,1.499,12.803,12.949,1072000000.0,116000000.0,88.44,0.83,0.828,14415000000.0,41622000000.0,38821000000.0,38821000000.0,0.0,0.023,0.12,0.037,0.108,0.0,4640000000.0,1.0,364518067.0,363600000,369000000.0,106.768,108556000000.0,0.0,1252000000.0,1104000000.0,298.559,
17,ALL,MRT,2017-03-31,2017-03-31,2017-03-31,2021-08-04,-197000000.0,110243000000.0,108668500000.0,,,0.351,57.856,-335000000.0,442000000.0,442000000.0,24538000000.0,2326000000.0,,4.21,6346000000.0,,,6346000000.0,12705000000.0,410000000.0,20051000000.0,0.017,1.36,3718000000.0,4128000000.0,0.108,4128000000.0,3718000000.0,3411000000.0,5.97,5.9,5.97,21158000000.0,20804500000.0,21158000000.0,35665369626.0,10.0,8.64,3801000000.0,10.394,1.0,13634000000.0,0.357,2295000000.0,307000000.0,113852000000.0,112480250000.0,0.0,81143000000.0,,,89085000000.0,,,29754369626.0,-89000000.0,-1356000000.0,-944000000.0,1235000000.0,-493000000.0,-1323000000.0,-2902000000.0,-1211000000.0,4136000000.0,0.0,2326000000.0,2210000000.0,2210000000.0,0.0,0.0,0.058,4657000000.0,8977000000.0,0.0,0.228,1.406,13.464,13.65,1067000000.0,116000000.0,81.49,0.779,0.781,14372000000.0,41208000000.0,38172000000.0,38172000000.0,0.0,0.02,0.106,0.033,0.097,0.0,4590000000.0,1.0,365129091.0,365700000,371300000.0,104.381,107948000000.0,0.0,1085000000.0,833000000.0,295.182,
18,ALL,MRT,2016-12-31,2016-12-31,2016-12-31,2021-08-04,-416000000.0,108610000000.0,107594500000.0,,,0.348,55.185,-313000000.0,436000000.0,436000000.0,24804000000.0,1877000000.0,,4.279,6347000000.0,,,6347000000.0,12583000000.0,382000000.0,20260000000.0,0.018,1.32,3049000000.0,3431000000.0,0.092,3431000000.0,3049000000.0,2754000000.0,4.72,4.67,4.72,20573000000.0,20600000000.0,20573000000.0,32015456151.0,11.0,9.331,3680000000.0,9.871,1.0,12595000000.0,0.337,1219000000.0,295000000.0,113302000000.0,111343500000.0,0.0,81799000000.0,,,88037000000.0,,,27294456151.0,-59000000.0,0.0,-1173000000.0,1219000000.0,-486000000.0,-1526000000.0,-2526000000.0,-2213000000.0,3993000000.0,0.0,1877000000.0,1761000000.0,1761000000.0,0.0,0.0,0.047,4612000000.0,7983000000.0,0.0,0.28,1.327,15.499,15.703,1065000000.0,116000000.0,74.12,0.73,0.739,14342000000.0,40678000000.0,37399000000.0,37399000000.0,0.0,0.016,0.085,0.027,0.082,0.0,4550000000.0,1.0,368246845.0,372800000,377300000.0,100.319,107391000000.0,0.0,877000000.0,487000000.0,288.066,
19,ALL,MRT,2016-09-30,2016-09-30,2016-09-30,2021-08-04,502000000.0,108537000000.0,106606000000.0,,,0.337,56.35,-274000000.0,389000000.0,389000000.0,24927000000.0,1526000000.0,,4.185,5110000000.0,,,5110000000.0,12772000000.0,381000000.0,20583000000.0,0.019,1.29,2507000000.0,2888000000.0,0.08,2888000000.0,2507000000.0,2216000000.0,3.74,3.7,3.74,20934000000.0,20463000000.0,20934000000.0,30360666376.0,12.0,10.513,3398000000.0,9.147,1.0,11020000000.0,0.307,1219000000.0,291000000.0,112039000000.0,110034500000.0,0.0,81104000000.0,,,87603000000.0,,,25697666376.0,-516000000.0,0.0,-1614000000.0,-16000000.0,-482000000.0,-3177000000.0,-1011000000.0,-737000000.0,3672000000.0,0.0,1526000000.0,1410000000.0,1410000000.0,0.0,0.0,0.039,4537000000.0,6483000000.0,0.0,0.345,1.228,18.225,18.497,1013000000.0,116000000.0,69.18,0.715,0.715,14721000000.0,39990000000.0,35947000000.0,35947000000.0,0.0,0.013,0.069,0.023,0.07,0.0,4509000000.0,1.0,371460919.0,371500000,375900000.0,96.762,107318000000.0,0.0,690000000.0,935000000.0,288.878,
20,ALL,MRT,2016-06-30,2016-06-30,2016-06-30,2021-08-04,295000000.0,107284000000.0,105934000000.0,,,0.338,55.013,-290000000.0,446000000.0,446000000.0,24616000000.0,1656000000.0,,4.22,5109000000.0,,,5109000000.0,12300000000.0,380000000.0,20845000000.0,0.018,1.26,2697000000.0,3077000000.0,0.086,3077000000.0,2697000000.0,2406000000.0,3.98,3.93,3.98,20553000000.0,20355500000.0,20553000000.0,30763988018.0,11.0,9.998,3381000000.0,9.05,1.0,11138000000.0,0.312,1219000000.0,291000000.0,110728000000.0,109249750000.0,0.0,79694000000.0,,,86731000000.0,,,26186988018.0,-359000000.0,0.0,-2195000000.0,-27000000.0,-480000000.0,-3894000000.0,-136000000.0,154000000.0,3671000000.0,0.0,1656000000.0,1540000000.0,1540000000.0,0.0,0.0,0.043,4495000000.0,6643000000.0,0.0,0.317,1.274,17.005,17.575,1011000000.0,116000000.0,69.95,0.732,0.731,14243000000.0,39623000000.0,35754000000.0,35754000000.0,0.0,0.015,0.076,0.025,0.075,0.0,4463000000.0,1.0,374367234.0,373600000,378100000.0,95.701,106065000000.0,0.0,750000000.0,782000000.0,283.9,
21,ALL,MRT,2016-03-31,2016-03-31,2016-03-31,2021-08-04,-150000000.0,105947000000.0,105892250000.0,,,0.336,53.795,-296000000.0,531000000.0,531000000.0,24294000000.0,1740000000.0,,4.209,5108000000.0,,,5108000000.0,12036000000.0,375000000.0,21092000000.0,0.018,1.23,2848000000.0,3223000000.0,0.091,3223000000.0,2848000000.0,2556000000.0,4.13,4.08,4.13,20340000000.0,20541750000.0,20340000000.0,30115099834.0,11.0,9.344,3468000000.0,9.172,1.0,11278000000.0,0.317,1219000000.0,292000000.0,109305000000.0,109137500000.0,0.0,78877000000.0,,,85607000000.0,,,25486099834.0,-385000000.0,0.0,-2158000000.0,-36000000.0,-480000000.0,-3914000000.0,-235000000.0,61000000.0,3764000000.0,0.0,1740000000.0,1624000000.0,1624000000.0,0.0,0.0,0.046,4463000000.0,6815000000.0,0.0,0.298,1.253,15.693,16.312,1011000000.0,116000000.0,67.37,0.716,0.716,14131000000.0,39505000000.0,35572000000.0,35572000000.0,0.0,0.015,0.079,0.026,0.08,0.0,4423000000.0,1.0,378300428.0,378100000,382900000.0,94.081,104728000000.0,0.0,816000000.0,479000000.0,276.985,
22,ALL,MRT,2015-12-31,2015-12-31,2015-12-31,2021-08-04,-755000000.0,104656000000.0,106421500000.0,,,0.335,49.925,-303000000.0,495000000.0,495000000.0,23598000000.0,2171000000.0,,4.226,5124000000.0,,,5124000000.0,12202000000.0,371000000.0,21295000000.0,0.019,1.2,3574000000.0,3945000000.0,0.111,3945000000.0,3574000000.0,3282000000.0,5.12,5.05,5.12,20025000000.0,21001500000.0,20025000000.0,28317840468.0,8.0,7.178,3313000000.0,8.26,1.0,12055000000.0,0.338,1219000000.0,292000000.0,108066000000.0,109592000000.0,0.0,77758000000.0,,,84631000000.0,,,24047840468.0,-162000000.0,0.0,-2678000000.0,-20000000.0,-483000000.0,-4520000000.0,742000000.0,1045000000.0,3616000000.0,0.0,2171000000.0,2055000000.0,2055000000.0,0.0,0.0,0.058,4403000000.0,7652000000.0,0.0,0.234,1.201,11.702,12.127,1024000000.0,116000000.0,62.09,0.674,0.699,14062000000.0,39413000000.0,35653000000.0,35653000000.0,0.0,0.019,0.098,0.033,0.1,0.0,4364000000.0,1.0,387306176.0,401100000,406800000.0,88.888,103437000000.0,0.0,1111000000.0,90000000.0,257.883,
23,ALL,MRT,2015-09-30,2015-09-30,2015-09-30,2021-08-04,-462000000.0,105849000000.0,107377250000.0,,,0.333,51.647,-300000000.0,905000000.0,905000000.0,23011000000.0,2506000000.0,,4.162,5175000000.0,,,5175000000.0,12343000000.0,364000000.0,21559000000.0,0.02,1.18,4096000000.0,4460000000.0,0.125,4460000000.0,4096000000.0,3804000000.0,5.8,5.71,5.8,20504000000.0,21571250000.0,20504000000.0,27699707776.0,7.0,6.211,3057000000.0,7.7,1.0,12710000000.0,0.356,1219000000.0,292000000.0,108900000000.0,110511250000.0,0.0,78342000000.0,,,85345000000.0,,,23318707776.0,20000000.0,0.0,-2145000000.0,-20000000.0,-482000000.0,-4069000000.0,732000000.0,1032000000.0,3357000000.0,0.0,2506000000.0,2390000000.0,2390000000.0,0.0,0.0,0.067,4320000000.0,8390000000.0,0.0,0.203,1.137,9.757,10.041,1050000000.0,116000000.0,58.24,0.653,0.647,14179000000.0,39068000000.0,35721000000.0,35721000000.0,0.0,0.022,0.111,0.037,0.115,0.0,4283000000.0,1.0,400389900.0,397000000,402100000.0,89.977,104630000000.0,0.0,1298000000.0,243000000.0,263.552,
24,ALL,MRT,2015-06-30,2015-06-30,2015-06-30,2021-08-04,67000000.0,107117000000.0,107992500000.0,,,0.33,52.329,-297000000.0,805000000.0,805000000.0,22642000000.0,2637000000.0,,4.029,5186000000.0,,,5186000000.0,11858000000.0,356000000.0,21968000000.0,0.018,1.16,4336000000.0,4692000000.0,0.132,4692000000.0,4336000000.0,4039000000.0,6.01,5.91,6.01,21298000000.0,22027500000.0,21298000000.0,30810670780.0,7.0,6.567,3041000000.0,7.472,1.0,12987000000.0,0.365,1219000000.0,297000000.0,110279000000.0,111136500000.0,0.0,79141000000.0,,,85819000000.0,,,26532670780.0,-84000000.0,0.0,-2242000000.0,-660000000.0,-482000000.0,-5076000000.0,1654000000.0,1951000000.0,3338000000.0,0.0,2637000000.0,2519000000.0,2519000000.0,0.0,0.0,0.071,4252000000.0,8735000000.0,0.0,0.193,1.246,10.533,10.794,1038000000.0,118000000.0,64.87,0.745,0.741,14119000000.0,38567000000.0,35629000000.0,35629000000.0,0.0,0.023,0.114,0.039,0.122,0.0,4221000000.0,1.0,409012961.0,407000000,412600000.0,87.541,105898000000.0,0.0,1402000000.0,475000000.0,260.192,
25,ALL,MRT,2015-03-31,2015-03-31,2015-03-31,2021-08-04,774000000.0,108064000000.0,108771500000.0,,,0.326,53.341,-292000000.0,916000000.0,916000000.0,22191000000.0,2927000000.0,,3.872,5194000000.0,,,5194000000.0,11489000000.0,355000000.0,22267000000.0,0.016,1.14,4776000000.0,5131000000.0,0.145,5131000000.0,4776000000.0,4468000000.0,6.62,6.51,6.62,22179000000.0,22421000000.0,22179000000.0,34174080054.0,7.0,6.66,3036000000.0,7.302,1.0,13316000000.0,0.375,1219000000.0,308000000.0,111123000000.0,112059500000.0,0.0,80437000000.0,,,85885000000.0,,,29637080054.0,-254000000.0,380000000.0,-1943000000.0,-1005000000.0,-482000000.0,-5142000000.0,1318000000.0,1230000000.0,3328000000.0,0.0,2927000000.0,2807000000.0,2807000000.0,0.0,0.0,0.079,4186000000.0,9130000000.0,0.0,0.172,1.336,10.558,10.751,1026000000.0,120000000.0,71.17,0.835,0.833,13910000000.0,38363000000.0,35507000000.0,35507000000.0,0.0,0.026,0.125,0.043,0.135,0.0,4170000000.0,1.0,416426585.0,415800000,422600000.0,85.394,106845000000.0,0.0,1541000000.0,779000000.0,256.962,
26,ALL,MRT,2014-12-31,2014-12-31,2014-12-31,2021-08-04,561000000.0,108479000000.0,112828250000.0,,,0.312,51.701,-288000000.0,657000000.0,657000000.0,22112000000.0,2850000000.0,,3.864,5140000000.0,,,5140000000.0,11655000000.0,366000000.0,22529000000.0,0.016,1.12,4558000000.0,4924000000.0,0.14,4924000000.0,4558000000.0,4236000000.0,6.37,6.27,6.37,22304000000.0,22402500000.0,22304000000.0,33775188201.0,7.0,6.859,2948000000.0,6.834,1.0,13127000000.0,0.373,1219000000.0,322000000.0,111743000000.0,116298250000.0,0.0,81113000000.0,,,86175000000.0,,,29465188201.0,-18000000.0,378000000.0,-2035000000.0,-1006000000.0,-477000000.0,-4875000000.0,1621000000.0,1531000000.0,3236000000.0,0.0,2850000000.0,2746000000.0,2746000000.0,0.0,0.0,0.078,4153000000.0,8974000000.0,0.0,0.176,1.321,10.73,11.028,1031000000.0,104000000.0,70.25,0.836,0.86,13955000000.0,37842000000.0,35239000000.0,35239000000.0,0.0,0.024,0.123,0.039,0.129,0.0,4135000000.0,1.0,419433284.0,431400000,438200000.0,81.685,107260000000.0,0.0,1386000000.0,715000000.0,248.632,
27,ALL,MRT,2014-09-30,2014-09-30,2014-09-30,2021-08-04,1238000000.0,108310000000.0,116588500000.0,,,0.303,52.601,-298000000.0,885000000.0,885000000.0,21939000000.0,2847000000.0,,3.851,5195000000.0,,,5195000000.0,11728000000.0,399000000.0,22848000000.0,0.018,1.09,4573000000.0,4972000000.0,0.141,4972000000.0,4573000000.0,4237000000.0,6.26,6.17,6.26,22329000000.0,22196500000.0,22329000000.0,31554770826.0,7.0,6.346,3438000000.0,8.099,1.0,13333000000.0,0.378,1219000000.0,336000000.0,111401000000.0,120313250000.0,0.0,80721000000.0,,,85981000000.0,,,26597770826.0,-184000000.0,378000000.0,-2372000000.0,-1024000000.0,-475000000.0,-5264000000.0,1331000000.0,1251000000.0,3736000000.0,0.0,2847000000.0,2761000000.0,2761000000.0,0.0,0.0,0.078,4193000000.0,9140000000.0,0.0,0.174,1.191,9.633,9.804,1012000000.0,86000000.0,61.37,0.754,0.739,13159000000.0,37164000000.0,35272000000.0,35272000000.0,0.0,0.024,0.124,0.038,0.13,0.0,4169000000.0,1.0,433400209.0,424500000,431200000.0,83.091,107091000000.0,0.0,1390000000.0,1076000000.0,252.276,
28,ALL,MRT,2014-06-30,2014-06-30,2014-06-30,2021-08-04,1566000000.0,110233000000.0,120082250000.0,,,0.29,52.664,-288000000.0,889000000.0,889000000.0,21641000000.0,2382000000.0,,3.82,5846000000.0,,,5846000000.0,11217000000.0,377000000.0,23472000000.0,0.018,1.06,3897000000.0,4274000000.0,0.123,4274000000.0,3897000000.0,3556000000.0,5.16,5.09,5.16,22872000000.0,21809250000.0,22872000000.0,30513960093.0,8.0,7.139,3602000000.0,8.294,1.0,13160000000.0,0.378,1219000000.0,341000000.0,113971000000.0,124010500000.0,0.0,82563000000.0,,,87361000000.0,,,25483960093.0,255000000.0,354000000.0,-1935000000.0,-152000000.0,-471000000.0,-3584000000.0,-51000000.0,-117000000.0,3890000000.0,0.0,2382000000.0,2321000000.0,2321000000.0,0.0,0.0,0.067,4199000000.0,8961000000.0,0.0,0.205,1.114,10.98,11.38,990000000.0,61000000.0,58.72,0.732,0.733,12884000000.0,36532000000.0,34801000000.0,34801000000.0,0.0,0.019,0.106,0.031,0.112,0.0,4165000000.0,1.0,433991146.0,434300000,440700000.0,80.131,109014000000.0,0.0,1174000000.0,1146000000.0,251.011,
29,ALL,MRT,2014-03-31,2014-03-31,2014-03-31,2021-08-04,1486000000.0,124291000000.0,122894000000.0,,,0.283,49.518,-202000000.0,1170000000.0,1170000000.0,21397000000.0,2171000000.0,,4.623,6200000000.0,,,6200000000.0,10821000000.0,379000000.0,23989000000.0,0.018,1.03,3571000000.0,3950000000.0,0.114,3950000000.0,3571000000.0,3215000000.0,4.68,4.62,4.68,22105000000.0,21058500000.0,22105000000.0,30822886881.0,9.0,7.803,3774000000.0,8.454,1.0,13331000000.0,0.384,1243000000.0,356000000.0,128078000000.0,126913250000.0,0.0,81690000000.0,,,102186000000.0,,,25296886881.0,350000000.0,-26000000.0,-1980000000.0,-849000000.0,-465000000.0,-6204000000.0,2820000000.0,3048000000.0,3976000000.0,0.0,2171000000.0,2141000000.0,2141000000.0,0.0,0.0,0.062,4141000000.0,9190000000.0,0.0,0.22,1.144,11.815,12.09,1024000000.0,30000000.0,56.58,0.728,0.727,12783000000.0,36041000000.0,34728000000.0,34728000000.0,0.0,0.017,0.102,0.028,0.103,0.0,4091000000.0,1.0,447099450.0,446400000,452800000.0,77.796,123048000000.0,0.0,1044000000.0,886000000.0,275.645,
30,ALL,MRT,2013-12-31,2013-12-31,2013-12-31,2021-08-04,1046000000.0,123520000000.0,123474250000.0,,,0.279,46.253,-207000000.0,675000000.0,675000000.0,21106000000.0,2280000000.0,,4.75,6201000000.0,,,6201000000.0,10932000000.0,368000000.0,24304000000.0,0.018,1.0,3763000000.0,4131000000.0,0.12,4131000000.0,3763000000.0,3396000000.0,4.87,4.81,4.87,21480000000.0,20687000000.0,21480000000.0,29955434572.0,8.0,7.251,4035000000.0,8.689,1.0,13401000000.0,0.388,1243000000.0,367000000.0,127803000000.0,127671000000.0,0.0,81155000000.0,,,102040000000.0,,,24807434572.0,-131000000.0,-24000000.0,-1664000000.0,-356000000.0,-352000000.0,-5953000000.0,1580000000.0,1811000000.0,4242000000.0,0.0,2280000000.0,2263000000.0,2263000000.0,0.0,0.0,0.066,4072000000.0,9329000000.0,0.0,0.205,1.155,10.962,11.199,1024000000.0,17000000.0,54.54,0.719,0.734,12858000000.0,35580000000.0,34507000000.0,34507000000.0,0.0,0.018,0.109,0.029,0.109,0.0,4002000000.0,1.0,454848452.0,464400000,470300000.0,74.304,122277000000.0,0.0,1116000000.0,635000000.0,263.301,
31,ALL,MRT,2013-09-30,2013-09-30,2013-09-30,2021-08-04,810000000.0,122285000000.0,124331000000.0,,,0.276,45.066,-225000000.0,1069000000.0,1069000000.0,21891000000.0,1853000000.0,,4.885,6217000000.0,,,6217000000.0,11016000000.0,341000000.0,24476000000.0,0.019,0.97,3069000000.0,3410000000.0,0.1,3410000000.0,3069000000.0,2697000000.0,3.91,3.87,3.91,20780000000.0,20462000000.0,20780000000.0,28768270872.0,9.0,8.436,3282000000.0,7.118,1.0,12371000000.0,0.361,1243000000.0,372000000.0,126190000000.0,128459750000.0,0.0,80483000000.0,,,101505000000.0,,,23427270872.0,427000000.0,-24000000.0,-1436000000.0,-339000000.0,-449000000.0,-6384000000.0,3317000000.0,3566000000.0,3507000000.0,0.0,1853000000.0,1847000000.0,1847000000.0,0.0,0.0,0.054,3948000000.0,8423000000.0,0.0,0.248,1.127,12.684,12.928,993000000.0,6000000.0,50.55,0.684,0.68,12279000000.0,34885000000.0,34262000000.0,34262000000.0,0.0,0.015,0.09,0.024,0.09,0.0,3880000000.0,1.0,463447495.0,461100000,467100000.0,74.305,121042000000.0,0.0,844000000.0,440000000.0,262.507,
32,ALL,MRT,2013-06-30,2013-06-30,2013-06-30,2021-08-04,50000000.0,121480000000.0,125506750000.0,,,0.27,42.428,-212000000.0,634000000.0,634000000.0,21610000000.0,2260000000.0,,5.114,5975000000.0,,,5975000000.0,10510000000.0,367000000.0,36357000000.0,0.02,0.94,3618000000.0,3985000000.0,0.117,3985000000.0,3618000000.0,3236000000.0,4.73,4.69,4.73,19869000000.0,20476250000.0,19869000000.0,28287141533.0,8.0,7.098,2621000000.0,5.597,1.0,12315000000.0,0.363,1239000000.0,382000000.0,125582000000.0,129702500000.0,0.0,92315000000.0,,,101611000000.0,,,22551141533.0,63000000.0,13000000.0,-1108000000.0,-560000000.0,-438000000.0,-6651000000.0,3881000000.0,4080000000.0,2833000000.0,0.0,2260000000.0,2260000000.0,2260000000.0,0.0,0.0,0.067,3934000000.0,8381000000.0,0.0,0.199,1.135,9.978,10.173,971000000.0,0.0,48.12,0.665,0.664,13462000000.0,34691000000.0,33925000000.0,33925000000.0,0.0,0.018,0.11,0.028,0.107,0.0,3870000000.0,1.0,468643839.0,468300000,473800000.0,72.443,120241000000.0,0.0,976000000.0,250000000.0,256.761,
33,ALL,MRT,2013-03-31,2013-03-31,2013-03-31,2021-08-04,1279000000.0,126612000000.0,126520500000.0,,,0.264,43.372,-294000000.0,820000000.0,820000000.0,21725000000.0,2249000000.0,,5.141,6556000000.0,,,6556000000.0,10218000000.0,379000000.0,38807000000.0,0.019,0.91,3600000000.0,3979000000.0,0.119,3979000000.0,3600000000.0,3224000000.0,4.66,4.63,4.66,20619000000.0,20377750000.0,20619000000.0,28679287880.0,8.0,7.208,2693000000.0,5.665,1.0,11691000000.0,0.35,1239000000.0,376000000.0,131109000000.0,130752000000.0,0.0,97382000000.0,,,105993000000.0,,,23428287880.0,243000000.0,14000000.0,-1256000000.0,490000000.0,-428000000.0,-4382000000.0,1638000000.0,1918000000.0,2987000000.0,0.0,2249000000.0,2249000000.0,2249000000.0,0.0,0.0,0.067,3905000000.0,7786000000.0,0.0,0.195,1.136,10.417,10.53,998000000.0,0.0,49.07,0.701,0.698,13382000000.0,34375000000.0,33416000000.0,33416000000.0,0.0,0.018,0.11,0.028,0.108,0.0,3851000000.0,1.0,477446258.0,475400000,480800000.0,70.29,125373000000.0,0.0,975000000.0,782000000.0,263.721,
34,ALL,MRT,2012-12-31,2012-12-31,2012-12-31,2021-08-04,1175000000.0,126947000000.0,126350750000.0,,,0.264,42.051,-285000000.0,806000000.0,806000000.0,21618000000.0,2306000000.0,,5.168,6057000000.0,,,6057000000.0,10375000000.0,388000000.0,39319000000.0,0.022,0.88,3679000000.0,4067000000.0,0.122,4067000000.0,3679000000.0,3306000000.0,4.71,4.68,4.71,20580000000.0,20018500000.0,20580000000.0,24817110000.0,7.0,6.102,2769000000.0,5.658,1.0,11697000000.0,0.351,1240000000.0,373000000.0,130958000000.0,130517750000.0,0.0,97278000000.0,,,106367000000.0,,,19402110000.0,30000000.0,13000000.0,-828000000.0,141000000.0,-534000000.0,-4605000000.0,1581000000.0,1853000000.0,3054000000.0,0.0,2306000000.0,2306000000.0,2306000000.0,0.0,0.0,0.069,3918000000.0,7779000000.0,0.0,0.187,0.943,8.414,8.529,989000000.0,0.0,40.17,0.582,0.59,13818000000.0,33783000000.0,33315000000.0,33315000000.0,0.0,0.018,0.115,0.028,0.11,0.0,3884000000.0,1.0,483000000.0,489400000,493000000.0,68.073,125707000000.0,0.0,1000000000.0,597000000.0,256.859,
35,ALL,MRT,2012-09-30,2012-09-30,2012-09-30,2021-08-04,1587000000.0,126988000000.0,125912250000.0,,,0.262,42.883,-262000000.0,642000000.0,642000000.0,20788000000.0,2624000000.0,,5.094,6057000000.0,,,6057000000.0,10494000000.0,396000000.0,40110000000.0,0.022,0.87,4169000000.0,4565000000.0,0.138,4565000000.0,4169000000.0,3796000000.0,5.26,5.23,5.26,20837000000.0,19448000000.0,20837000000.0,24694940606.0,6.0,5.41,2614000000.0,5.38,1.0,12216000000.0,0.37,1242000000.0,373000000.0,131161000000.0,130049000000.0,0.0,98516000000.0,,,106151000000.0,,,19207940606.0,-384000000.0,-904000000.0,-763000000.0,143000000.0,-430000000.0,-5113000000.0,1853000000.0,3019000000.0,2876000000.0,0.0,2624000000.0,2624000000.0,2624000000.0,0.0,0.0,0.08,3959000000.0,8257000000.0,0.0,0.165,0.922,7.32,7.53,928000000.0,0.0,39.61,0.582,0.583,12386000000.0,33496000000.0,33004000000.0,33004000000.0,0.0,0.021,0.135,0.032,0.126,0.0,3918000000.0,1.0,484926549.0,485900000,489900000.0,67.923,125746000000.0,0.0,1172000000.0,689000000.0,258.79,
36,ALL,MRT,2012-06-30,2012-06-30,2012-06-30,2021-08-04,745000000.0,125535000000.0,125905000000.0,,,0.263,39.696,-256000000.0,571000000.0,571000000.0,21819000000.0,2076000000.0,,5.446,6058000000.0,,,6058000000.0,10085000000.0,364000000.0,40832000000.0,0.025,0.86,3339000000.0,3703000000.0,0.112,3703000000.0,3339000000.0,2967000000.0,4.11,4.09,4.11,19475000000.0,18763750000.0,19475000000.0,22722842121.0,7.0,6.136,2187000000.0,4.458,1.0,11299000000.0,0.341,1242000000.0,372000000.0,129780000000.0,130000250000.0,0.0,97320000000.0,,,106060000000.0,,,17241842121.0,-122000000.0,-915000000.0,-964000000.0,143000000.0,-432000000.0,-6063000000.0,3498000000.0,4669000000.0,2443000000.0,0.0,2076000000.0,2076000000.0,2076000000.0,0.0,0.0,0.063,3988000000.0,7311000000.0,0.0,0.209,0.885,8.305,8.538,909000000.0,0.0,35.09,0.521,0.52,12049000000.0,32880000000.0,33118000000.0,33118000000.0,0.0,0.016,0.111,0.026,0.101,0.0,3948000000.0,1.0,491360562.0,490600000,493800000.0,67.505,124293000000.0,0.0,891000000.0,53000000.0,253.349,
37,ALL,MRT,2012-03-31,2012-03-31,2012-03-31,2021-08-04,532000000.0,125933000000.0,126777000000.0,,,0.26,38.464,-249000000.0,577000000.0,577000000.0,23375000000.0,1029000000.0,,5.564,6058000000.0,,,6058000000.0,9888000000.0,317000000.0,41603000000.0,0.026,0.85,1699000000.0,2016000000.0,0.061,2016000000.0,1699000000.0,1329000000.0,2.06,2.04,2.06,19182000000.0,18586000000.0,19182000000.0,21535840916.0,13.0,10.682,1761000000.0,3.531,1.0,9546000000.0,0.29,1242000000.0,370000000.0,130172000000.0,130896000000.0,0.0,97009000000.0,,,106723000000.0,,,16403840916.0,-64000000.0,-916000000.0,-932000000.0,143000000.0,-434000000.0,-7029000000.0,4955000000.0,6120000000.0,2010000000.0,0.0,1029000000.0,1029000000.0,1029000000.0,0.0,0.0,0.031,4007000000.0,5539000000.0,0.0,0.413,0.855,15.942,15.981,912000000.0,0.0,32.92,0.498,0.499,12026000000.0,32565000000.0,32921000000.0,32921000000.0,0.0,0.008,0.055,0.013,0.052,0.0,3966000000.0,1.0,498294074.0,498700000,501500000.0,66.014,124691000000.0,201000000.0,300000000.0,0.0,250.032,
38,ALL,MRT,2011-12-31,2011-12-31,2011-12-31,2021-08-04,29000000.0,125193000000.0,127900000000.0,,,0.255,35.141,-246000000.0,776000000.0,776000000.0,23567000000.0,787000000.0,,5.84,5908000000.0,,,5908000000.0,10057000000.0,252000000.0,42332000000.0,0.031,0.84,1326000000.0,1578000000.0,0.048,1578000000.0,1326000000.0,959000000.0,1.51,1.5,1.51,18298000000.0,18618500000.0,18298000000.0,18732701774.0,14.0,11.871,1683000000.0,3.232,1.0,9087000000.0,0.278,1242000000.0,367000000.0,129083000000.0,132057500000.0,0.0,95618000000.0,,,106867000000.0,,,13851701774.0,214000000.0,-916000000.0,-934000000.0,0.0,-435000000.0,-7876000000.0,6161000000.0,7323000000.0,1929000000.0,0.0,787000000.0,787000000.0,787000000.0,0.0,0.0,0.024,4015000000.0,5072000000.0,0.0,0.556,0.757,17.601,18.152,914000000.0,0.0,27.41,0.424,0.437,12171000000.0,31909000000.0,32654000000.0,32654000000.0,0.0,0.006,0.042,0.01,0.041,0.0,3971000000.0,1.0,505352126.0,520700000,523100000.0,62.712,123951000000.0,722000000.0,172000000.0,0.0,238.047,
39,ALL,MRT,2011-09-30,2011-09-30,2011-09-30,2021-08-04,-54000000.0,126959000000.0,129320250000.0,,,0.251,35.352,-208000000.0,1026000000.0,1026000000.0,24268000000.0,354000000.0,,6.013,5907000000.0,,,5907000000.0,10002000000.0,188000000.0,43776000000.0,0.035,0.83,629000000.0,817000000.0,0.025,817000000.0,629000000.0,262000000.0,0.66,0.65,0.66,18100000000.0,18798000000.0,18100000000.0,17452452096.0,28.0,21.362,2129000000.0,4.158,1.0,8237000000.0,0.253,874000000.0,367000000.0,130966000000.0,133623250000.0,0.0,97525000000.0,,,108830000000.0,,,12238452096.0,526000000.0,1000000.0,-985000000.0,-2000000.0,-435000000.0,-7277000000.0,5466000000.0,5673000000.0,2337000000.0,0.0,354000000.0,354000000.0,354000000.0,0.0,0.0,0.011,3853000000.0,4384000000.0,0.0,1.258,0.676,34.572,35.894,908000000.0,0.0,23.69,0.377,0.373,11708000000.0,31704000000.0,32505000000.0,32505000000.0,0.0,0.003,0.019,0.005,0.019,0.0,3828000000.0,1.0,516608362.0,512000000,514200000.0,63.486,126085000000.0,792000000.0,-92000000.0,0.0,246.26,
40,ALL,MRT,2011-06-30,2011-06-30,2011-06-30,2021-08-04,373000000.0,129023000000.0,130714000000.0,,,0.246,35.871,-199000000.0,693000000.0,693000000.0,23769000000.0,546000000.0,,5.875,5907000000.0,,,5907000000.0,9727000000.0,157000000.0,45078000000.0,0.027,0.82,899000000.0,1056000000.0,0.033,1056000000.0,899000000.0,533000000.0,1.0,0.99,1.0,18764000000.0,19091500000.0,18764000000.0,21232998048.0,24.0,20.107,2656000000.0,5.077,1.0,8402000000.0,0.261,874000000.0,366000000.0,133363000000.0,135149000000.0,0.0,99289000000.0,,,110230000000.0,,,15965998048.0,-18000000.0,6000000.0,-671000000.0,-2000000.0,-433000000.0,-6467000000.0,3594000000.0,3787000000.0,2855000000.0,0.0,546000000.0,546000000.0,546000000.0,0.0,0.0,0.017,3814000000.0,4588000000.0,0.0,0.82,0.851,29.242,30.53,914000000.0,0.0,30.53,0.496,0.496,11315000000.0,31647000000.0,32171000000.0,32171000000.0,0.0,0.004,0.029,0.007,0.028,0.0,3788000000.0,1.0,522960958.0,523100000,523100000.0,61.501,128149000000.0,525000000.0,-13000000.0,0.0,244.98,
41,ALL,MRT,2011-03-31,2011-03-31,2011-03-31,2021-08-04,-15000000.0,130425000000.0,131160750000.0,,,0.242,36.369,-186000000.0,641000000.0,641000000.0,22224000000.0,1315000000.0,,5.752,5908000000.0,,,5908000000.0,9563000000.0,109000000.0,46834000000.0,0.025,0.81,2102000000.0,2211000000.0,0.07,2211000000.0,2102000000.0,1735000000.0,2.46,2.45,2.46,19312000000.0,18910250000.0,19312000000.0,22182091299.0,11.0,10.033,3265000000.0,6.149,1.0,9522000000.0,0.3,874000000.0,367000000.0,134818000000.0,135591750000.0,0.0,99611000000.0,,,111084000000.0,,,16836091299.0,-63000000.0,6000000.0,-429000000.0,-2000000.0,-430000000.0,-6168000000.0,2654000000.0,2834000000.0,3451000000.0,0.0,1315000000.0,1315000000.0,1315000000.0,0.0,0.0,0.041,3805000000.0,5717000000.0,0.0,0.329,0.872,12.803,12.919,912000000.0,0.0,31.78,0.53,0.532,11431000000.0,32377000000.0,31746000000.0,31746000000.0,0.0,0.01,0.07,0.016,0.066,0.0,3777000000.0,1.0,529770022.0,531000000,533600000.0,59.785,129551000000.0,612000000.0,420000000.0,0.0,243.976,
42,ALL,MRT,2010-12-31,2010-12-31,2010-12-31,2021-08-04,-184000000.0,130874000000.0,131651000000.0,,,0.239,35.195,-162000000.0,562000000.0,562000000.0,22573000000.0,911000000.0,,5.881,5908000000.0,,,5908000000.0,9800000000.0,94000000.0,48195000000.0,0.025,0.8,1467000000.0,1561000000.0,0.05,1561000000.0,1467000000.0,1100000000.0,1.69,1.68,1.69,19016000000.0,18472250000.0,19016000000.0,22566303848.0,15.0,14.456,3527000000.0,6.528,1.0,8827000000.0,0.281,874000000.0,367000000.0,135346000000.0,136066750000.0,0.0,100483000000.0,,,111830000000.0,,,17157303848.0,-50000000.0,7000000.0,-124000000.0,-2000000.0,-430000000.0,-6071000000.0,2332000000.0,2487000000.0,3689000000.0,0.0,911000000.0,911000000.0,911000000.0,0.0,0.0,0.029,3837000000.0,4990000000.0,0.0,0.473,0.902,18.833,18.864,921000000.0,0.0,31.88,0.546,0.549,11391000000.0,31969000000.0,31400000000.0,31400000000.0,0.0,0.007,0.049,0.011,0.047,0.0,3807000000.0,1.0,538183935.0,540300000,542500000.0,58.116,130000000000.0,784000000.0,189000000.0,0.0,240.607,
43,ALL,MRT,2010-09-30,2010-09-30,2010-09-30,2021-08-04,119000000.0,132534000000.0,132095500000.0,,,0.237,35.633,-160000000.0,500000000.0,500000000.0,22221000000.0,1150000000.0,,5.875,5909000000.0,,,5909000000.0,10001000000.0,51000000.0,48936000000.0,0.025,0.8,1832000000.0,1883000000.0,0.06,1883000000.0,1832000000.0,1456000000.0,2.13,2.13,2.13,19274000000.0,17891250000.0,19274000000.0,22174066286.0,12.0,11.776,3649000000.0,6.746,1.0,9150000000.0,0.292,874000000.0,376000000.0,137069000000.0,136499000000.0,0.0,102214000000.0,,,113232000000.0,,,16976066286.0,-227000000.0,7000000.0,21000000.0,-752000000.0,-430000000.0,-6686000000.0,2650000000.0,2803000000.0,3809000000.0,0.0,1150000000.0,1150000000.0,1150000000.0,0.0,0.0,0.037,4125000000.0,5025000000.0,0.0,0.376,0.881,14.762,14.812,922000000.0,0.0,31.55,0.541,0.544,11578000000.0,31781000000.0,31371000000.0,31371000000.0,0.0,0.009,0.064,0.013,0.058,0.0,4074000000.0,1.0,538068662.0,540900000,543000000.0,57.998,131660000000.0,670000000.0,306000000.0,0.0,243.409,
44,ALL,MRT,2010-06-30,2010-06-30,2010-06-30,2021-08-04,-873000000.0,130810000000.0,132838000000.0,,,0.234,33.362,-154000000.0,711000000.0,711000000.0,22179000000.0,1004000000.0,,6.25,5909000000.0,,,5909000000.0,9684000000.0,21000000.0,49443000000.0,0.028,0.8,1582000000.0,1603000000.0,0.052,1603000000.0,1582000000.0,1191000000.0,1.86,1.86,1.86,18039000000.0,17449000000.0,18039000000.0,20659960689.0,13.0,12.888,3759000000.0,6.952,1.0,8866000000.0,0.286,874000000.0,391000000.0,135134000000.0,137372750000.0,0.0,99943000000.0,,,112743000000.0,,,15453960689.0,44000000.0,0.0,22000000.0,-749000000.0,-430000000.0,-6680000000.0,2811000000.0,2965000000.0,3913000000.0,0.0,1004000000.0,1004000000.0,1004000000.0,0.0,0.0,0.032,4168000000.0,4698000000.0,0.0,0.43,0.857,15.392,15.446,935000000.0,0.0,28.73,0.498,0.5,11367000000.0,31552000000.0,31045000000.0,31045000000.0,0.0,0.008,0.058,0.012,0.051,0.0,4091000000.0,1.0,537903261.0,540700000,543000000.0,57.416,129936000000.0,1301000000.0,187000000.0,0.0,240.311,
45,ALL,MRT,2010-03-31,2010-03-31,2010-03-31,2021-08-04,-1289000000.0,132386000000.0,133408250000.0,,,0.239,32.488,-160000000.0,704000000.0,704000000.0,22500000000.0,1248000000.0,,6.537,5910000000.0,,,5910000000.0,9575000000.0,-1000000.0,51027000000.0,0.025,0.8,1882000000.0,1881000000.0,0.059,1881000000.0,1882000000.0,1486000000.0,2.31,2.31,2.31,17560000000.0,16706250000.0,17560000000.0,22634617088.0,12.0,12.033,3583000000.0,6.629,1.0,9379000000.0,0.294,874000000.0,396000000.0,136718000000.0,138141250000.0,0.0,100223000000.0,,,114798000000.0,,,17336617088.0,-133000000.0,0.0,11000000.0,251000000.0,-429000000.0,-6930000000.0,3054000000.0,3214000000.0,3743000000.0,0.0,1248000000.0,1248000000.0,1248000000.0,0.0,0.0,0.039,4467000000.0,4912000000.0,0.0,0.346,0.987,13.892,13.987,954000000.0,0.0,32.31,0.544,0.548,11238000000.0,31514000000.0,31879000000.0,31879000000.0,0.0,0.009,0.075,0.014,0.059,0.0,4371000000.0,1.0,536571250.0,540500000,541800000.0,58.981,131512000000.0,1440000000.0,238000000.0,0.0,243.315,
46,ALL,MRT,2009-12-31,2009-12-31,2009-12-31,2021-08-04,-2106000000.0,132652000000.0,132904500000.0,,,0.241,30.934,-189000000.0,612000000.0,612000000.0,22489000000.0,854000000.0,,6.945,5910000000.0,,,5910000000.0,9822000000.0,-91000000.0,52582000000.0,0.027,0.8,1640000000.0,1549000000.0,0.048,1549000000.0,1640000000.0,1248000000.0,1.58,1.58,1.58,16692000000.0,15376750000.0,16692000000.0,22049817655.0,13.0,14.235,4112000000.0,7.62,1.0,9524000000.0,0.298,875000000.0,392000000.0,137075000000.0,137541500000.0,0.0,99833000000.0,,,115931000000.0,,,16115817655.0,197000000.0,12000000.0,-1000000.0,251000000.0,-542000000.0,-7544000000.0,3440000000.0,3617000000.0,4301000000.0,0.0,854000000.0,854000000.0,854000000.0,0.0,0.0,0.027,4884000000.0,4640000000.0,0.0,0.506,0.965,18.871,19.013,990000000.0,0.0,30.04,0.503,0.506,11194000000.0,31492000000.0,32013000000.0,32013000000.0,0.0,0.006,0.056,0.012,0.051,0.0,4754000000.0,1.0,536478617.0,539600000,540900000.0,59.327,131777000000.0,1870000000.0,394000000.0,0.0,244.212,
47,ALL,MRT,2009-09-30,2009-09-30,2009-09-30,2021-08-04,-868000000.0,135504000000.0,133441000000.0,,,0.229,32.423,-281000000.0,727000000.0,727000000.0,22788000000.0,-793000000.0,,6.739,6661000000.0,,,6661000000.0,10069000000.0,-196000000.0,53336000000.0,0.033,1.01,-889000000.0,-1085000000.0,-0.036,-1085000000.0,-889000000.0,-1267000000.0,-1.44,-1.44,-1.44,17505000000.0,14364000000.0,17505000000.0,22415180749.0,-25.0,-20.659,3588000000.0,6.646,1.0,7736000000.0,0.253,874000000.0,378000000.0,140564000000.0,138064750000.0,0.0,100626000000.0,,,117970000000.0,,,16424180749.0,372000000.0,12000000.0,-4000000.0,1002000000.0,-655000000.0,-7628000000.0,4131000000.0,4400000000.0,3869000000.0,0.0,-793000000.0,-793000000.0,-793000000.0,0.0,0.0,-0.026,5445000000.0,2291000000.0,0.0,-0.701,0.938,-20.711,-21.264,1013000000.0,0.0,30.62,0.538,0.542,11430000000.0,31083000000.0,30524000000.0,30524000000.0,0.0,-0.006,-0.055,-0.006,-0.029,0.0,5314000000.0,1.0,536387353.0,539900000,541500000.0,56.536,134630000000.0,1520000000.0,-474000000.0,0.0,249.361,
48,ALL,MRT,2009-06-30,2009-06-30,2009-06-30,2021-08-04,-3172000000.0,133091000000.0,135458500000.0,,,0.223,27.914,-297000000.0,667000000.0,667000000.0,24312000000.0,-1937000000.0,,7.831,6658000000.0,,,6658000000.0,9755000000.0,-321000000.0,53999000000.0,0.05,1.22,-2676000000.0,-2997000000.0,-0.099,-2997000000.0,-2676000000.0,-3036000000.0,-3.55,-3.55,-3.55,15068000000.0,14222250000.0,15068000000.0,17909278013.0,-7.0,-5.976,3796000000.0,7.032,1.0,5950000000.0,0.197,874000000.0,360000000.0,138208000000.0,139923250000.0,0.0,96458000000.0,,,117993000000.0,,,13087278013.0,-81000000.0,12000000.0,-441000000.0,1000000000.0,-772000000.0,-10725000000.0,6551000000.0,6836000000.0,4093000000.0,0.0,-1937000000.0,-1937000000.0,-1937000000.0,0.0,0.0,-0.064,5377000000.0,573000000.0,0.0,-0.344,0.869,-6.756,-6.873,1031000000.0,0.0,24.4,0.432,0.435,11415000000.0,30969000000.0,30262000000.0,30262000000.0,0.0,-0.014,-0.136,-0.019,-0.088,0.0,5271000000.0,1.0,536363853.0,539800000,540600000.0,56.062,132217000000.0,2710000000.0,-1099000000.0,0.0,244.937,
49,ALL,MRT,2009-03-31,2009-03-31,2009-03-31,2021-08-04,-4839000000.0,130371000000.0,139894000000.0,,,0.209,22.717,-292000000.0,837000000.0,837000000.0,24076000000.0,-2301000000.0,,9.647,5659000000.0,,,5659000000.0,9685000000.0,-391000000.0,56621000000.0,0.075,1.43,-3232000000.0,-3623000000.0,-0.124,-3623000000.0,-3232000000.0,-3583000000.0,-4.22,-4.22,-4.22,12242000000.0,15382500000.0,12242000000.0,15509200259.0,-5.0,-4.281,4020000000.0,7.46,1.0,5114000000.0,0.175,874000000.0,351000000.0,134319000000.0,144088250000.0,0.0,93873000000.0,,,118100000000.0,,,10265200259.0,467000000.0,-108000000.0,-866000000.0,17000000.0,-893000000.0,-8872000000.0,5027000000.0,5427000000.0,4312000000.0,0.0,-2301000000.0,-2301000000.0,-2301000000.0,0.0,0.0,-0.079,5070000000.0,44000000.0,0.0,-0.339,0.839,-4.461,-4.538,1044000000.0,0.0,19.15,0.352,0.354,11417000000.0,29825000000.0,29190000000.0,29190000000.0,0.0,-0.016,-0.15,-0.022,-0.111,0.0,5001000000.0,1.0,536041789.0,538900000,538900000.0,54.166,129497000000.0,3486000000.0,-1282000000.0,0.0,240.299,
50,ALL,MRT,2008-12-31,2008-12-31,2008-12-31,2021-08-04,-4801000000.0,134798000000.0,145353750000.0,,,0.202,23.055,-291000000.0,415000000.0,415000000.0,24087000000.0,-1679000000.0,,9.661,5659000000.0,,,5659000000.0,10024000000.0,-376000000.0,58413000000.0,0.05,1.64,-2674000000.0,-3050000000.0,-0.104,-3050000000.0,-2674000000.0,-3025000000.0,-3.06,-3.06,-3.06,12641000000.0,17397750000.0,12641000000.0,22862114760.0,-9.0,-7.496,3619000000.0,6.6,1.0,5307000000.0,0.181,874000000.0,351000000.0,139168000000.0,149672750000.0,0.0,95998000000.0,,,122125000000.0,,,17558114760.0,-7000000.0,-120000000.0,-1290000000.0,19000000.0,-889000000.0,-7705000000.0,3788000000.0,4199000000.0,3910000000.0,0.0,-1679000000.0,-1679000000.0,-1679000000.0,0.0,0.0,-0.057,4702000000.0,605000000.0,0.0,-0.536,1.389,-10.457,-10.706,1059000000.0,0.0,32.76,0.597,0.611,11245000000.0,30207000000.0,29394000000.0,29394000000.0,0.0,-0.012,-0.097,-0.018,-0.091,0.0,4679000000.0,1.0,535961989.0,548300000,548300000.0,53.609,133924000000.0,3794000000.0,-1346000000.0,0.0,244.253,
51,ALL,MRT,2008-09-30,2008-09-30,2008-09-30,2021-08-04,-1842000000.0,143574000000.0,150756250000.0,,,0.211,31.228,-215000000.0,355000000.0,355000000.0,24208000000.0,210000000.0,,7.476,5659000000.0,,,5659000000.0,10446000000.0,-335000000.0,59320000000.0,0.035,1.61,186000000.0,-149000000.0,-0.005,-149000000.0,186000000.0,-166000000.0,0.32,0.32,0.32,16938000000.0,19700250000.0,16938000000.0,29884809883.0,161.0,-200.569,4656000000.0,8.584,1.0,7608000000.0,0.239,880000000.0,352000000.0,147998000000.0,155081000000.0,0.0,104983000000.0,,,126636000000.0,,,24974809883.0,48000000.0,-123000000.0,-1860000000.0,19000000.0,-889000000.0,-7745000000.0,2922000000.0,3260000000.0,4871000000.0,0.0,210000000.0,210000000.0,210000000.0,0.0,0.0,0.007,4207000000.0,3401000000.0,0.0,5.031,1.474,118.928,144.125,1004000000.0,0.0,46.12,0.785,0.786,11212000000.0,31557000000.0,31816000000.0,31816000000.0,0.0,0.001,0.011,0.001,0.006,0.0,4179000000.0,1.0,541517994.0,542400000,542400000.0,58.658,142694000000.0,2054000000.0,-376000000.0,0.0,263.079,
52,ALL,MRT,2008-06-30,2008-06-30,2008-06-30,2021-08-04,-628000000.0,150833000000.0,154706000000.0,,,0.216,35.718,-222000000.0,748000000.0,748000000.0,22798000000.0,2111000000.0,,6.653,5658000000.0,,,5658000000.0,10266000000.0,-284000000.0,62419000000.0,0.035,1.58,3118000000.0,2834000000.0,0.085,2834000000.0,3118000000.0,2764000000.0,3.72,3.72,3.72,19709000000.0,20874250000.0,19709000000.0,30381642915.0,10.0,10.72,4916000000.0,8.909,1.0,10690000000.0,0.319,875000000.0,354000000.0,154868000000.0,159051750000.0,0.0,113603000000.0,,,131124000000.0,,,25109642915.0,363000000.0,-117000000.0,-2611000000.0,18000000.0,-894000000.0,-5409000000.0,634000000.0,973000000.0,5138000000.0,0.0,2111000000.0,2111000000.0,2111000000.0,0.0,0.0,0.063,4389000000.0,6301000000.0,0.0,0.425,1.274,11.895,12.255,1017000000.0,0.0,45.59,0.75,0.751,10704000000.0,32701000000.0,33488000000.0,33488000000.0,0.0,0.014,0.101,0.02,0.093,0.0,4369000000.0,1.0,550770847.0,551800000,553800000.0,60.689,149958000000.0,1333000000.0,653000000.0,0.0,271.762,
53,ALL,MRT,2008-03-31,2008-03-31,2008-03-31,2021-08-04,-637000000.0,152210000000.0,157132000000.0,,,0.226,36.204,-248000000.0,370000000.0,370000000.0,22440000000.0,3489000000.0,,6.497,5642000000.0,,,5642000000.0,10112000000.0,-268000000.0,61727000000.0,0.032,1.55,5243000000.0,4975000000.0,0.14,4975000000.0,5243000000.0,4894000000.0,6.0,5.97,6.0,20303000000.0,21337000000.0,20303000000.0,32151798513.0,6.0,6.463,4777000000.0,8.518,1.0,13085000000.0,0.368,825000000.0,349000000.0,156657000000.0,161576750000.0,0.0,115470000000.0,,,131907000000.0,,,26933798513.0,-101000000.0,3000000.0,-3235000000.0,989000000.0,-899000000.0,-5705000000.0,579000000.0,824000000.0,5025000000.0,0.0,3489000000.0,3489000000.0,3489000000.0,0.0,0.0,0.098,4655000000.0,8430000000.0,0.0,0.258,1.327,7.72,8.01,1025000000.0,0.0,48.06,0.758,0.759,10679000000.0,32902000000.0,35525000000.0,35525000000.0,0.0,0.022,0.164,0.032,0.148,0.0,4626000000.0,1.0,560420277.0,560800000,562800000.0,63.347,151385000000.0,1067000000.0,1405000000.0,0.0,269.945,
54,ALL,MRT,2007-12-31,2007-12-31,2007-12-31,2021-08-04,623000000.0,156408000000.0,159101750000.0,,,0.231,36.774,-274000000.0,422000000.0,422000000.0,21937000000.0,4636000000.0,,6.158,5640000000.0,,,5640000000.0,10409000000.0,-257000000.0,61975000000.0,0.029,1.52,6986000000.0,6729000000.0,0.183,6729000000.0,6986000000.0,6653000000.0,7.8,7.76,7.8,21851000000.0,21884000000.0,21851000000.0,35141520392.0,5.0,5.222,5159000000.0,8.682,1.0,14832000000.0,0.403,825000000.0,333000000.0,160801000000.0,163270750000.0,0.0,118980000000.0,,,134557000000.0,,,29808520392.0,-21000000.0,3000000.0,-3495000000.0,966000000.0,-901000000.0,-5339000000.0,-115000000.0,156000000.0,5433000000.0,0.0,4636000000.0,4636000000.0,4636000000.0,0.0,0.0,0.126,4733000000.0,10099000000.0,0.0,0.195,1.364,6.43,6.696,1062000000.0,0.0,52.23,0.811,0.844,10696000000.0,32796000000.0,36769000000.0,36769000000.0,0.0,0.029,0.212,0.043,0.19,0.0,4704000000.0,1.0,570716454.0,594200000,597500000.0,61.88,155583000000.0,467000000.0,2017000000.0,0.0,261.836,
55,ALL,MRT,2007-09-30,2007-09-30,2007-09-30,2021-08-04,410000000.0,159373000000.0,159388250000.0,,,0.231,37.229,-265000000.0,307000000.0,307000000.0,21378000000.0,5089000000.0,,6.367,5640000000.0,,,5640000000.0,10623000000.0,-221000000.0,62741000000.0,0.026,1.49,7689000000.0,7468000000.0,0.202,7468000000.0,7689000000.0,7348000000.0,8.39,8.34,8.39,21634000000.0,21882750000.0,21634000000.0,38711879491.0,5.0,5.184,5263000000.0,9.057,1.0,15502000000.0,0.42,825000000.0,341000000.0,163881000000.0,163307500000.0,0.0,121129000000.0,,,137739000000.0,,,33455879491.0,-20000000.0,-8000000.0,-3344000000.0,146000000.0,-900000000.0,-5677000000.0,129000000.0,402000000.0,5528000000.0,0.0,5089000000.0,5089000000.0,5089000000.0,0.0,0.0,0.138,4790000000.0,10712000000.0,0.0,0.178,1.546,6.574,6.816,1060000000.0,0.0,57.19,0.907,0.901,10846000000.0,32252000000.0,36880000000.0,36880000000.0,0.0,0.032,0.233,0.047,0.208,0.0,4774000000.0,1.0,584995270.0,581100000,585100000.0,63.466,158548000000.0,528000000.0,2259000000.0,0.0,272.841,
56,ALL,MRT,2007-06-30,2007-06-30,2007-06-30,2021-08-04,427000000.0,160537000000.0,159626000000.0,,,0.229,35.689,-198000000.0,385000000.0,385000000.0,20880000000.0,5269000000.0,,6.446,5641000000.0,,,5641000000.0,10346000000.0,-208000000.0,62616000000.0,0.024,1.46,7945000000.0,7737000000.0,0.211,7737000000.0,7945000000.0,7604000000.0,8.53,8.47,8.53,21560000000.0,22024250000.0,21560000000.0,41530670078.0,5.0,5.368,5384000000.0,8.912,1.0,15746000000.0,0.43,825000000.0,341000000.0,164968000000.0,163512500000.0,0.0,122267000000.0,,,138977000000.0,,,37361670078.0,-81000000.0,-14000000.0,-2398000000.0,140000000.0,-892000000.0,-4511000000.0,-1152000000.0,-940000000.0,5582000000.0,0.0,5269000000.0,5269000000.0,5269000000.0,0.0,0.0,0.144,4830000000.0,10916000000.0,0.0,0.171,1.733,7.091,7.211,1055000000.0,0.0,61.51,1.02,1.015,10691000000.0,31495000000.0,36626000000.0,36626000000.0,0.0,0.033,0.239,0.049,0.217,0.0,4764000000.0,1.0,607408065.0,604100000,608800000.0,60.629,159712000000.0,443000000.0,2335000000.0,0.0,264.38,
57,ALL,MRT,2007-03-31,2007-03-31,2007-03-31,2021-08-04,1018000000.0,160089000000.0,158765250000.0,,,0.227,36.464,-172000000.0,471000000.0,471000000.0,20524000000.0,5073000000.0,,6.118,4640000000.0,,,4640000000.0,10221000000.0,-200000000.0,62472000000.0,0.024,1.43,7656000000.0,7456000000.0,0.207,7456000000.0,7656000000.0,7308000000.0,8.11,8.06,8.11,22491000000.0,21785500000.0,22491000000.0,41380419055.0,5.0,5.55,5560000000.0,9.014,1.0,15522000000.0,0.431,825000000.0,348000000.0,163433000000.0,162604000000.0,0.0,122382000000.0,,,137598000000.0,,,37161419055.0,128000000.0,-826000000.0,-1784000000.0,-888000000.0,-884000000.0,-3312000000.0,-2292000000.0,-1294000000.0,5732000000.0,0.0,5073000000.0,5073000000.0,5073000000.0,0.0,0.0,0.141,4845000000.0,10677000000.0,0.0,0.176,1.652,7.325,7.406,1033000000.0,0.0,60.06,1.031,1.028,10622000000.0,30322000000.0,36046000000.0,36046000000.0,0.0,0.032,0.233,0.047,0.212,0.0,4771000000.0,1.0,618738246.0,616800000,621600000.0,58.44,159264000000.0,268000000.0,2235000000.0,0.0,258.21,
58,ALL,MRT,2006-12-31,2006-12-31,2006-12-31,2021-08-04,991000000.0,157554000000.0,157944750000.0,,,0.227,34.539,-161000000.0,443000000.0,443000000.0,20196000000.0,4993000000.0,,6.212,4662000000.0,,,4662000000.0,10427000000.0,-188000000.0,62031000000.0,0.022,1.4,7535000000.0,7347000000.0,0.205,7347000000.0,7535000000.0,7178000000.0,7.89,7.84,7.89,21846000000.0,21299000000.0,21846000000.0,45891956431.0,6.0,6.246,4894000000.0,7.738,1.0,15600000000.0,0.436,825000000.0,357000000.0,160948000000.0,162047250000.0,0.0,119757000000.0,,,135708000000.0,,,40689956431.0,130000000.0,-826000000.0,-1531000000.0,-608000000.0,-873000000.0,-3006000000.0,-1919000000.0,-932000000.0,5055000000.0,0.0,4993000000.0,4993000000.0,4993000000.0,0.0,0.0,0.139,4939000000.0,10661000000.0,0.0,0.177,1.863,8.149,8.252,1010000000.0,0.0,65.11,1.137,1.15,10616000000.0,29070000000.0,35796000000.0,35796000000.0,0.0,0.032,0.234,0.046,0.21,0.0,4757000000.0,1.0,624941736.0,632500000,637200000.0,56.594,156729000000.0,224000000.0,2185000000.0,0.0,247.793,
59,ALL,MRT,2006-09-30,2006-09-30,2006-09-30,2021-08-04,1969000000.0,160324000000.0,157574250000.0,,,0.226,35.294,-118000000.0,327000000.0,327000000.0,20447000000.0,4821000000.0,,6.222,5529000000.0,,,5529000000.0,10680000000.0,-186000000.0,62395000000.0,0.022,1.37,7257000000.0,7071000000.0,0.198,7071000000.0,7257000000.0,6917000000.0,7.53,7.47,7.53,22200000000.0,20884000000.0,22200000000.0,44553912258.0,6.0,6.301,3863000000.0,6.141,1.0,15192000000.0,0.426,825000000.0,340000000.0,164701000000.0,161868750000.0,0.0,122181000000.0,,,138124000000.0,,,39488912258.0,-81000000.0,-872000000.0,-1065000000.0,618000000.0,-862000000.0,-138000000.0,-3924000000.0,-2934000000.0,3981000000.0,0.0,4821000000.0,4821000000.0,4821000000.0,0.0,0.0,0.135,4862000000.0,10330000000.0,0.0,0.182,1.779,8.191,8.331,1004000000.0,0.0,62.73,1.108,1.107,10922000000.0,28075000000.0,35639000000.0,35639000000.0,0.0,0.031,0.231,0.045,0.204,0.0,4686000000.0,1.0,629506014.0,629000000,633900000.0,56.66,159499000000.0,0.0,2096000000.0,320000000.0,253.576,
60,ALL,MRT,2006-06-30,2006-06-30,2006-06-30,2021-08-04,1101000000.0,157094000000.0,156526000000.0,,,0.229,32.495,-179000000.0,466000000.0,466000000.0,24912000000.0,2115000000.0,,6.624,5531000000.0,,,5531000000.0,10329000000.0,-132000000.0,62008000000.0,0.024,1.34,3048000000.0,2916000000.0,0.081,2916000000.0,3048000000.0,2713000000.0,3.33,3.28,3.33,20605000000.0,20188750000.0,20605000000.0,39997787950.0,13.0,13.717,4325000000.0,6.821,1.0,10931000000.0,0.305,825000000.0,335000000.0,161334000000.0,160641000000.0,0.0,118516000000.0,,,136489000000.0,,,34773787950.0,101000000.0,-872000000.0,-1559000000.0,330000000.0,-854000000.0,-1336000000.0,-3067000000.0,-2016000000.0,4504000000.0,0.0,2115000000.0,2115000000.0,2115000000.0,0.0,0.0,0.059,4820000000.0,6111000000.0,0.0,0.402,1.688,16.442,16.435,1043000000.0,0.0,54.73,0.97,0.968,10848000000.0,27138000000.0,35843000000.0,35843000000.0,0.0,0.014,0.105,0.019,0.085,0.0,4686000000.0,1.0,635369778.0,634100000,638500000.0,56.526,156269000000.0,0.0,598000000.0,0.0,246.442,
61,ALL,MRT,2006-03-31,2006-03-31,2006-03-31,2021-08-04,1626000000.0,156807000000.0,155988250000.0,,,0.229,31.942,-206000000.0,343000000.0,343000000.0,24994000000.0,2057000000.0,,6.632,5567000000.0,,,5567000000.0,10085000000.0,-84000000.0,60253000000.0,0.025,1.31,2933000000.0,2849000000.0,0.08,2849000000.0,2933000000.0,2606000000.0,3.14,3.1,3.14,20545000000.0,20618500000.0,20545000000.0,38597044641.0,13.0,13.548,4860000000.0,7.556,1.0,10765000000.0,0.301,825000000.0,327000000.0,161206000000.0,160042500000.0,0.0,118840000000.0,,,136262000000.0,,,33610044641.0,4000000.0,-62000000.0,-1930000000.0,187000000.0,-845000000.0,-1820000000.0,-3242000000.0,-2974000000.0,5066000000.0,0.0,2057000000.0,2057000000.0,2057000000.0,0.0,0.0,0.058,4794000000.0,5971000000.0,0.0,0.417,1.636,16.339,16.596,1052000000.0,0.0,52.11,0.94,0.937,9487000000.0,26152000000.0,35759000000.0,35759000000.0,0.0,0.013,0.1,0.018,0.082,0.0,4664000000.0,1.0,644982626.0,643200000,647400000.0,55.595,155982000000.0,0.0,549000000.0,165000000.0,242.509,
62,ALL,MRT,2005-12-31,2005-12-31,2005-12-31,2021-08-04,2082000000.0,156072000000.0,154653000000.0,,,0.229,30.506,-196000000.0,313000000.0,313000000.0,25193000000.0,1765000000.0,,6.732,5300000000.0,,,5300000000.0,10294000000.0,-67000000.0,60040000000.0,0.024,1.28,2418000000.0,2351000000.0,0.066,2351000000.0,2418000000.0,2088000000.0,2.67,2.64,2.67,20186000000.0,20813500000.0,20186000000.0,39556005461.0,16.0,16.825,5409000000.0,8.174,1.0,10190000000.0,0.288,825000000.0,330000000.0,160234000000.0,158655250000.0,0.0,118297000000.0,,,135886000000.0,,,35072005461.0,-101000000.0,-62000000.0,-2203000000.0,-46000000.0,-830000000.0,-555000000.0,-5151000000.0,-4893000000.0,5605000000.0,0.0,1765000000.0,1765000000.0,1765000000.0,0.0,0.0,0.05,4762000000.0,5428000000.0,0.0,0.479,1.737,19.871,20.251,1040000000.0,0.0,54.07,0.991,1.011,9919000000.0,24962000000.0,35383000000.0,35383000000.0,0.0,0.011,0.085,0.015,0.068,0.0,4721000000.0,1.0,648640752.0,661700000,667300000.0,53.473,155247000000.0,0.0,323000000.0,351000000.0,234.618,
63,ALL,MRT,2005-09-30,2005-09-30,2005-09-30,2021-08-04,1936000000.0,156131000000.0,153066250000.0,,,0.231,29.656,-259000000.0,408000000.0,408000000.0,24864000000.0,1866000000.0,,7.04,4892000000.0,,,4892000000.0,10490000000.0,-49000000.0,58952000000.0,0.022,1.24,2537000000.0,2488000000.0,0.07,2488000000.0,2537000000.0,2201000000.0,2.67,2.63,2.67,19419000000.0,21222750000.0,19419000000.0,41135832350.0,16.0,16.534,5649000000.0,8.627,1.0,10453000000.0,0.296,825000000.0,336000000.0,159790000000.0,157051750000.0,0.0,119406000000.0,,,136712000000.0,,,36313832350.0,38000000.0,38000000.0,-2409000000.0,-522000000.0,-815000000.0,-44000000.0,-5826000000.0,-5605000000.0,5908000000.0,0.0,1866000000.0,1866000000.0,1866000000.0,0.0,0.0,0.053,4832000000.0,5621000000.0,0.0,0.464,1.87,19.461,20.708,1024000000.0,0.0,55.29,1.028,1.025,9511000000.0,24129000000.0,35317000000.0,35317000000.0,0.0,0.012,0.088,0.016,0.072,0.0,4771000000.0,1.0,656788431.0,654800000,654800000.0,53.936,155306000000.0,0.0,335000000.0,329000000.0,237.181,
64,ALL,MRT,2005-06-30,2005-06-30,2005-06-30,2021-08-04,2456000000.0,154943000000.0,150976500000.0,,,0.231,33.494,-252000000.0,365000000.0,365000000.0,21899000000.0,3470000000.0,,5.941,5187000000.0,,,5187000000.0,10083000000.0,-46000000.0,59182000000.0,0.02,1.2,5022000000.0,4976000000.0,0.143,4976000000.0,5022000000.0,4695000000.0,5.13,5.08,5.13,22324000000.0,21627500000.0,22324000000.0,44943716724.0,9.0,9.032,5484000000.0,8.228,1.0,12918000000.0,0.371,825000000.0,327000000.0,158940000000.0,155097500000.0,0.0,120868000000.0,,,132619000000.0,,,39927716724.0,70000000.0,38000000.0,-2076000000.0,313000000.0,-798000000.0,3372000000.0,-9038000000.0,-8824000000.0,5736000000.0,0.0,3470000000.0,3470000000.0,3470000000.0,0.0,0.0,0.1,4785000000.0,8133000000.0,0.0,0.234,1.789,11.507,11.647,1027000000.0,0.0,59.75,1.147,1.144,9092000000.0,25886000000.0,34817000000.0,34817000000.0,0.0,0.023,0.16,0.032,0.144,0.0,4735000000.0,1.0,668246305.0,666500000,672600000.0,52.239,154118000000.0,0.0,1225000000.0,614000000.0,231.235,
65,ALL,MRT,2005-03-31,2005-03-31,2005-03-31,2021-08-04,1735000000.0,151466000000.0,147192750000.0,,,0.233,31.467,-223000000.0,339000000.0,339000000.0,21676000000.0,3355000000.0,,6.103,5355000000.0,,,5355000000.0,9810000000.0,-31000000.0,57494000000.0,0.021,1.16,4858000000.0,4827000000.0,0.141,4827000000.0,4858000000.0,4540000000.0,4.88,4.84,4.88,21325000000.0,21217250000.0,21325000000.0,41637938961.0,9.0,8.626,5277000000.0,7.787,1.0,12654000000.0,0.369,825000000.0,318000000.0,155657000000.0,151234250000.0,0.0,116883000000.0,,,130141000000.0,,,36717938961.0,23000000.0,40000000.0,-1676000000.0,669000000.0,-779000000.0,4898000000.0,-10375000000.0,-10192000000.0,5500000000.0,0.0,3355000000.0,3355000000.0,3355000000.0,0.0,0.0,0.098,4664000000.0,7990000000.0,0.0,0.238,1.722,10.944,11.078,1013000000.0,0.0,54.06,1.07,1.067,9117000000.0,24950000000.0,34330000000.0,34330000000.0,0.0,0.023,0.158,0.032,0.142,0.0,4606000000.0,1.0,679207158.0,677700000,683100000.0,50.657,150641000000.0,0.0,1185000000.0,256000000.0,222.283,
66,ALL,MRT,2004-12-31,2004-12-31,2004-12-31,2021-08-04,2615000000.0,149725000000.0,143836750000.0,,,0.236,31.373,-200000000.0,414000000.0,414000000.0,21462000000.0,3181000000.0,,5.861,5334000000.0,,,5334000000.0,9932000000.0,-4000000.0,55709000000.0,0.022,1.12,4719000000.0,4715000000.0,0.139,4715000000.0,4719000000.0,4411000000.0,4.57,4.54,4.57,21823000000.0,21281000000.0,21823000000.0,40519892501.0,9.0,8.594,5268000000.0,7.573,1.0,12474000000.0,0.368,825000000.0,308000000.0,153820000000.0,147693500000.0,0.0,115530000000.0,,,127902000000.0,,,35490892501.0,48000000.0,40000000.0,-1137000000.0,668000000.0,-756000000.0,5303000000.0,-10723000000.0,-10563000000.0,5468000000.0,0.0,3181000000.0,3181000000.0,3181000000.0,0.0,0.0,0.094,4516000000.0,7958000000.0,0.0,0.245,1.626,11.157,11.317,1018000000.0,0.0,51.72,1.046,1.06,9044000000.0,24043000000.0,33936000000.0,33936000000.0,0.0,0.022,0.149,0.032,0.139,0.0,4465000000.0,1.0,686212152.0,695600000,700300000.0,48.787,148900000000.0,0.0,1230000000.0,829000000.0,214.06,
67,ALL,MRT,2004-09-30,2004-09-30,2004-09-30,2021-08-04,2444000000.0,147772000000.0,139941000000.0,,,0.238,30.397,-167000000.0,370000000.0,370000000.0,21482000000.0,2800000000.0,,6.024,5399000000.0,,,5399000000.0,9983000000.0,2000000.0,53478000000.0,0.022,1.07,4190000000.0,4192000000.0,0.126,4192000000.0,4190000000.0,3896000000.0,4.01,3.98,4.01,21038000000.0,20966500000.0,21038000000.0,37813488553.0,9.0,9.02,5509000000.0,7.96,1.0,11837000000.0,0.355,828000000.0,294000000.0,151973000000.0,143719250000.0,0.0,114295000000.0,,,126734000000.0,,,33256488553.0,123000000.0,0.0,-1016000000.0,751000000.0,-723000000.0,5164000000.0,-10717000000.0,-10550000000.0,5676000000.0,0.0,2800000000.0,2800000000.0,2800000000.0,0.0,0.0,0.084,4364000000.0,7473000000.0,0.0,0.267,1.581,11.877,11.968,1001000000.0,0.0,47.99,0.998,0.997,8668000000.0,23093000000.0,33319000000.0,33319000000.0,0.0,0.02,0.134,0.029,0.126,0.0,4320000000.0,1.0,692987884.0,692100000,696800000.0,48.142,146944000000.0,0.0,1096000000.0,699000000.0,212.316,
68,ALL,MRT,2004-06-30,2004-06-30,2004-06-30,2021-08-04,1660000000.0,139808000000.0,135563500000.0,,,0.243,29.547,-160000000.0,295000000.0,295000000.0,20312000000.0,3435000000.0,,5.76,4852000000.0,,,4852000000.0,9464000000.0,0.0,51457000000.0,0.022,1.02,5149000000.0,5149000000.0,0.156,5149000000.0,5149000000.0,4861000000.0,4.89,4.86,4.89,20683000000.0,20547000000.0,20683000000.0,37088226382.0,7.0,7.203,5304000000.0,7.577,1.0,12692000000.0,0.385,878000000.0,288000000.0,143487000000.0,139091750000.0,0.0,107583000000.0,,,119125000000.0,,,32707226382.0,-212000000.0,0.0,-665000000.0,117000000.0,-689000000.0,5090000000.0,-10766000000.0,-10606000000.0,5464000000.0,0.0,3435000000.0,3435000000.0,3435000000.0,0.0,0.0,0.104,4275000000.0,8417000000.0,0.0,0.209,1.581,9.522,9.519,1011000000.0,0.0,46.55,0.991,0.987,8138000000.0,23231000000.0,33004000000.0,33004000000.0,0.0,0.025,0.167,0.037,0.156,0.0,4211000000.0,1.0,702625701.0,700000000,704500000.0,47.149,138930000000.0,0.0,1426000000.0,358000000.0,198.471,
69,ALL,MRT,2004-03-31,2004-03-31,2004-03-31,2021-08-04,3058000000.0,138042000000.0,132375000000.0,,,0.246,30.632,-153000000.0,316000000.0,316000000.0,20846000000.0,2989000000.0,,5.397,4697000000.0,,,4697000000.0,9138000000.0,5000000.0,49162000000.0,0.021,0.97,4374000000.0,4379000000.0,0.134,4379000000.0,4374000000.0,4092000000.0,4.26,4.23,4.26,21580000000.0,20201000000.0,21580000000.0,36748755462.0,8.0,8.392,5549000000.0,7.877,1.0,11753000000.0,0.361,929000000.0,282000000.0,141494000000.0,135656000000.0,0.0,107239000000.0,,,116462000000.0,,,32038755462.0,-74000000.0,0.0,-267000000.0,4000000.0,-654000000.0,4412000000.0,-10188000000.0,-10035000000.0,5702000000.0,0.0,2989000000.0,2989000000.0,2989000000.0,0.0,0.0,0.092,4162000000.0,7591000000.0,0.0,0.228,1.485,10.719,10.671,1023000000.0,0.0,45.46,0.983,0.982,7597000000.0,22393000000.0,32599000000.0,32599000000.0,0.0,0.023,0.148,0.032,0.134,0.0,4100000000.0,1.0,704768048.0,704500000,709200000.0,46.273,137113000000.0,0.0,1103000000.0,1027000000.0,194.625,
70,ALL,MRT,2003-12-31,2003-12-31,2003-12-31,2021-08-04,2756000000.0,134142000000.0,127951500000.0,,,0.251,29.232,-169000000.0,366000000.0,366000000.0,21129000000.0,2705000000.0,,5.523,5076000000.0,,,5076000000.0,9187000000.0,-3000000.0,47071000000.0,0.021,0.92,3826000000.0,3823000000.0,0.119,3823000000.0,3826000000.0,3551000000.0,3.85,3.83,3.85,20565000000.0,19301750000.0,20565000000.0,34398773527.0,9.0,8.998,5522000000.0,7.849,1.0,11020000000.0,0.343,929000000.0,275000000.0,137923000000.0,131055250000.0,0.0,103081000000.0,,,113577000000.0,,,30267773527.0,-96000000.0,0.0,-153000000.0,-198000000.0,-633000000.0,3677000000.0,-9464000000.0,-9295000000.0,5691000000.0,0.0,2705000000.0,2705000000.0,2705000000.0,0.0,0.0,0.084,4132000000.0,6888000000.0,0.0,0.239,1.472,11.19,11.174,1046000000.0,0.0,43.02,0.941,0.941,7507000000.0,21641000000.0,32149000000.0,32149000000.0,0.0,0.021,0.14,0.029,0.119,0.0,4058000000.0,1.0,703574466.0,703500000,706200000.0,45.699,133213000000.0,0.0,846000000.0,1103000000.0,189.357,
71,ALL,MRT,2003-09-30,2003-09-30,2003-09-30,2021-08-04,2201000000.0,130262000000.0,123772500000.0,,,0.254,27.527,-217000000.0,247000000.0,247000000.0,21353000000.0,2391000000.0,,5.728,4378000000.0,,,4378000000.0,9260000000.0,-9000000.0,45522000000.0,0.032,1.155,3164000000.0,3155000000.0,0.1,3155000000.0,3164000000.0,2886000000.0,3.4,3.38,3.4,19360000000.0,18520000000.0,19360000000.0,29326893353.0,9.0,9.295,5566000000.0,7.914,1.0,10121000000.0,0.322,930000000.0,278000000.0,133463000000.0,126643750000.0,0.0,101499000000.0,,,110902000000.0,,,25706893353.0,-184000000.0,0.0,-185000000.0,-182000000.0,-620000000.0,3564000000.0,-9531000000.0,-9314000000.0,5783000000.0,0.0,2391000000.0,2391000000.0,2391000000.0,0.0,0.0,0.076,3986000000.0,6135000000.0,0.0,0.34,1.328,10.752,10.744,1049000000.0,0.0,36.53,0.817,0.816,7568000000.0,21043000000.0,31474000000.0,31474000000.0,0.0,0.019,0.129,0.025,0.101,0.0,3906000000.0,1.0,703720048.0,703300000,706000000.0,44.752,129332000000.0,0.0,495000000.0,656000000.0,183.893,
72,ALL,MRT,2003-06-30,2003-06-30,2003-06-30,2021-08-04,2645000000.0,127054000000.0,120390000000.0,,,0.254,27.413,-231000000.0,507000000.0,507000000.0,21199000000.0,1948000000.0,,5.573,4127000000.0,,,4127000000.0,8834000000.0,-22000000.0,43358000000.0,0.032,1.135,2475000000.0,2453000000.0,0.08,2453000000.0,2475000000.0,2200000000.0,2.77,2.76,2.77,19299000000.0,18121500000.0,19299000000.0,28768305067.0,12.0,11.728,5355000000.0,7.607,1.0,9387000000.0,0.307,930000000.0,275000000.0,129744000000.0,123172750000.0,0.0,99205000000.0,,,107555000000.0,,,25095305067.0,208000000.0,0.0,-266000000.0,-106000000.0,-607000000.0,3314000000.0,-8692000000.0,-8461000000.0,5586000000.0,0.0,1948000000.0,1948000000.0,1948000000.0,0.0,0.0,0.064,3958000000.0,5429000000.0,0.0,0.41,1.3,12.883,12.87,958000000.0,0.0,35.65,0.82,0.821,7256000000.0,20514000000.0,30586000000.0,30586000000.0,0.0,0.016,0.107,0.02,0.081,0.0,3857000000.0,1.0,703935626.0,704000000,706600000.0,43.446,126124000000.0,0.0,252000000.0,778000000.0,179.153,
73,ALL,MRT,2003-03-31,2003-03-31,2003-03-31,2021-08-04,1785000000.0,120348000000.0,117433250000.0,,,0.257,25.569,-244000000.0,390000000.0,390000000.0,21151000000.0,1704000000.0,,5.681,4063000000.0,,,4063000000.0,8566000000.0,-53000000.0,41820000000.0,0.034,1.115,2160000000.0,2107000000.0,0.07,2107000000.0,2160000000.0,1884000000.0,2.41,2.4,2.41,17983000000.0,17601000000.0,17983000000.0,27139687588.0,13.0,12.881,4507000000.0,6.408,1.0,8991000000.0,0.298,930000000.0,276000000.0,123091000000.0,120293000000.0,0.0,93982000000.0,,,102165000000.0,,,23361687588.0,55000000.0,0.0,-415000000.0,-53000000.0,-595000000.0,3901000000.0,-8597000000.0,-8353000000.0,4751000000.0,0.0,1704000000.0,1704000000.0,1704000000.0,0.0,0.0,0.057,3944000000.0,5047000000.0,0.0,0.463,1.299,13.71,13.763,981000000.0,0.0,33.17,0.775,0.774,6992000000.0,20087000000.0,30142000000.0,30142000000.0,0.0,0.015,0.097,0.018,0.072,0.0,3822000000.0,1.0,704301706.0,703300000,705200000.0,42.858,119418000000.0,0.0,180000000.0,306000000.0,169.797,
74,ALL,MRT,2002-12-31,2002-12-31,2002-12-31,2021-08-04,1733000000.0,117426000000.0,115410250000.0,,,0.256,24.661,-239000000.0,462000000.0,462000000.0,21191000000.0,1134000000.0,,5.722,4240000000.0,,,4240000000.0,8578000000.0,-62000000.0,40751000000.0,0.03,1.095,1477000000.0,1415000000.0,0.048,1415000000.0,1477000000.0,1199000000.0,1.6,1.6,1.6,17438000000.0,17409750000.0,17438000000.0,29776351244.0,20.0,21.043,4179000000.0,5.91,1.0,8388000000.0,0.284,927000000.0,278000000.0,120277000000.0,118213000000.0,0.0,90650000000.0,,,99788000000.0,,,26002351244.0,199000000.0,0.0,-446000000.0,313000000.0,-582000000.0,4784000000.0,-9003000000.0,-8764000000.0,4418000000.0,0.0,1134000000.0,1134000000.0,1134000000.0,0.0,0.0,0.038,3813000000.0,4575000000.0,0.0,0.684,1.491,22.93,23.119,989000000.0,0.0,36.99,0.879,0.884,6958000000.0,19584000000.0,29579000000.0,29579000000.0,0.0,0.01,0.065,0.012,0.05,0.0,3694000000.0,1.0,702956238.0,707100000,709900000.0,41.831,116499000000.0,0.0,65000000.0,259000000.0,164.756,
75,ALL,MRT,2002-09-30,2002-09-30,2002-09-30,2021-08-04,2314000000.0,116732000000.0,113347500000.0,,,0.259,25.186,-217000000.0,431000000.0,431000000.0,21063000000.0,951000000.0,,5.559,4205000000.0,,,4205000000.0,8665000000.0,-70000000.0,39313000000.0,0.023,0.82,1340000000.0,1270000000.0,0.043,1270000000.0,1340000000.0,1074000000.0,1.34,1.34,1.34,17766000000.0,17349250000.0,17766000000.0,29009495530.0,22.0,22.842,3832000000.0,5.432,1.0,8287000000.0,0.282,927000000.0,266000000.0,119579000000.0,116031000000.0,0.0,89888000000.0,,,98766000000.0,,,25085495530.0,212000000.0,0.0,-410000000.0,717000000.0,-569000000.0,4377000000.0,-8214000000.0,-7997000000.0,4049000000.0,0.0,951000000.0,951000000.0,951000000.0,0.0,0.0,0.032,3889000000.0,4398000000.0,0.0,0.612,1.412,26.378,26.53,976000000.0,0.0,35.55,0.855,0.854,7082000000.0,19285000000.0,29350000000.0,29350000000.0,0.0,0.008,0.055,0.012,0.046,0.0,3673000000.0,1.0,705639818.0,705400000,708100000.0,41.608,115805000000.0,0.0,123000000.0,602000000.0,164.169,
76,ALL,MRT,2002-06-30,2002-06-30,2002-06-30,2021-08-04,1751000000.0,115227000000.0,111316000000.0,,,0.263,24.294,-201000000.0,299000000.0,299000000.0,21180000000.0,929000000.0,,5.681,4223000000.0,,,4223000000.0,8225000000.0,-79000000.0,37323000000.0,0.022,0.8,1284000000.0,1205000000.0,0.041,1205000000.0,1284000000.0,1022000000.0,1.31,1.31,1.31,17217000000.0,17231000000.0,17217000000.0,30009251199.0,23.0,24.904,3290000000.0,4.642,1.0,8104000000.0,0.277,926000000.0,262000000.0,118225000000.0,113779500000.0,0.0,86816000000.0,,,97810000000.0,,,26234251199.0,95000000.0,0.0,-659000000.0,838000000.0,-558000000.0,3441000000.0,-6837000000.0,-6636000000.0,3491000000.0,0.0,929000000.0,929000000.0,929000000.0,0.0,0.0,0.032,3770000000.0,4334000000.0,0.0,0.611,1.524,28.239,28.229,970000000.0,0.0,36.98,0.896,0.895,6827000000.0,19185000000.0,29284000000.0,29284000000.0,0.0,0.008,0.054,0.011,0.044,0.0,3570000000.0,1.0,709417285.0,708700000,712100000.0,41.321,114301000000.0,0.0,93000000.0,215000000.0,161.283,
77,ALL,MRT,2002-03-31,2002-03-31,2002-03-31,2021-08-04,1477000000.0,112256000000.0,109575500000.0,,,0.265,24.193,-184000000.0,335000000.0,335000000.0,21242000000.0,753000000.0,,5.508,4110000000.0,,,4110000000.0,7974000000.0,-87000000.0,35039000000.0,0.021,0.78,1014000000.0,927000000.0,0.032,927000000.0,1014000000.0,759000000.0,1.06,1.06,1.06,17218000000.0,17319250000.0,17218000000.0,30539984274.0,30.0,32.945,2791000000.0,3.922,1.0,7790000000.0,0.268,1260000000.0,255000000.0,114771000000.0,111754000000.0,0.0,82211000000.0,,,94838000000.0,,,26881984274.0,191000000.0,0.0,-584000000.0,651000000.0,-546000000.0,2682000000.0,-5466000000.0,-5282000000.0,2975000000.0,0.0,753000000.0,753000000.0,753000000.0,0.0,0.0,0.026,3682000000.0,4108000000.0,0.0,0.736,1.561,35.7,35.632,973000000.0,0.0,37.77,0.926,0.926,6745000000.0,19320000000.0,29032000000.0,29032000000.0,0.0,0.007,0.043,0.009,0.035,0.0,3500000000.0,1.0,711728469.0,711700000,713800000.0,40.792,110996000000.0,0.0,6000000.0,61000000.0,155.959,
78,ALL,MRT,2001-12-31,2001-12-31,2001-12-31,2021-08-04,1663000000.0,109175000000.0,108124750000.0,,,0.267,23.877,-186000000.0,263000000.0,263000000.0,20936000000.0,1158000000.0,,5.337,3921000000.0,,,3921000000.0,7961000000.0,-106000000.0,33560000000.0,0.023,0.76,1479000000.0,1373000000.0,0.048,1373000000.0,1479000000.0,1231000000.0,1.61,1.6,1.61,17196000000.0,17400750000.0,17196000000.0,27291973673.0,18.0,19.878,2099000000.0,2.914,1.0,7929000000.0,0.275,1284000000.0,248000000.0,111549000000.0,110189000000.0,0.0,79876000000.0,,,91779000000.0,,,24028973673.0,41000000.0,0.0,-721000000.0,564000000.0,-535000000.0,2110000000.0,-4354000000.0,-4168000000.0,2285000000.0,0.0,1158000000.0,1158000000.0,1158000000.0,0.0,0.0,0.04,3645000000.0,4284000000.0,0.0,0.472,1.397,20.75,20.932,984000000.0,0.0,33.7,0.832,0.841,6674000000.0,19044000000.0,28865000000.0,28865000000.0,0.0,0.011,0.067,0.013,0.051,0.0,3462000000.0,1.0,713025925.0,720200000,723300000.0,40.079,107891000000.0,0.0,73000000.0,137000000.0,149.807,
79,ALL,MRT,2001-09-30,2001-09-30,2001-09-30,2021-08-04,1868000000.0,108606000000.0,107033000000.0,,,0.268,24.108,-191000000.0,219000000.0,219000000.0,20516000000.0,1441000000.0,,5.237,3482000000.0,,,3482000000.0,8033000000.0,-112000000.0,32653000000.0,0.02,0.74,1904000000.0,1792000000.0,0.062,1792000000.0,1904000000.0,1655000000.0,1.99,1.97,1.99,17293000000.0,17464500000.0,17293000000.0,30026667330.0,16.0,16.756,1618000000.0,2.256,1.0,8211000000.0,0.286,1296000000.0,249000000.0,110573000000.0,108969250000.0,0.0,80271000000.0,,,90563000000.0,,,26854667330.0,-12000000.0,0.0,-998000000.0,148000000.0,-526000000.0,1520000000.0,-3341000000.0,-3150000000.0,1809000000.0,0.0,1441000000.0,1441000000.0,1441000000.0,0.0,0.0,0.05,3467000000.0,4744000000.0,0.0,0.372,1.553,18.636,18.769,969000000.0,0.0,37.35,0.935,0.933,6793000000.0,18916000000.0,28727000000.0,28727000000.0,0.0,0.013,0.083,0.017,0.066,0.0,3382000000.0,1.0,719000464.0,717300000,719700000.0,40.049,107310000000.0,0.0,214000000.0,299000000.0,149.603,
80,ALL,MRT,2001-06-30,2001-06-30,2001-06-30,2021-08-04,1865000000.0,108265000000.0,106307000000.0,,,0.273,24.248,-208000000.0,204000000.0,204000000.0,20057000000.0,1859000000.0,,5.119,3376000000.0,,,3376000000.0,7804000000.0,-91000000.0,31492000000.0,0.016,0.72,2642000000.0,2551000000.0,0.088,2551000000.0,2642000000.0,2395000000.0,2.54,2.52,2.54,17570000000.0,17339750000.0,17570000000.0,35156945403.0,13.0,13.782,1283000000.0,1.771,1.0,8942000000.0,0.308,1314000000.0,247000000.0,110123000000.0,108522500000.0,0.0,78379000000.0,,,89945000000.0,,,31867945403.0,-34000000.0,0.0,-854000000.0,47000000.0,-514000000.0,1787000000.0,-3312000000.0,-3104000000.0,1491000000.0,0.0,1859000000.0,1859000000.0,1859000000.0,0.0,0.0,0.064,3502000000.0,5440000000.0,0.0,0.283,1.814,17.143,17.319,989000000.0,0.0,43.99,1.099,1.099,6658000000.0,18826000000.0,28999000000.0,28999000000.0,0.0,0.017,0.107,0.024,0.091,0.0,3411000000.0,1.0,724436131.0,724600000,728500000.0,40.021,106951000000.0,0.0,536000000.0,278000000.0,147.6,
81,ALL,MRT,2001-03-31,2001-03-31,2001-03-31,2021-08-04,1838000000.0,106453000000.0,105093250000.0,,,0.276,24.145,-249000000.0,144000000.0,144000000.0,19570000000.0,2150000000.0,,5.025,3433000000.0,,,3433000000.0,7573000000.0,-85000000.0,30121000000.0,0.017,0.7,3128000000.0,3043000000.0,0.105,3043000000.0,3128000000.0,2884000000.0,2.93,2.9,2.93,17544000000.0,16978500000.0,17544000000.0,33573600572.0,11.0,11.033,1200000000.0,1.652,1.0,9409000000.0,0.325,1231000000.0,244000000.0,108511000000.0,107612500000.0,0.0,77305000000.0,,,88159000000.0,,,30464600572.0,-146000000.0,0.0,-1211000000.0,998000000.0,-506000000.0,2235000000.0,-3830000000.0,-3581000000.0,1449000000.0,0.0,2150000000.0,2150000000.0,2150000000.0,0.0,0.0,0.074,3508000000.0,5901000000.0,0.0,0.239,1.736,14.17,14.314,999000000.0,0.0,41.94,1.051,1.052,6469000000.0,18795000000.0,28979000000.0,28979000000.0,0.0,0.02,0.127,0.029,0.108,0.0,3415000000.0,1.0,726385326.0,726600000,730300000.0,39.883,105222000000.0,0.0,734000000.0,270000000.0,144.814,
82,ALL,MRT,2000-12-31,2000-12-31,2000-12-31,2021-08-04,1926000000.0,104808000000.0,103531500000.0,,,0.281,23.456,-300000000.0,222000000.0,222000000.0,19585000000.0,2211000000.0,,4.963,3331000000.0,,,3331000000.0,7607000000.0,-47000000.0,28870000000.0,0.016,0.68,3235000000.0,3188000000.0,0.109,3188000000.0,3235000000.0,3006000000.0,2.97,2.95,2.97,17451000000.0,16696500000.0,17451000000.0,34939560117.0,11.0,10.96,1431000000.0,1.923,1.0,9549000000.0,0.328,1247000000.0,229000000.0,106670000000.0,106072500000.0,0.0,74483000000.0,,,86607000000.0,,,31855560117.0,-32000000.0,0.0,-1783000000.0,480000000.0,-502000000.0,1012000000.0,-2775000000.0,-2475000000.0,1731000000.0,0.0,2211000000.0,2211000000.0,2211000000.0,0.0,0.0,0.076,3570000000.0,5979000000.0,0.0,0.229,1.825,14.408,14.667,1000000000.0,0.0,43.56,1.093,1.112,6154000000.0,18433000000.0,29134000000.0,29134000000.0,0.0,0.021,0.132,0.03,0.111,0.0,3458000000.0,1.0,731303033.0,744000000,748700000.0,39.159,103561000000.0,0.0,795000000.0,348000000.0,139.195,
83,ALL,MRT,2000-09-30,2000-09-30,2000-09-30,2021-08-04,1403000000.0,105702000000.0,101859250000.0,,,0.284,22.824,-307000000.0,231000000.0,231000000.0,19473000000.0,2089000000.0,,5.249,3315000000.0,,,3315000000.0,7809000000.0,-9000000.0,28388000000.0,0.019,0.66,3082000000.0,3073000000.0,0.106,3073000000.0,3082000000.0,2873000000.0,2.76,2.75,2.76,16794000000.0,16484000000.0,16794000000.0,28587343040.0,9.0,9.303,2022000000.0,2.748,1.0,9450000000.0,0.327,0.0,209000000.0,108786000000.0,104272750000.0,0.0,74543000000.0,,,88158000000.0,,,25514343040.0,1000000.0,1010000000.0,-1980000000.0,1288000000.0,-493000000.0,1977000000.0,-4305000000.0,-5008000000.0,2329000000.0,0.0,2089000000.0,2089000000.0,2089000000.0,0.0,0.0,0.072,3709000000.0,5741000000.0,0.0,0.239,1.519,12.214,12.591,989000000.0,0.0,34.75,0.882,0.884,6230000000.0,18010000000.0,28923000000.0,28923000000.0,0.0,0.021,0.127,0.03,0.107,0.0,3526000000.0,1.0,734225699.0,735800000,740600000.0,39.308,105702000000.0,3000000.0,784000000.0,0.0,143.656,
84,ALL,MRT,2000-06-30,2000-06-30,2000-06-30,2021-08-04,1247000000.0,103410000000.0,98014250000.0,,,0.286,21.723,-280000000.0,238000000.0,238000000.0,19024000000.0,1935000000.0,,5.353,3311000000.0,,,3311000000.0,7639000000.0,-23000000.0,27224000000.0,0.029,0.64,2839000000.0,2816000000.0,0.1,2816000000.0,2839000000.0,2663000000.0,2.52,2.5,2.52,16125000000.0,16251750000.0,16125000000.0,18712962609.0,7.0,6.645,1849000000.0,2.491,1.0,9005000000.0,0.321,0.0,176000000.0,106483000000.0,100088250000.0,0.0,72655000000.0,,,86321000000.0,,,16567962609.0,-16000000.0,971000000.0,-2855000000.0,1667000000.0,-488000000.0,1175000000.0,-3320000000.0,-4011000000.0,2129000000.0,0.0,1935000000.0,1935000000.0,1935000000.0,0.0,0.0,0.069,3595000000.0,5410000000.0,0.0,0.254,1.027,8.562,8.829,989000000.0,0.0,22.25,0.591,0.589,6224000000.0,17492000000.0,28029000000.0,28029000000.0,0.0,0.02,0.119,0.028,0.101,0.0,3442000000.0,1.0,744627533.0,742300000,747800000.0,37.76,103410000000.0,88000000.0,728000000.0,0.0,139.31,
85,ALL,MRT,2000-03-31,2000-03-31,2000-03-31,2021-08-04,1501000000.0,100206000000.0,94515250000.0,,,0.29,21.386,-261000000.0,290000000.0,290000000.0,18213000000.0,2246000000.0,,5.045,2435000000.0,,,2435000000.0,7545000000.0,-1000000.0,26132000000.0,0.026,0.62,3295000000.0,3294000000.0,0.12,3294000000.0,3295000000.0,3149000000.0,2.86,2.84,2.86,16416000000.0,16524750000.0,16416000000.0,21076284293.0,6.0,6.398,1896000000.0,2.47,1.0,9225000000.0,0.336,0.0,146000000.0,102351000000.0,96151000000.0,0.0,70101000000.0,,,82826000000.0,,,18479284293.0,100000000.0,971000000.0,-2715000000.0,686000000.0,-480000000.0,11000000.0,-2068000000.0,-2778000000.0,2157000000.0,0.0,2246000000.0,2246000000.0,2246000000.0,0.0,0.0,0.082,3513000000.0,5712000000.0,0.0,0.217,1.126,8.228,8.325,956000000.0,0.0,23.81,0.673,0.666,6224000000.0,17160000000.0,27438000000.0,27438000000.0,0.0,0.024,0.136,0.034,0.12,0.0,3379000000.0,1.0,776114418.0,767600000,772100000.0,35.745,100206000000.0,80000000.0,903000000.0,0.0,130.545,
86,ALL,MRT,1999-12-31,1999-12-31,1999-12-31,2021-08-04,1345000000.0,98119000000.0,91819500000.0,,,0.294,20.746,-212000000.0,254000000.0,254000000.0,17257000000.0,2720000000.0,,4.852,2851000000.0,,,2851000000.0,7671000000.0,-17000000.0,25199000000.0,0.025,0.6,3997000000.0,3980000000.0,0.148,3980000000.0,3997000000.0,3868000000.0,3.4,3.38,3.4,16601000000.0,16774000000.0,16601000000.0,21103838972.0,5.0,5.302,2055000000.0,2.568,1.0,9702000000.0,0.36,1245000000.0,129000000.0,99471000000.0,93291500000.0,0.0,69645000000.0,,,80554000000.0,,,19377838972.0,-4000000.0,971000000.0,-2173000000.0,1035000000.0,-471000000.0,341000000.0,-2612000000.0,-3371000000.0,2267000000.0,0.0,2720000000.0,2720000000.0,2720000000.0,0.0,0.0,0.101,3376000000.0,6326000000.0,0.0,0.176,1.167,7.124,7.076,916000000.0,0.0,24.06,0.719,0.714,6136000000.0,16728000000.0,26959000000.0,26959000000.0,0.0,0.03,0.162,0.043,0.148,0.0,3282000000.0,1.0,805396466.0,800200000,803800000.0,33.69,96874000000.0,211000000.0,1148000000.0,0.0,121.062,
87,ALL,MRT,1999-09-30,1999-09-30,1999-09-30,2021-08-04,1228000000.0,90322000000.0,89212500000.0,,,0.296,20.059,-185000000.0,230000000.0,230000000.0,16514000000.0,3055000000.0,,4.646,1956000000.0,,,1956000000.0,6737000000.0,-43000000.0,23179000000.0,0.023,0.585,4484000000.0,4441000000.0,0.168,4441000000.0,4484000000.0,4368000000.0,3.79,3.77,3.79,15865000000.0,16933750000.0,15865000000.0,21230981756.0,5.0,4.781,2019000000.0,2.553,1.0,9890000000.0,0.375,0.0,116000000.0,92048000000.0,90718500000.0,0.0,66043000000.0,,,73707000000.0,,,19910981756.0,-30000000.0,-39000000.0,-1840000000.0,393000000.0,-466000000.0,-247000000.0,-1987000000.0,-1763000000.0,2204000000.0,0.0,3055000000.0,3055000000.0,3055000000.0,0.0,0.0,0.116,3164000000.0,6726000000.0,0.0,0.154,1.255,6.518,6.58,822000000.0,0.0,24.94,0.754,0.747,5516000000.0,16425000000.0,26404000000.0,26404000000.0,0.0,0.034,0.18,0.049,0.17,0.0,3157000000.0,1.0,798355323.0,790900000,793900000.0,33.385,90322000000.0,371000000.0,1313000000.0,0.0,114.202,
88,ALL,MRT,1999-06-30,1999-06-30,1999-06-30,2021-08-04,1846000000.0,89414000000.0,87981250000.0,,,0.299,21.329,-214000000.0,254000000.0,254000000.0,16142000000.0,3278000000.0,,4.15,1574000000.0,,,1574000000.0,6535000000.0,-13000000.0,22262000000.0,0.016,0.57,4828000000.0,4815000000.0,0.183,4815000000.0,4828000000.0,4712000000.0,4.03,4.01,4.03,17217000000.0,17117000000.0,17217000000.0,30444510787.0,6.0,6.323,2550000000.0,3.159,1.0,10147000000.0,0.386,0.0,116000000.0,90734000000.0,89382000000.0,0.0,66522000000.0,,,71447000000.0,,,28954510787.0,-47000000.0,0.0,-1155000000.0,-16000000.0,-458000000.0,-725000000.0,-2086000000.0,-1872000000.0,2764000000.0,0.0,3278000000.0,3278000000.0,3278000000.0,0.0,0.0,0.125,3140000000.0,7007000000.0,0.0,0.141,1.682,8.833,8.903,834000000.0,0.0,35.88,1.101,1.102,5155000000.0,16052000000.0,26289000000.0,26289000000.0,0.0,0.037,0.192,0.054,0.184,0.0,3133000000.0,1.0,806981906.0,807200000,810500000.0,32.568,89414000000.0,22000000.0,1434000000.0,0.0,110.771,
89,ALL,MRT,1999-03-31,1999-03-31,1999-03-31,2021-08-04,2403000000.0,89423000000.0,86908500000.0,,,0.302,21.402,-194000000.0,190000000.0,190000000.0,16065000000.0,3393000000.0,,4.092,1680000000.0,,,1680000000.0,6404000000.0,-23000000.0,21466000000.0,0.015,0.555,4978000000.0,4955000000.0,0.189,4955000000.0,4978000000.0,4862000000.0,4.13,4.11,4.13,17413000000.0,16929750000.0,17413000000.0,31632117847.0,6.0,6.384,2524000000.0,3.102,1.0,10171000000.0,0.388,0.0,116000000.0,90913000000.0,88301750000.0,0.0,67519000000.0,,,71260000000.0,,,30144117847.0,-73000000.0,-226000000.0,-1297000000.0,275000000.0,-440000000.0,-1234000000.0,-1557000000.0,-1137000000.0,2718000000.0,0.0,3393000000.0,3393000000.0,3393000000.0,0.0,0.0,0.129,3097000000.0,7074000000.0,0.0,0.134,1.731,8.884,8.973,818000000.0,0.0,37.06,1.149,1.149,5166000000.0,15403000000.0,26236000000.0,26236000000.0,0.0,0.039,0.2,0.056,0.19,0.0,3090000000.0,1.0,813386882.0,813600000,817000000.0,32.247,89423000000.0,0.0,1469000000.0,181000000.0,109.91,
90,ALL,MRT,1998-12-31,1998-12-31,1998-12-31,2021-08-04,2956000000.0,87691000000.0,85686750000.0,,,0.302,20.716,-188000000.0,258000000.0,258000000.0,16016000000.0,3294000000.0,,4.043,1746000000.0,,,1746000000.0,6425000000.0,-22000000.0,21133000000.0,0.014,0.54,4834000000.0,4812000000.0,0.186,4812000000.0,4834000000.0,4716000000.0,3.96,3.94,3.96,17240000000.0,16623250000.0,17240000000.0,32893786383.0,7.0,6.836,2703000000.0,3.248,1.0,9863000000.0,0.381,0.0,118000000.0,89179000000.0,87078750000.0,0.0,66525000000.0,,,69701000000.0,,,31588786383.0,38000000.0,-226000000.0,-1489000000.0,394000000.0,-443000000.0,-1486000000.0,-1367000000.0,-953000000.0,2891000000.0,0.0,3294000000.0,3294000000.0,3294000000.0,0.0,0.0,0.127,3028000000.0,6835000000.0,0.0,0.136,1.832,9.59,9.722,803000000.0,0.0,38.5,1.221,1.238,5014000000.0,14490000000.0,25879000000.0,25879000000.0,0.0,0.038,0.198,0.056,0.187,0.0,3021000000.0,1.0,820487958.0,832200000,836600000.0,31.097,87691000000.0,0.0,1422000000.0,461000000.0,105.373,
91,ALL,MRT,1998-09-30,1998-09-30,1998-09-30,2021-08-04,2798000000.0,85397000000.0,83993500000.0,,,0.306,20.082,-183000000.0,260000000.0,260000000.0,15859000000.0,3405000000.0,,4.1,1565000000.0,,,1565000000.0,6505000000.0,-17000000.0,20682000000.0,0.013,0.525,5019000000.0,5002000000.0,0.194,5002000000.0,5019000000.0,4905000000.0,4.06,4.02,4.06,16598000000.0,16215750000.0,16598000000.0,35673630796.0,7.0,7.132,2714000000.0,3.284,1.0,9879000000.0,0.384,0.0,114000000.0,86702000000.0,85382500000.0,0.0,65644000000.0,,,68049000000.0,,,34383630796.0,93000000.0,-88000000.0,-1842000000.0,434000000.0,-339000000.0,-1932000000.0,-872000000.0,-601000000.0,2897000000.0,0.0,3405000000.0,3405000000.0,3405000000.0,0.0,0.0,0.132,2991000000.0,6888000000.0,0.0,0.129,2.072,10.098,10.222,775000000.0,0.0,41.5,1.336,1.333,5146000000.0,13840000000.0,25738000000.0,25738000000.0,0.0,0.041,0.21,0.059,0.195,0.0,2991000000.0,1.0,828521224.0,826500000,830700000.0,31.141,85397000000.0,0.0,1500000000.0,326000000.0,103.324,
92,ALL,MRT,1998-06-30,1998-06-30,1998-06-30,2021-08-04,2863000000.0,85123000000.0,,,,,19.668,-163000000.0,301000000.0,301000000.0,15758000000.0,3516000000.0,,4.123,1591000000.0,,,1591000000.0,6333000000.0,-33000000.0,20639000000.0,0.011,0.51,5167000000.0,5134000000.0,0.2,5134000000.0,5167000000.0,5055000000.0,4.14,4.11,4.14,16468000000.0,,16468000000.0,39923526558.0,8.0,7.776,2716000000.0,3.244,1.0,9928000000.0,0.387,0.0,112000000.0,86413000000.0,,0.0,64885000000.0,,,67905000000.0,,,38438526558.0,119000000.0,-88000000.0,-1708000000.0,523000000.0,-330000000.0,-1833000000.0,-927000000.0,-676000000.0,2879000000.0,0.0,3516000000.0,3516000000.0,3516000000.0,0.0,0.0,0.137,2919000000.0,7009000000.0,0.0,0.123,2.334,10.932,11.058,762000000.0,0.0,45.78,1.496,1.492,5106000000.0,13237000000.0,25686000000.0,25686000000.0,0.0,,,,0.201,0.0,2919000000.0,1.0,839635792.0,837300000,841900000.0,30.677,85123000000.0,0.0,1539000000.0,311000000.0,101.664,
93,ALL,MRT,1998-03-31,1998-03-31,1998-03-31,2021-08-04,2923000000.0,84536000000.0,,,,,19.149,-168000000.0,263000000.0,263000000.0,15678000000.0,3274000000.0,,4.176,1748000000.0,,,1748000000.0,6223000000.0,-28000000.0,20525000000.0,0.011,0.495,4803000000.0,4775000000.0,0.189,4775000000.0,4803000000.0,4695000000.0,3.82,3.79,3.82,16187000000.0,,16187000000.0,40341088078.0,8.0,8.448,3305000000.0,3.91,1.0,9542000000.0,0.378,0.0,108000000.0,86021000000.0,,0.0,64889000000.0,,,67599000000.0,,,38865088078.0,134000000.0,138000000.0,-1486000000.0,416000000.0,-331000000.0,-1675000000.0,-1664000000.0,-1634000000.0,3473000000.0,0.0,3274000000.0,3274000000.0,3274000000.0,0.0,0.0,0.13,2846000000.0,6696000000.0,0.0,0.13,2.401,11.871,12.034,754000000.0,0.0,45.97,1.541,1.541,5112000000.0,12468000000.0,25220000000.0,25220000000.0,0.0,,,,0.19,0.0,2846000000.0,1.0,845444596.0,845300000,850100000.0,29.836,84536000000.0,0.0,1421000000.0,434000000.0,100.007,
94,ALL,MRT,1997-12-31,1997-12-31,1997-12-31,2021-08-04,2785000000.0,80918000000.0,77713000000.0,,,0.321,17.986,-150000000.0,220000000.0,220000000.0,15751000000.0,3105000000.0,,4.136,1696000000.0,,,1696000000.0,6233000000.0,-22000000.0,20389000000.0,0.011,0.48,4529000000.0,4507000000.0,0.181,4507000000.0,4529000000.0,4429000000.0,3.58,3.56,3.58,15610000000.0,14531000000.0,15610000000.0,,,,3192000000.0,3.678,1.0,9198000000.0,0.369,0.0,100000000.0,82394000000.0,79086000000.0,0.0,62548000000.0,,,64558000000.0,,,38256367969.0,104000000.0,138000000.0,-1358000000.0,310000000.0,-323000000.0,-1718000000.0,-1520000000.0,-1508000000.0,3342000000.0,0.0,3105000000.0,3105000000.0,3105000000.0,0.0,0.0,0.124,2789000000.0,6409000000.0,0.0,0.134,2.451,12.321,12.64,741000000.0,0.0,45.25,1.533,1.574,5007000000.0,11646000000.0,24949000000.0,24949000000.0,0.0,0.04,0.214,0.057,0.182,0.0,2789000000.0,1.0,845444596.0,867900000,872800000.0,28.746,80918000000.0,0.0,1324000000.0,381000000.0,93.234,
95,ALL,MRT,1997-09-30,1997-09-30,1997-09-30,2021-08-04,,,,,,,,,,,,,,,,,,,,,,0.012,0.466,,,,,,,,,,,,,,,,,,1.0,,,,,,,,,,,,,,,,,,,,,,,,,,,,,,,,,,,,,,,,40.19,,,,,,,,,,,,,,1.0,,865600000,,,,,,,,
96,ALL,MRT,1997-06-30,1997-06-30,1997-06-30,2021-08-04,,,,,,,,,,,,,,,,,,,,,,0.012,0.453,,,,,,,,,,,,,,,,,,1.0,,,,,,,,,,,,,,,,,,,,,,,,,,,,,,,,,,,,,,,,36.5,,,,,,,,,,,,,,1.0,,870200000,,,,,,,,
97,ALL,MRT,1997-03-31,1997-03-31,1997-03-31,2021-08-04,,,,,,,,,,,,,,,,,,,,,,0.015,0.439,,,,,,,,,,,,,,,,,,1.0,,,,,,,,,,,,,,,,,,,,,,,,,,,,,,,,,,,,,,,,29.69,,,,,,,,,,,,,,1.0,,880000000,,,,,,,,
98,ALL,MRT,1996-12-31,1996-12-31,1996-12-31,2021-08-04,2024000000.0,74508000000.0,,,,,15.101,-126000000.0,116000000.0,116000000.0,16800000000.0,2075000000.0,,4.483,1386000000.0,,,1386000000.0,6174000000.0,-19000000.0,20120000000.0,0.015,0.426,2789000000.0,2770000000.0,0.114,2770000000.0,2789000000.0,2694000000.0,2.33,2.31,2.33,13452000000.0,,13452000000.0,,,,2910000000.0,3.267,1.0,7499000000.0,0.309,0.0,95000000.0,75778000000.0,,0.0,58329000000.0,,,60306000000.0,,,,26000000.0,378000000.0,-336000000.0,908000000.0,-378000000.0,373000000.0,-3383000000.0,-3635000000.0,3036000000.0,0.0,2075000000.0,2075000000.0,2075000000.0,0.0,0.0,0.085,2492000000.0,5007000000.0,0.0,0.183,,,12.421,714000000.0,0.0,28.94,,1.061,5033000000.0,8958000000.0,24299000000.0,24299000000.0,0.0,,,,0.115,0.0,2342000000.0,1.0,,890800000,896400000.0,27.278,74508000000.0,232000000.0,619000000.0,0.0,83.642,
99,ALL,MRT,1995-12-31,1995-12-31,1995-12-31,2021-08-04,,,,,,,,-106000000.0,,,16069000000.0,1904000000.0,,,,,,,,-3000000.0,,0.019,0.39,2558000000.0,2555000000.0,0.112,2555000000.0,2558000000.0,2477000000.0,2.125,2.12,2.125,,,,,,,2622000000.0,2.923,1.0,6724000000.0,0.295,,81000000.0,,,,,,,,,,,34000000.0,0.0,-69000000.0,809000000.0,-350000000.0,1307000000.0,-4001000000.0,-3895000000.0,2728000000.0,0.0,1904000000.0,1904000000.0,1904000000.0,0.0,0.0,0.084,2143000000.0,4581000000.0,,0.184,,,9.678,,0.0,20.565,,0.809,,,22793000000.0,22793000000.0,0.0,,,,0.112,0.0,2143000000.0,1.0,,897000000,899000000.0,25.41,,,573000000.0,,,
