None,ticker,dimension,calendardate,datekey,reportperiod,lastupdated,accoci,assets,assetsavg,assetsc,assetsnc,assetturnover,bvps,capex,cashneq,cashnequsd,cor,consolinc,currentratio,de,debt,debtc,debtnc,debtusd,deferredrev,depamor,deposits,divyield,dps,ebit,ebitda,ebitdamargin,ebitdausd,ebitusd,ebt,eps,epsdil,epsusd,equity,equityavg,equityusd,ev,evebit,evebitda,fcf,fcfps,fxusd,gp,grossmargin,intangibles,intexp,invcap,invcapavg,inventory,investments,investmentsc,investmentsnc,liabilities,liabilitiesc,liabilitiesnc,marketcap,ncf,ncfbus,ncfcommon,ncfdebt,ncfdiv,ncff,ncfi,ncfinv,ncfo,ncfx,netinc,netinccmn,netinccmnusd,netincdis,netincnci,netmargin,opex,opinc,payables,payoutratio,pb,pe,pe1,ppnenet,prefdivis,price,ps,ps1,receivables,retearn,revenue,revenueusd,rnd,roa,roe,roic,ros,sbcomp,sgna,sharefactor,sharesbas,shareswa,shareswadil,sps,tangibles,taxassets,taxexp,taxliabilities,tbvps,workingcapital
0,ADM,MRY,2020-12-31,2020-12-31,2020-12-31,2021-07-27,-2604000000.0,49719000000.0,46812500000.0,27286000000.0,22433000000.0,1.375,35.69,-823000000.0,666000000.0,666000000.0,59902000000.0,1782000000.0,1.501,1.483,11053000000.0,2305000000.0,8748000000.0,11053000000.0,0.0,976000000.0,0.0,0.029,1.44,2212000000.0,3188000000.0,0.05,3188000000.0,2212000000.0,1873000000.0,3.16,3.15,3.16,20022000000.0,19412500000.0,20022000000.0,35232571960.0,16.0,11.052,-3209000000.0,-5.72,1.0,4453000000.0,0.069,5413000000.0,339000000.0,36511000000.0,34313000000.0,11713000000.0,10803000000.0,5890000000.0,4913000000.0,29697000000.0,18182000000.0,11515000000.0,28047571960.0,1656000000.0,708000000.0,-133000000.0,492000000.0,-809000000.0,-423000000.0,4465000000.0,4607000000.0,-2386000000.0,0.0,1772000000.0,1772000000.0,1772000000.0,0.0,10000000.0,0.028,2767000000.0,1686000000.0,10934000000.0,0.456,1.401,15.828,15.953,11053000000.0,0.0,50.41,0.436,0.439,2793000000.0,19780000000.0,64355000000.0,64355000000.0,0.0,0.038,0.091,0.064,0.034,151000000.0,2687000000.0,1.0,556389049.0,561000000,563000000.0,114.715,44306000000.0,0.0,101000000.0,1302000000.0,78.977,9104000000.0
1,ADM,MRY,2019-12-31,2019-12-31,2019-12-31,2021-07-27,-2405000000.0,43997000000.0,42892000000.0,21347000000.0,22650000000.0,1.507,34.147,-828000000.0,852000000.0,852000000.0,60509000000.0,1379000000.0,1.554,1.289,9877000000.0,1424000000.0,8453000000.0,9877000000.0,0.0,993000000.0,0.0,0.03,1.4,1990000000.0,2983000000.0,0.046,2983000000.0,1990000000.0,1588000000.0,2.45,2.44,2.45,19225000000.0,19002250000.0,19225000000.0,33758410700.0,17.0,11.317,-6280000000.0,-11.155,1.0,4147000000.0,0.064,5476000000.0,402000000.0,33812000000.0,33118000000.0,9170000000.0,9590000000.0,4458000000.0,5132000000.0,24772000000.0,13734000000.0,11038000000.0,25802410700.0,-853000000.0,-1666000000.0,-150000000.0,301000000.0,-789000000.0,-660000000.0,5259000000.0,7758000000.0,-5452000000.0,0.0,1379000000.0,1379000000.0,1379000000.0,0.0,0.0,0.021,2796000000.0,1351000000.0,8768000000.0,0.571,1.342,18.711,18.918,11077000000.0,0.0,46.35,0.399,0.404,2267000000.0,18958000000.0,64656000000.0,64656000000.0,0.0,0.032,0.073,0.06,0.031,89000000.0,2493000000.0,1.0,556686315.0,563000000,565000000.0,114.842,38521000000.0,0.0,209000000.0,1194000000.0,68.421,7613000000.0
2,ADM,MRY,2018-12-31,2018-12-31,2018-12-31,2021-07-27,-2106000000.0,40833000000.0,40088000000.0,20588000000.0,20245000000.0,1.605,33.681,-842000000.0,1997000000.0,1997000000.0,60160000000.0,1815000000.0,1.748,1.15,8388000000.0,690000000.0,7698000000.0,8388000000.0,0.0,941000000.0,0.0,0.033,1.34,2419000000.0,3360000000.0,0.052,3360000000.0,2419000000.0,2055000000.0,3.21,3.19,3.21,18996000000.0,18861250000.0,18996000000.0,29906600044.0,12.0,8.901,-5626000000.0,-9.975,1.0,4181000000.0,0.065,4041000000.0,364000000.0,31407000000.0,31079500000.0,8813000000.0,9823000000.0,4506000000.0,5317000000.0,21837000000.0,11776000000.0,10061000000.0,22969600044.0,1985000000.0,-430000000.0,-77000000.0,989000000.0,-758000000.0,187000000.0,6582000000.0,7851000000.0,-4784000000.0,0.0,1810000000.0,1810000000.0,1810000000.0,0.0,5000000.0,0.028,2336000000.0,1845000000.0,8173000000.0,0.417,1.209,12.69,12.763,9953000000.0,0.0,40.97,0.357,0.359,2233000000.0,18527000000.0,64341000000.0,64341000000.0,0.0,0.045,0.096,0.078,0.038,109000000.0,2165000000.0,1.0,560644375.0,564000000,567000000.0,114.08,36792000000.0,0.0,245000000.0,1067000000.0,65.234,8812000000.0
3,ADM,MRY,2017-12-31,2017-12-31,2017-12-31,2021-07-27,-1637000000.0,39963000000.0,39094750000.0,19925000000.0,20038000000.0,1.556,32.2,-1049000000.0,804000000.0,804000000.0,57310000000.0,1602000000.0,1.585,1.181,7493000000.0,870000000.0,6623000000.0,7493000000.0,0.0,924000000.0,0.0,0.032,1.28,1932000000.0,2856000000.0,0.047,2856000000.0,1932000000.0,1602000000.0,2.8,2.79,2.8,18322000000.0,17611500000.0,18322000000.0,29232752505.0,15.0,10.236,-7015000000.0,-12.329,1.0,3518000000.0,0.058,3918000000.0,330000000.0,30164000000.0,29548750000.0,9173000000.0,10006000000.0,4826000000.0,5180000000.0,21641000000.0,12570000000.0,9071000000.0,22414752505.0,297000000.0,-272000000.0,-750000000.0,382000000.0,-730000000.0,-1028000000.0,7291000000.0,8624000000.0,-5966000000.0,0.0,1595000000.0,1595000000.0,1595000000.0,0.0,7000000.0,0.026,2151000000.0,1367000000.0,8867000000.0,0.457,1.223,14.053,14.314,10138000000.0,0.0,40.08,0.368,0.375,1947000000.0,17552000000.0,60828000000.0,60828000000.0,0.0,0.041,0.091,0.065,0.032,66000000.0,1978000000.0,1.0,559250312.0,569000000,572000000.0,106.903,36045000000.0,0.0,7000000.0,1053000000.0,63.348,7355000000.0
4,ADM,MRY,2016-12-31,2016-12-31,2016-12-31,2021-07-27,-2598000000.0,39769000000.0,39850250000.0,21045000000.0,18724000000.0,1.565,29.219,-882000000.0,619000000.0,619000000.0,58728000000.0,1288000000.0,1.598,1.315,6931000000.0,427000000.0,6504000000.0,6931000000.0,0.0,900000000.0,0.0,0.026,1.2,2106000000.0,3006000000.0,0.048,3006000000.0,2106000000.0,1813000000.0,2.18,2.16,2.18,17181000000.0,17579750000.0,17181000000.0,32638995164.0,15.0,10.858,-7390000000.0,-12.568,1.0,3618000000.0,0.058,3703000000.0,293000000.0,29205000000.0,29303250000.0,8831000000.0,9991000000.0,5307000000.0,4684000000.0,22588000000.0,13173000000.0,9415000000.0,26266995164.0,-235000000.0,-597000000.0,-1000000000.0,1088000000.0,-701000000.0,-579000000.0,6852000000.0,8321000000.0,-6508000000.0,0.0,1279000000.0,1279000000.0,1279000000.0,0.0,9000000.0,0.021,2036000000.0,1582000000.0,8764000000.0,0.55,1.529,20.537,20.94,9758000000.0,0.0,45.65,0.421,0.431,1905000000.0,17444000000.0,62346000000.0,62346000000.0,0.0,0.032,0.073,0.072,0.034,74000000.0,1981000000.0,1.0,575399675.0,588000000,591000000.0,106.031,36066000000.0,0.0,534000000.0,1669000000.0,61.337,7872000000.0
5,ADM,MRY,2015-12-31,2015-12-31,2015-12-31,2021-07-27,-2146000000.0,40157000000.0,40829250000.0,21829000000.0,18328000000.0,1.658,28.989,-1125000000.0,910000000.0,910000000.0,63736000000.0,1846000000.0,1.616,1.242,5877000000.0,98000000.0,5779000000.0,5877000000.0,0.0,882000000.0,0.0,0.031,1.12,2595000000.0,3477000000.0,0.051,3477000000.0,2595000000.0,2287000000.0,2.99,2.98,2.99,17915000000.0,18277000000.0,17915000000.0,27950418982.0,11.0,8.039,580000000.0,0.939,1.0,3966000000.0,0.059,3688000000.0,308000000.0,27931000000.0,29485750000.0,8243000000.0,9992000000.0,5652000000.0,4340000000.0,22242000000.0,13505000000.0,8737000000.0,21888418982.0,-965000000.0,1060000000.0,-2040000000.0,240000000.0,-687000000.0,-2649000000.0,-21000000.0,35000000.0,1705000000.0,0.0,1849000000.0,1849000000.0,1849000000.0,0.0,-3000000.0,0.027,2185000000.0,1781000000.0,9294000000.0,0.375,1.222,11.838,12.268,9853000000.0,0.0,36.68,0.323,0.335,1738000000.0,16865000000.0,67702000000.0,67702000000.0,0.0,0.045,0.101,0.088,0.038,79000000.0,1985000000.0,1.0,596739885.0,618000000,621000000.0,109.55,36469000000.0,0.0,438000000.0,1563000000.0,59.011,8324000000.0
6,ADM,MRY,2014-12-31,2014-12-31,2014-12-31,2021-07-27,-1241000000.0,43997000000.0,41798000000.0,26028000000.0,17969000000.0,1.943,30.061,-894000000.0,1099000000.0,1099000000.0,76433000000.0,2253000000.0,1.668,1.241,5660000000.0,132000000.0,5528000000.0,5660000000.0,0.0,894000000.0,0.0,0.018,0.96,3462000000.0,4356000000.0,0.054,4356000000.0,3462000000.0,3125000000.0,3.44,3.43,3.44,19630000000.0,20043000000.0,19630000000.0,34478952912.0,10.0,7.915,4049000000.0,6.201,1.0,4768000000.0,0.059,3392000000.0,337000000.0,29564000000.0,30250500000.0,9374000000.0,9769000000.0,5392000000.0,4377000000.0,24367000000.0,15602000000.0,8765000000.0,33476952912.0,-2041000000.0,-2540000000.0,-1183000000.0,-1708000000.0,-624000000.0,-3577000000.0,-3407000000.0,-105000000.0,4943000000.0,0.0,2248000000.0,2248000000.0,2248000000.0,0.0,5000000.0,0.028,2038000000.0,2730000000.0,10200000000.0,0.279,1.705,14.892,15.116,9851000000.0,0.0,52.0,0.412,0.418,2704000000.0,15701000000.0,81201000000.0,81201000000.0,0.0,0.054,0.112,0.114,0.043,55000000.0,1933000000.0,1.0,643787556.0,653000000,656000000.0,124.351,40605000000.0,0.0,877000000.0,1662000000.0,62.182,10426000000.0
7,ADM,MRY,2013-12-31,2013-12-31,2013-12-31,2021-07-27,-57000000.0,43752000000.0,42166000000.0,28530000000.0,15222000000.0,2.13,30.551,-913000000.0,3121000000.0,3121000000.0,85915000000.0,1354000000.0,1.822,1.167,6870000000.0,1523000000.0,5347000000.0,6870000000.0,0.0,909000000.0,0.0,0.018,0.76,2425000000.0,3334000000.0,0.037,3334000000.0,2425000000.0,2012000000.0,2.03,2.02,2.03,20194000000.0,19437250000.0,20194000000.0,32187901472.0,13.0,9.654,4313000000.0,6.525,1.0,3889000000.0,0.043,561000000.0,413000000.0,31282000000.0,32064500000.0,11441000000.0,8440000000.0,4394000000.0,4046000000.0,23558000000.0,15658000000.0,7900000000.0,28555901472.0,1407000000.0,42000000.0,-101000000.0,-2713000000.0,-501000000.0,-3242000000.0,-577000000.0,104000000.0,5226000000.0,0.0,1342000000.0,1342000000.0,1342000000.0,0.0,12000000.0,0.015,2018000000.0,1871000000.0,9345000000.0,0.374,1.414,21.279,21.379,10137000000.0,0.0,43.4,0.318,0.319,3224000000.0,14077000000.0,89804000000.0,89804000000.0,0.0,0.032,0.069,0.076,0.027,43000000.0,1759000000.0,1.0,657970080.0,661000000,663000000.0,135.861,43191000000.0,0.0,670000000.0,1448000000.0,65.342,12872000000.0
8,ADM,MRY,2012-12-31,2012-06-30,2012-06-30,2021-07-27,-907000000.0,41771000000.0,41648250000.0,26954000000.0,14817000000.0,2.138,27.322,-1477000000.0,1291000000.0,1291000000.0,85370000000.0,1242000000.0,1.843,1.299,10320000000.0,3785000000.0,6535000000.0,10320000000.0,0.0,848000000.0,0.0,0.023,0.685,2187000000.0,3035000000.0,0.034,3035000000.0,2187000000.0,1746000000.0,1.84,1.84,1.84,18169000000.0,18323500000.0,18169000000.0,28951680347.0,13.0,9.539,1418000000.0,2.132,1.0,3668000000.0,0.041,603000000.0,441000000.0,35571000000.0,35130000000.0,12192000000.0,7089000000.0,3439000000.0,3650000000.0,23602000000.0,14626000000.0,8976000000.0,19439680347.0,676000000.0,-323000000.0,-527000000.0,-64000000.0,-455000000.0,-1097000000.0,-1122000000.0,648000000.0,2895000000.0,0.0,1223000000.0,1223000000.0,1223000000.0,0.0,19000000.0,0.014,2075000000.0,1593000000.0,2474000000.0,0.372,1.07,15.895,16.043,9812000000.0,0.0,29.52,0.218,0.22,3439000000.0,12774000000.0,89038000000.0,89038000000.0,0.0,0.029,0.067,0.062,0.025,48000000.0,1626000000.0,1.0,658525757.0,665000000,666000000.0,133.892,41168000000.0,0.0,523000000.0,1001000000.0,61.907,12328000000.0
9,ADM,MRY,2011-12-31,2011-06-30,2011-06-30,2021-07-27,176000000.0,42352000000.0,41190250000.0,27504000000.0,14848000000.0,1.959,29.343,-1175000000.0,615000000.0,615000000.0,76376000000.0,2018000000.0,2.081,1.248,10319000000.0,2053000000.0,8266000000.0,10319000000.0,0.0,877000000.0,0.0,0.021,0.62,3515000000.0,4392000000.0,0.054,4392000000.0,3515000000.0,3033000000.0,3.17,3.13,3.17,18838000000.0,16702250000.0,18838000000.0,32632088090.0,9.0,7.43,-3515000000.0,-5.475,1.0,4300000000.0,0.053,602000000.0,482000000.0,38236000000.0,36343000000.0,12055000000.0,8041000000.0,4135000000.0,3906000000.0,23514000000.0,13218000000.0,10296000000.0,19232088090.0,-431000000.0,-218000000.0,-301000000.0,2528000000.0,-395000000.0,3584000000.0,-1675000000.0,-285000000.0,-2340000000.0,0.0,2036000000.0,2036000000.0,2036000000.0,0.0,-18000000.0,0.025,1611000000.0,2689000000.0,2581000000.0,0.196,1.021,9.446,9.511,9500000000.0,0.0,30.15,0.238,0.24,4808000000.0,11996000000.0,80676000000.0,80676000000.0,0.0,0.049,0.122,0.097,0.044,47000000.0,1611000000.0,1.0,637880202.0,642000000,654000000.0,125.664,41750000000.0,0.0,997000000.0,1018000000.0,65.031,14286000000.0
10,ADM,MRY,2010-12-31,2010-06-30,2010-06-30,2021-07-27,-899000000.0,31808000000.0,32381000000.0,18394000000.0,13414000000.0,1.905,22.754,-1572000000.0,1046000000.0,1046000000.0,57839000000.0,1919000000.0,2.082,1.174,7548000000.0,718000000.0,6830000000.0,7548000000.0,0.0,912000000.0,0.0,0.022,0.58,3018000000.0,3930000000.0,0.064,3930000000.0,3018000000.0,2596000000.0,3.0,3.0,3.0,14631000000.0,14609500000.0,14631000000.0,22365547050.0,7.0,5.691,1112000000.0,1.729,1.0,3843000000.0,0.062,523000000.0,422000000.0,28954000000.0,28877500000.0,7871000000.0,6208000000.0,2731000000.0,3477000000.0,17177000000.0,8833000000.0,8344000000.0,16603547050.0,-9000000.0,-208000000.0,-100000000.0,-496000000.0,-372000000.0,-1028000000.0,-1665000000.0,67000000.0,2684000000.0,0.0,1930000000.0,1930000000.0,1930000000.0,0.0,-11000000.0,0.031,1398000000.0,2445000000.0,5538000000.0,0.193,1.135,8.603,8.607,8712000000.0,0.0,25.82,0.269,0.269,6122000000.0,10357000000.0,61682000000.0,61682000000.0,0.0,0.06,0.132,0.105,0.049,45000000.0,1398000000.0,1.0,643049847.0,643000000,644000000.0,95.928,31285000000.0,0.0,666000000.0,439000000.0,48.655,9561000000.0
11,ADM,MRY,2009-12-31,2009-06-30,2009-06-30,2021-07-27,-355000000.0,31582000000.0,33041250000.0,19408000000.0,12174000000.0,2.095,21.233,-1833000000.0,1055000000.0,1055000000.0,65118000000.0,1688000000.0,2.184,1.313,7996000000.0,404000000.0,7592000000.0,7996000000.0,0.0,780000000.0,0.0,0.02,0.54,2965000000.0,3745000000.0,0.054,3745000000.0,2965000000.0,2496000000.0,2.62,2.62,2.62,13653000000.0,13576750000.0,13653000000.0,23047327204.0,8.0,6.154,3508000000.0,5.456,1.0,4089000000.0,0.059,532000000.0,469000000.0,29106000000.0,28382500000.0,7782000000.0,6015000000.0,2930000000.0,3085000000.0,17929000000.0,8885000000.0,9044000000.0,17186327204.0,245000000.0,45000000.0,-100000000.0,-2789000000.0,-347000000.0,-3225000000.0,-1871000000.0,-90000000.0,5341000000.0,0.0,1684000000.0,1684000000.0,1684000000.0,0.0,4000000.0,0.024,1412000000.0,2677000000.0,5786000000.0,0.206,1.259,10.206,10.218,7950000000.0,0.0,26.77,0.248,0.249,7311000000.0,8778000000.0,69207000000.0,69207000000.0,0.0,0.051,0.124,0.104,0.043,65000000.0,1412000000.0,1.0,641999522.0,643000000,644000000.0,107.631,31050000000.0,0.0,812000000.0,308000000.0,48.289,10523000000.0
12,ADM,MRY,2008-12-31,2008-06-30,2008-06-30,2021-07-27,957000000.0,37056000000.0,34112750000.0,25455000000.0,11601000000.0,2.047,20.947,-1727000000.0,810000000.0,810000000.0,65974000000.0,1786000000.0,1.741,1.747,11045000000.0,3355000000.0,7690000000.0,11045000000.0,0.0,767000000.0,0.0,0.015,0.49,2588000000.0,3355000000.0,0.048,3355000000.0,2588000000.0,2588000000.0,2.76,2.75,2.76,13490000000.0,12699000000.0,13490000000.0,31522391732.0,12.0,9.396,-4931000000.0,-7.657,1.0,3842000000.0,0.055,506000000.0,0.0,32164000000.0,28332750000.0,10160000000.0,5853000000.0,2490000000.0,3363000000.0,23566000000.0,14621000000.0,8945000000.0,21732391732.0,147000000.0,20000000.0,-61000000.0,5600000000.0,-316000000.0,5246000000.0,-1895000000.0,-183000000.0,-3204000000.0,0.0,1780000000.0,1780000000.0,1780000000.0,0.0,6000000.0,0.025,1419000000.0,2423000000.0,6544000000.0,0.178,1.611,12.209,12.228,7125000000.0,0.0,33.75,0.311,0.311,11483000000.0,7494000000.0,69816000000.0,69816000000.0,0.0,0.052,0.14,0.091,0.037,70000000.0,1419000000.0,1.0,643922718.0,644000000,646000000.0,108.41,36550000000.0,0.0,808000000.0,473000000.0,56.755,10834000000.0
13,ADM,MRY,2007-12-31,2007-06-30,2007-06-30,2021-07-27,181000000.0,25118000000.0,24371762500.0,15122000000.0,9996000000.0,1.806,17.286,-1153000000.0,663000000.0,663000000.0,40781000000.0,2162000000.0,1.922,1.232,5285000000.0,533000000.0,4752000000.0,5285000000.0,0.0,701000000.0,0.0,0.013,0.43,3154000000.0,3855000000.0,0.088,3855000000.0,3154000000.0,3154000000.0,3.32,3.3,3.32,11253000000.0,10748694500.0,11253000000.0,27074195460.0,9.0,7.023,-850000000.0,-1.306,1.0,3237000000.0,0.074,317000000.0,0.0,21555000000.0,20898574750.0,6060000000.0,4791000000.0,1636000000.0,3155000000.0,13865000000.0,7868000000.0,5997000000.0,21598809460.0,-450000000.0,326000000.0,-533000000.0,507000000.0,-281000000.0,-398000000.0,-355000000.0,475000000.0,303000000.0,0.0,2162000000.0,2162000000.0,2162000000.0,0.0,0.0,0.049,1195000000.0,2042000000.0,4919000000.0,0.13,1.919,9.99,9.967,6010000000.0,0.0,33.09,0.491,0.489,6404000000.0,5982000000.0,44018000000.0,44018000000.0,0.0,0.089,0.201,0.151,0.072,18000000.0,1195000000.0,1.0,652729207.0,651000000,656000000.0,67.616,24801000000.0,0.0,992000000.0,532000000.0,38.097,7254000000.0
14,ADM,MRY,2006-12-31,2006-06-30,2006-06-30,2021-07-27,214000000.0,21269000000.0,20441745500.0,11826000000.0,9443000000.0,1.79,14.995,-708000000.0,1113000000.0,1113000000.0,33630000000.0,1312000000.0,1.918,1.169,4680000000.0,630000000.0,4050000000.0,4680000000.0,0.0,657000000.0,0.0,0.009,0.37,1855000000.0,2512000000.0,0.069,2512000000.0,1855000000.0,1855000000.0,2.01,2.0,2.01,9807000000.0,9124549500.0,9807000000.0,30810232541.0,17.0,12.265,668000000.0,1.021,1.0,2966000000.0,0.081,322000000.0,0.0,18349000000.0,17752975000.0,4677000000.0,4317000000.0,1221000000.0,3096000000.0,11462000000.0,6165000000.0,5297000000.0,27015184541.0,591000000.0,-250000000.0,-2000000.0,483000000.0,-242000000.0,284000000.0,-1069000000.0,-104000000.0,1376000000.0,0.0,1312000000.0,1312000000.0,1312000000.0,0.0,0.0,0.036,1193000000.0,1773000000.0,4014000000.0,0.184,2.755,20.591,20.537,5293000000.0,0.0,41.28,0.738,0.738,4471000000.0,4082000000.0,36596000000.0,36596000000.0,0.0,0.064,0.144,0.104,0.051,0.0,1193000000.0,1.0,654437610.0,654000000,656000000.0,55.957,20947000000.0,0.0,543000000.0,757000000.0,32.029,5661000000.0
15,ADM,MRY,2005-12-31,2005-06-30,2005-06-30,2021-07-27,36617000.0,18598105000.0,18962127000.0,9710701000.0,8887404000.0,1.896,12.895,-580000000.0,522420000.0,522420000.0,33512000000.0,1044000000.0,1.809,1.205,4178886000.0,648746000.0,3530140000.0,4178886000.0,0.0,665000000.0,0.0,0.015,0.32,1516000000.0,2181000000.0,0.061,2181000000.0,1516000000.0,1516000000.0,1.6,1.59,1.6,8433472000.0,8360182500.0,8433472000.0,17402280288.0,11.0,7.979,1546000000.0,2.364,1.0,2431000000.0,0.068,325167000.0,0.0,16562540000.0,16818043500.0,3906698000.0,3837454000.0,908001000.0,2929453000.0,10164633000.0,5366864000.0,4797769000.0,14035717288.0,-18000000.0,22000000.0,-139000000.0,-1525000000.0,-209000000.0,-1843000000.0,-301000000.0,241000000.0,2126000000.0,0.0,1044000000.0,1044000000.0,1044000000.0,0.0,0.0,0.029,1081000000.0,1350000000.0,3399352000.0,0.2,1.664,13.444,13.363,5184380000.0,0.0,21.38,0.39,0.389,4102263000.0,3011015000.0,35943000000.0,35943000000.0,0.0,0.055,0.125,0.09,0.042,0.0,1081000000.0,1.0,656488180.0,654000000,656000000.0,54.959,18272938000.0,0.0,472000000.0,779427000.0,27.94,4343837000.0
16,ADM,MRY,2004-12-31,2004-06-30,2004-06-30,2021-07-27,82955000.0,19368821000.0,19526471750.0,10338996000.0,9029825000.0,1.851,11.886,-452011000.0,540207000.0,540207000.0,34003070000.0,494710000.0,1.532,1.516,5671182000.0,1931307000.0,3739875000.0,5671182000.0,0.0,685613000.0,0.0,0.016,0.27,718011000.0,1403624000.0,0.039,1403624000.0,718011000.0,718011000.0,0.76,0.76,0.76,7698216000.0,7601175250.0,7698216000.0,16788731228.0,23.0,11.961,-418672000.0,-0.646,1.0,2148324000.0,0.059,337474000.0,0.0,17412085000.0,17505717500.0,4591648000.0,3865446000.0,871439000.0,2994007000.0,11670605000.0,6750237000.0,4920368000.0,10906619228.0,-224752000.0,-83228000.0,-4113000.0,455749000.0,-174109000.0,316344000.0,-574435000.0,-71294000.0,33339000.0,0.0,494710000.0,494710000.0,494710000.0,0.0,0.0,0.014,1401833000.0,746491000.0,3238230000.0,0.355,1.417,22.046,22.079,5254738000.0,0.0,16.78,0.302,0.301,4040759000.0,2183751000.0,36151394000.0,36151394000.0,0.0,0.025,0.065,0.041,0.02,0.0,1401833000.0,1.0,649977308.0,647698000,649810000.0,55.815,19031347000.0,0.0,223301000.0,653834000.0,29.383,3588759000.0
17,ADM,MRY,2003-12-31,2003-06-30,2003-06-30,2021-07-27,-166958000.0,17182879000.0,17373925250.0,8421857000.0,8761022000.0,1.767,10.942,-395891000.0,764959000.0,764959000.0,28980895000.0,451145000.0,1.636,1.431,5182658000.0,1310371000.0,3872287000.0,5182658000.0,0.0,643615000.0,0.0,0.019,0.24,630973000.0,1274588000.0,0.042,1274588000.0,630973000.0,630973000.0,0.7,0.7,0.7,7069197000.0,6876043500.0,7069197000.0,12813264562.0,20.0,10.053,673285000.0,1.042,1.0,1727138000.0,0.056,344720000.0,0.0,16108386000.0,15665941500.0,3550225000.0,3126138000.0,544669000.0,2581469000.0,10113682000.0,5147472000.0,4966210000.0,8293837562.0,238844000.0,-616953000.0,-99241000.0,483572000.0,-155565000.0,228766000.0,-1059098000.0,-57512000.0,1069176000.0,0.0,451145000.0,451145000.0,451145000.0,0.0,0.0,0.015,947694000.0,779444000.0,2848926000.0,0.343,1.173,18.384,18.386,5468716000.0,0.0,12.87,0.27,0.271,3320336000.0,1863150000.0,30708033000.0,30708033000.0,0.0,0.026,0.066,0.04,0.021,0.0,947694000.0,1.0,644431823.0,646086000,646863000.0,47.529,16838159000.0,0.0,179828000.0,543555000.0,26.062,3274385000.0
18,ADM,MRY,2002-12-31,2002-06-30,2002-06-30,2021-07-27,-248900000.0,15379335000.0,15120949750.0,7326545000.0,8052790000.0,1.495,10.282,-346421000.0,526115000.0,526115000.0,20928438000.0,511093000.0,1.608,1.277,4384557000.0,1273263000.0,3111294000.0,4384557000.0,0.0,566576000.0,0.0,0.016,0.2,718937000.0,1285513000.0,0.057,1285513000.0,718937000.0,718937000.0,0.78,0.78,0.78,6754821000.0,6536544250.0,6754821000.0,11924071085.0,17.0,9.276,956731000.0,1.456,1.0,1683456000.0,0.074,223598000.0,0.0,14458154000.0,14366348000.0,3255412000.0,2935119000.0,404674000.0,2530445000.0,8624514000.0,4556025000.0,4068489000.0,8333165085.0,-63042000.0,-37049000.0,-175867000.0,-626604000.0,-130000000.0,-932471000.0,-433723000.0,-39145000.0,1303152000.0,0.0,511093000.0,511093000.0,511093000.0,0.0,0.0,0.023,826922000.0,856534000.0,2330992000.0,0.256,1.234,16.305,16.397,4890241000.0,0.0,12.79,0.369,0.372,2846425000.0,1567570000.0,22611894000.0,22611894000.0,0.0,0.034,0.078,0.05,0.032,0.0,826922000.0,1.0,651537536.0,656955000,656955000.0,34.419,15155737000.0,0.0,207844000.0,594985000.0,23.07,2770520000.0
19,ADM,MRY,2001-12-31,2001-06-30,2001-06-30,2021-07-27,-464415000.0,14339931000.0,14405933500.0,6150301000.0,8189630000.0,1.352,9.528,-273168000.0,676086000.0,676086000.0,18051413000.0,383284000.0,1.59,1.265,4608914000.0,1257847000.0,3351067000.0,4608914000.0,0.0,572390000.0,0.0,0.015,0.2,521899000.0,1094289000.0,0.056,1094289000.0,521899000.0,521899000.0,0.58,0.58,0.58,6331683000.0,6220963000.0,6331683000.0,12384513752.0,24.0,11.317,729989000.0,1.099,1.0,1431798000.0,0.073,0.0,0.0,14405778000.0,14439195500.0,2631885000.0,2892523000.0,141672000.0,2750851000.0,8008248000.0,3866981000.0,4141267000.0,8248382752.0,212961000.0,-272374000.0,-62932000.0,-286928000.0,-125053000.0,-474913000.0,-315283000.0,261181000.0,1003157000.0,0.0,383284000.0,383284000.0,383284000.0,0.0,0.0,0.02,731029000.0,700769000.0,1794684000.0,0.345,1.303,21.52,22.5,4920425000.0,0.0,13.05,0.423,0.445,2416432000.0,1187357000.0,19483211000.0,19483211000.0,0.0,0.027,0.062,0.036,0.027,0.0,731029000.0,1.0,632059981.0,664507000,664507000.0,29.32,14339931000.0,0.0,138615000.0,644295000.0,21.58,2283320000.0
20,ADM,MRY,2000-12-31,2000-06-30,2000-06-30,2021-07-27,-447677000.0,14471936000.0,,6211203000.0,8260733000.0,,9.13,-428737000.0,477226000.0,477226000.0,17392848000.0,300903000.0,1.418,1.368,4859684000.0,1582466000.0,3277218000.0,4859684000.0,0.0,604229000.0,0.0,0.018,0.179,353237000.0,957466000.0,0.051,957466000.0,353237000.0,353237000.0,0.45,0.45,0.45,6110243000.0,,6110243000.0,,,,380725000.0,0.569,1.0,1219575000.0,0.066,0.0,0.0,14472613000.0,,2822712000.0,2948489000.0,454223000.0,2494266000.0,8361693000.0,4381781000.0,3979912000.0,,-204152000.0,-392494000.0,-210911000.0,371218000.0,-120001000.0,40306000.0,-1053920000.0,-188177000.0,809462000.0,0.0,300903000.0,300903000.0,300903000.0,0.0,0.0,0.016,729358000.0,490217000.0,2188580000.0,0.398,,,21.807,5277081000.0,0.0,9.813,,0.353,2222904000.0,1325323000.0,18612423000.0,18612423000.0,0.0,,,,0.019,0.0,729358000.0,1.0,,669279000,669279000.0,27.81,14471936000.0,0.0,52334000.0,560772000.0,21.623,1829422000.0
21,ADM,MRY,1999-12-31,1999-06-30,1999-06-30,2021-07-27,,,,,,,,-671471000.0,,,17277874000.0,265964000.0,,,,,,,,584965000.0,,0.011,0.171,404509000.0,989474000.0,0.053,989474000.0,404509000.0,404509000.0,0.39,0.39,0.39,,,,,,,560160000.0,0.817,1.0,1232029000.0,0.067,,0.0,,,,,,,,,,,335053000.0,-253392000.0,-313829000.0,-43159000.0,-117089000.0,-474077000.0,-422501000.0,503904000.0,1231631000.0,0.0,265964000.0,265964000.0,265964000.0,0.0,0.0,0.014,701075000.0,530954000.0,,0.438,,,39.128,,0.0,15.26,,0.565,,,18509903000.0,18509903000.0,0.0,,,,0.022,0.0,701075000.0,1.0,,685328000,685328000.0,27.009,,,138545000.0,,,
0,ADM,MRQ,2021-06-30,2021-06-30,2021-06-30,2021-07-27,-2121000000.0,50958000000.0,,28504000000.0,22454000000.0,,38.303,-253000000.0,869000000.0,869000000.0,21463000000.0,712000000.0,1.648,1.359,10789000000.0,1557000000.0,9232000000.0,10789000000.0,0.0,243000000.0,0.0,0.024,0.37,865000000.0,1108000000.0,0.048,1108000000.0,865000000.0,825000000.0,1.26,1.26,1.26,21603000000.0,,21603000000.0,45455347866.0,16.0,11.749,2456000000.0,4.355,1.0,1463000000.0,0.064,5266000000.0,40000000.0,38316000000.0,,11446000000.0,12227000000.0,7114000000.0,5113000000.0,29355000000.0,17296000000.0,12059000000.0,33857347866.0,831000000.0,35000000.0,0.0,-1481000000.0,-209000000.0,-1653000000.0,-225000000.0,-1000000.0,2709000000.0,0.0,712000000.0,712000000.0,712000000.0,0.0,0.0,0.031,762000000.0,701000000.0,11260000000.0,0.294,1.567,14.638,14.745,10916000000.0,0.0,60.6,0.452,0.456,3478000000.0,20762000000.0,22926000000.0,22926000000.0,0.0,,,,,38000000.0,739000000.0,1.0,558702110.0,564000000,566000000.0,40.649,45692000000.0,0.0,113000000.0,1371000000.0,81.014,11208000000.0
1,ADM,MRQ,2021-03-31,2021-03-31,2021-03-31,2021-07-27,-2278000000.0,51478000000.0,,29284000000.0,22194000000.0,,37.053,-174000000.0,694000000.0,694000000.0,17345000000.0,693000000.0,1.582,1.468,12292000000.0,3025000000.0,9267000000.0,12292000000.0,0.0,249000000.0,0.0,0.025,0.37,907000000.0,1156000000.0,0.061,1156000000.0,907000000.0,820000000.0,1.22,1.22,1.22,20861000000.0,,20861000000.0,42216602218.0,16.0,11.595,124000000.0,0.22,1.0,1548000000.0,0.082,5249000000.0,87000000.0,39315000000.0,,12764000000.0,11401000000.0,6403000000.0,4998000000.0,30617000000.0,18512000000.0,12105000000.0,31829602218.0,1206000000.0,15000000.0,0.0,1322000000.0,-208000000.0,1077000000.0,-169000000.0,1000000.0,298000000.0,0.0,689000000.0,689000000.0,689000000.0,0.0,4000000.0,0.036,808000000.0,740000000.0,11039000000.0,0.303,1.526,15.377,15.447,10870000000.0,0.0,57.0,0.466,0.47,3269000000.0,20261000000.0,18893000000.0,18893000000.0,0.0,,,,,76000000.0,749000000.0,1.0,558414074.0,563000000,564000000.0,33.558,46229000000.0,0.0,131000000.0,1385000000.0,82.112,10772000000.0
2,ADM,MRQ,2020-12-31,2020-12-31,2020-12-31,2021-07-27,-2604000000.0,49719000000.0,,27286000000.0,22433000000.0,,35.69,-265000000.0,666000000.0,666000000.0,16626000000.0,693000000.0,1.501,1.483,11053000000.0,2305000000.0,8748000000.0,11053000000.0,0.0,249000000.0,0.0,0.029,0.36,819000000.0,1068000000.0,0.059,1068000000.0,819000000.0,750000000.0,1.23,1.22,1.23,20022000000.0,,20022000000.0,35232571960.0,16.0,11.052,-1135000000.0,-2.023,1.0,1352000000.0,0.075,5413000000.0,69000000.0,36511000000.0,,11713000000.0,10803000000.0,5890000000.0,4913000000.0,29697000000.0,18182000000.0,11515000000.0,28047571960.0,387000000.0,8000000.0,-16000000.0,1727000000.0,-202000000.0,1520000000.0,-263000000.0,5000000.0,-870000000.0,0.0,687000000.0,687000000.0,687000000.0,0.0,6000000.0,0.038,768000000.0,584000000.0,10934000000.0,0.293,1.401,15.828,15.953,11053000000.0,0.0,50.41,0.436,0.439,2793000000.0,19780000000.0,17978000000.0,17978000000.0,0.0,,,,,37000000.0,749000000.0,1.0,556389049.0,561000000,563000000.0,32.046,44306000000.0,0.0,63000000.0,1302000000.0,78.977,9104000000.0
3,ADM,MRQ,2020-09-30,2020-09-30,2020-09-30,2021-07-27,-2749000000.0,44795000000.0,,22766000000.0,22029000000.0,,34.476,-198000000.0,948000000.0,948000000.0,14084000000.0,226000000.0,1.637,1.316,8133000000.0,211000000.0,7922000000.0,8133000000.0,0.0,238000000.0,0.0,0.031,0.36,299000000.0,537000000.0,0.036,537000000.0,299000000.0,199000000.0,0.4,0.4,0.4,19341000000.0,,19341000000.0,33802023870.0,17.0,11.393,-1278000000.0,-2.278,1.0,1042000000.0,0.069,5275000000.0,100000000.0,32798000000.0,,8762000000.0,10255000000.0,5484000000.0,4771000000.0,25454000000.0,13907000000.0,11547000000.0,25832023870.0,-240000000.0,617000000.0,-5000000.0,-1521000000.0,-202000000.0,-1715000000.0,2555000000.0,2149000000.0,-1080000000.0,0.0,225000000.0,225000000.0,225000000.0,0.0,1000000.0,0.015,640000000.0,402000000.0,9416000000.0,0.9,1.336,16.257,16.428,9816000000.0,0.0,46.49,0.412,0.416,2616000000.0,19311000000.0,15126000000.0,15126000000.0,0.0,,,,,39000000.0,636000000.0,1.0,555646889.0,561000000,562000000.0,26.963,39520000000.0,0.0,-26000000.0,1344000000.0,70.446,8859000000.0
4,ADM,MRQ,2020-06-30,2020-06-30,2020-06-30,2021-07-27,-2705000000.0,44341000000.0,,22011000000.0,22330000000.0,,34.422,-166000000.0,1203000000.0,1203000000.0,15173000000.0,472000000.0,1.718,1.296,9173000000.0,541000000.0,8632000000.0,9173000000.0,0.0,244000000.0,0.0,0.036,0.36,636000000.0,880000000.0,0.054,880000000.0,636000000.0,549000000.0,0.84,0.84,0.84,19311000000.0,,19311000000.0,29933298779.0,13.0,9.132,53000000.0,0.094,1.0,1108000000.0,0.068,5212000000.0,87000000.0,34290000000.0,,7626000000.0,10284000000.0,5045000000.0,5239000000.0,25030000000.0,12809000000.0,12221000000.0,22164298779.0,-3031000000.0,87000000.0,0.0,-3382000000.0,-202000000.0,-3570000000.0,320000000.0,403000000.0,219000000.0,0.0,469000000.0,469000000.0,469000000.0,0.0,3000000.0,0.029,654000000.0,454000000.0,8737000000.0,0.429,1.148,12.515,12.667,9833000000.0,0.0,39.9,0.345,0.348,2583000000.0,19293000000.0,16281000000.0,16281000000.0,0.0,,,,,24000000.0,638000000.0,1.0,555496210.0,561000000,562000000.0,29.021,39129000000.0,0.0,80000000.0,1347000000.0,69.749,9202000000.0
5,ADM,MRQ,2020-03-31,2020-03-31,2020-03-31,2021-07-27,-2764000000.0,48395000000.0,,26146000000.0,22249000000.0,,33.705,-194000000.0,4734000000.0,4734000000.0,14019000000.0,391000000.0,1.51,1.55,12503000000.0,3890000000.0,8613000000.0,12503000000.0,0.0,245000000.0,0.0,0.04,0.36,458000000.0,703000000.0,0.047,703000000.0,458000000.0,375000000.0,0.69,0.69,0.69,18976000000.0,,18976000000.0,27655482039.0,14.0,9.139,-849000000.0,-1.508,1.0,951000000.0,0.064,5194000000.0,83000000.0,33653000000.0,,8830000000.0,10241000000.0,5098000000.0,5143000000.0,29419000000.0,17317000000.0,12102000000.0,19626482039.0,4540000000.0,-4000000.0,-112000000.0,3668000000.0,-203000000.0,3342000000.0,1853000000.0,2050000000.0,-655000000.0,0.0,391000000.0,391000000.0,391000000.0,0.0,0.0,0.026,705000000.0,246000000.0,9218000000.0,0.522,1.034,12.769,12.886,9883000000.0,0.0,35.18,0.305,0.308,2437000000.0,19026000000.0,14970000000.0,14970000000.0,0.0,,,,,51000000.0,664000000.0,1.0,557887494.0,563000000,564000000.0,26.59,43201000000.0,0.0,-16000000.0,1347000000.0,76.734,8829000000.0
6,ADM,MRQ,2019-12-31,2019-12-31,2019-12-31,2021-07-27,-2405000000.0,43997000000.0,,21347000000.0,22650000000.0,,34.33,-262000000.0,852000000.0,852000000.0,15160000000.0,499000000.0,1.554,1.289,9877000000.0,1424000000.0,8453000000.0,9877000000.0,0.0,251000000.0,0.0,0.03,0.35,596000000.0,847000000.0,0.052,847000000.0,596000000.0,501000000.0,0.9,0.89,0.9,19225000000.0,,19225000000.0,33758410700.0,17.0,11.317,-2075000000.0,-3.705,1.0,1169000000.0,0.072,5476000000.0,95000000.0,33812000000.0,,9170000000.0,9590000000.0,4458000000.0,5132000000.0,24772000000.0,13734000000.0,11038000000.0,25802410700.0,-35000000.0,249000000.0,0.0,-47000000.0,-197000000.0,-230000000.0,2008000000.0,2003000000.0,-1813000000.0,0.0,504000000.0,504000000.0,504000000.0,0.0,-5000000.0,0.031,757000000.0,412000000.0,8768000000.0,0.389,1.342,18.711,18.918,11077000000.0,0.0,46.35,0.399,0.404,2267000000.0,18958000000.0,16329000000.0,16329000000.0,0.0,,,,,23000000.0,654000000.0,1.0,556686315.0,560000000,565000000.0,29.159,38521000000.0,0.0,-3000000.0,1194000000.0,68.787,7613000000.0
7,ADM,MRQ,2019-09-30,2019-09-30,2019-09-30,2021-07-27,-2395000000.0,41804000000.0,,19178000000.0,22626000000.0,,33.621,-183000000.0,932000000.0,932000000.0,15648000000.0,408000000.0,1.596,1.212,8888000000.0,1257000000.0,7631000000.0,8888000000.0,0.0,249000000.0,0.0,0.034,0.35,599000000.0,848000000.0,0.051,848000000.0,599000000.0,502000000.0,0.72,0.72,0.72,18895000000.0,,18895000000.0,31437924603.0,17.0,11.317,-1109000000.0,-1.973,1.0,1078000000.0,0.064,5401000000.0,97000000.0,32339000000.0,,8075000000.0,9824000000.0,4415000000.0,5409000000.0,22909000000.0,12020000000.0,10889000000.0,22874924603.0,276000000.0,16000000.0,-56000000.0,-456000000.0,-197000000.0,-703000000.0,1905000000.0,2077000000.0,-926000000.0,0.0,407000000.0,407000000.0,407000000.0,0.0,1000000.0,0.024,631000000.0,447000000.0,7836000000.0,0.486,1.211,19.223,19.464,10101000000.0,0.0,41.07,0.356,0.359,2241000000.0,18651000000.0,16726000000.0,16726000000.0,0.0,,,,,21000000.0,578000000.0,1.0,556974059.0,562000000,563000000.0,29.762,36403000000.0,0.0,95000000.0,1302000000.0,64.774,7158000000.0
8,ADM,MRQ,2019-06-30,2019-06-30,2019-06-30,2021-07-27,-2130000000.0,42616000000.0,,19548000000.0,23068000000.0,,33.591,-185000000.0,849000000.0,849000000.0,15325000000.0,238000000.0,1.551,1.245,9412000000.0,1711000000.0,7701000000.0,9412000000.0,0.0,248000000.0,0.0,0.034,0.35,380000000.0,628000000.0,0.039,628000000.0,380000000.0,271000000.0,0.42,0.42,0.42,18979000000.0,,18979000000.0,31812739997.0,17.0,11.042,-863000000.0,-1.527,1.0,972000000.0,0.06,5545000000.0,109000000.0,33032000000.0,,8294000000.0,9842000000.0,4385000000.0,5457000000.0,23637000000.0,12602000000.0,11035000000.0,22854739997.0,147000000.0,-64000000.0,-94000000.0,-501000000.0,-197000000.0,-792000000.0,1617000000.0,1850000000.0,-678000000.0,0.0,235000000.0,235000000.0,235000000.0,0.0,3000000.0,0.014,738000000.0,234000000.0,7763000000.0,0.833,1.204,17.327,17.436,10245000000.0,0.0,40.8,0.361,0.364,2433000000.0,18497000000.0,16297000000.0,16297000000.0,0.0,,,,,2000000.0,602000000.0,1.0,560165196.0,565000000,566000000.0,28.844,37071000000.0,0.0,36000000.0,1305000000.0,65.612,6946000000.0
9,ADM,MRQ,2019-03-31,2019-03-31,2019-03-31,2021-07-27,-2242000000.0,43151000000.0,,20262000000.0,22889000000.0,,33.469,-198000000.0,926000000.0,926000000.0,14376000000.0,234000000.0,1.517,1.282,9884000000.0,2209000000.0,7675000000.0,9884000000.0,0.0,245000000.0,0.0,0.031,0.35,415000000.0,660000000.0,0.043,660000000.0,415000000.0,314000000.0,0.41,0.41,0.41,18910000000.0,,18910000000.0,30547629728.0,13.0,9.449,-2233000000.0,-3.952,1.0,928000000.0,0.061,5459000000.0,101000000.0,33289000000.0,,8946000000.0,9604000000.0,4250000000.0,5354000000.0,24241000000.0,13361000000.0,10880000000.0,24156629728.0,-1241000000.0,-1867000000.0,0.0,1305000000.0,-198000000.0,1065000000.0,-271000000.0,1828000000.0,-2035000000.0,0.0,233000000.0,233000000.0,233000000.0,0.0,1000000.0,0.015,670000000.0,258000000.0,8154000000.0,0.854,1.277,14.64,14.771,10299000000.0,0.0,43.13,0.377,0.38,2515000000.0,18553000000.0,15304000000.0,15304000000.0,0.0,,,,,43000000.0,659000000.0,1.0,560088795.0,565000000,566000000.0,27.087,37692000000.0,0.0,81000000.0,1250000000.0,66.712,6901000000.0
10,ADM,MRQ,2018-12-31,2018-12-31,2018-12-31,2021-07-27,-2106000000.0,40833000000.0,,20588000000.0,20245000000.0,,33.681,-287000000.0,1997000000.0,1997000000.0,14894000000.0,317000000.0,1.748,1.15,8388000000.0,690000000.0,7698000000.0,8388000000.0,0.0,235000000.0,0.0,0.033,0.335,407000000.0,642000000.0,0.04,642000000.0,407000000.0,310000000.0,0.56,0.55,0.56,18996000000.0,,18996000000.0,29906600044.0,12.0,8.901,-1391000000.0,-2.466,1.0,1053000000.0,0.066,4041000000.0,97000000.0,31407000000.0,,8813000000.0,9823000000.0,4506000000.0,5317000000.0,21837000000.0,11776000000.0,10061000000.0,22969600044.0,1194000000.0,-156000000.0,-77000000.0,557000000.0,-190000000.0,291000000.0,2007000000.0,2438000000.0,-1104000000.0,0.0,315000000.0,315000000.0,315000000.0,0.0,2000000.0,0.02,688000000.0,365000000.0,8173000000.0,0.598,1.209,12.69,12.763,9953000000.0,0.0,40.97,0.357,0.359,2233000000.0,18527000000.0,15947000000.0,15947000000.0,0.0,,,,,21000000.0,558000000.0,1.0,560644375.0,564000000,567000000.0,28.275,36792000000.0,0.0,-5000000.0,1067000000.0,65.234,8812000000.0
11,ADM,MRQ,2018-09-30,2018-09-30,2018-09-30,2021-07-27,-2032000000.0,39664000000.0,,19465000000.0,20199000000.0,,33.628,-176000000.0,915000000.0,915000000.0,14742000000.0,536000000.0,1.671,1.088,7852000000.0,1122000000.0,6730000000.0,7852000000.0,0.0,232000000.0,0.0,0.026,0.335,719000000.0,951000000.0,0.06,951000000.0,719000000.0,632000000.0,0.95,0.94,0.95,19000000000.0,,19000000000.0,34909998997.0,13.0,9.749,-677000000.0,-1.198,1.0,1058000000.0,0.067,4065000000.0,87000000.0,30888000000.0,,8483000000.0,9745000000.0,4426000000.0,5319000000.0,20664000000.0,11648000000.0,9016000000.0,28137998997.0,598000000.0,-168000000.0,0.0,242000000.0,-189000000.0,72000000.0,1027000000.0,1387000000.0,-501000000.0,0.0,536000000.0,536000000.0,536000000.0,0.0,0.0,0.034,535000000.0,523000000.0,7601000000.0,0.353,1.481,12.325,12.443,9885000000.0,0.0,50.27,0.436,0.441,1934000000.0,18478000000.0,15800000000.0,15800000000.0,0.0,,,,,25000000.0,534000000.0,1.0,559737398.0,565000000,568000000.0,27.965,35599000000.0,0.0,96000000.0,965000000.0,63.007,7817000000.0
12,ADM,MRQ,2018-06-30,2018-06-30,2018-06-30,2021-07-27,-1911000000.0,38755000000.0,,18647000000.0,20108000000.0,,33.177,-183000000.0,851000000.0,851000000.0,15887000000.0,566000000.0,1.591,1.071,7623000000.0,1642000000.0,5981000000.0,7623000000.0,0.0,239000000.0,0.0,0.029,0.335,741000000.0,980000000.0,0.057,980000000.0,741000000.0,652000000.0,1.0,1.0,1.0,18712000000.0,,18712000000.0,33830411199.0,15.0,10.696,212000000.0,0.376,1.0,1181000000.0,0.069,3834000000.0,89000000.0,29975000000.0,,7953000000.0,9689000000.0,4301000000.0,5388000000.0,20043000000.0,11718000000.0,8325000000.0,25627411199.0,310000000.0,-120000000.0,0.0,-1283000000.0,-189000000.0,-1453000000.0,1368000000.0,1668000000.0,395000000.0,0.0,566000000.0,566000000.0,566000000.0,0.0,0.0,0.033,584000000.0,597000000.0,6903000000.0,0.335,1.37,13.217,13.362,9948000000.0,0.0,45.83,0.404,0.407,1900000000.0,18132000000.0,17068000000.0,17068000000.0,0.0,,,,,34000000.0,560000000.0,1.0,559184185.0,564000000,567000000.0,30.262,34921000000.0,0.0,86000000.0,1002000000.0,61.917,6929000000.0
13,ADM,MRQ,2018-03-31,2018-03-31,2018-03-31,2021-07-27,-1451000000.0,41100000000.0,,20906000000.0,20194000000.0,,33.281,-196000000.0,797000000.0,797000000.0,14637000000.0,396000000.0,1.574,1.194,9000000000.0,2343000000.0,6657000000.0,9000000000.0,0.0,235000000.0,0.0,0.03,0.335,552000000.0,787000000.0,0.051,787000000.0,552000000.0,461000000.0,0.7,0.7,0.7,18737000000.0,,18737000000.0,30925859443.0,16.0,10.738,-3770000000.0,-6.696,1.0,889000000.0,0.057,3970000000.0,91000000.0,32048000000.0,,9820000000.0,9650000000.0,4408000000.0,5242000000.0,22363000000.0,13285000000.0,9078000000.0,24236859443.0,-117000000.0,14000000.0,0.0,1473000000.0,-190000000.0,1277000000.0,2180000000.0,2358000000.0,-3574000000.0,0.0,393000000.0,393000000.0,393000000.0,0.0,3000000.0,0.025,529000000.0,360000000.0,7907000000.0,0.479,1.294,14.698,14.904,10123000000.0,0.0,43.37,0.395,0.398,2147000000.0,17755000000.0,15526000000.0,15526000000.0,0.0,,,,,29000000.0,513000000.0,1.0,558839277.0,563000000,565000000.0,27.577,37130000000.0,0.0,68000000.0,1037000000.0,65.95,7621000000.0
14,ADM,MRQ,2017-12-31,2017-12-31,2017-12-31,2021-07-27,-1637000000.0,39963000000.0,,19925000000.0,20038000000.0,,32.544,-353000000.0,804000000.0,804000000.0,15128000000.0,792000000.0,1.585,1.181,7493000000.0,870000000.0,6623000000.0,7493000000.0,0.0,240000000.0,0.0,0.032,0.32,623000000.0,863000000.0,0.054,863000000.0,623000000.0,539000000.0,1.39,1.38,1.39,18322000000.0,,18322000000.0,29232752505.0,15.0,10.236,-3070000000.0,-5.453,1.0,942000000.0,0.059,3918000000.0,84000000.0,30164000000.0,,9173000000.0,10006000000.0,4826000000.0,5180000000.0,21641000000.0,12570000000.0,9071000000.0,22414752505.0,64000000.0,24000000.0,-74000000.0,155000000.0,-186000000.0,-39000000.0,2820000000.0,3147000000.0,-2717000000.0,0.0,788000000.0,788000000.0,788000000.0,0.0,4000000.0,0.049,492000000.0,450000000.0,8867000000.0,0.23,1.223,14.053,14.314,10138000000.0,0.0,40.08,0.368,0.375,1947000000.0,17552000000.0,16070000000.0,16070000000.0,0.0,,,,,3000000.0,459000000.0,1.0,559250312.0,563000000,566000000.0,28.544,36045000000.0,0.0,-249000000.0,1053000000.0,64.023,7355000000.0
15,ADM,MRQ,2017-09-30,2017-09-30,2017-09-30,2021-07-27,-1843000000.0,38969000000.0,,19140000000.0,19829000000.0,,31.055,-244000000.0,518000000.0,518000000.0,14015000000.0,195000000.0,1.612,1.217,7336000000.0,741000000.0,6595000000.0,7336000000.0,0.0,232000000.0,0.0,0.03,0.32,301000000.0,533000000.0,0.036,533000000.0,301000000.0,222000000.0,0.34,0.34,0.34,17577000000.0,,17577000000.0,30460890909.0,15.0,10.425,-1413000000.0,-2.496,1.0,812000000.0,0.055,3939000000.0,79000000.0,29975000000.0,,8326000000.0,10480000000.0,5301000000.0,5179000000.0,21392000000.0,11873000000.0,9519000000.0,23913890909.0,-96000000.0,-79000000.0,-165000000.0,284000000.0,-180000000.0,-50000000.0,1123000000.0,1457000000.0,-1169000000.0,0.0,192000000.0,192000000.0,192000000.0,0.0,3000000.0,0.013,585000000.0,227000000.0,8584000000.0,0.941,1.361,19.426,19.864,9956000000.0,0.0,42.51,0.39,0.393,1911000000.0,17023000000.0,14827000000.0,14827000000.0,0.0,,,,,15000000.0,478000000.0,1.0,562547422.0,566000000,569000000.0,26.196,35030000000.0,0.0,30000000.0,1754000000.0,61.89,7267000000.0
16,ADM,MRQ,2017-06-30,2017-06-30,2017-06-30,2021-07-27,-2141000000.0,37817000000.0,,18201000000.0,19616000000.0,,30.504,-252000000.0,433000000.0,433000000.0,14051000000.0,275000000.0,1.594,1.171,6980000000.0,924000000.0,6056000000.0,6980000000.0,0.0,227000000.0,0.0,0.03,0.32,470000000.0,697000000.0,0.047,697000000.0,470000000.0,384000000.0,0.48,0.48,0.48,17418000000.0,,17418000000.0,30249617708.0,13.0,9.542,-843000000.0,-1.476,1.0,892000000.0,0.06,3866000000.0,86000000.0,29077000000.0,,7846000000.0,10362000000.0,5307000000.0,5055000000.0,20399000000.0,11421000000.0,8978000000.0,23518617708.0,-50000000.0,33000000.0,-263000000.0,-318000000.0,-181000000.0,-759000000.0,1300000000.0,1519000000.0,-591000000.0,0.0,276000000.0,276000000.0,276000000.0,0.0,-1000000.0,0.018,548000000.0,344000000.0,8032000000.0,0.667,1.35,17.042,17.387,9945000000.0,0.0,41.38,0.378,0.379,1717000000.0,17176000000.0,14943000000.0,14943000000.0,0.0,,,,,16000000.0,525000000.0,1.0,568357122.0,571000000,574000000.0,26.17,33951000000.0,0.0,108000000.0,1606000000.0,59.459,6780000000.0
17,ADM,MRQ,2017-03-31,2017-03-31,2017-03-31,2021-07-27,-2574000000.0,39630000000.0,,20486000000.0,19144000000.0,,29.738,-200000000.0,476000000.0,476000000.0,14116000000.0,340000000.0,1.506,1.314,7207000000.0,1251000000.0,5956000000.0,7207000000.0,0.0,225000000.0,0.0,0.026,0.32,538000000.0,763000000.0,0.051,763000000.0,538000000.0,457000000.0,0.59,0.59,0.59,17129000000.0,,17129000000.0,32604531073.0,14.0,10.311,-1689000000.0,-2.932,1.0,872000000.0,0.058,3780000000.0,81000000.0,28979000000.0,,8664000000.0,10544000000.0,5648000000.0,4896000000.0,22501000000.0,13602000000.0,8899000000.0,26292531073.0,379000000.0,-250000000.0,-248000000.0,261000000.0,-183000000.0,-180000000.0,2048000000.0,2501000000.0,-1489000000.0,0.0,339000000.0,339000000.0,339000000.0,0.0,1000000.0,0.023,526000000.0,346000000.0,8889000000.0,0.542,1.535,18.943,19.345,9771000000.0,0.0,46.04,0.418,0.421,1757000000.0,17345000000.0,14988000000.0,14988000000.0,0.0,,,,,32000000.0,516000000.0,1.0,571080171.0,576000000,579000000.0,26.021,35850000000.0,0.0,118000000.0,1682000000.0,62.24,6884000000.0
18,ADM,MRQ,2016-12-31,2016-12-31,2016-12-31,2021-07-27,-2598000000.0,39769000000.0,,21045000000.0,18724000000.0,,29.674,-261000000.0,619000000.0,619000000.0,15491000000.0,426000000.0,1.598,1.315,6931000000.0,427000000.0,6504000000.0,6931000000.0,0.0,222000000.0,0.0,0.026,0.3,707000000.0,929000000.0,0.056,929000000.0,707000000.0,627000000.0,0.73,0.72,0.73,17181000000.0,,17181000000.0,32638995164.0,15.0,10.858,-8065000000.0,-13.929,1.0,1010000000.0,0.061,3703000000.0,80000000.0,29205000000.0,,8831000000.0,9991000000.0,5307000000.0,4684000000.0,22588000000.0,13173000000.0,9415000000.0,26266995164.0,-166000000.0,63000000.0,-246000000.0,-46000000.0,-173000000.0,-445000000.0,8083000000.0,8286000000.0,-7804000000.0,0.0,424000000.0,424000000.0,424000000.0,0.0,2000000.0,0.026,475000000.0,535000000.0,8764000000.0,0.411,1.529,20.537,20.94,9758000000.0,0.0,45.65,0.421,0.431,1905000000.0,17444000000.0,16501000000.0,16501000000.0,0.0,,,,,16000000.0,456000000.0,1.0,575399675.0,579000000,585000000.0,28.499,36066000000.0,0.0,203000000.0,1669000000.0,62.29,7872000000.0
19,ADM,MRQ,2016-09-30,2016-09-30,2016-09-30,2021-07-27,-2190000000.0,39853000000.0,,20543000000.0,19310000000.0,,29.959,-225000000.0,701000000.0,701000000.0,14742000000.0,344000000.0,1.613,1.27,7073000000.0,479000000.0,6594000000.0,7073000000.0,0.0,226000000.0,0.0,0.028,0.3,555000000.0,781000000.0,0.049,781000000.0,555000000.0,477000000.0,0.58,0.58,0.58,17556000000.0,,17556000000.0,31584954017.0,15.0,10.268,1440000000.0,2.457,1.0,1090000000.0,0.069,3852000000.0,78000000.0,29636000000.0,,7228000000.0,10612000000.0,5653000000.0,4959000000.0,22297000000.0,12737000000.0,9560000000.0,24532954017.0,510000000.0,-172000000.0,-267000000.0,-312000000.0,-175000000.0,-737000000.0,-418000000.0,-28000000.0,1665000000.0,0.0,341000000.0,341000000.0,341000000.0,0.0,3000000.0,0.022,557000000.0,533000000.0,8407000000.0,0.517,1.397,15.596,16.034,9853000000.0,0.0,42.17,0.394,0.397,2253000000.0,17192000000.0,15832000000.0,15832000000.0,0.0,,,,,13000000.0,546000000.0,1.0,581763197.0,586000000,589000000.0,27.017,36001000000.0,0.0,136000000.0,1642000000.0,61.435,7806000000.0
20,ADM,MRQ,2016-06-30,2016-06-30,2016-06-30,2021-07-27,-2138000000.0,40098000000.0,,20867000000.0,19231000000.0,,29.897,-216000000.0,334000000.0,334000000.0,14892000000.0,288000000.0,1.515,1.269,7386000000.0,1825000000.0,5561000000.0,7386000000.0,0.0,221000000.0,0.0,0.027,0.3,468000000.0,689000000.0,0.044,689000000.0,468000000.0,403000000.0,0.48,0.48,0.48,17669000000.0,,17669000000.0,31141396955.0,15.0,10.567,-610000000.0,-1.032,1.0,737000000.0,0.047,3865000000.0,65000000.0,29507000000.0,,8000000000.0,10852000000.0,5936000000.0,4916000000.0,22429000000.0,13778000000.0,8651000000.0,25201396955.0,-377000000.0,-266000000.0,-191000000.0,753000000.0,-176000000.0,382000000.0,-365000000.0,113000000.0,-394000000.0,0.0,284000000.0,284000000.0,284000000.0,0.0,4000000.0,0.018,512000000.0,225000000.0,8410000000.0,0.625,1.426,16.982,17.435,9802000000.0,0.0,42.89,0.4,0.402,2257000000.0,17079000000.0,15629000000.0,15629000000.0,0.0,,,,,17000000.0,500000000.0,1.0,587582116.0,591000000,594000000.0,26.445,36233000000.0,0.0,119000000.0,1685000000.0,61.308,7089000000.0
21,ADM,MRQ,2016-03-31,2016-03-31,2016-03-31,2021-07-27,-1947000000.0,39681000000.0,,20970000000.0,18711000000.0,,30.106,-180000000.0,706000000.0,706000000.0,13603000000.0,230000000.0,1.63,1.215,6646000000.0,795000000.0,5851000000.0,6646000000.0,0.0,231000000.0,0.0,0.031,0.3,376000000.0,607000000.0,0.042,607000000.0,376000000.0,306000000.0,0.39,0.39,0.39,17913000000.0,,17913000000.0,26531447055.0,12.0,8.567,-155000000.0,-0.261,1.0,781000000.0,0.054,3889000000.0,70000000.0,28865000000.0,,7914000000.0,10326000000.0,5796000000.0,4530000000.0,21768000000.0,12867000000.0,8901000000.0,21564447055.0,-202000000.0,-222000000.0,-296000000.0,693000000.0,-177000000.0,221000000.0,-448000000.0,-50000000.0,25000000.0,0.0,230000000.0,230000000.0,230000000.0,0.0,0.0,0.016,492000000.0,289000000.0,8394000000.0,0.769,1.204,13.597,13.965,9891000000.0,0.0,36.31,0.334,0.335,1965000000.0,16971000000.0,14384000000.0,14384000000.0,0.0,,,,,28000000.0,479000000.0,1.0,593898294.0,595000000,597000000.0,24.175,35792000000.0,0.0,76000000.0,1621000000.0,60.155,8103000000.0
22,ADM,MRQ,2015-12-31,2015-12-31,2015-12-31,2021-07-27,-2146000000.0,40157000000.0,,21829000000.0,18328000000.0,,29.858,-306000000.0,910000000.0,910000000.0,15634000000.0,717000000.0,1.616,1.242,5877000000.0,98000000.0,5779000000.0,5877000000.0,0.0,224000000.0,0.0,0.031,0.28,775000000.0,999000000.0,0.061,999000000.0,775000000.0,702000000.0,1.18,1.18,1.18,17915000000.0,,17915000000.0,27950418982.0,11.0,8.039,301000000.0,0.502,1.0,811000000.0,0.049,3688000000.0,73000000.0,27931000000.0,,8243000000.0,9992000000.0,5652000000.0,4340000000.0,22242000000.0,13505000000.0,8737000000.0,21888418982.0,-586000000.0,673000000.0,-252000000.0,-875000000.0,-167000000.0,-1479000000.0,286000000.0,-87000000.0,607000000.0,0.0,718000000.0,718000000.0,718000000.0,0.0,-1000000.0,0.044,539000000.0,272000000.0,9294000000.0,0.237,1.222,11.838,12.268,9853000000.0,0.0,36.68,0.323,0.335,1738000000.0,16865000000.0,16445000000.0,16445000000.0,0.0,,,,,15000000.0,435000000.0,1.0,596739885.0,600000000,603000000.0,27.408,36469000000.0,0.0,-16000000.0,1563000000.0,60.782,8324000000.0
23,ADM,MRQ,2015-09-30,2015-09-30,2015-09-30,2021-07-27,-1862000000.0,40877000000.0,,23045000000.0,17832000000.0,,29.212,-279000000.0,720000000.0,720000000.0,15476000000.0,253000000.0,1.631,1.286,6782000000.0,953000000.0,5829000000.0,6782000000.0,0.0,217000000.0,0.0,0.026,0.28,435000000.0,652000000.0,0.039,652000000.0,435000000.0,366000000.0,0.41,0.41,0.41,17878000000.0,,17878000000.0,31296542524.0,11.0,8.227,412000000.0,0.673,1.0,1089000000.0,0.066,3213000000.0,69000000.0,29596000000.0,,7428000000.0,9928000000.0,5583000000.0,4345000000.0,22999000000.0,14130000000.0,8869000000.0,25240542524.0,-147000000.0,445000000.0,-624000000.0,-151000000.0,-170000000.0,-938000000.0,100000000.0,-68000000.0,691000000.0,0.0,252000000.0,252000000.0,252000000.0,0.0,1000000.0,0.015,584000000.0,505000000.0,8872000000.0,0.683,1.412,13.778,14.343,9900000000.0,0.0,41.45,0.35,0.352,2132000000.0,16313000000.0,16565000000.0,16565000000.0,0.0,,,,,22000000.0,519000000.0,1.0,608939506.0,612000000,615000000.0,27.067,37664000000.0,0.0,114000000.0,1678000000.0,61.542,8915000000.0
24,ADM,MRQ,2015-06-30,2015-06-30,2015-06-30,2021-07-27,-1705000000.0,40568000000.0,,22588000000.0,17980000000.0,,29.74,-302000000.0,867000000.0,867000000.0,16222000000.0,383000000.0,1.757,1.186,6923000000.0,958000000.0,5965000000.0,6923000000.0,0.0,225000000.0,0.0,0.022,0.28,614000000.0,839000000.0,0.049,839000000.0,614000000.0,529000000.0,0.62,0.62,0.62,18558000000.0,,18558000000.0,35465407084.0,10.0,7.922,60000000.0,0.096,1.0,964000000.0,0.056,3256000000.0,85000000.0,30509000000.0,,7845000000.0,9463000000.0,5041000000.0,4422000000.0,22010000000.0,12859000000.0,9151000000.0,29914407084.0,-23000000.0,-59000000.0,-598000000.0,523000000.0,-173000000.0,-239000000.0,-146000000.0,90000000.0,362000000.0,0.0,386000000.0,386000000.0,386000000.0,0.0,-3000000.0,0.022,556000000.0,408000000.0,8380000000.0,0.452,1.612,12.855,13.284,9897000000.0,0.0,48.22,0.406,0.408,2224000000.0,16232000000.0,17186000000.0,17186000000.0,0.0,,,,,16000000.0,525000000.0,1.0,620373436.0,624000000,627000000.0,27.542,37312000000.0,0.0,143000000.0,1618000000.0,59.795,9729000000.0
25,ADM,MRQ,2015-03-31,2015-03-31,2015-03-31,2021-07-27,-1879000000.0,41715000000.0,,23896000000.0,17819000000.0,,29.492,-238000000.0,890000000.0,890000000.0,16404000000.0,493000000.0,1.679,1.224,6441000000.0,866000000.0,5575000000.0,6441000000.0,0.0,216000000.0,0.0,0.021,0.28,771000000.0,987000000.0,0.056,987000000.0,771000000.0,690000000.0,0.78,0.77,0.78,18757000000.0,,18757000000.0,34656244280.0,9.0,7.427,-193000000.0,-0.303,1.0,1102000000.0,0.063,3124000000.0,81000000.0,29907000000.0,,8372000000.0,9597000000.0,5131000000.0,4466000000.0,22958000000.0,14235000000.0,8723000000.0,30065244280.0,-209000000.0,1000000.0,-566000000.0,743000000.0,-177000000.0,7000000.0,-261000000.0,100000000.0,45000000.0,0.0,493000000.0,493000000.0,493000000.0,0.0,0.0,0.028,498000000.0,604000000.0,8990000000.0,0.359,1.603,12.152,12.408,9833000000.0,0.0,47.4,0.385,0.386,2036000000.0,16019000000.0,17506000000.0,17506000000.0,0.0,,,,,26000000.0,498000000.0,1.0,634287854.0,636000000,639000000.0,27.525,38591000000.0,0.0,197000000.0,1614000000.0,60.678,9661000000.0
26,ADM,MRQ,2014-12-31,2014-12-31,2014-12-31,2021-07-27,-1241000000.0,43997000000.0,,26028000000.0,17969000000.0,,30.34,-289000000.0,1099000000.0,1099000000.0,19443000000.0,705000000.0,1.668,1.241,5660000000.0,132000000.0,5528000000.0,5660000000.0,0.0,248000000.0,0.0,0.018,0.24,1078000000.0,1326000000.0,0.063,1326000000.0,1078000000.0,992000000.0,1.08,1.08,1.08,19630000000.0,,19630000000.0,34478952912.0,10.0,7.915,230000000.0,0.355,1.0,1451000000.0,0.069,3392000000.0,86000000.0,29564000000.0,,9374000000.0,9769000000.0,5392000000.0,4377000000.0,24367000000.0,15602000000.0,8765000000.0,33476952912.0,-3459000000.0,-2621000000.0,-481000000.0,-364000000.0,-154000000.0,-991000000.0,-2987000000.0,-171000000.0,519000000.0,0.0,701000000.0,701000000.0,701000000.0,0.0,4000000.0,0.034,737000000.0,714000000.0,10200000000.0,0.222,1.705,14.892,15.116,9851000000.0,0.0,52.0,0.412,0.418,2704000000.0,15701000000.0,20894000000.0,20894000000.0,0.0,,,,,12000000.0,663000000.0,1.0,643787556.0,647000000,650000000.0,32.294,40605000000.0,0.0,291000000.0,1662000000.0,62.759,10426000000.0
27,ADM,MRQ,2014-09-30,2014-09-30,2014-09-30,2021-07-27,-469000000.0,41821000000.0,,26639000000.0,15182000000.0,,31.171,-207000000.0,4539000000.0,4539000000.0,16647000000.0,748000000.0,1.937,1.064,5541000000.0,195000000.0,5346000000.0,5541000000.0,0.0,214000000.0,0.0,0.018,0.24,1111000000.0,1325000000.0,0.073,1325000000.0,1111000000.0,1032000000.0,1.15,1.14,1.15,20261000000.0,,20261000000.0,36978109967.0,12.0,9.307,3234000000.0,4.975,1.0,1470000000.0,0.081,732000000.0,79000000.0,28340000000.0,,8034000000.0,9130000000.0,5099000000.0,4031000000.0,21560000000.0,13751000000.0,7809000000.0,32986109967.0,2909000000.0,12000000.0,-209000000.0,-54000000.0,-155000000.0,-369000000.0,-163000000.0,16000000.0,3441000000.0,0.0,747000000.0,747000000.0,747000000.0,0.0,1000000.0,0.041,451000000.0,1019000000.0,8879000000.0,0.209,1.628,17.171,17.44,9995000000.0,0.0,51.1,0.391,0.393,2121000000.0,15154000000.0,18117000000.0,18117000000.0,0.0,,,,,10000000.0,451000000.0,1.0,645520743.0,650000000,653000000.0,27.872,41089000000.0,0.0,285000000.0,1522000000.0,63.214,12888000000.0
28,ADM,MRQ,2014-06-30,2014-06-30,2014-06-30,2021-07-27,-70000000.0,39930000000.0,,24658000000.0,15272000000.0,,30.822,-216000000.0,1630000000.0,1630000000.0,20322000000.0,532000000.0,2.074,0.975,5622000000.0,253000000.0,5369000000.0,5622000000.0,0.0,213000000.0,0.0,0.019,0.24,815000000.0,1028000000.0,0.048,1028000000.0,815000000.0,736000000.0,0.81,0.81,0.81,20219000000.0,,20219000000.0,33458533150.0,12.0,9.082,1125000000.0,1.715,1.0,1172000000.0,0.055,753000000.0,79000000.0,31278000000.0,,9024000000.0,8687000000.0,4729000000.0,3958000000.0,19711000000.0,11891000000.0,7820000000.0,28868533150.0,547000000.0,-9000000.0,-318000000.0,-74000000.0,-157000000.0,-682000000.0,-112000000.0,91000000.0,1341000000.0,0.0,533000000.0,533000000.0,533000000.0,0.0,-1000000.0,0.025,457000000.0,715000000.0,8280000000.0,0.296,1.428,17.496,17.644,10110000000.0,0.0,44.11,0.329,0.33,4089000000.0,14562000000.0,21494000000.0,21494000000.0,0.0,,,,,13000000.0,426000000.0,1.0,654466859.0,656000000,659000000.0,32.765,39177000000.0,0.0,203000000.0,1489000000.0,59.721,12767000000.0
29,ADM,MRQ,2014-03-31,2014-03-31,2014-03-31,2021-07-27,-158000000.0,41444000000.0,,26226000000.0,15218000000.0,,30.397,-182000000.0,1083000000.0,1083000000.0,20021000000.0,268000000.0,1.949,1.066,5673000000.0,320000000.0,5353000000.0,5673000000.0,0.0,219000000.0,0.0,0.019,0.24,458000000.0,677000000.0,0.033,677000000.0,458000000.0,365000000.0,0.4,0.4,0.4,20062000000.0,,20062000000.0,32315720988.0,13.0,9.781,-540000000.0,-0.818,1.0,675000000.0,0.033,758000000.0,93000000.0,31820000000.0,,11394000000.0,8582000000.0,4663000000.0,3919000000.0,21382000000.0,13456000000.0,7926000000.0,28566720988.0,-2038000000.0,78000000.0,-175000000.0,-1216000000.0,-158000000.0,-1535000000.0,-145000000.0,-41000000.0,-358000000.0,0.0,267000000.0,267000000.0,267000000.0,0.0,1000000.0,0.013,393000000.0,282000000.0,8737000000.0,0.6,1.424,21.318,21.374,10102000000.0,0.0,43.39,0.322,0.323,2779000000.0,14186000000.0,20696000000.0,20696000000.0,0.0,,,,,20000000.0,393000000.0,1.0,658371076.0,660000000,663000000.0,31.358,40686000000.0,0.0,98000000.0,1480000000.0,61.645,12770000000.0
30,ADM,MRQ,2013-12-31,2013-12-31,2013-12-31,2021-07-27,-57000000.0,43752000000.0,,28530000000.0,15222000000.0,,30.551,-290000000.0,3121000000.0,3121000000.0,22973000000.0,377000000.0,1.822,1.167,6870000000.0,1523000000.0,5347000000.0,6870000000.0,0.0,228000000.0,0.0,0.018,0.19,715000000.0,943000000.0,0.039,943000000.0,715000000.0,620000000.0,0.57,0.56,0.57,20194000000.0,,20194000000.0,32187901472.0,13.0,9.654,67000000.0,0.101,1.0,1170000000.0,0.048,561000000.0,95000000.0,31282000000.0,,11441000000.0,8440000000.0,4394000000.0,4046000000.0,23558000000.0,15658000000.0,7900000000.0,28555901472.0,-131000000.0,-73000000.0,-6000000.0,18000000.0,-125000000.0,-85000000.0,-403000000.0,-192000000.0,357000000.0,0.0,374000000.0,374000000.0,374000000.0,0.0,3000000.0,0.015,678000000.0,492000000.0,9345000000.0,0.333,1.414,21.279,21.379,10137000000.0,0.0,43.4,0.318,0.319,3224000000.0,14077000000.0,24143000000.0,24143000000.0,0.0,,,,,13000000.0,442000000.0,1.0,657970080.0,661000000,663000000.0,36.525,43191000000.0,0.0,246000000.0,1448000000.0,65.342,12872000000.0
31,ADM,MRQ,2013-09-30,2013-09-30,2013-09-30,2021-07-27,-398000000.0,41448000000.0,,26090000000.0,15358000000.0,,29.601,-207000000.0,3252000000.0,3252000000.0,20237000000.0,481000000.0,1.897,1.118,6884000000.0,1520000000.0,5364000000.0,6884000000.0,0.0,227000000.0,0.0,0.02,0.19,809000000.0,1036000000.0,0.048,1036000000.0,809000000.0,704000000.0,0.72,0.72,0.72,19566000000.0,,19566000000.0,29960398830.0,12.0,8.765,2314000000.0,3.501,1.0,1156000000.0,0.054,552000000.0,105000000.0,30775000000.0,,9278000000.0,8102000000.0,4234000000.0,3868000000.0,21882000000.0,13753000000.0,8129000000.0,24284398830.0,1404000000.0,-5000000.0,-84000000.0,-704000000.0,-126000000.0,-885000000.0,-232000000.0,-28000000.0,2521000000.0,0.0,476000000.0,476000000.0,476000000.0,0.0,5000000.0,0.022,452000000.0,704000000.0,2942000000.0,0.264,1.241,16.431,16.446,10125000000.0,0.0,36.84,0.268,0.269,3447000000.0,13828000000.0,21393000000.0,21393000000.0,0.0,,,,,11000000.0,429000000.0,1.0,659185636.0,661000000,664000000.0,32.365,40896000000.0,0.0,228000000.0,1282000000.0,61.87,12337000000.0
32,ADM,MRQ,2013-06-30,2013-06-30,2013-06-30,2021-07-27,-638000000.0,40238000000.0,,25036000000.0,15202000000.0,,28.764,-178000000.0,1848000000.0,1848000000.0,21734000000.0,226000000.0,1.908,1.116,7524000000.0,2158000000.0,5366000000.0,7524000000.0,0.0,227000000.0,0.0,0.022,0.19,421000000.0,648000000.0,0.029,648000000.0,421000000.0,314000000.0,0.34,0.34,0.34,19013000000.0,,19013000000.0,29762699196.0,14.0,9.928,1813000000.0,2.743,1.0,807000000.0,0.036,545000000.0,107000000.0,32246000000.0,,10194000000.0,7800000000.0,3935000000.0,3865000000.0,21225000000.0,13123000000.0,8102000000.0,22347699196.0,400000000.0,105000000.0,-11000000.0,-1353000000.0,-125000000.0,-1480000000.0,-111000000.0,-67000000.0,1991000000.0,0.0,223000000.0,223000000.0,223000000.0,0.0,3000000.0,0.01,452000000.0,355000000.0,2971000000.0,0.559,1.175,18.875,18.839,10091000000.0,0.0,33.91,0.246,0.246,3520000000.0,13478000000.0,22541000000.0,22541000000.0,0.0,,,,,4000000.0,452000000.0,1.0,659029761.0,661000000,663000000.0,34.101,39693000000.0,0.0,91000000.0,1267000000.0,60.05,11913000000.0
33,ADM,MRQ,2013-03-31,2013-03-31,2013-03-31,2021-07-27,-591000000.0,43226000000.0,,27865000000.0,15361000000.0,,28.708,-238000000.0,1448000000.0,1448000000.0,20971000000.0,270000000.0,1.726,1.278,8863000000.0,3489000000.0,5374000000.0,8863000000.0,0.0,227000000.0,0.0,0.021,0.19,480000000.0,707000000.0,0.033,707000000.0,480000000.0,374000000.0,0.41,0.41,0.41,18976000000.0,,18976000000.0,30040325025.0,14.0,9.712,119000000.0,0.18,1.0,756000000.0,0.035,544000000.0,106000000.0,33955000000.0,,12408000000.0,7976000000.0,4041000000.0,3935000000.0,24250000000.0,16142000000.0,8108000000.0,22214325025.0,-266000000.0,15000000.0,0.0,-674000000.0,-125000000.0,-792000000.0,169000000.0,391000000.0,357000000.0,0.0,269000000.0,269000000.0,269000000.0,0.0,1000000.0,0.012,436000000.0,320000000.0,3474000000.0,0.463,1.171,17.843,17.847,10122000000.0,0.0,33.73,0.244,0.245,3553000000.0,13369000000.0,21727000000.0,21727000000.0,0.0,,,,,15000000.0,436000000.0,1.0,658592500.0,661000000,662000000.0,32.87,42682000000.0,0.0,105000000.0,1256000000.0,64.572,11723000000.0
34,ADM,MRQ,2012-12-31,2012-12-31,2012-12-31,2021-07-27,-450000000.0,45136000000.0,,29762000000.0,15374000000.0,,28.986,-371000000.0,1714000000.0,1714000000.0,23925000000.0,510000000.0,1.751,1.359,9540000000.0,3084000000.0,6456000000.0,9540000000.0,0.0,218000000.0,0.0,0.026,0.175,809000000.0,1027000000.0,0.041,1027000000.0,809000000.0,702000000.0,0.77,0.77,0.77,19131000000.0,,19131000000.0,27296132025.0,11.0,8.327,1624000000.0,2.461,1.0,996000000.0,0.04,759000000.0,107000000.0,35210000000.0,,13836000000.0,8101000000.0,4214000000.0,3887000000.0,26005000000.0,16993000000.0,9012000000.0,18038132025.0,479000000.0,499000000.0,0.0,-795000000.0,-115000000.0,-1105000000.0,-411000000.0,-579000000.0,1995000000.0,0.0,510000000.0,510000000.0,510000000.0,0.0,0.0,0.02,479000000.0,517000000.0,9388000000.0,0.227,0.943,13.119,13.168,10123000000.0,0.0,27.39,0.199,0.2,3450000000.0,13236000000.0,24921000000.0,24921000000.0,0.0,,,,,8000000.0,479000000.0,1.0,658566339.0,660000000,661000000.0,37.759,44377000000.0,0.0,192000000.0,1267000000.0,67.238,12769000000.0
35,ADM,MRQ,2012-09-30,2012-09-30,2012-09-30,2021-07-27,-734000000.0,44760000000.0,,30154000000.0,14606000000.0,,27.941,-244000000.0,1235000000.0,1235000000.0,21002000000.0,184000000.0,1.717,1.427,10493000000.0,3946000000.0,6547000000.0,10493000000.0,0.0,217000000.0,0.0,0.026,0.175,399000000.0,616000000.0,0.028,616000000.0,399000000.0,293000000.0,0.28,0.28,0.28,18441000000.0,,18441000000.0,26930142355.0,15.0,10.079,239000000.0,0.362,1.0,806000000.0,0.037,541000000.0,106000000.0,35915000000.0,,13699000000.0,7911000000.0,4286000000.0,3625000000.0,26319000000.0,17562000000.0,8757000000.0,17901142355.0,-56000000.0,-4000000.0,0.0,138000000.0,-115000000.0,23000000.0,-562000000.0,-319000000.0,483000000.0,0.0,182000000.0,182000000.0,182000000.0,0.0,2000000.0,0.008,536000000.0,270000000.0,3674000000.0,0.625,0.971,18.943,18.875,9883000000.0,0.0,27.18,0.201,0.202,3003000000.0,12841000000.0,21808000000.0,21808000000.0,0.0,,,,,22000000.0,390000000.0,1.0,658614509.0,660000000,661000000.0,33.042,44219000000.0,0.0,111000000.0,775000000.0,66.998,12592000000.0
36,ADM,MRQ,2012-06-30,2012-06-30,2012-06-30,2021-07-27,-907000000.0,41771000000.0,,26954000000.0,14817000000.0,,27.322,-323000000.0,1291000000.0,1291000000.0,21862000000.0,293000000.0,1.843,1.299,10320000000.0,3785000000.0,6535000000.0,10320000000.0,0.0,220000000.0,0.0,0.023,0.175,523000000.0,743000000.0,0.033,743000000.0,523000000.0,407000000.0,0.43,0.43,0.43,18169000000.0,,18169000000.0,28951680347.0,13.0,9.539,314000000.0,0.472,1.0,813000000.0,0.036,603000000.0,116000000.0,35571000000.0,,12192000000.0,7089000000.0,3439000000.0,3650000000.0,23602000000.0,14626000000.0,8976000000.0,19439680347.0,473000000.0,46000000.0,-44000000.0,29000000.0,-116000000.0,-139000000.0,-25000000.0,252000000.0,637000000.0,0.0,284000000.0,284000000.0,284000000.0,0.0,9000000.0,0.013,406000000.0,407000000.0,2474000000.0,0.407,1.07,15.895,16.043,9812000000.0,0.0,29.52,0.218,0.22,3439000000.0,12774000000.0,22675000000.0,22675000000.0,0.0,,,,,7000000.0,394000000.0,1.0,658525757.0,665000000,666000000.0,34.098,41168000000.0,0.0,123000000.0,1001000000.0,61.907,12328000000.0
37,ADM,MRQ,2012-03-31,2012-03-31,2012-03-31,2021-07-27,-423000000.0,41858000000.0,,27215000000.0,14643000000.0,,28.023,-326000000.0,818000000.0,818000000.0,20147000000.0,405000000.0,1.84,1.256,10330000000.0,3787000000.0,6543000000.0,10330000000.0,0.0,214000000.0,0.0,0.021,0.175,678000000.0,892000000.0,0.042,892000000.0,678000000.0,562000000.0,0.6,0.6,0.6,18551000000.0,,18551000000.0,29281297487.0,11.0,8.615,-1109000000.0,-1.675,1.0,1008000000.0,0.048,596000000.0,116000000.0,35980000000.0,,13232000000.0,7675000000.0,3970000000.0,3705000000.0,23307000000.0,14794000000.0,8513000000.0,20947297487.0,-46000000.0,-33000000.0,-56000000.0,1065000000.0,-115000000.0,900000000.0,-163000000.0,201000000.0,-783000000.0,0.0,399000000.0,399000000.0,399000000.0,0.0,6000000.0,0.019,487000000.0,521000000.0,3122000000.0,0.292,1.129,15.869,15.99,9800000000.0,0.0,31.66,0.235,0.235,3078000000.0,12606000000.0,21155000000.0,21155000000.0,0.0,,,,,7000000.0,402000000.0,1.0,661632896.0,662000000,663000000.0,31.956,41262000000.0,0.0,163000000.0,873000000.0,62.329,12421000000.0
38,ADM,MRQ,2011-12-31,2011-12-31,2011-12-31,2021-07-27,-563000000.0,41516000000.0,,27224000000.0,14292000000.0,,27.316,-409000000.0,864000000.0,864000000.0,22493000000.0,83000000.0,1.836,1.285,9198000000.0,2436000000.0,6762000000.0,9198000000.0,0.0,207000000.0,0.0,0.023,0.175,214000000.0,421000000.0,0.018,421000000.0,214000000.0,118000000.0,0.13,0.13,0.13,18165000000.0,,18165000000.0,27281267697.0,10.0,7.513,545000000.0,0.82,1.0,813000000.0,0.035,591000000.0,96000000.0,34430000000.0,,12415000000.0,7608000000.0,4045000000.0,3563000000.0,23351000000.0,14829000000.0,8522000000.0,19104267697.0,-456000000.0,-145000000.0,-187000000.0,-412000000.0,-117000000.0,-725000000.0,-685000000.0,-105000000.0,954000000.0,0.0,80000000.0,80000000.0,80000000.0,0.0,3000000.0,0.003,775000000.0,38000000.0,4136000000.0,1.346,1.052,12.745,12.489,9601000000.0,0.0,28.6,0.217,0.216,5093000000.0,12322000000.0,23306000000.0,23306000000.0,0.0,,,,,7000000.0,423000000.0,1.0,667981388.0,665000000,666000000.0,35.047,40925000000.0,0.0,38000000.0,897000000.0,61.541,12395000000.0
39,ADM,MRQ,2011-09-30,2011-09-30,2011-09-30,2021-07-27,-374000000.0,41448000000.0,,27279000000.0,14169000000.0,,27.354,-443000000.0,1320000000.0,1320000000.0,20868000000.0,461000000.0,1.884,1.252,9497000000.0,2819000000.0,6678000000.0,9497000000.0,0.0,207000000.0,0.0,0.025,0.16,772000000.0,979000000.0,0.045,979000000.0,772000000.0,659000000.0,0.68,0.68,0.68,18409000000.0,,18409000000.0,26470547735.0,7.0,5.834,1644000000.0,2.443,1.0,1034000000.0,0.047,607000000.0,113000000.0,34539000000.0,,11122000000.0,7391000000.0,3883000000.0,3508000000.0,23039000000.0,14479000000.0,8560000000.0,16766547735.0,705000000.0,-142000000.0,-240000000.0,-746000000.0,-107000000.0,-1133000000.0,-249000000.0,300000000.0,2087000000.0,0.0,460000000.0,460000000.0,460000000.0,0.0,1000000.0,0.021,407000000.0,627000000.0,7371000000.0,0.235,0.911,7.795,7.495,9655000000.0,0.0,24.81,0.195,0.195,10336000000.0,12349000000.0,21902000000.0,21902000000.0,0.0,,,,,27000000.0,407000000.0,1.0,675797974.0,673000000,674000000.0,32.544,40841000000.0,0.0,199000000.0,836000000.0,60.685,12800000000.0
40,ADM,MRQ,2011-06-30,2011-06-30,2011-06-30,2021-07-27,176000000.0,42352000000.0,,27504000000.0,14848000000.0,,29.343,-314000000.0,615000000.0,615000000.0,21772000000.0,379000000.0,2.081,1.248,10319000000.0,2053000000.0,8266000000.0,10319000000.0,0.0,212000000.0,0.0,0.021,0.16,895000000.0,1107000000.0,0.048,1107000000.0,895000000.0,766000000.0,0.57,0.59,0.57,18838000000.0,,18838000000.0,32632088090.0,9.0,7.43,2095000000.0,3.263,1.0,1098000000.0,0.048,602000000.0,129000000.0,38236000000.0,,12055000000.0,8041000000.0,4135000000.0,3906000000.0,23514000000.0,13218000000.0,10296000000.0,19232088090.0,-243000000.0,-12000000.0,-207000000.0,-3988000000.0,-102000000.0,-2564000000.0,-88000000.0,219000000.0,2409000000.0,0.0,381000000.0,381000000.0,381000000.0,0.0,-2000000.0,0.017,423000000.0,675000000.0,2581000000.0,0.281,1.021,9.446,9.511,9500000000.0,0.0,30.15,0.238,0.24,4808000000.0,11996000000.0,22870000000.0,22870000000.0,0.0,,,,,6000000.0,423000000.0,1.0,637880202.0,642000000,654000000.0,35.623,41750000000.0,0.0,385000000.0,1018000000.0,65.031,14286000000.0
41,ADM,MRQ,2011-03-31,2011-03-31,2011-03-31,2021-07-27,-152000000.0,43763000000.0,,29252000000.0,14511000000.0,,26.144,-261000000.0,858000000.0,858000000.0,18917000000.0,568000000.0,1.735,1.624,14258000000.0,5908000000.0,8350000000.0,14258000000.0,0.0,202000000.0,0.0,0.017,0.16,922000000.0,1124000000.0,0.056,1124000000.0,922000000.0,801000000.0,0.91,0.86,0.91,16680000000.0,,16680000000.0,35108254995.0,10.0,7.807,-927000000.0,-1.453,1.0,1160000000.0,0.058,594000000.0,121000000.0,39706000000.0,,13409000000.0,7725000000.0,3816000000.0,3909000000.0,27083000000.0,16863000000.0,10220000000.0,22949254995.0,332000000.0,-43000000.0,-8000000.0,1539000000.0,-101000000.0,1444000000.0,-446000000.0,-146000000.0,-666000000.0,0.0,578000000.0,578000000.0,578000000.0,0.0,-10000000.0,0.029,395000000.0,765000000.0,7703000000.0,0.176,1.376,10.923,10.945,9315000000.0,0.0,36.01,0.312,0.313,10428000000.0,11718000000.0,20077000000.0,20077000000.0,0.0,,,,,5000000.0,395000000.0,1.0,637302277.0,638000000,684000000.0,31.469,43169000000.0,0.0,223000000.0,517000000.0,67.663,12389000000.0
42,ADM,MRQ,2010-12-31,2010-12-31,2010-12-31,2021-07-27,-451000000.0,42610000000.0,,28357000000.0,14253000000.0,,24.889,-306000000.0,526000000.0,526000000.0,19696000000.0,729000000.0,1.57,1.679,12685000000.0,5837000000.0,6848000000.0,12685000000.0,0.0,211000000.0,0.0,0.02,0.15,1116000000.0,1327000000.0,0.063,1327000000.0,1116000000.0,1001000000.0,1.15,1.14,1.15,15904000000.0,,15904000000.0,27258913141.0,8.0,6.562,-3518000000.0,-5.505,1.0,1234000000.0,0.059,587000000.0,115000000.0,36119000000.0,,12654000000.0,7655000000.0,3857000000.0,3798000000.0,26706000000.0,18063000000.0,8643000000.0,19217913141.0,-336000000.0,-163000000.0,-55000000.0,3665000000.0,-96000000.0,3515000000.0,-639000000.0,-144000000.0,-3212000000.0,0.0,732000000.0,732000000.0,732000000.0,0.0,-3000000.0,0.035,412000000.0,822000000.0,8141000000.0,0.13,1.208,9.886,9.927,9194000000.0,0.0,30.08,0.28,0.28,10625000000.0,11242000000.0,20930000000.0,20930000000.0,0.0,,,,,11000000.0,412000000.0,1.0,638893389.0,639000000,641000000.0,32.754,42023000000.0,0.0,269000000.0,546000000.0,65.764,10294000000.0
43,ADM,MRQ,2010-09-30,2010-09-30,2010-09-30,2021-07-27,-375000000.0,36036000000.0,,22086000000.0,13950000000.0,,24.042,-294000000.0,862000000.0,862000000.0,15991000000.0,342000000.0,1.805,1.342,8903000000.0,2069000000.0,6834000000.0,8903000000.0,0.0,252000000.0,0.0,0.018,0.15,582000000.0,834000000.0,0.05,834000000.0,582000000.0,465000000.0,0.54,0.54,0.54,15387000000.0,,15387000000.0,26909242477.0,9.0,7.009,-1165000000.0,-1.82,1.0,808000000.0,0.048,531000000.0,117000000.0,31311000000.0,,9024000000.0,7217000000.0,3440000000.0,3777000000.0,20649000000.0,12235000000.0,8414000000.0,20407242477.0,-184000000.0,0.0,-31000000.0,1312000000.0,-96000000.0,1189000000.0,-502000000.0,-214000000.0,-871000000.0,0.0,345000000.0,345000000.0,345000000.0,0.0,-3000000.0,0.021,381000000.0,427000000.0,7025000000.0,0.278,1.326,11.471,11.565,8908000000.0,0.0,31.92,0.321,0.321,8174000000.0,10605000000.0,16799000000.0,16799000000.0,0.0,,,,,25000000.0,381000000.0,1.0,639324639.0,640000000,641000000.0,26.248,35505000000.0,0.0,120000000.0,395000000.0,55.477,9851000000.0
44,ADM,MRQ,2010-06-30,2010-06-30,2010-06-30,2021-07-27,-899000000.0,31808000000.0,,18394000000.0,13414000000.0,,22.754,-367000000.0,1046000000.0,1046000000.0,14777000000.0,445000000.0,2.082,1.174,7548000000.0,718000000.0,6830000000.0,7548000000.0,0.0,239000000.0,0.0,0.022,0.15,973000000.0,1212000000.0,0.077,1212000000.0,973000000.0,551000000.0,0.69,0.7,0.69,14631000000.0,,14631000000.0,22365547050.0,7.0,5.691,-458000000.0,-0.712,1.0,926000000.0,0.059,523000000.0,422000000.0,28954000000.0,,7871000000.0,6208000000.0,2731000000.0,3477000000.0,17177000000.0,8833000000.0,8344000000.0,16603547050.0,-613000000.0,-149000000.0,-100000000.0,125000000.0,-96000000.0,-70000000.0,-452000000.0,-7000000.0,-91000000.0,0.0,446000000.0,446000000.0,446000000.0,0.0,-1000000.0,0.028,331000000.0,595000000.0,5538000000.0,0.217,1.135,8.603,8.607,8712000000.0,0.0,25.82,0.269,0.269,6122000000.0,10357000000.0,15703000000.0,15703000000.0,0.0,,,,,4000000.0,331000000.0,1.0,643049847.0,643000000,644000000.0,24.421,31285000000.0,0.0,105000000.0,439000000.0,48.655,9561000000.0
45,ADM,MRQ,2010-03-31,2010-03-31,2010-03-31,2021-07-27,-512000000.0,32326000000.0,,19200000000.0,13126000000.0,,22.969,-288000000.0,1659000000.0,1659000000.0,14254000000.0,416000000.0,2.079,1.189,7421000000.0,511000000.0,6910000000.0,7421000000.0,0.0,242000000.0,0.0,0.02,0.15,539000000.0,781000000.0,0.052,781000000.0,539000000.0,539000000.0,0.65,0.65,0.65,14769000000.0,,14769000000.0,25118882328.0,10.0,7.296,1107000000.0,1.722,1.0,891000000.0,0.059,519000000.0,0.0,28333000000.0,,8219000000.0,6252000000.0,2908000000.0,3344000000.0,17557000000.0,9236000000.0,8321000000.0,18570882328.0,342000000.0,-2000000.0,0.0,-455000000.0,-96000000.0,-620000000.0,-433000000.0,-124000000.0,1395000000.0,0.0,421000000.0,421000000.0,421000000.0,0.0,-5000000.0,0.028,355000000.0,536000000.0,6406000000.0,0.231,1.257,12.043,12.092,8642000000.0,0.0,28.9,0.297,0.297,5876000000.0,10011000000.0,15145000000.0,15145000000.0,0.0,,,,,10000000.0,355000000.0,1.0,642591084.0,643000000,645000000.0,23.554,31807000000.0,0.0,118000000.0,425000000.0,49.467,9964000000.0
46,ADM,MRQ,2009-12-31,2009-12-31,2009-12-31,2021-07-27,-155000000.0,33529000000.0,,20388000000.0,13141000000.0,,23.009,-427000000.0,1317000000.0,1317000000.0,14860000000.0,561000000.0,2.124,1.266,7865000000.0,467000000.0,7398000000.0,7865000000.0,0.0,222000000.0,0.0,0.018,0.14,790000000.0,1012000000.0,0.064,1012000000.0,790000000.0,790000000.0,0.88,0.88,0.88,14795000000.0,,14795000000.0,25599054583.0,12.0,8.533,-1039000000.0,-1.616,1.0,1053000000.0,0.066,524000000.0,0.0,29953000000.0,,9126000000.0,5848000000.0,2504000000.0,3344000000.0,18734000000.0,9600000000.0,9134000000.0,20112054583.0,-1073000000.0,-57000000.0,0.0,-25000000.0,-90000000.0,-110000000.0,-351000000.0,141000000.0,-612000000.0,0.0,567000000.0,567000000.0,567000000.0,0.0,-6000000.0,0.036,358000000.0,695000000.0,6832000000.0,0.159,1.359,17.893,17.891,8636000000.0,0.0,31.31,0.323,0.324,7075000000.0,9686000000.0,15913000000.0,15913000000.0,0.0,,,,,11000000.0,358000000.0,1.0,642352430.0,643000000,645000000.0,24.748,33005000000.0,0.0,223000000.0,553000000.0,51.33,10788000000.0
47,ADM,MRQ,2009-09-30,2009-09-30,2009-09-30,2021-07-27,-197000000.0,31861000000.0,,19155000000.0,12706000000.0,,22.185,-490000000.0,2390000000.0,2390000000.0,13948000000.0,497000000.0,2.241,1.237,7877000000.0,304000000.0,7573000000.0,7877000000.0,0.0,209000000.0,0.0,0.019,0.14,716000000.0,925000000.0,0.062,925000000.0,716000000.0,716000000.0,0.77,0.77,0.77,14243000000.0,,14243000000.0,25909399683.0,12.0,8.613,1502000000.0,2.34,1.0,973000000.0,0.065,531000000.0,0.0,28270000000.0,,7139000000.0,5916000000.0,2713000000.0,3203000000.0,17618000000.0,8547000000.0,9071000000.0,18760399683.0,1335000000.0,0.0,0.0,-141000000.0,-90000000.0,-228000000.0,-429000000.0,57000000.0,1992000000.0,0.0,496000000.0,496000000.0,496000000.0,0.0,1000000.0,0.033,354000000.0,619000000.0,5812000000.0,0.182,1.317,16.529,16.508,8366000000.0,0.0,29.22,0.298,0.298,6600000000.0,9185000000.0,14921000000.0,14921000000.0,0.0,,,,,20000000.0,354000000.0,1.0,642039688.0,642000000,644000000.0,23.241,31330000000.0,0.0,220000000.0,316000000.0,48.801,10608000000.0
48,ADM,MRQ,2009-06-30,2009-06-30,2009-06-30,2021-07-27,-355000000.0,31582000000.0,,19408000000.0,12174000000.0,,21.233,-429000000.0,1055000000.0,1055000000.0,16171000000.0,60000000.0,2.184,1.313,7996000000.0,404000000.0,7592000000.0,7996000000.0,0.0,204000000.0,0.0,0.02,0.14,521000000.0,725000000.0,0.044,725000000.0,521000000.0,52000000.0,0.09,0.1,0.09,13653000000.0,,13653000000.0,23047327204.0,8.0,6.154,-939000000.0,-1.46,1.0,361000000.0,0.022,532000000.0,469000000.0,29106000000.0,,7782000000.0,6015000000.0,2930000000.0,3085000000.0,17929000000.0,8885000000.0,9044000000.0,17186327204.0,-1133000000.0,-169000000.0,0.0,116000000.0,-90000000.0,26000000.0,-649000000.0,-69000000.0,-510000000.0,0.0,58000000.0,58000000.0,58000000.0,0.0,2000000.0,0.004,320000000.0,41000000.0,5786000000.0,1.556,1.259,10.206,10.218,7950000000.0,0.0,26.77,0.248,0.249,7311000000.0,8778000000.0,16532000000.0,16532000000.0,0.0,,,,,65000000.0,320000000.0,1.0,641999522.0,643000000,644000000.0,25.711,31050000000.0,0.0,-6000000.0,308000000.0,48.289,10523000000.0
49,ADM,MRQ,2009-03-31,2009-03-31,2009-03-31,2021-07-27,-455000000.0,31975000000.0,,20314000000.0,11661000000.0,,20.882,-389000000.0,2188000000.0,2188000000.0,14193000000.0,3000000.0,2.159,1.381,8049000000.0,298000000.0,7751000000.0,8049000000.0,0.0,195000000.0,0.0,0.019,0.14,143000000.0,338000000.0,0.023,338000000.0,143000000.0,143000000.0,0.01,0.0,0.01,13427000000.0,,13427000000.0,23946690893.0,8.0,6.387,-403000000.0,-0.627,1.0,649000000.0,0.044,493000000.0,0.0,27932000000.0,,7840000000.0,5609000000.0,2620000000.0,2989000000.0,18548000000.0,9411000000.0,9137000000.0,17831690893.0,-60000000.0,1000000.0,0.0,-293000000.0,-90000000.0,-381000000.0,335000000.0,716000000.0,-14000000.0,0.0,3000000.0,3000000.0,3000000.0,0.0,0.0,0.0,346000000.0,303000000.0,6450000000.0,14.0,1.328,9.024,9.049,7583000000.0,0.0,27.78,0.239,0.24,7236000000.0,8866000000.0,14842000000.0,14842000000.0,0.0,,,,,0.0,346000000.0,1.0,641889521.0,643000000,644000000.0,23.082,31482000000.0,0.0,140000000.0,644000000.0,48.961,10903000000.0
50,ADM,MRQ,2008-12-31,2008-12-31,2008-12-31,2021-07-27,-252000000.0,33901000000.0,,22104000000.0,11797000000.0,,21.33,-564000000.0,2248000000.0,2248000000.0,15461000000.0,579000000.0,1.991,1.476,8363000000.0,612000000.0,7751000000.0,8363000000.0,0.0,204000000.0,0.0,0.018,0.13,816000000.0,1020000000.0,0.061,1020000000.0,816000000.0,816000000.0,0.9,0.9,0.9,13694000000.0,,13694000000.0,24466704069.0,7.0,5.631,621000000.0,0.967,1.0,1212000000.0,0.073,501000000.0,0.0,28414000000.0,,7681000000.0,6237000000.0,2964000000.0,3273000000.0,20207000000.0,11101000000.0,9106000000.0,18493704069.0,-284000000.0,1000000.0,0.0,-129000000.0,-83000000.0,-211000000.0,-1258000000.0,-670000000.0,1185000000.0,0.0,578000000.0,578000000.0,578000000.0,0.0,1000000.0,0.035,337000000.0,875000000.0,6762000000.0,0.144,1.35,7.43,7.469,7412000000.0,0.0,28.83,0.236,0.236,8673000000.0,8947000000.0,16673000000.0,16673000000.0,0.0,,,,,0.0,337000000.0,1.0,641474300.0,642000000,643000000.0,25.97,33400000000.0,0.0,238000000.0,620000000.0,52.025,11003000000.0
51,ADM,MRQ,2008-09-30,2008-09-30,2008-09-30,2021-07-27,86000000.0,34707000000.0,,23074000000.0,11633000000.0,,21.014,-451000000.0,2532000000.0,2532000000.0,19293000000.0,1046000000.0,1.907,1.565,8505000000.0,751000000.0,7754000000.0,8505000000.0,0.0,177000000.0,0.0,0.023,0.13,1485000000.0,1662000000.0,0.079,1662000000.0,1485000000.0,1485000000.0,1.62,1.62,1.62,13533000000.0,,13533000000.0,24350901122.0,7.0,5.819,4229000000.0,6.567,1.0,1867000000.0,0.088,501000000.0,0.0,28078000000.0,,8333000000.0,6131000000.0,2738000000.0,3393000000.0,21174000000.0,12101000000.0,9073000000.0,14115901122.0,1722000000.0,212000000.0,-100000000.0,-2483000000.0,-84000000.0,-2659000000.0,-299000000.0,-67000000.0,4680000000.0,0.0,1045000000.0,1045000000.0,1045000000.0,0.0,1000000.0,0.049,409000000.0,1458000000.0,7189000000.0,0.08,1.043,5.921,5.922,7155000000.0,0.0,21.91,0.181,0.181,8884000000.0,8446000000.0,21160000000.0,21160000000.0,0.0,,,,,0.0,409000000.0,1.0,644267509.0,644000000,645000000.0,32.857,34206000000.0,0.0,440000000.0,548000000.0,53.115,10973000000.0
52,ADM,MRQ,2008-06-30,2008-06-30,2008-06-30,2021-07-27,957000000.0,37056000000.0,,25455000000.0,11601000000.0,,20.947,-415000000.0,810000000.0,810000000.0,20977000000.0,356000000.0,1.741,1.747,11045000000.0,3355000000.0,7690000000.0,11045000000.0,0.0,227000000.0,0.0,0.015,0.13,502000000.0,729000000.0,0.033,729000000.0,502000000.0,502000000.0,0.54,0.54,0.54,13490000000.0,,13490000000.0,31522391732.0,12.0,9.396,-452000000.0,-0.702,1.0,807000000.0,0.037,506000000.0,0.0,32164000000.0,,10160000000.0,5853000000.0,2490000000.0,3363000000.0,23566000000.0,14621000000.0,8945000000.0,21732391732.0,-396000000.0,33000000.0,0.0,-11000000.0,-84000000.0,-92000000.0,-267000000.0,129000000.0,-37000000.0,0.0,350000000.0,350000000.0,350000000.0,0.0,6000000.0,0.016,348000000.0,459000000.0,6544000000.0,0.241,1.611,12.209,12.228,7125000000.0,0.0,33.75,0.311,0.311,11483000000.0,7494000000.0,21784000000.0,21784000000.0,0.0,,,,,70000000.0,348000000.0,1.0,643922718.0,644000000,646000000.0,33.826,36550000000.0,0.0,152000000.0,473000000.0,56.755,10834000000.0
53,ADM,MRQ,2008-03-31,2008-03-31,2008-03-31,2021-07-27,835000000.0,36513000000.0,,25229000000.0,11284000000.0,,20.438,-416000000.0,1206000000.0,1206000000.0,17551000000.0,516000000.0,1.588,1.774,10996000000.0,4970000000.0,6026000000.0,10996000000.0,0.0,180000000.0,0.0,0.012,0.13,754000000.0,934000000.0,0.05,934000000.0,754000000.0,754000000.0,0.8,0.8,0.8,13162000000.0,,13162000000.0,35212612774.0,10.0,8.382,-657000000.0,-1.02,1.0,1157000000.0,0.062,329000000.0,0.0,30089000000.0,,10569000000.0,6150000000.0,2620000000.0,3530000000.0,23351000000.0,15885000000.0,7466000000.0,26489612774.0,101000000.0,-11000000.0,0.0,1103000000.0,-84000000.0,1024000000.0,-682000000.0,-268000000.0,-241000000.0,0.0,516000000.0,516000000.0,516000000.0,0.0,0.0,0.028,379000000.0,778000000.0,6936000000.0,0.163,2.013,11.107,11.154,6860000000.0,0.0,41.16,0.44,0.44,10447000000.0,7206000000.0,18708000000.0,18708000000.0,0.0,,,,,0.0,379000000.0,1.0,643576598.0,644000000,646000000.0,29.05,36184000000.0,0.0,238000000.0,597000000.0,56.186,9344000000.0
54,ADM,MRQ,2007-12-31,2007-12-31,2007-12-31,2021-07-27,468000000.0,33490000000.0,,22660000000.0,10830000000.0,,19.166,-546000000.0,1105000000.0,1105000000.0,15548000000.0,473000000.0,1.556,1.717,9828000000.0,4595000000.0,5233000000.0,9828000000.0,0.0,175000000.0,0.0,0.01,0.115,685000000.0,860000000.0,0.052,860000000.0,685000000.0,685000000.0,0.74,0.73,0.74,12324000000.0,,12324000000.0,36051413297.0,11.0,9.017,-2262000000.0,-3.518,1.0,948000000.0,0.057,323000000.0,0.0,27329000000.0,,9517000000.0,4737000000.0,1322000000.0,3415000000.0,21166000000.0,14561000000.0,6605000000.0,29849413297.0,-16000000.0,3000000.0,-1000000.0,2489000000.0,-74000000.0,2422000000.0,-722000000.0,-164000000.0,-1716000000.0,0.0,473000000.0,473000000.0,473000000.0,0.0,0.0,0.029,338000000.0,610000000.0,6156000000.0,0.155,2.422,13.373,13.458,6574000000.0,0.0,46.43,0.564,0.564,10026000000.0,6773000000.0,16496000000.0,16496000000.0,0.0,,,,,0.0,338000000.0,1.0,642890659.0,643000000,646000000.0,25.655,33167000000.0,0.0,212000000.0,599000000.0,51.582,8099000000.0
55,ADM,MRQ,2007-09-30,2007-09-30,2007-09-30,2021-07-27,389000000.0,29392000000.0,,19018000000.0,10374000000.0,,18.354,-350000000.0,1121000000.0,1121000000.0,11898000000.0,441000000.0,1.65,1.487,7323000000.0,2590000000.0,4733000000.0,7323000000.0,0.0,185000000.0,0.0,0.013,0.115,647000000.0,832000000.0,0.065,832000000.0,647000000.0,647000000.0,0.68,0.68,0.68,11820000000.0,,11820000000.0,25911796034.0,8.0,6.575,-1560000000.0,-2.422,1.0,930000000.0,0.072,319000000.0,0.0,23749000000.0,,7747000000.0,4490000000.0,1182000000.0,3308000000.0,17572000000.0,11526000000.0,6046000000.0,21289796034.0,458000000.0,-5000000.0,-60000000.0,2019000000.0,-74000000.0,1892000000.0,-224000000.0,120000000.0,-1210000000.0,0.0,441000000.0,441000000.0,441000000.0,0.0,0.0,0.034,354000000.0,576000000.0,5512000000.0,0.169,1.801,9.677,9.787,6228000000.0,0.0,33.08,0.449,0.449,8428000000.0,6375000000.0,12828000000.0,12828000000.0,0.0,,,,,0.0,354000000.0,1.0,643585128.0,644000000,647000000.0,19.919,29073000000.0,0.0,206000000.0,552000000.0,45.144,7492000000.0
56,ADM,MRQ,2007-06-30,2007-06-30,2007-06-30,2021-07-27,181000000.0,25118000000.0,,15122000000.0,9996000000.0,,17.528,-309000000.0,663000000.0,663000000.0,11496000000.0,955000000.0,1.922,1.232,5285000000.0,533000000.0,4752000000.0,5285000000.0,0.0,181000000.0,0.0,0.013,0.115,1394000000.0,1575000000.0,0.129,1575000000.0,1394000000.0,1394000000.0,1.47,1.47,1.47,11253000000.0,,11253000000.0,27074195460.0,9.0,7.023,28000000.0,0.044,1.0,718000000.0,0.059,317000000.0,0.0,21555000000.0,,6060000000.0,4791000000.0,1636000000.0,3155000000.0,13865000000.0,7868000000.0,5997000000.0,21598809460.0,-234000000.0,382000000.0,0.0,-1098000000.0,-74000000.0,-1166000000.0,595000000.0,558000000.0,337000000.0,0.0,955000000.0,955000000.0,955000000.0,0.0,0.0,0.078,293000000.0,425000000.0,4919000000.0,0.078,1.919,9.99,9.967,6010000000.0,0.0,33.09,0.491,0.489,6404000000.0,5982000000.0,12214000000.0,12214000000.0,0.0,,,,,18000000.0,293000000.0,1.0,652729207.0,642000000,650000000.0,19.025,24801000000.0,0.0,439000000.0,532000000.0,38.631,7254000000.0
57,ADM,MRQ,2007-03-31,2007-03-31,2007-03-31,2021-07-27,523226000.0,25351416000.0,,15243358000.0,10108058000.0,,16.459,-284000000.0,896526000.0,896526000.0,10635537000.0,362987000.0,1.836,1.374,6371912000.0,1214641000.0,5157271000.0,6371912000.0,0.0,175000000.0,0.0,0.011,0.115,556020000.0,731020000.0,0.064,731020000.0,556020000.0,556020000.0,0.56,0.55,0.56,10679349000.0,,10679349000.0,28956175897.0,12.0,9.56,-22000000.0,-0.034,1.0,745502000.0,0.066,320322000.0,0.0,22204924000.0,,6603449000.0,4628356000.0,1402389000.0,3225967000.0,14672067000.0,8301556000.0,6370511000.0,23955161897.0,74000000.0,-36000000.0,-397000000.0,540000000.0,-76000000.0,-57000000.0,-131000000.0,173000000.0,262000000.0,0.0,362987000.0,362987000.0,362987000.0,0.0,0.0,0.032,293954000.0,451548000.0,4872322000.0,0.205,2.243,14.813,14.858,5822959000.0,0.0,36.7,0.579,0.576,5805087000.0,5088222000.0,11381039000.0,11381039000.0,0.0,,,,,0.0,293954000.0,1.0,652729207.0,648828000,652590000.0,17.541,25031094000.0,0.0,193033000.0,676650000.0,38.579,6941802000.0
58,ADM,MRQ,2006-12-31,2006-12-31,2006-12-31,2021-07-27,521146000.0,25045614000.0,,15192900000.0,9852714000.0,,16.397,-320000000.0,822780000.0,822780000.0,10068000000.0,441000000.0,1.691,1.325,5823794000.0,1812600000.0,4011194000.0,5823794000.0,0.0,174000000.0,0.0,0.013,0.1,629000000.0,803000000.0,0.073,803000000.0,629000000.0,629000000.0,0.67,0.67,0.67,10772684000.0,,10772684000.0,24862024424.0,11.0,8.416,-693000000.0,-1.055,1.0,908000000.0,0.083,319799000.0,0.0,20744255000.0,,6286536000.0,4420305000.0,1341718000.0,3078587000.0,14272930000.0,8982574000.0,5290356000.0,21005588424.0,-135000000.0,0.0,-136000000.0,929000000.0,-65000000.0,741000000.0,-503000000.0,-191000000.0,-373000000.0,0.0,441000000.0,441000000.0,441000000.0,0.0,0.0,0.04,298000000.0,610000000.0,5175348000.0,0.149,1.95,13.112,13.098,5697770000.0,0.0,31.96,0.537,0.537,5978888000.0,4793889000.0,10976000000.0,10976000000.0,0.0,,,,,0.0,298000000.0,1.0,657246196.0,657000000,661000000.0,16.706,24725815000.0,0.0,188000000.0,743128000.0,37.634,6210326000.0
59,ADM,MRQ,2006-09-30,2006-09-30,2006-09-30,2021-07-27,299457000.0,21972020000.0,,12379207000.0,9592813000.0,,15.662,-240000000.0,958491000.0,958491000.0,8581000000.0,403000000.0,1.929,1.135,4814927000.0,802251000.0,4012676000.0,4814927000.0,0.0,171000000.0,0.0,0.01,0.1,576000000.0,747000000.0,0.079,747000000.0,576000000.0,576000000.0,0.61,0.61,0.61,10289745000.0,,10289745000.0,28405221354.0,13.0,10.069,-163000000.0,-0.248,1.0,866000000.0,0.092,321649000.0,0.0,19090120000.0,,5003778000.0,4385559000.0,1213600000.0,3171959000.0,11682275000.0,6416687000.0,5265588000.0,24838564354.0,-155000000.0,-20000000.0,0.0,136000000.0,-66000000.0,84000000.0,-316000000.0,-65000000.0,77000000.0,0.0,403000000.0,403000000.0,403000000.0,0.0,0.0,0.043,310000000.0,556000000.0,4115458000.0,0.164,2.414,16.249,16.258,5378873000.0,0.0,37.88,0.664,0.665,4774548000.0,4418366000.0,9447000000.0,9447000000.0,0.0,,,,,0.0,310000000.0,1.0,655717116.0,657000000,661000000.0,14.379,21650371000.0,0.0,173000000.0,745652000.0,32.953,5962520000.0
60,ADM,MRQ,2006-06-30,2006-06-30,2006-06-30,2021-07-27,214000000.0,21269000000.0,,11826000000.0,9443000000.0,,14.931,-216531000.0,1113000000.0,1113000000.0,8718136000.0,410189000.0,1.918,1.169,4680000000.0,630000000.0,4050000000.0,4680000000.0,0.0,166220000.0,0.0,0.009,0.1,581601000.0,747821000.0,0.078,747821000.0,581601000.0,581601000.0,0.63,0.62,0.63,9807000000.0,,9807000000.0,30810232541.0,17.0,12.265,259789000.0,0.396,1.0,829089000.0,0.087,322000000.0,0.0,18349000000.0,,4677000000.0,4317000000.0,1221000000.0,3096000000.0,11462000000.0,6165000000.0,5297000000.0,27015184541.0,195192000.0,-21212000.0,-1926000.0,-55814000.0,-65567000.0,-96435000.0,-184693000.0,41194000.0,476320000.0,0.0,410189000.0,410189000.0,410189000.0,0.0,0.0,0.043,296858000.0,532231000.0,4014000000.0,0.159,2.755,20.591,20.537,5293000000.0,0.0,41.28,0.738,0.738,4471000000.0,4082000000.0,9547225000.0,9547225000.0,0.0,,,,,0.0,296858000.0,1.0,654437610.0,656811000,657593000.0,14.536,20947000000.0,0.0,171412000.0,757000000.0,31.892,5661000000.0
61,ADM,MRQ,2006-03-31,2006-03-31,2006-03-31,2021-07-27,-31554000.0,20546481000.0,,11332370000.0,9214111000.0,,14.03,-185159000.0,918228000.0,918228000.0,8352109000.0,347796000.0,1.84,1.239,4713276000.0,685489000.0,4027787000.0,4713276000.0,0.0,163515000.0,0.0,0.011,0.1,492963000.0,656478000.0,0.072,656478000.0,492963000.0,492963000.0,0.53,0.53,0.53,9175398000.0,,9175398000.0,25790693226.0,17.0,11.786,-29678000.0,-0.045,1.0,770732000.0,0.084,318978000.0,0.0,17863466000.0,,4456077000.0,4235504000.0,1139969000.0,3095535000.0,11371083000.0,6159085000.0,5211998000.0,22000748226.0,94362000.0,-71196000.0,-45000.0,89477000.0,-65412000.0,32002000.0,-93121000.0,176423000.0,155481000.0,0.0,347796000.0,347796000.0,347796000.0,0.0,0.0,0.038,297295000.0,473437000.0,3916285000.0,0.189,2.398,20.057,20.03,5235524000.0,0.0,33.65,0.603,0.603,4486541000.0,3735882000.0,9122841000.0,9122841000.0,0.0,,,,,0.0,297295000.0,1.0,653811240.0,653977000,657095000.0,13.95,20227503000.0,0.0,145167000.0,681671000.0,30.93,5173285000.0
62,ADM,MRQ,2005-12-31,2005-12-31,2005-12-31,2021-07-27,-36387000.0,20098708000.0,,11034045000.0,9064663000.0,,13.571,-152292000.0,823866000.0,823866000.0,8515517000.0,367677000.0,1.845,1.267,4613811000.0,588699000.0,4025112000.0,4613811000.0,0.0,163092000.0,0.0,0.014,0.085,506704000.0,669796000.0,0.072,669796000.0,506704000.0,506704000.0,0.56,0.56,0.56,8865352000.0,,8865352000.0,19673776832.0,14.0,9.318,186877000.0,0.286,1.0,783468000.0,0.084,323845000.0,0.0,17583075000.0,,4363055000.0,4071382000.0,993130000.0,3078252000.0,11233356000.0,5981733000.0,5251623000.0,16107383832.0,-330971000.0,-83724000.0,-11000.0,-103185000.0,-55530000.0,-156405000.0,-513735000.0,-266010000.0,339169000.0,0.0,367677000.0,367677000.0,367677000.0,0.0,0.0,0.04,294392000.0,489076000.0,3947440000.0,0.152,1.817,15.819,15.808,5170551000.0,0.0,24.66,0.45,0.45,4225498000.0,3414407000.0,9298985000.0,9298985000.0,0.0,,,,,0.0,294392000.0,1.0,653178582.0,653267000,655507000.0,14.235,19774863000.0,0.0,139027000.0,679951000.0,30.271,5052312000.0
63,ADM,MRQ,2005-09-30,2005-09-30,2005-09-30,2021-07-27,78287000.0,19852793000.0,,10819070000.0,9033723000.0,,13.269,-154018000.0,1154837000.0,1154837000.0,8044238000.0,186338000.0,1.847,1.295,4721230000.0,649686000.0,4071544000.0,4721230000.0,0.0,164173000.0,0.0,0.013,0.085,273732000.0,437905000.0,0.051,437905000.0,273732000.0,273732000.0,0.29,0.29,0.29,8650448000.0,,8650448000.0,19698456345.0,14.0,9.537,251012000.0,0.385,1.0,582711000.0,0.068,345022000.0,0.0,17216359000.0,,4159299000.0,3919964000.0,891732000.0,3028232000.0,11202345000.0,5857805000.0,5344540000.0,16041990345.0,632417000.0,-73868000.0,-18000.0,552522000.0,-55491000.0,504838000.0,-277451000.0,-55607000.0,405030000.0,0.0,186338000.0,186338000.0,186338000.0,0.0,0.0,0.022,304455000.0,278256000.0,3643017000.0,0.293,1.854,16.64,16.662,5213529000.0,0.0,24.66,0.451,0.452,4309043000.0,3141295000.0,8626949000.0,8626949000.0,0.0,,,,,0.0,304455000.0,1.0,650526778.0,651945000,653805000.0,13.233,19507771000.0,0.0,87394000.0,771190000.0,29.922,4961265000.0
64,ADM,MRQ,2005-06-30,2005-06-30,2005-06-30,2021-07-27,36617000.0,18598105000.0,,9710701000.0,8887404000.0,,12.895,-157849000.0,522420000.0,522420000.0,8898888000.0,195099000.0,1.809,1.205,4178886000.0,648746000.0,3530140000.0,4178886000.0,0.0,157401000.0,0.0,0.015,0.085,266665000.0,424066000.0,0.045,424066000.0,266665000.0,266665000.0,0.3,0.29,0.3,8433472000.0,,8433472000.0,17402280288.0,11.0,7.979,-75601000.0,-0.116,1.0,524004000.0,0.056,325167000.0,0.0,16562540000.0,,3906698000.0,3837454000.0,908001000.0,2929453000.0,10164633000.0,5366864000.0,4797769000.0,14035717288.0,-139676000.0,-1720000.0,-161693000.0,161132000.0,-55033000.0,-25594000.0,-196330000.0,-34194000.0,82248000.0,0.0,195099000.0,195099000.0,195099000.0,0.0,0.0,0.021,279355000.0,244649000.0,3399352000.0,0.283,1.664,13.444,13.363,5184380000.0,0.0,21.38,0.39,0.389,4102263000.0,3011015000.0,9422892000.0,9422892000.0,0.0,,,,,0.0,279355000.0,1.0,656488180.0,654000000,656000000.0,14.408,18272938000.0,0.0,71566000.0,779427000.0,27.94,4343837000.0
65,ADM,MRQ,2005-03-31,2005-03-31,2005-03-31,2021-07-27,201613000.0,18981797000.0,,10044596000.0,8937201000.0,,13.066,-160038000.0,661883000.0,661883000.0,7909315000.0,269095000.0,1.839,1.214,4028446000.0,452969000.0,3575477000.0,4028446000.0,0.0,170513000.0,0.0,0.013,0.085,409036000.0,579549000.0,0.068,579549000.0,409036000.0,409036000.0,0.41,0.41,0.41,8573106000.0,,8573106000.0,20296298167.0,19.0,11.46,540832000.0,0.824,1.0,574856000.0,0.068,344622000.0,0.0,16542860000.0,,3966730000.0,3884701000.0,1001259000.0,2883442000.0,10408691000.0,5460878000.0,4947813000.0,16123342167.0,327564000.0,37223000.0,5781000.0,-468268000.0,-55792000.0,-518279000.0,144973000.0,268039000.0,700870000.0,0.0,269095000.0,269095000.0,269095000.0,0.0,0.0,0.032,280395000.0,294461000.0,3651851000.0,0.207,1.881,21.618,21.561,5248860000.0,0.0,24.58,0.445,0.445,3991153000.0,2878684000.0,8484171000.0,8484171000.0,0.0,,,,,0.0,280395000.0,1.0,655953709.0,656163000,658904000.0,12.93,18637175000.0,0.0,139941000.0,756709000.0,28.403,4583718000.0
66,ADM,MRQ,2004-12-31,2004-12-31,2004-12-31,2021-07-27,391547000.0,19375223000.0,,10083993000.0,9291230000.0,,13.024,-135161000.0,334319000.0,334319000.0,8394818000.0,313509000.0,1.741,1.271,4507275000.0,811843000.0,3695432000.0,4507275000.0,0.0,169639000.0,0.0,0.013,0.075,454362000.0,624001000.0,0.069,624001000.0,454362000.0,454362000.0,0.48,0.48,0.48,8530696000.0,,8530696000.0,18941601307.0,19.0,11.126,208502000.0,0.318,1.0,668708000.0,0.074,343987000.0,0.0,17410581000.0,,4202664000.0,4133498000.0,914316000.0,3219182000.0,10844527000.0,5793611000.0,5050916000.0,14602176307.0,-172905000.0,20168000.0,11583000.0,-384357000.0,-49146000.0,-421920000.0,-94648000.0,19215000.0,343663000.0,0.0,313509000.0,313509000.0,313509000.0,0.0,0.0,0.035,269741000.0,398967000.0,3889939000.0,0.156,1.712,20.756,20.657,5272295000.0,0.0,22.31,0.394,0.395,4199284000.0,2665382000.0,9063526000.0,9063526000.0,0.0,,,,,0.0,269741000.0,1.0,654512609.0,654985000,657120000.0,13.838,19031236000.0,0.0,140853000.0,762515000.0,29.056,4290382000.0
67,ADM,MRQ,2004-09-30,2004-09-30,2004-09-30,2021-07-27,54148000.0,18893383000.0,,9854313000.0,9039070000.0,,12.116,-126952000.0,507224000.0,507224000.0,8308979000.0,266297000.0,1.605,1.391,4846649000.0,1156502000.0,3690147000.0,4846649000.0,0.0,167447000.0,0.0,0.017,0.075,385937000.0,553384000.0,0.062,553384000.0,385937000.0,385937000.0,0.41,0.41,0.41,7903456000.0,,7903456000.0,16183862167.0,18.0,10.287,872267000.0,1.337,1.0,663432000.0,0.074,337921000.0,0.0,16756193000.0,,3734443000.0,3928243000.0,910906000.0,3017337000.0,10989927000.0,6138694000.0,4851233000.0,11052887167.0,-32983000.0,-33671000.0,5329000.0,-833507000.0,-49029000.0,-877207000.0,-154995000.0,-12060000.0,999219000.0,0.0,266297000.0,266297000.0,266297000.0,0.0,0.0,0.03,251509000.0,411923000.0,3590853000.0,0.183,1.398,18.095,18.064,5239996000.0,0.0,16.98,0.297,0.298,4339307000.0,2401019000.0,8972411000.0,8972411000.0,0.0,,,,,0.0,251509000.0,1.0,650935640.0,652325000,653125000.0,13.755,18555462000.0,0.0,119640000.0,609674000.0,28.445,3715619000.0
68,ADM,MRQ,2004-06-30,2004-06-30,2004-06-30,2021-07-27,82955000.0,19368821000.0,,10338996000.0,9029825000.0,,11.886,-135099000.0,540207000.0,540207000.0,9182712000.0,-103061000.0,1.532,1.516,5671182000.0,1931307000.0,3739875000.0,5671182000.0,0.0,172320000.0,0.0,0.016,0.075,-158133000.0,14187000.0,0.001,14187000.0,-158133000.0,-158133000.0,-0.16,-0.16,-0.16,7698216000.0,,7698216000.0,16788731228.0,23.0,11.961,796881000.0,1.23,1.0,503257000.0,0.052,337474000.0,0.0,17412085000.0,,4591648000.0,3865446000.0,871439000.0,2994007000.0,11670605000.0,6750237000.0,4920368000.0,10906619228.0,-264808000.0,-19849000.0,-26051000.0,-1030698000.0,-47494000.0,-1065426000.0,-131362000.0,19566000.0,931980000.0,0.0,-103061000.0,-103061000.0,-103061000.0,0.0,0.0,-0.011,652695000.0,-149438000.0,3238230000.0,-0.469,1.417,22.046,22.079,5254738000.0,0.0,16.78,0.302,0.301,4040759000.0,2183751000.0,9685969000.0,9685969000.0,0.0,,,,,0.0,652695000.0,1.0,649977308.0,647698000,649810000.0,14.954,19031347000.0,0.0,-55072000.0,653834000.0,29.383,3588759000.0
69,ADM,MRQ,2004-03-31,2004-03-31,2004-03-31,2021-07-27,138193000.0,21112047000.0,,12147725000.0,8964322000.0,,12.155,-110248000.0,805015000.0,805015000.0,8722000000.0,226769000.0,1.512,1.678,6687127000.0,2828667000.0,3858460000.0,6687127000.0,0.0,172415000.0,0.0,0.015,0.075,338461000.0,510876000.0,0.055,510876000.0,338461000.0,338461000.0,0.35,0.35,0.35,7883574000.0,,7883574000.0,16392485886.0,16.0,9.675,-532783000.0,-0.821,1.0,587019000.0,0.063,338095000.0,0.0,18620500000.0,,5294399000.0,3824121000.0,881216000.0,2942905000.0,13228473000.0,8035564000.0,5192909000.0,10931639886.0,267890000.0,-33544000.0,15532000.0,692693000.0,-48816000.0,659409000.0,31016000.0,172775000.0,-422535000.0,0.0,226769000.0,226769000.0,226769000.0,0.0,0.0,0.024,251701000.0,335318000.0,3711704000.0,0.214,1.387,15.779,15.766,5245672000.0,0.0,16.87,0.317,0.317,4942555000.0,2334306000.0,9309019000.0,9309019000.0,0.0,,,,,0.0,251701000.0,1.0,647992880.0,648565000,650962000.0,14.353,20773952000.0,0.0,111692000.0,729847000.0,32.031,4112161000.0
70,ADM,MRQ,2003-12-31,2003-12-31,2003-12-31,2021-07-27,62068000.0,19938630000.0,,11027823000.0,8910807000.0,,11.758,-128205000.0,537125000.0,537125000.0,8584210000.0,220821000.0,1.523,1.621,5997971000.0,2132847000.0,3865124000.0,5997971000.0,0.0,174745000.0,0.0,0.016,0.06,320029000.0,494774000.0,0.054,494774000.0,320029000.0,320029000.0,0.34,0.34,0.34,7605882000.0,,7605882000.0,14151308880.0,17.0,9.436,-760452000.0,-1.176,1.0,604294000.0,0.066,342669000.0,0.0,17814499000.0,,5012718000.0,3509822000.0,710827000.0,2798995000.0,12332748000.0,7242308000.0,5090440000.0,9842228880.0,-228857000.0,7985000.0,8503000.0,897589000.0,-38957000.0,867135000.0,-463745000.0,-347615000.0,-632247000.0,0.0,220821000.0,220821000.0,220821000.0,0.0,0.0,0.024,265641000.0,338653000.0,3770907000.0,0.176,1.294,16.887,16.911,5332884000.0,0.0,15.22,0.297,0.297,4379613000.0,2156354000.0,9188504000.0,9188504000.0,0.0,,,,,0.0,265641000.0,1.0,646664184.0,646852000,646852000.0,14.205,19595961000.0,0.0,99208000.0,644025000.0,30.294,3785515000.0
71,ADM,MRQ,2003-09-30,2003-09-30,2003-09-30,2021-07-27,-136047000.0,17686389000.0,,9095264000.0,8591125000.0,,11.187,-78459000.0,765982000.0,765982000.0,7514148000.0,150181000.0,1.659,1.451,5075062000.0,1219756000.0,3855306000.0,5075062000.0,0.0,166133000.0,0.0,0.018,0.06,217654000.0,383787000.0,0.048,383787000.0,217654000.0,217654000.0,0.23,0.23,0.23,7217029000.0,,7217029000.0,12871103549.0,19.0,9.496,77682000.0,0.12,1.0,453754000.0,0.057,338427000.0,0.0,16175786000.0,,3761037000.0,3075453000.0,599009000.0,2476444000.0,10469360000.0,5481256000.0,4988104000.0,8453404549.0,1023000.0,-37820000.0,-2097000.0,-103835000.0,-38842000.0,-144774000.0,-10344000.0,83980000.0,156141000.0,0.0,150181000.0,150181000.0,150181000.0,0.0,0.0,0.019,231796000.0,221958000.0,3095923000.0,0.261,1.171,17.138,17.25,5343025000.0,0.0,13.11,0.266,0.267,3672691000.0,1974489000.0,7967902000.0,7967902000.0,0.0,,,,,0.0,231796000.0,1.0,644805839.0,645132000,645132000.0,12.351,17347962000.0,0.0,67473000.0,587554000.0,26.891,3614008000.0
72,ADM,MRQ,2003-06-30,2003-06-30,2003-06-30,2021-07-27,-166958000.0,17182879000.0,,8421857000.0,8761022000.0,,10.942,-99636000.0,764959000.0,764959000.0,7646306000.0,95020000.0,1.636,1.431,5182658000.0,1310371000.0,3872287000.0,5182658000.0,0.0,172018000.0,0.0,0.019,0.06,132896000.0,304914000.0,0.038,304914000.0,132896000.0,132896000.0,0.15,0.15,0.15,7069197000.0,,7069197000.0,12813264562.0,20.0,10.053,624857000.0,0.967,1.0,401920000.0,0.05,344720000.0,0.0,16108386000.0,,3550225000.0,3126138000.0,544669000.0,2581469000.0,10113682000.0,5147472000.0,4966210000.0,8293837562.0,-48426000.0,-72223000.0,-2461000.0,-609863000.0,-38809000.0,-652250000.0,-120669000.0,49650000.0,724493000.0,0.0,95020000.0,95020000.0,95020000.0,0.0,0.0,0.012,254127000.0,147793000.0,2848926000.0,0.4,1.173,18.384,18.386,5468716000.0,0.0,12.87,0.27,0.271,3320336000.0,1863150000.0,8048226000.0,8048226000.0,0.0,,,,,0.0,254127000.0,1.0,644431823.0,646086000,646863000.0,12.457,16838159000.0,0.0,37876000.0,543555000.0,26.062,3274385000.0
73,ADM,MRQ,2003-03-31,2003-03-31,2003-03-31,2021-07-27,-319779000.0,17554765000.0,,9034964000.0,8519801000.0,,10.623,-99247000.0,1250614000.0,1250614000.0,7494182000.0,116805000.0,1.514,1.56,5770041000.0,1900848000.0,3869193000.0,5770041000.0,0.0,162573000.0,0.0,0.021,0.06,153731000.0,316304000.0,0.04,316304000.0,153731000.0,153731000.0,0.18,0.18,0.18,6856740000.0,,6856740000.0,11726584470.0,19.0,9.514,439713000.0,0.681,1.0,414348000.0,0.052,315329000.0,0.0,15792401000.0,,3946782000.0,2543263000.0,141193000.0,2402070000.0,10698025000.0,5966462000.0,4731563000.0,6972766470.0,184030000.0,-91528000.0,-15538000.0,-59395000.0,-38881000.0,-113539000.0,-241391000.0,-57973000.0,538960000.0,0.0,116805000.0,116805000.0,116805000.0,0.0,0.0,0.015,231225000.0,183123000.0,2869420000.0,0.333,1.017,14.887,15.0,5425935000.0,0.0,10.8,0.237,0.237,3273024000.0,1806939000.0,7908530000.0,7908530000.0,0.0,,,,,0.0,231225000.0,1.0,645626525.0,645445000,645445000.0,12.253,17239436000.0,0.0,36926000.0,639132000.0,26.709,3068502000.0
74,ADM,MRQ,2002-12-31,2002-12-31,2002-12-31,2021-07-27,-264614000.0,17869478000.0,,9332880000.0,8536598000.0,,10.591,-96356000.0,1063324000.0,1063324000.0,7316495000.0,131245000.0,1.474,1.611,5817142000.0,1968456000.0,3848686000.0,5817142000.0,0.0,161629000.0,0.0,0.018,0.06,188842000.0,350471000.0,0.045,350471000.0,188842000.0,188842000.0,0.2,0.2,0.2,6843427000.0,,6843427000.0,12215581730.0,19.0,9.908,-362305000.0,-0.561,1.0,490887000.0,0.063,301118000.0,0.0,15989695000.0,,4239958000.0,2595770000.0,165328000.0,2430442000.0,11026051000.0,6332483000.0,4693568000.0,8019615730.0,-21217000.0,-42151000.0,-27061000.0,496772000.0,-38851000.0,431702000.0,-186970000.0,-33370000.0,-265949000.0,0.0,131245000.0,131245000.0,131245000.0,0.0,0.0,0.017,246197000.0,244690000.0,3231588000.0,0.3,1.172,17.108,17.222,5402389000.0,0.0,12.4,0.3,0.3,3542237000.0,1729015000.0,7807382000.0,7807382000.0,0.0,,,,,0.0,246197000.0,1.0,646743204.0,646178000,646178000.0,12.082,17568360000.0,0.0,57597000.0,633981000.0,27.188,3000397000.0
75,ADM,MRQ,2002-09-30,2002-09-30,2002-09-30,2021-07-27,-300891000.0,16888579000.0,,8349620000.0,8538959000.0,,10.392,-100652000.0,1101687000.0,1101687000.0,6523912000.0,108075000.0,1.391,1.508,5297653000.0,1942265000.0,3355388000.0,5297653000.0,0.0,147395000.0,0.0,0.017,0.06,155504000.0,302899000.0,0.044,302899000.0,155504000.0,155504000.0,0.17,0.17,0.17,6734810000.0,,6734810000.0,11639466548.0,17.0,9.315,-28980000.0,-0.045,1.0,419983000.0,0.06,307749000.0,0.0,14773284000.0,,3577055000.0,2513477000.0,121517000.0,2391960000.0,10153769000.0,6003512000.0,4150257000.0,8099096548.0,124457000.0,-411051000.0,-54181000.0,656058000.0,-39024000.0,562853000.0,-510068000.0,-15819000.0,71672000.0,0.0,108075000.0,108075000.0,108075000.0,0.0,0.0,0.016,216145000.0,203838000.0,2839394000.0,0.353,1.203,16.612,16.68,5431791000.0,0.0,12.51,0.333,0.333,3225883000.0,1636620000.0,6943895000.0,6943895000.0,0.0,,,,,0.0,216145000.0,1.0,647409796.0,648066000,648066000.0,10.715,16580830000.0,0.0,47429000.0,589723000.0,25.585,2346108000.0
76,ADM,MRQ,2002-06-30,2002-06-30,2002-06-30,2021-07-27,-248900000.0,15379335000.0,,7326545000.0,8052790000.0,,10.282,-102318000.0,526115000.0,526115000.0,6374622000.0,112266000.0,1.608,1.277,4384557000.0,1273263000.0,3111294000.0,4384557000.0,0.0,143747000.0,0.0,0.016,0.05,119196000.0,262943000.0,0.039,262943000.0,119196000.0,119196000.0,0.17,0.17,0.17,6754821000.0,,6754821000.0,11924071085.0,17.0,9.276,1396000.0,0.002,1.0,380428000.0,0.056,223598000.0,0.0,14458154000.0,,3255412000.0,2935119000.0,404674000.0,2530445000.0,8624514000.0,4556025000.0,4068489000.0,8333165085.0,-298331000.0,-12608000.0,-18905000.0,-159363000.0,-32662000.0,-210930000.0,-191115000.0,-63153000.0,103714000.0,0.0,112266000.0,112266000.0,112266000.0,0.0,0.0,0.017,233200000.0,147228000.0,2330992000.0,0.294,1.234,16.305,16.397,4890241000.0,0.0,12.79,0.369,0.372,2846425000.0,1567570000.0,6755050000.0,6755050000.0,0.0,,,,,0.0,233200000.0,1.0,651537536.0,656955000,656955000.0,10.282,15155737000.0,0.0,6930000.0,594985000.0,23.07,2770520000.0
77,ADM,MRQ,2002-03-31,2002-03-31,2002-03-31,2021-07-27,-447894000.0,15318181000.0,,7358945000.0,7959236000.0,,9.936,-72139000.0,911375000.0,911375000.0,4798922000.0,117184000.0,1.586,1.359,4502281000.0,1132803000.0,3369478000.0,4502281000.0,0.0,140393000.0,0.0,0.014,0.05,176218000.0,316611000.0,0.061,316611000.0,176218000.0,176218000.0,0.18,0.18,0.18,6494241000.0,,6494241000.0,12775578295.0,19.0,10.26,263495000.0,0.403,1.0,390243000.0,0.075,0.0,0.0,14270338000.0,,3390009000.0,2651852000.0,118442000.0,2533410000.0,8823940000.0,4638749000.0,4185191000.0,9118174295.0,32862000.0,45766000.0,-27455000.0,-244218000.0,-32711000.0,-304384000.0,1612000.0,31415000.0,335634000.0,0.0,117184000.0,117184000.0,117184000.0,0.0,0.0,0.023,199713000.0,190530000.0,2422457000.0,0.278,1.404,20.043,20.188,4914423000.0,0.0,13.93,0.442,0.441,2630052000.0,1487966000.0,5189165000.0,5189165000.0,0.0,,,,,0.0,199713000.0,1.0,654571019.0,653586000,653586000.0,7.94,15318181000.0,0.0,59034000.0,618707000.0,23.437,2720196000.0
78,ADM,MRQ,2001-12-31,2001-12-31,2001-12-31,2021-07-27,-441083000.0,15194587000.0,,7078735000.0,8115852000.0,,9.785,-106818000.0,878513000.0,878513000.0,4956708000.0,150025000.0,1.539,1.352,4535917000.0,1176350000.0,3359567000.0,4535917000.0,0.0,141524000.0,0.0,0.014,0.05,225601000.0,367125000.0,0.067,367125000.0,225601000.0,225601000.0,0.23,0.23,0.23,6460766000.0,,6460766000.0,13399294172.0,21.0,11.106,548290000.0,0.83,1.0,507288000.0,0.093,0.0,0.0,14252259000.0,,3272616000.0,2796238000.0,148581000.0,2647657000.0,8733821000.0,4599732000.0,4134089000.0,9489690172.0,350600000.0,-12001000.0,-118690000.0,84534000.0,-33075000.0,-67231000.0,-237277000.0,-121041000.0,655108000.0,0.0,150025000.0,150025000.0,150025000.0,0.0,0.0,0.027,209746000.0,297542000.0,2450883000.0,0.217,1.469,22.023,22.077,4955715000.0,0.0,14.35,0.461,0.461,2489286000.0,1403493000.0,5463996000.0,5463996000.0,0.0,,,,,0.0,209746000.0,1.0,661302451.0,660285000,660285000.0,8.275,15194587000.0,0.0,75576000.0,620011000.0,23.012,2479003000.0
79,ADM,MRQ,2001-09-30,2001-09-30,2001-09-30,2021-07-27,-455574000.0,14591696000.0,,6567506000.0,8024190000.0,,9.714,-65146000.0,527913000.0,527913000.0,4798186000.0,131618000.0,1.635,1.267,4437517000.0,1054916000.0,3382601000.0,4437517000.0,0.0,140912000.0,0.0,0.016,0.05,197922000.0,338834000.0,0.065,338834000.0,197922000.0,197922000.0,0.2,0.2,0.2,6436349000.0,,6436349000.0,11880551205.0,20.0,10.159,143550000.0,0.217,1.0,405497000.0,0.078,0.0,0.0,14484641000.0,,2850640000.0,2627960000.0,148878000.0,2479082000.0,8155347000.0,4016659000.0,4138688000.0,7947723205.0,-148173000.0,-58206000.0,-10817000.0,-307557000.0,-31552000.0,-349926000.0,-6943000.0,113634000.0,208696000.0,0.0,131618000.0,131618000.0,131618000.0,0.0,0.0,0.025,184263000.0,221234000.0,2014878000.0,0.25,1.235,19.601,20.639,5001460000.0,0.0,12.59,0.396,0.416,2750636000.0,1286543000.0,5203683000.0,5203683000.0,0.0,,,,,0.0,184263000.0,1.0,631272693.0,662613000,662613000.0,7.853,14591696000.0,0.0,66304000.0,603135000.0,22.021,2550847000.0
80,ADM,MRQ,2001-06-30,2001-06-30,2001-06-30,2021-07-27,-464415000.0,14339931000.0,,6150301000.0,8189630000.0,,9.528,-60027000.0,676086000.0,676086000.0,4415152000.0,56099000.0,1.59,1.265,4608914000.0,1257847000.0,3351067000.0,4608914000.0,0.0,139521000.0,0.0,0.015,0.05,83109000.0,222630000.0,0.047,222630000.0,83109000.0,83109000.0,0.08,0.08,0.08,6331683000.0,,6331683000.0,12384513752.0,24.0,11.317,411870000.0,0.62,1.0,361930000.0,0.076,0.0,0.0,14405778000.0,,2631885000.0,2892523000.0,141672000.0,2750851000.0,8008248000.0,3866981000.0,4141267000.0,8248382752.0,109604000.0,-124612000.0,-45430000.0,-117088000.0,-31571000.0,-194089000.0,-168204000.0,23391000.0,471897000.0,0.0,56099000.0,56099000.0,56099000.0,0.0,0.0,0.012,187492000.0,174438000.0,1794684000.0,0.625,1.303,21.52,22.5,4920425000.0,0.0,13.05,0.423,0.445,2416432000.0,1187357000.0,4777082000.0,4777082000.0,0.0,,,,,0.0,187492000.0,1.0,632059981.0,664507000,664507000.0,7.189,14339931000.0,0.0,27010000.0,644295000.0,21.58,2283320000.0
81,ADM,MRQ,2001-03-31,2001-03-31,2001-03-31,2021-07-27,-583742000.0,14154984000.0,,6041690000.0,8113294000.0,,9.356,-65597000.0,580583000.0,580583000.0,4760694000.0,93149000.0,1.728,1.273,4716714000.0,1006374000.0,3710340000.0,4716714000.0,0.0,139897000.0,0.0,0.015,0.05,137998000.0,277895000.0,0.054,277895000.0,137998000.0,137998000.0,0.14,0.14,0.14,6226495000.0,,6226495000.0,12593578386.0,,,51051000.0,0.077,1.0,369652000.0,0.072,0.0,0.0,14794704000.0,,2693089000.0,2867540000.0,277210000.0,2590330000.0,7928489000.0,3496411000.0,4432078000.0,8333630386.0,38857000.0,-32154000.0,0.0,-85011000.0,-31687000.0,-116698000.0,38907000.0,143746000.0,116648000.0,0.0,93149000.0,93149000.0,93149000.0,0.0,0.0,0.018,186771000.0,182881000.0,1706658000.0,0.357,1.338,,,5010612000.0,0.0,13.15,,,2155583000.0,1558752000.0,5130346000.0,5130346000.0,0.0,,,,,0.0,186771000.0,1.0,633736151.0,665541000,665541000.0,7.709,14154984000.0,0.0,44849000.0,577079000.0,21.268,2545279000.0
82,ADM,MRQ,2000-12-31,2000-12-31,2000-12-31,2021-07-27,-352785000.0,15097847000.0,,6734174000.0,8363673000.0,,9.608,-70804000.0,541726000.0,541726000.0,4524691000.0,124607000.0,1.468,1.363,4801674000.0,1486745000.0,3314929000.0,4801674000.0,0.0,145541000.0,0.0,0.013,0.05,184603000.0,330144000.0,0.067,330144000.0,184603000.0,184603000.0,0.19,0.19,0.19,6389914000.0,,6389914000.0,,,,-42527000.0,-0.064,1.0,416308000.0,0.084,0.0,0.0,14769661000.0,,3161642000.0,3123453000.0,399479000.0,2723974000.0,8707933000.0,4588134000.0,4119799000.0,9506042265.0,,-75971000.0,,,,,-147645000.0,16465000.0,28277000.0,,124607000.0,124607000.0,124607000.0,0.0,0.0,0.025,187443000.0,228865000.0,2366056000.0,0.263,1.488,,,5124389000.0,0.0,15.0,,,2327140000.0,1497290000.0,4940999000.0,4940999000.0,0.0,,,,,0.0,187443000.0,1.0,633736151.0,665072000,665072000.0,7.429,15097847000.0,0.0,59996000.0,657864000.0,22.701,2146040000.0
83,ADM,MRQ,2000-09-30,2000-09-30,2000-09-30,2021-07-27,,,,,,,,-76740000.0,,,4350876000.0,109429000.0,,,,,,,,147431000.0,,0.022,0.05,116189000.0,263620000.0,0.057,263620000.0,116189000.0,116189000.0,0.17,0.17,0.17,,,,,,,309595000.0,0.466,1.0,283908000.0,0.061,,0.0,,,,,,,,,,,,-39637000.0,,,,,-38341000.0,77579000.0,386335000.0,,109429000.0,109429000.0,109429000.0,0.0,0.0,0.024,169323000.0,114585000.0,,0.294,,,,,0.0,8.625,,,,,4634784000.0,4634784000.0,0.0,,,,,0.0,169323000.0,1.0,,664211000,664211000.0,6.978,,,6760000.0,,,
84,ADM,MRQ,2000-06-30,2000-06-30,2000-06-30,2021-07-27,-447677000.0,14471936000.0,,6211203000.0,8260733000.0,,9.13,-215596000.0,477226000.0,477226000.0,,,1.418,1.368,4859684000.0,1582466000.0,3277218000.0,4859684000.0,0.0,171360000.0,0.0,0.018,0.045,,,,,,,,,,6110243000.0,,6110243000.0,,,,86267000.0,0.129,1.0,,,0.0,,14472613000.0,,2822712000.0,2948489000.0,454223000.0,2494266000.0,8361693000.0,4381781000.0,3979912000.0,,-307509000.0,-244732000.0,-193409000.0,541058000.0,-26214000.0,321435000.0,-930807000.0,-425967000.0,301863000.0,0.0,,,,,,,,,2188580000.0,,,,21.807,5277081000.0,,9.813,,0.353,2222904000.0,1325323000.0,,,,,,,,0.0,,1.0,,669279000,,,14471936000.0,0.0,,560772000.0,21.623,1829422000.0
85,ADM,MRQ,2000-03-31,2000-03-31,2000-03-31,2021-07-27,,,,,,,,41914000.0,,,4138787000.0,103029000.0,,,,,,,,130192000.0,,0.017,0.045,154931000.0,285123000.0,0.064,285123000.0,154931000.0,154931000.0,0.16,0.16,0.16,,,,,,,159823000.0,0.251,1.0,334976000.0,0.075,,0.0,,,,,,,,,,,213174000.0,100891000.0,107409000.0,-607564000.0,-33852000.0,-534007000.0,629272000.0,436467000.0,117909000.0,0.0,103029000.0,103029000.0,103029000.0,0.0,0.0,0.023,184850000.0,150126000.0,,0.281,,,,,0.0,10.31,,,,,4473763000.0,4473763000.0,0.0,,,,,0.0,184850000.0,1.0,,636304000,636304000.0,7.031,,,51902000.0,,,
86,ADM,MRQ,1999-12-31,1999-12-31,1999-12-31,2021-07-27,,,,,,,,,,,4209148000.0,101920000.0,,,,,,,,,,0.014,0.045,153263000.0,,,,153263000.0,153263000.0,0.16,0.16,0.16,,,,,,,,,1.0,406273000.0,0.088,,0.0,,,,,,,,,,,,,,,,,,,,,101920000.0,101920000.0,101920000.0,0.0,0.0,0.022,199476000.0,206797000.0,,0.281,,,,,0.0,12.07,,,,,4615421000.0,4615421000.0,0.0,,,,,,199476000.0,1.0,,639210000,639210000.0,7.221,,,51343000.0,,,
0,ADM,MRT,2021-06-30,2021-06-30,2021-06-30,2021-07-27,-2121000000.0,50958000000.0,49237500000.0,28504000000.0,22454000000.0,1.522,38.303,-890000000.0,869000000.0,869000000.0,69518000000.0,2324000000.0,1.648,1.359,10789000000.0,1557000000.0,9232000000.0,10789000000.0,0.0,979000000.0,0.0,0.024,1.46,2890000000.0,3869000000.0,0.052,3869000000.0,2890000000.0,2594000000.0,4.11,4.1,4.11,21603000000.0,20456750000.0,21603000000.0,45455347866.0,16.0,11.749,167000000.0,0.296,1.0,5405000000.0,0.072,5266000000.0,296000000.0,38316000000.0,36735000000.0,11446000000.0,12227000000.0,7114000000.0,5113000000.0,29355000000.0,17296000000.0,12059000000.0,33857347866.0,2184000000.0,675000000.0,-21000000.0,47000000.0,-821000000.0,-771000000.0,1898000000.0,2154000000.0,1057000000.0,0.0,2313000000.0,2313000000.0,2313000000.0,0.0,11000000.0,0.031,2978000000.0,2427000000.0,11260000000.0,0.355,1.567,14.638,14.745,10916000000.0,0.0,60.6,0.452,0.456,3478000000.0,20762000000.0,74923000000.0,74923000000.0,0.0,0.047,0.113,0.079,0.039,190000000.0,2873000000.0,1.0,558702110.0,564000000,566000000.0,132.842,45692000000.0,0.0,281000000.0,1371000000.0,81.014,11208000000.0
1,ADM,MRT,2021-03-31,2021-03-31,2021-03-31,2021-07-27,-2278000000.0,51478000000.0,47583250000.0,29284000000.0,22194000000.0,1.435,37.053,-803000000.0,694000000.0,694000000.0,63228000000.0,2084000000.0,1.582,1.468,12292000000.0,3025000000.0,9267000000.0,12292000000.0,0.0,980000000.0,0.0,0.025,1.45,2661000000.0,3641000000.0,0.053,3641000000.0,2661000000.0,2318000000.0,3.69,3.68,3.69,20861000000.0,19883750000.0,20861000000.0,42216602218.0,16.0,11.595,-2236000000.0,-3.972,1.0,5050000000.0,0.074,5249000000.0,343000000.0,39315000000.0,35728500000.0,12764000000.0,11401000000.0,6403000000.0,4998000000.0,30617000000.0,18512000000.0,12105000000.0,31829602218.0,-1678000000.0,727000000.0,-21000000.0,-1854000000.0,-814000000.0,-2688000000.0,2443000000.0,2558000000.0,-1433000000.0,0.0,2070000000.0,2070000000.0,2070000000.0,0.0,14000000.0,0.03,2870000000.0,2180000000.0,11039000000.0,0.393,1.526,15.377,15.447,10870000000.0,0.0,57.0,0.466,0.47,3269000000.0,20261000000.0,68278000000.0,68278000000.0,0.0,0.044,0.104,0.074,0.039,176000000.0,2772000000.0,1.0,558414074.0,563000000,564000000.0,121.275,46229000000.0,0.0,248000000.0,1385000000.0,82.112,10772000000.0
2,ADM,MRT,2020-12-31,2020-12-31,2020-12-31,2021-07-27,-2604000000.0,49719000000.0,46812500000.0,27286000000.0,22433000000.0,1.375,35.69,-823000000.0,666000000.0,666000000.0,59902000000.0,1782000000.0,1.501,1.483,11053000000.0,2305000000.0,8748000000.0,11053000000.0,0.0,976000000.0,0.0,0.029,1.44,2212000000.0,3188000000.0,0.05,3188000000.0,2212000000.0,1873000000.0,3.16,3.15,3.16,20022000000.0,19412500000.0,20022000000.0,35232571960.0,16.0,11.052,-3209000000.0,-5.72,1.0,4453000000.0,0.069,5413000000.0,339000000.0,36511000000.0,34313000000.0,11713000000.0,10803000000.0,5890000000.0,4913000000.0,29697000000.0,18182000000.0,11515000000.0,28047571960.0,1656000000.0,708000000.0,-133000000.0,492000000.0,-809000000.0,-423000000.0,4465000000.0,4607000000.0,-2386000000.0,0.0,1772000000.0,1772000000.0,1772000000.0,0.0,10000000.0,0.028,2767000000.0,1686000000.0,10934000000.0,0.456,1.401,15.828,15.953,11053000000.0,0.0,50.41,0.436,0.439,2793000000.0,19780000000.0,64355000000.0,64355000000.0,0.0,0.038,0.091,0.064,0.034,151000000.0,2687000000.0,1.0,556389049.0,561000000,563000000.0,114.715,44306000000.0,0.0,101000000.0,1302000000.0,78.977,9104000000.0
3,ADM,MRT,2020-09-30,2020-09-30,2020-09-30,2021-07-27,-2749000000.0,44795000000.0,45382000000.0,22766000000.0,22029000000.0,1.382,34.476,-820000000.0,948000000.0,948000000.0,58436000000.0,1588000000.0,1.637,1.316,8133000000.0,211000000.0,7922000000.0,8133000000.0,0.0,978000000.0,0.0,0.031,1.43,1989000000.0,2967000000.0,0.047,2967000000.0,1989000000.0,1624000000.0,2.83,2.82,2.83,19341000000.0,19213250000.0,19341000000.0,33802023870.0,17.0,11.393,-4149000000.0,-7.396,1.0,4270000000.0,0.068,5275000000.0,365000000.0,32798000000.0,33638250000.0,8762000000.0,10255000000.0,5484000000.0,4771000000.0,25454000000.0,13907000000.0,11547000000.0,25832023870.0,1234000000.0,949000000.0,-117000000.0,-1282000000.0,-804000000.0,-2173000000.0,6736000000.0,6605000000.0,-3329000000.0,0.0,1589000000.0,1589000000.0,1589000000.0,0.0,-1000000.0,0.025,2756000000.0,1514000000.0,9416000000.0,0.505,1.336,16.257,16.428,9816000000.0,0.0,46.49,0.412,0.416,2616000000.0,19311000000.0,62706000000.0,62706000000.0,0.0,0.035,0.083,0.059,0.032,137000000.0,2592000000.0,1.0,555646889.0,561000000,562000000.0,111.775,39520000000.0,0.0,35000000.0,1344000000.0,70.446,8859000000.0
4,ADM,MRT,2020-06-30,2020-06-30,2020-06-30,2021-07-27,-2705000000.0,44341000000.0,44634250000.0,22011000000.0,22330000000.0,1.441,34.422,-805000000.0,1203000000.0,1203000000.0,60000000000.0,1770000000.0,1.718,1.296,9173000000.0,541000000.0,8632000000.0,9173000000.0,0.0,989000000.0,0.0,0.036,1.42,2289000000.0,3278000000.0,0.051,3278000000.0,2289000000.0,1927000000.0,3.15,3.14,3.15,19311000000.0,19101750000.0,19311000000.0,29933298779.0,13.0,9.132,-3980000000.0,-7.094,1.0,4306000000.0,0.067,5212000000.0,362000000.0,34290000000.0,33523500000.0,7626000000.0,10284000000.0,5045000000.0,5239000000.0,25030000000.0,12809000000.0,12221000000.0,22164298779.0,1750000000.0,348000000.0,-168000000.0,-217000000.0,-799000000.0,-1161000000.0,6086000000.0,6533000000.0,-3175000000.0,0.0,1771000000.0,1771000000.0,1771000000.0,0.0,-1000000.0,0.028,2747000000.0,1559000000.0,8737000000.0,0.451,1.148,12.515,12.667,9833000000.0,0.0,39.9,0.345,0.348,2583000000.0,19293000000.0,64306000000.0,64306000000.0,0.0,0.04,0.093,0.068,0.036,119000000.0,2534000000.0,1.0,555496210.0,561000000,562000000.0,114.627,39129000000.0,0.0,156000000.0,1347000000.0,69.749,9202000000.0
5,ADM,MRT,2020-03-31,2020-03-31,2020-03-31,2021-07-27,-2764000000.0,48395000000.0,44203000000.0,26146000000.0,22249000000.0,1.455,33.705,-824000000.0,4734000000.0,4734000000.0,60152000000.0,1536000000.0,1.51,1.55,12503000000.0,3890000000.0,8613000000.0,12503000000.0,0.0,993000000.0,0.0,0.04,1.41,2033000000.0,3026000000.0,0.047,3026000000.0,2033000000.0,1649000000.0,2.73,2.72,2.73,18976000000.0,19018750000.0,18976000000.0,27655482039.0,14.0,9.139,-4896000000.0,-8.696,1.0,4170000000.0,0.065,5194000000.0,384000000.0,33653000000.0,33209000000.0,8830000000.0,10241000000.0,5098000000.0,5143000000.0,29419000000.0,17317000000.0,12102000000.0,19626482039.0,4928000000.0,197000000.0,-262000000.0,2664000000.0,-794000000.0,1617000000.0,7383000000.0,7980000000.0,-4072000000.0,0.0,1537000000.0,1537000000.0,1537000000.0,0.0,-1000000.0,0.024,2831000000.0,1339000000.0,9218000000.0,0.516,1.034,12.769,12.886,9883000000.0,0.0,35.18,0.305,0.308,2437000000.0,19026000000.0,64322000000.0,64322000000.0,0.0,0.035,0.081,0.061,0.032,97000000.0,2498000000.0,1.0,557887494.0,563000000,564000000.0,114.249,43201000000.0,0.0,112000000.0,1347000000.0,76.734,8829000000.0
6,ADM,MRT,2019-12-31,2019-12-31,2019-12-31,2021-07-27,-2405000000.0,43997000000.0,42892000000.0,21347000000.0,22650000000.0,1.507,34.147,-828000000.0,852000000.0,852000000.0,60509000000.0,1379000000.0,1.554,1.289,9877000000.0,1424000000.0,8453000000.0,9877000000.0,0.0,993000000.0,0.0,0.03,1.4,1990000000.0,2983000000.0,0.046,2983000000.0,1990000000.0,1588000000.0,2.45,2.44,2.45,19225000000.0,19002250000.0,19225000000.0,33758410700.0,17.0,11.317,-6280000000.0,-11.155,1.0,4147000000.0,0.064,5476000000.0,402000000.0,33812000000.0,33118000000.0,9170000000.0,9590000000.0,4458000000.0,5132000000.0,24772000000.0,13734000000.0,11038000000.0,25802410700.0,-853000000.0,-1666000000.0,-150000000.0,301000000.0,-789000000.0,-660000000.0,5259000000.0,7758000000.0,-5452000000.0,0.0,1379000000.0,1379000000.0,1379000000.0,0.0,0.0,0.021,2796000000.0,1351000000.0,8768000000.0,0.571,1.342,18.711,18.918,11077000000.0,0.0,46.35,0.399,0.404,2267000000.0,18958000000.0,64656000000.0,64656000000.0,0.0,0.032,0.073,0.06,0.031,89000000.0,2493000000.0,1.0,556686315.0,563000000,565000000.0,114.842,38521000000.0,0.0,209000000.0,1194000000.0,68.421,7613000000.0
7,ADM,MRT,2019-09-30,2019-09-30,2019-09-30,2021-07-27,-2395000000.0,41804000000.0,42101000000.0,19178000000.0,22626000000.0,1.527,33.621,-853000000.0,932000000.0,932000000.0,60243000000.0,1197000000.0,1.596,1.212,8888000000.0,1257000000.0,7631000000.0,8888000000.0,0.0,977000000.0,0.0,0.034,1.385,1801000000.0,2778000000.0,0.043,2778000000.0,1801000000.0,1397000000.0,2.11,2.1,2.11,18895000000.0,18945000000.0,18895000000.0,31437924603.0,17.0,11.317,-5596000000.0,-9.957,1.0,4031000000.0,0.063,5401000000.0,404000000.0,32339000000.0,32516750000.0,8075000000.0,9824000000.0,4415000000.0,5409000000.0,22909000000.0,12020000000.0,10889000000.0,22874924603.0,376000000.0,-2071000000.0,-227000000.0,905000000.0,-782000000.0,-139000000.0,5258000000.0,8193000000.0,-4743000000.0,0.0,1190000000.0,1190000000.0,1190000000.0,0.0,7000000.0,0.019,2727000000.0,1304000000.0,7836000000.0,0.656,1.211,19.223,19.464,10101000000.0,0.0,41.07,0.356,0.359,2241000000.0,18651000000.0,64274000000.0,64274000000.0,0.0,0.028,0.063,0.055,0.028,87000000.0,2397000000.0,1.0,556974059.0,562000000,563000000.0,114.367,36403000000.0,0.0,207000000.0,1302000000.0,64.774,7158000000.0
8,ADM,MRT,2019-06-30,2019-06-30,2019-06-30,2021-07-27,-2130000000.0,42616000000.0,41566000000.0,19548000000.0,23068000000.0,1.524,33.591,-846000000.0,849000000.0,849000000.0,59337000000.0,1325000000.0,1.551,1.245,9412000000.0,1711000000.0,7701000000.0,9412000000.0,0.0,960000000.0,0.0,0.034,1.37,1921000000.0,2881000000.0,0.045,2881000000.0,1921000000.0,1527000000.0,2.34,2.32,2.34,18979000000.0,18971250000.0,18979000000.0,31812739997.0,17.0,11.042,-5164000000.0,-9.14,1.0,4011000000.0,0.063,5545000000.0,394000000.0,33032000000.0,32154000000.0,8294000000.0,9842000000.0,4385000000.0,5457000000.0,23637000000.0,12602000000.0,11035000000.0,22854739997.0,698000000.0,-2255000000.0,-171000000.0,1603000000.0,-774000000.0,636000000.0,4380000000.0,7503000000.0,-4318000000.0,0.0,1319000000.0,1319000000.0,1319000000.0,0.0,6000000.0,0.021,2631000000.0,1380000000.0,7763000000.0,0.585,1.204,17.327,17.436,10245000000.0,0.0,40.8,0.361,0.364,2433000000.0,18497000000.0,63348000000.0,63348000000.0,0.0,0.032,0.07,0.06,0.03,91000000.0,2353000000.0,1.0,560165196.0,565000000,566000000.0,112.12,37071000000.0,0.0,208000000.0,1305000000.0,65.612,6946000000.0
9,ADM,MRT,2019-03-31,2019-03-31,2019-03-31,2021-07-27,-2242000000.0,43151000000.0,40600750000.0,20262000000.0,22889000000.0,1.579,33.469,-844000000.0,926000000.0,926000000.0,59899000000.0,1653000000.0,1.517,1.282,9884000000.0,2209000000.0,7675000000.0,9884000000.0,0.0,951000000.0,0.0,0.031,1.355,2282000000.0,3233000000.0,0.05,3233000000.0,2282000000.0,1908000000.0,2.92,2.9,2.92,18910000000.0,18904500000.0,18910000000.0,30547629728.0,13.0,9.449,-4089000000.0,-7.237,1.0,4220000000.0,0.066,5459000000.0,374000000.0,33289000000.0,31389750000.0,8946000000.0,9604000000.0,4250000000.0,5354000000.0,24241000000.0,13361000000.0,10880000000.0,24156629728.0,861000000.0,-2311000000.0,-77000000.0,821000000.0,-766000000.0,-25000000.0,4131000000.0,7321000000.0,-3245000000.0,0.0,1650000000.0,1650000000.0,1650000000.0,0.0,3000000.0,0.026,2477000000.0,1743000000.0,8154000000.0,0.464,1.277,14.64,14.771,10299000000.0,0.0,43.13,0.377,0.38,2515000000.0,18553000000.0,64119000000.0,64119000000.0,0.0,0.041,0.087,0.073,0.036,123000000.0,2311000000.0,1.0,560088795.0,565000000,566000000.0,113.485,37692000000.0,0.0,258000000.0,1250000000.0,66.712,6901000000.0
10,ADM,MRT,2018-12-31,2018-12-31,2018-12-31,2021-07-27,-2106000000.0,40833000000.0,40088000000.0,20588000000.0,20245000000.0,1.605,33.681,-842000000.0,1997000000.0,1997000000.0,60160000000.0,1815000000.0,1.748,1.15,8388000000.0,690000000.0,7698000000.0,8388000000.0,0.0,941000000.0,0.0,0.033,1.34,2419000000.0,3360000000.0,0.052,3360000000.0,2419000000.0,2055000000.0,3.21,3.19,3.21,18996000000.0,18861250000.0,18996000000.0,29906600044.0,12.0,8.901,-5626000000.0,-9.975,1.0,4181000000.0,0.065,4041000000.0,364000000.0,31407000000.0,31079500000.0,8813000000.0,9823000000.0,4506000000.0,5317000000.0,21837000000.0,11776000000.0,10061000000.0,22969600044.0,1985000000.0,-430000000.0,-77000000.0,989000000.0,-758000000.0,187000000.0,6582000000.0,7851000000.0,-4784000000.0,0.0,1810000000.0,1810000000.0,1810000000.0,0.0,5000000.0,0.028,2336000000.0,1845000000.0,8173000000.0,0.417,1.209,12.69,12.763,9953000000.0,0.0,40.97,0.357,0.359,2233000000.0,18527000000.0,64341000000.0,64341000000.0,0.0,0.045,0.096,0.078,0.038,109000000.0,2165000000.0,1.0,560644375.0,564000000,567000000.0,114.08,36792000000.0,0.0,245000000.0,1067000000.0,65.234,8812000000.0
11,ADM,MRT,2018-09-30,2018-09-30,2018-09-30,2021-07-27,-2032000000.0,39664000000.0,39870500000.0,19465000000.0,20199000000.0,1.617,33.628,-908000000.0,915000000.0,915000000.0,60394000000.0,2290000000.0,1.671,1.088,7852000000.0,1122000000.0,6730000000.0,7852000000.0,0.0,946000000.0,0.0,0.026,1.325,2635000000.0,3581000000.0,0.056,3581000000.0,2635000000.0,2284000000.0,4.04,4.02,4.04,19000000000.0,18692750000.0,19000000000.0,34909998997.0,13.0,9.749,-7305000000.0,-12.929,1.0,4070000000.0,0.063,4065000000.0,351000000.0,30888000000.0,30768750000.0,8483000000.0,9745000000.0,4426000000.0,5319000000.0,20664000000.0,11648000000.0,9016000000.0,28137998997.0,855000000.0,-250000000.0,-74000000.0,587000000.0,-754000000.0,-143000000.0,7395000000.0,8560000000.0,-6397000000.0,0.0,2283000000.0,2283000000.0,2283000000.0,0.0,7000000.0,0.035,2140000000.0,1930000000.0,7601000000.0,0.328,1.481,12.325,12.443,9885000000.0,0.0,50.27,0.436,0.441,1934000000.0,18478000000.0,64464000000.0,64464000000.0,0.0,0.057,0.122,0.086,0.041,91000000.0,2066000000.0,1.0,559737398.0,565000000,568000000.0,114.096,35599000000.0,0.0,1000000.0,965000000.0,63.007,7817000000.0
12,ADM,MRT,2018-06-30,2018-06-30,2018-06-30,2021-07-27,-1911000000.0,38755000000.0,39696750000.0,18647000000.0,20108000000.0,1.599,33.177,-976000000.0,851000000.0,851000000.0,59667000000.0,1949000000.0,1.591,1.071,7623000000.0,1642000000.0,5981000000.0,7623000000.0,0.0,946000000.0,0.0,0.029,1.31,2217000000.0,3163000000.0,0.05,3163000000.0,2217000000.0,1874000000.0,3.43,3.42,3.43,18712000000.0,18337000000.0,18712000000.0,33830411199.0,15.0,10.696,-8041000000.0,-14.257,1.0,3824000000.0,0.06,3834000000.0,343000000.0,29975000000.0,30540500000.0,7953000000.0,9689000000.0,4301000000.0,5388000000.0,20043000000.0,11718000000.0,8325000000.0,25627411199.0,161000000.0,-161000000.0,-239000000.0,629000000.0,-745000000.0,-265000000.0,7491000000.0,8630000000.0,-7065000000.0,0.0,1939000000.0,1939000000.0,1939000000.0,0.0,10000000.0,0.031,2190000000.0,1634000000.0,6903000000.0,0.382,1.37,13.217,13.362,9948000000.0,0.0,45.83,0.404,0.407,1900000000.0,18132000000.0,63491000000.0,63491000000.0,0.0,0.049,0.106,0.073,0.035,81000000.0,2010000000.0,1.0,559184185.0,564000000,567000000.0,112.573,34921000000.0,0.0,-65000000.0,1002000000.0,61.917,6929000000.0
13,ADM,MRT,2018-03-31,2018-03-31,2018-03-31,2021-07-27,-1451000000.0,41100000000.0,39462250000.0,20906000000.0,20194000000.0,1.555,33.281,-1045000000.0,797000000.0,797000000.0,57831000000.0,1658000000.0,1.574,1.194,9000000000.0,2343000000.0,6657000000.0,9000000000.0,0.0,934000000.0,0.0,0.03,1.295,1946000000.0,2880000000.0,0.047,2880000000.0,1946000000.0,1606000000.0,2.91,2.9,2.91,18737000000.0,18013500000.0,18737000000.0,30925859443.0,16.0,10.738,-9096000000.0,-16.156,1.0,3535000000.0,0.058,3970000000.0,340000000.0,32048000000.0,30316000000.0,9820000000.0,9650000000.0,4408000000.0,5242000000.0,22363000000.0,13285000000.0,9078000000.0,24236859443.0,-199000000.0,-8000000.0,-502000000.0,1594000000.0,-737000000.0,429000000.0,7423000000.0,8481000000.0,-8051000000.0,0.0,1649000000.0,1649000000.0,1649000000.0,0.0,9000000.0,0.027,2154000000.0,1381000000.0,7907000000.0,0.445,1.294,14.698,14.904,10123000000.0,0.0,43.37,0.395,0.398,2147000000.0,17755000000.0,61366000000.0,61366000000.0,0.0,0.042,0.092,0.064,0.032,63000000.0,1975000000.0,1.0,558839277.0,563000000,565000000.0,108.998,37130000000.0,0.0,-43000000.0,1037000000.0,65.95,7621000000.0
14,ADM,MRT,2017-12-31,2017-12-31,2017-12-31,2021-07-27,-1637000000.0,39963000000.0,39094750000.0,19925000000.0,20038000000.0,1.556,32.2,-1049000000.0,804000000.0,804000000.0,57310000000.0,1602000000.0,1.585,1.181,7493000000.0,870000000.0,6623000000.0,7493000000.0,0.0,924000000.0,0.0,0.032,1.28,1932000000.0,2856000000.0,0.047,2856000000.0,1932000000.0,1602000000.0,2.8,2.79,2.8,18322000000.0,17611500000.0,18322000000.0,29232752505.0,15.0,10.236,-7015000000.0,-12.329,1.0,3518000000.0,0.058,3918000000.0,330000000.0,30164000000.0,29548750000.0,9173000000.0,10006000000.0,4826000000.0,5180000000.0,21641000000.0,12570000000.0,9071000000.0,22414752505.0,297000000.0,-272000000.0,-750000000.0,382000000.0,-730000000.0,-1028000000.0,7291000000.0,8624000000.0,-5966000000.0,0.0,1595000000.0,1595000000.0,1595000000.0,0.0,7000000.0,0.026,2151000000.0,1367000000.0,8867000000.0,0.457,1.223,14.053,14.314,10138000000.0,0.0,40.08,0.368,0.375,1947000000.0,17552000000.0,60828000000.0,60828000000.0,0.0,0.041,0.091,0.065,0.032,66000000.0,1978000000.0,1.0,559250312.0,569000000,572000000.0,106.903,36045000000.0,0.0,7000000.0,1053000000.0,63.348,7355000000.0
15,ADM,MRT,2017-09-30,2017-09-30,2017-09-30,2021-07-27,-1843000000.0,38969000000.0,39046250000.0,19140000000.0,19829000000.0,1.569,31.055,-957000000.0,518000000.0,518000000.0,57673000000.0,1236000000.0,1.612,1.217,7336000000.0,741000000.0,6595000000.0,7336000000.0,0.0,906000000.0,0.0,0.03,1.26,2016000000.0,2922000000.0,0.048,2922000000.0,2016000000.0,1690000000.0,2.14,2.13,2.14,17577000000.0,17326250000.0,17577000000.0,30460890909.0,15.0,10.425,-12010000000.0,-21.219,1.0,3586000000.0,0.059,3939000000.0,326000000.0,29975000000.0,29309000000.0,8326000000.0,10480000000.0,5301000000.0,5179000000.0,21392000000.0,11873000000.0,9519000000.0,23913890909.0,67000000.0,-233000000.0,-922000000.0,181000000.0,-717000000.0,-1434000000.0,12554000000.0,13763000000.0,-11053000000.0,0.0,1231000000.0,1231000000.0,1231000000.0,0.0,5000000.0,0.02,2134000000.0,1452000000.0,8584000000.0,0.589,1.361,19.426,19.864,9956000000.0,0.0,42.51,0.39,0.393,1911000000.0,17023000000.0,61259000000.0,61259000000.0,0.0,0.032,0.071,0.069,0.033,79000000.0,1975000000.0,1.0,562547422.0,566000000,569000000.0,108.231,35030000000.0,0.0,459000000.0,1754000000.0,61.89,7267000000.0
16,ADM,MRT,2017-06-30,2017-06-30,2017-06-30,2021-07-27,-2141000000.0,37817000000.0,39267250000.0,18201000000.0,19616000000.0,1.586,30.504,-938000000.0,433000000.0,433000000.0,58400000000.0,1385000000.0,1.594,1.171,6980000000.0,924000000.0,6056000000.0,6980000000.0,0.0,900000000.0,0.0,0.03,1.24,2270000000.0,3170000000.0,0.051,3170000000.0,2270000000.0,1945000000.0,2.38,2.37,2.38,17418000000.0,17321000000.0,17418000000.0,30249617708.0,13.0,9.542,-9157000000.0,-16.037,1.0,3864000000.0,0.062,3866000000.0,325000000.0,29077000000.0,29224250000.0,7846000000.0,10362000000.0,5307000000.0,5055000000.0,20399000000.0,11421000000.0,8978000000.0,23518617708.0,673000000.0,-326000000.0,-1024000000.0,-415000000.0,-712000000.0,-2121000000.0,11013000000.0,12278000000.0,-8219000000.0,0.0,1380000000.0,1380000000.0,1380000000.0,0.0,5000000.0,0.022,2106000000.0,1758000000.0,8032000000.0,0.521,1.35,17.042,17.387,9945000000.0,0.0,41.38,0.378,0.379,1717000000.0,17176000000.0,62264000000.0,62264000000.0,0.0,0.035,0.08,0.078,0.036,77000000.0,2043000000.0,1.0,568357122.0,571000000,574000000.0,109.044,33951000000.0,0.0,565000000.0,1606000000.0,59.459,6780000000.0
17,ADM,MRT,2017-03-31,2017-03-31,2017-03-31,2021-07-27,-2574000000.0,39630000000.0,39837500000.0,20486000000.0,19144000000.0,1.58,29.738,-902000000.0,476000000.0,476000000.0,59241000000.0,1398000000.0,1.506,1.314,7207000000.0,1251000000.0,5956000000.0,7207000000.0,0.0,894000000.0,0.0,0.026,1.22,2268000000.0,3162000000.0,0.05,3162000000.0,2268000000.0,1964000000.0,2.38,2.37,2.38,17129000000.0,17383750000.0,17129000000.0,32604531073.0,14.0,10.311,-8924000000.0,-15.493,1.0,3709000000.0,0.059,3780000000.0,304000000.0,28979000000.0,29331750000.0,8664000000.0,10544000000.0,5648000000.0,4896000000.0,22501000000.0,13602000000.0,8899000000.0,26292531073.0,346000000.0,-625000000.0,-952000000.0,656000000.0,-707000000.0,-980000000.0,9348000000.0,10872000000.0,-8022000000.0,0.0,1388000000.0,1388000000.0,1388000000.0,0.0,10000000.0,0.022,2070000000.0,1639000000.0,8889000000.0,0.513,1.535,18.943,19.345,9771000000.0,0.0,46.04,0.418,0.421,1757000000.0,17345000000.0,62950000000.0,62950000000.0,0.0,0.035,0.08,0.077,0.036,78000000.0,2018000000.0,1.0,571080171.0,576000000,579000000.0,109.288,35850000000.0,0.0,576000000.0,1682000000.0,62.24,6884000000.0
18,ADM,MRT,2016-12-31,2016-12-31,2016-12-31,2021-07-27,-2598000000.0,39769000000.0,39850250000.0,21045000000.0,18724000000.0,1.565,29.219,-882000000.0,619000000.0,619000000.0,58728000000.0,1288000000.0,1.598,1.315,6931000000.0,427000000.0,6504000000.0,6931000000.0,0.0,900000000.0,0.0,0.026,1.2,2106000000.0,3006000000.0,0.048,3006000000.0,2106000000.0,1813000000.0,2.18,2.16,2.18,17181000000.0,17579750000.0,17181000000.0,32638995164.0,15.0,10.858,-7390000000.0,-12.568,1.0,3618000000.0,0.058,3703000000.0,293000000.0,29205000000.0,29303250000.0,8831000000.0,9991000000.0,5307000000.0,4684000000.0,22588000000.0,13173000000.0,9415000000.0,26266995164.0,-235000000.0,-597000000.0,-1000000000.0,1088000000.0,-701000000.0,-579000000.0,6852000000.0,8321000000.0,-6508000000.0,0.0,1279000000.0,1279000000.0,1279000000.0,0.0,9000000.0,0.021,2036000000.0,1582000000.0,8764000000.0,0.55,1.529,20.537,20.94,9758000000.0,0.0,45.65,0.421,0.431,1905000000.0,17444000000.0,62346000000.0,62346000000.0,0.0,0.032,0.073,0.072,0.034,74000000.0,1981000000.0,1.0,575399675.0,588000000,591000000.0,106.031,36066000000.0,0.0,534000000.0,1669000000.0,61.337,7872000000.0
19,ADM,MRT,2016-09-30,2016-09-30,2016-09-30,2021-07-27,-2190000000.0,39853000000.0,39947250000.0,20543000000.0,19310000000.0,1.559,29.959,-927000000.0,701000000.0,701000000.0,58871000000.0,1579000000.0,1.613,1.27,7073000000.0,479000000.0,6594000000.0,7073000000.0,0.0,902000000.0,0.0,0.028,1.18,2174000000.0,3076000000.0,0.049,3076000000.0,2174000000.0,1888000000.0,2.63,2.63,2.63,17556000000.0,17763250000.0,17556000000.0,31584954017.0,15.0,10.268,976000000.0,1.666,1.0,3419000000.0,0.055,3852000000.0,286000000.0,29636000000.0,28984750000.0,7228000000.0,10612000000.0,5653000000.0,4959000000.0,22297000000.0,12737000000.0,9560000000.0,24532954017.0,-655000000.0,13000000.0,-1006000000.0,259000000.0,-695000000.0,-1613000000.0,-945000000.0,-52000000.0,1903000000.0,0.0,1573000000.0,1573000000.0,1573000000.0,0.0,6000000.0,0.025,2100000000.0,1319000000.0,8407000000.0,0.449,1.397,15.596,16.034,9853000000.0,0.0,42.17,0.394,0.397,2253000000.0,17192000000.0,62290000000.0,62290000000.0,0.0,0.039,0.089,0.075,0.035,73000000.0,1960000000.0,1.0,581763197.0,586000000,589000000.0,106.297,36001000000.0,0.0,315000000.0,1642000000.0,61.435,7806000000.0
20,ADM,MRT,2016-06-30,2016-06-30,2016-06-30,2021-07-27,-2138000000.0,40098000000.0,40203250000.0,20867000000.0,19231000000.0,1.568,29.897,-981000000.0,334000000.0,334000000.0,59605000000.0,1488000000.0,1.515,1.269,7386000000.0,1825000000.0,5561000000.0,7386000000.0,0.0,893000000.0,0.0,0.027,1.16,2054000000.0,2947000000.0,0.047,2947000000.0,2054000000.0,1777000000.0,2.46,2.46,2.46,17669000000.0,17843750000.0,17669000000.0,31141396955.0,15.0,10.567,-52000000.0,-0.088,1.0,3418000000.0,0.054,3865000000.0,277000000.0,29507000000.0,28974750000.0,8000000000.0,10852000000.0,5936000000.0,4916000000.0,22429000000.0,13778000000.0,8651000000.0,25201396955.0,-1312000000.0,630000000.0,-1363000000.0,420000000.0,-690000000.0,-1814000000.0,-427000000.0,-92000000.0,929000000.0,0.0,1484000000.0,1484000000.0,1484000000.0,0.0,4000000.0,0.024,2127000000.0,1291000000.0,8410000000.0,0.472,1.426,16.982,17.435,9802000000.0,0.0,42.89,0.4,0.402,2257000000.0,17079000000.0,63023000000.0,63023000000.0,0.0,0.037,0.083,0.071,0.033,82000000.0,1933000000.0,1.0,587582116.0,591000000,594000000.0,106.638,36233000000.0,0.0,293000000.0,1685000000.0,61.308,7089000000.0
21,ADM,MRT,2016-03-31,2016-03-31,2016-03-31,2021-07-27,-1947000000.0,39681000000.0,40320750000.0,20970000000.0,18711000000.0,1.602,30.106,-1067000000.0,706000000.0,706000000.0,60935000000.0,1583000000.0,1.63,1.215,6646000000.0,795000000.0,5851000000.0,6646000000.0,0.0,897000000.0,0.0,0.031,1.14,2200000000.0,3097000000.0,0.048,3097000000.0,2200000000.0,1903000000.0,2.6,2.6,2.6,17913000000.0,18066000000.0,17913000000.0,26531447055.0,12.0,8.567,618000000.0,1.039,1.0,3645000000.0,0.056,3889000000.0,297000000.0,28865000000.0,29225250000.0,7914000000.0,10326000000.0,5796000000.0,4530000000.0,21768000000.0,12867000000.0,8901000000.0,21564447055.0,-958000000.0,837000000.0,-1770000000.0,190000000.0,-687000000.0,-2435000000.0,-208000000.0,-115000000.0,1685000000.0,0.0,1586000000.0,1586000000.0,1586000000.0,0.0,-3000000.0,0.025,2171000000.0,1474000000.0,8394000000.0,0.438,1.204,13.597,13.965,9891000000.0,0.0,36.31,0.334,0.335,1965000000.0,16971000000.0,64580000000.0,64580000000.0,0.0,0.039,0.088,0.075,0.034,81000000.0,1958000000.0,1.0,593898294.0,595000000,597000000.0,108.538,35792000000.0,0.0,317000000.0,1621000000.0,60.155,8103000000.0
22,ADM,MRT,2015-12-31,2015-12-31,2015-12-31,2021-07-27,-2146000000.0,40157000000.0,40829250000.0,21829000000.0,18328000000.0,1.658,28.989,-1125000000.0,910000000.0,910000000.0,63736000000.0,1846000000.0,1.616,1.242,5877000000.0,98000000.0,5779000000.0,5877000000.0,0.0,882000000.0,0.0,0.031,1.12,2595000000.0,3477000000.0,0.051,3477000000.0,2595000000.0,2287000000.0,2.99,2.98,2.99,17915000000.0,18277000000.0,17915000000.0,27950418982.0,11.0,8.039,580000000.0,0.939,1.0,3966000000.0,0.059,3688000000.0,308000000.0,27931000000.0,29485750000.0,8243000000.0,9992000000.0,5652000000.0,4340000000.0,22242000000.0,13505000000.0,8737000000.0,21888418982.0,-965000000.0,1060000000.0,-2040000000.0,240000000.0,-687000000.0,-2649000000.0,-21000000.0,35000000.0,1705000000.0,0.0,1849000000.0,1849000000.0,1849000000.0,0.0,-3000000.0,0.027,2185000000.0,1781000000.0,9294000000.0,0.375,1.222,11.838,12.268,9853000000.0,0.0,36.68,0.323,0.335,1738000000.0,16865000000.0,67702000000.0,67702000000.0,0.0,0.045,0.101,0.088,0.038,79000000.0,1985000000.0,1.0,596739885.0,618000000,621000000.0,109.55,36469000000.0,0.0,438000000.0,1563000000.0,59.011,8324000000.0
23,ADM,MRT,2015-09-30,2015-09-30,2015-09-30,2021-07-27,-1862000000.0,40877000000.0,41789250000.0,23045000000.0,17832000000.0,1.727,29.212,-1108000000.0,720000000.0,720000000.0,67545000000.0,1834000000.0,1.631,1.286,6782000000.0,953000000.0,5829000000.0,6782000000.0,0.0,906000000.0,0.0,0.026,1.08,2898000000.0,3804000000.0,0.053,3804000000.0,2898000000.0,2577000000.0,2.89,2.88,2.89,17878000000.0,18705750000.0,17878000000.0,31296542524.0,11.0,8.227,509000000.0,0.832,1.0,4606000000.0,0.064,3213000000.0,321000000.0,29596000000.0,29894000000.0,7428000000.0,9928000000.0,5583000000.0,4345000000.0,22999000000.0,14130000000.0,8869000000.0,25240542524.0,-3838000000.0,-2234000000.0,-2269000000.0,751000000.0,-674000000.0,-2161000000.0,-3294000000.0,-49000000.0,1617000000.0,0.0,1832000000.0,1832000000.0,1832000000.0,0.0,2000000.0,0.025,2375000000.0,2231000000.0,8872000000.0,0.374,1.412,13.778,14.343,9900000000.0,0.0,41.45,0.35,0.352,2132000000.0,16313000000.0,72151000000.0,72151000000.0,0.0,0.044,0.098,0.097,0.04,76000000.0,2205000000.0,1.0,608939506.0,612000000,615000000.0,117.894,37664000000.0,0.0,745000000.0,1678000000.0,61.542,8915000000.0
24,ADM,MRT,2015-06-30,2015-06-30,2015-06-30,2021-07-27,-1705000000.0,40568000000.0,42025250000.0,22588000000.0,17980000000.0,1.754,29.74,-1036000000.0,867000000.0,867000000.0,68716000000.0,2329000000.0,1.757,1.186,6923000000.0,958000000.0,5965000000.0,6923000000.0,0.0,903000000.0,0.0,0.022,1.04,3574000000.0,4477000000.0,0.061,4477000000.0,3574000000.0,3243000000.0,3.63,3.61,3.63,18558000000.0,19301500000.0,18558000000.0,35465407084.0,10.0,7.922,3331000000.0,5.338,1.0,4987000000.0,0.068,3256000000.0,331000000.0,30509000000.0,29580000000.0,7845000000.0,9463000000.0,5041000000.0,4422000000.0,22010000000.0,12859000000.0,9151000000.0,29914407084.0,-782000000.0,-2667000000.0,-1854000000.0,848000000.0,-659000000.0,-1592000000.0,-3557000000.0,35000000.0,4367000000.0,0.0,2327000000.0,2327000000.0,2327000000.0,0.0,2000000.0,0.032,2242000000.0,2745000000.0,8380000000.0,0.287,1.612,12.855,13.284,9897000000.0,0.0,48.22,0.406,0.408,2224000000.0,16232000000.0,73703000000.0,73703000000.0,0.0,0.055,0.121,0.121,0.048,64000000.0,2137000000.0,1.0,620373436.0,624000000,627000000.0,118.114,37312000000.0,0.0,916000000.0,1618000000.0,59.795,9729000000.0
25,ADM,MRT,2015-03-31,2015-03-31,2015-03-31,2021-07-27,-1879000000.0,41715000000.0,41865750000.0,23896000000.0,17819000000.0,1.863,29.492,-950000000.0,890000000.0,890000000.0,72816000000.0,2478000000.0,1.679,1.224,6441000000.0,866000000.0,5575000000.0,6441000000.0,0.0,891000000.0,0.0,0.021,1.0,3775000000.0,4666000000.0,0.06,4666000000.0,3775000000.0,3450000000.0,3.82,3.8,3.82,18757000000.0,19716750000.0,18757000000.0,34656244280.0,9.0,7.427,4396000000.0,6.912,1.0,5195000000.0,0.067,3124000000.0,325000000.0,29907000000.0,29772250000.0,8372000000.0,9597000000.0,5131000000.0,4466000000.0,22958000000.0,14235000000.0,8723000000.0,30065244280.0,-212000000.0,-2617000000.0,-1574000000.0,251000000.0,-643000000.0,-2035000000.0,-3523000000.0,36000000.0,5346000000.0,0.0,2474000000.0,2474000000.0,2474000000.0,0.0,4000000.0,0.032,2143000000.0,3052000000.0,8990000000.0,0.262,1.603,12.152,12.408,9833000000.0,0.0,47.4,0.385,0.386,2036000000.0,16019000000.0,78011000000.0,78011000000.0,0.0,0.059,0.125,0.127,0.048,61000000.0,2038000000.0,1.0,634287854.0,636000000,639000000.0,122.659,38591000000.0,0.0,976000000.0,1614000000.0,60.678,9661000000.0
26,ADM,MRT,2014-12-31,2014-12-31,2014-12-31,2021-07-27,-1241000000.0,43997000000.0,41798000000.0,26028000000.0,17969000000.0,1.943,30.061,-894000000.0,1099000000.0,1099000000.0,76433000000.0,2253000000.0,1.668,1.241,5660000000.0,132000000.0,5528000000.0,5660000000.0,0.0,894000000.0,0.0,0.018,0.96,3462000000.0,4356000000.0,0.054,4356000000.0,3462000000.0,3125000000.0,3.44,3.43,3.44,19630000000.0,20043000000.0,19630000000.0,34478952912.0,10.0,7.915,4049000000.0,6.201,1.0,4768000000.0,0.059,3392000000.0,337000000.0,29564000000.0,30250500000.0,9374000000.0,9769000000.0,5392000000.0,4377000000.0,24367000000.0,15602000000.0,8765000000.0,33476952912.0,-2041000000.0,-2540000000.0,-1183000000.0,-1708000000.0,-624000000.0,-3577000000.0,-3407000000.0,-105000000.0,4943000000.0,0.0,2248000000.0,2248000000.0,2248000000.0,0.0,5000000.0,0.028,2038000000.0,2730000000.0,10200000000.0,0.279,1.705,14.892,15.116,9851000000.0,0.0,52.0,0.412,0.418,2704000000.0,15701000000.0,81201000000.0,81201000000.0,0.0,0.054,0.112,0.114,0.043,55000000.0,1933000000.0,1.0,643787556.0,653000000,656000000.0,124.351,40605000000.0,0.0,877000000.0,1662000000.0,62.182,10426000000.0
27,ADM,MRT,2014-09-30,2014-09-30,2014-09-30,2021-07-27,-469000000.0,41821000000.0,41736750000.0,26639000000.0,15182000000.0,2.023,31.171,-895000000.0,4539000000.0,4539000000.0,79963000000.0,1925000000.0,1.937,1.064,5541000000.0,195000000.0,5346000000.0,5541000000.0,0.0,874000000.0,0.0,0.018,0.91,3099000000.0,3973000000.0,0.047,3973000000.0,3099000000.0,2753000000.0,2.93,2.91,2.93,20261000000.0,20184000000.0,20261000000.0,36978109967.0,12.0,9.307,3886000000.0,5.978,1.0,4487000000.0,0.053,732000000.0,346000000.0,28340000000.0,30680000000.0,8034000000.0,9130000000.0,5099000000.0,4031000000.0,21560000000.0,13751000000.0,7809000000.0,32986109967.0,1287000000.0,8000000.0,-708000000.0,-1326000000.0,-595000000.0,-2671000000.0,-823000000.0,-126000000.0,4781000000.0,0.0,1921000000.0,1921000000.0,1921000000.0,0.0,4000000.0,0.023,1979000000.0,2508000000.0,8879000000.0,0.311,1.628,17.171,17.44,9995000000.0,0.0,51.1,0.391,0.393,2121000000.0,15154000000.0,84450000000.0,84450000000.0,0.0,0.046,0.095,0.101,0.037,56000000.0,1712000000.0,1.0,645520743.0,650000000,653000000.0,129.923,41089000000.0,0.0,832000000.0,1522000000.0,63.214,12888000000.0
28,ADM,MRT,2014-06-30,2014-06-30,2014-06-30,2021-07-27,-70000000.0,39930000000.0,41643500000.0,24658000000.0,15272000000.0,2.107,30.822,-895000000.0,1630000000.0,1630000000.0,83553000000.0,1658000000.0,2.074,0.975,5622000000.0,253000000.0,5369000000.0,5622000000.0,0.0,887000000.0,0.0,0.019,0.86,2797000000.0,3684000000.0,0.042,3684000000.0,2797000000.0,2425000000.0,2.5,2.49,2.5,20219000000.0,20010250000.0,20219000000.0,33458533150.0,12.0,9.082,2966000000.0,4.521,1.0,4173000000.0,0.048,753000000.0,372000000.0,31278000000.0,31288750000.0,9024000000.0,8687000000.0,4729000000.0,3958000000.0,19711000000.0,11891000000.0,7820000000.0,28868533150.0,-218000000.0,-9000000.0,-583000000.0,-1976000000.0,-566000000.0,-3187000000.0,-892000000.0,-170000000.0,3861000000.0,0.0,1650000000.0,1650000000.0,1650000000.0,0.0,8000000.0,0.019,1980000000.0,2193000000.0,8280000000.0,0.344,1.428,17.496,17.644,10110000000.0,0.0,44.11,0.329,0.33,4089000000.0,14562000000.0,87726000000.0,87726000000.0,0.0,0.04,0.082,0.089,0.032,57000000.0,1690000000.0,1.0,654466859.0,656000000,659000000.0,133.729,39177000000.0,0.0,775000000.0,1489000000.0,59.721,12767000000.0
29,ADM,MRT,2014-03-31,2014-03-31,2014-03-31,2021-07-27,-158000000.0,41444000000.0,41720500000.0,26226000000.0,15218000000.0,2.128,30.397,-857000000.0,1083000000.0,1083000000.0,84965000000.0,1352000000.0,1.949,1.066,5673000000.0,320000000.0,5353000000.0,5673000000.0,0.0,901000000.0,0.0,0.019,0.81,2403000000.0,3304000000.0,0.037,3304000000.0,2403000000.0,2003000000.0,2.03,2.02,2.03,20062000000.0,19708750000.0,20062000000.0,32315720988.0,13.0,9.781,3654000000.0,5.536,1.0,3808000000.0,0.043,758000000.0,400000000.0,31820000000.0,31530750000.0,11394000000.0,8582000000.0,4663000000.0,3919000000.0,21382000000.0,13456000000.0,7926000000.0,28566720988.0,-365000000.0,105000000.0,-276000000.0,-3255000000.0,-534000000.0,-3985000000.0,-891000000.0,-328000000.0,4511000000.0,0.0,1340000000.0,1340000000.0,1340000000.0,0.0,12000000.0,0.015,1975000000.0,1833000000.0,8737000000.0,0.399,1.424,21.318,21.374,10102000000.0,0.0,43.39,0.322,0.323,2779000000.0,14186000000.0,88773000000.0,88773000000.0,0.0,0.032,0.068,0.076,0.027,48000000.0,1716000000.0,1.0,658371076.0,660000000,663000000.0,134.505,40686000000.0,0.0,663000000.0,1480000000.0,61.645,12770000000.0
30,ADM,MRT,2013-12-31,2013-12-31,2013-12-31,2021-07-27,-57000000.0,43752000000.0,42166000000.0,28530000000.0,15222000000.0,2.13,30.551,-913000000.0,3121000000.0,3121000000.0,85915000000.0,1354000000.0,1.822,1.167,6870000000.0,1523000000.0,5347000000.0,6870000000.0,0.0,909000000.0,0.0,0.018,0.76,2425000000.0,3334000000.0,0.037,3334000000.0,2425000000.0,2012000000.0,2.03,2.02,2.03,20194000000.0,19437250000.0,20194000000.0,32187901472.0,13.0,9.654,4313000000.0,6.525,1.0,3889000000.0,0.043,561000000.0,413000000.0,31282000000.0,32064500000.0,11441000000.0,8440000000.0,4394000000.0,4046000000.0,23558000000.0,15658000000.0,7900000000.0,28555901472.0,1407000000.0,42000000.0,-101000000.0,-2713000000.0,-501000000.0,-3242000000.0,-577000000.0,104000000.0,5226000000.0,0.0,1342000000.0,1342000000.0,1342000000.0,0.0,12000000.0,0.015,2018000000.0,1871000000.0,9345000000.0,0.374,1.414,21.279,21.379,10137000000.0,0.0,43.4,0.318,0.319,3224000000.0,14077000000.0,89804000000.0,89804000000.0,0.0,0.032,0.069,0.076,0.027,43000000.0,1759000000.0,1.0,657970080.0,661000000,663000000.0,135.861,43191000000.0,0.0,670000000.0,1448000000.0,65.342,12872000000.0
31,ADM,MRT,2013-09-30,2013-09-30,2013-09-30,2021-07-27,-398000000.0,41448000000.0,42512000000.0,26090000000.0,15358000000.0,2.131,29.601,-994000000.0,3252000000.0,3252000000.0,86867000000.0,1487000000.0,1.897,1.118,6884000000.0,1520000000.0,5364000000.0,6884000000.0,0.0,899000000.0,0.0,0.02,0.745,2519000000.0,3418000000.0,0.038,3418000000.0,2519000000.0,2094000000.0,2.24,2.24,2.24,19566000000.0,19171500000.0,19566000000.0,29960398830.0,12.0,8.765,5870000000.0,8.88,1.0,3715000000.0,0.041,552000000.0,425000000.0,30775000000.0,33046500000.0,9278000000.0,8102000000.0,4234000000.0,3868000000.0,21882000000.0,13753000000.0,8129000000.0,24284398830.0,2017000000.0,614000000.0,-95000000.0,-3526000000.0,-491000000.0,-4262000000.0,-585000000.0,-283000000.0,6864000000.0,0.0,1478000000.0,1478000000.0,1478000000.0,0.0,9000000.0,0.016,1819000000.0,1896000000.0,2942000000.0,0.333,1.241,16.431,16.446,10125000000.0,0.0,36.84,0.268,0.269,3447000000.0,13828000000.0,90582000000.0,90582000000.0,0.0,0.035,0.077,0.076,0.028,38000000.0,1796000000.0,1.0,659185636.0,661000000,664000000.0,137.038,40896000000.0,0.0,616000000.0,1282000000.0,61.87,12337000000.0
32,ADM,MRT,2013-06-30,2013-06-30,2013-06-30,2021-07-27,-638000000.0,40238000000.0,43340000000.0,25036000000.0,15202000000.0,2.1,28.764,-1031000000.0,1848000000.0,1848000000.0,87632000000.0,1190000000.0,1.908,1.116,7524000000.0,2158000000.0,5366000000.0,7524000000.0,0.0,889000000.0,0.0,0.022,0.73,2109000000.0,2998000000.0,0.033,2998000000.0,2109000000.0,1683000000.0,1.8,1.8,1.8,19013000000.0,18890250000.0,19013000000.0,29762699196.0,14.0,9.928,3795000000.0,5.741,1.0,3365000000.0,0.037,545000000.0,426000000.0,32246000000.0,34331500000.0,10194000000.0,7800000000.0,3935000000.0,3865000000.0,21225000000.0,13123000000.0,8102000000.0,22347699196.0,557000000.0,615000000.0,-11000000.0,-2684000000.0,-480000000.0,-3354000000.0,-915000000.0,-574000000.0,4826000000.0,0.0,1184000000.0,1184000000.0,1184000000.0,0.0,6000000.0,0.013,1903000000.0,1462000000.0,2971000000.0,0.406,1.175,18.875,18.839,10091000000.0,0.0,33.91,0.246,0.246,3520000000.0,13478000000.0,90997000000.0,90997000000.0,0.0,0.027,0.063,0.061,0.023,49000000.0,1757000000.0,1.0,659029761.0,661000000,663000000.0,137.666,39693000000.0,0.0,499000000.0,1267000000.0,60.05,11913000000.0
33,ADM,MRT,2013-03-31,2013-03-31,2013-03-31,2021-07-27,-591000000.0,43226000000.0,43723250000.0,27865000000.0,15361000000.0,2.084,28.708,-1176000000.0,1448000000.0,1448000000.0,87760000000.0,1257000000.0,1.726,1.278,8863000000.0,3489000000.0,5374000000.0,8863000000.0,0.0,882000000.0,0.0,0.021,0.715,2211000000.0,3093000000.0,0.034,3093000000.0,2211000000.0,1776000000.0,1.89,1.89,1.89,18976000000.0,18679250000.0,18976000000.0,30040325025.0,14.0,9.712,2296000000.0,3.474,1.0,3371000000.0,0.037,544000000.0,435000000.0,33955000000.0,35162750000.0,12408000000.0,7976000000.0,4041000000.0,3935000000.0,24250000000.0,16142000000.0,8108000000.0,22214325025.0,630000000.0,556000000.0,-44000000.0,-1302000000.0,-471000000.0,-2013000000.0,-829000000.0,-255000000.0,3472000000.0,0.0,1245000000.0,1245000000.0,1245000000.0,0.0,12000000.0,0.014,1857000000.0,1514000000.0,3474000000.0,0.378,1.171,17.843,17.847,10122000000.0,0.0,33.73,0.244,0.245,3553000000.0,13369000000.0,91131000000.0,91131000000.0,0.0,0.028,0.067,0.063,0.024,52000000.0,1699000000.0,1.0,658592500.0,661000000,662000000.0,137.868,42682000000.0,0.0,531000000.0,1256000000.0,64.572,11723000000.0
34,ADM,MRT,2012-12-31,2012-12-31,2012-12-31,2021-07-27,-450000000.0,45136000000.0,43381250000.0,29762000000.0,15374000000.0,2.088,28.986,-1264000000.0,1714000000.0,1714000000.0,86936000000.0,1392000000.0,1.751,1.359,9540000000.0,3084000000.0,6456000000.0,9540000000.0,0.0,869000000.0,0.0,0.026,0.7,2409000000.0,3278000000.0,0.036,3278000000.0,2409000000.0,1964000000.0,2.08,2.08,2.08,19131000000.0,18573000000.0,19131000000.0,27296132025.0,11.0,8.327,1068000000.0,1.618,1.0,3623000000.0,0.04,759000000.0,445000000.0,35210000000.0,35669000000.0,13836000000.0,8101000000.0,4214000000.0,3887000000.0,26005000000.0,16993000000.0,9012000000.0,18038132025.0,850000000.0,508000000.0,-100000000.0,437000000.0,-461000000.0,-321000000.0,-1161000000.0,-445000000.0,2332000000.0,0.0,1375000000.0,1375000000.0,1375000000.0,0.0,17000000.0,0.015,1908000000.0,1715000000.0,9388000000.0,0.337,0.943,13.119,13.168,10123000000.0,0.0,27.39,0.199,0.2,3450000000.0,13236000000.0,90559000000.0,90559000000.0,0.0,0.032,0.074,0.068,0.027,44000000.0,1665000000.0,1.0,658566339.0,660000000,661000000.0,137.211,44377000000.0,0.0,589000000.0,1267000000.0,67.238,12769000000.0
35,ADM,MRT,2012-09-30,2012-09-30,2012-09-30,2021-07-27,-734000000.0,44760000000.0,42476250000.0,30154000000.0,14606000000.0,2.094,27.941,-1302000000.0,1235000000.0,1235000000.0,85504000000.0,965000000.0,1.717,1.427,10493000000.0,3946000000.0,6547000000.0,10493000000.0,0.0,858000000.0,0.0,0.026,0.7,1814000000.0,2672000000.0,0.03,2672000000.0,1814000000.0,1380000000.0,1.44,1.44,1.44,18441000000.0,18331500000.0,18441000000.0,26930142355.0,15.0,10.079,-11000000.0,-0.017,1.0,3440000000.0,0.039,541000000.0,434000000.0,35915000000.0,35474000000.0,13699000000.0,7911000000.0,4286000000.0,3625000000.0,26319000000.0,17562000000.0,8757000000.0,17901142355.0,-85000000.0,-136000000.0,-287000000.0,820000000.0,-463000000.0,59000000.0,-1435000000.0,29000000.0,1291000000.0,0.0,945000000.0,945000000.0,945000000.0,0.0,20000000.0,0.011,2204000000.0,1236000000.0,3674000000.0,0.486,0.971,18.943,18.875,9883000000.0,0.0,27.18,0.201,0.202,3003000000.0,12841000000.0,88944000000.0,88944000000.0,0.0,0.022,0.052,0.051,0.02,43000000.0,1609000000.0,1.0,658614509.0,660000000,661000000.0,134.764,44219000000.0,0.0,435000000.0,775000000.0,66.998,12592000000.0
36,ADM,MRT,2012-06-30,2012-06-30,2012-06-30,2021-07-27,-907000000.0,41771000000.0,41648250000.0,26954000000.0,14817000000.0,2.138,27.322,-1477000000.0,1291000000.0,1291000000.0,85370000000.0,1242000000.0,1.843,1.299,10320000000.0,3785000000.0,6535000000.0,10320000000.0,0.0,848000000.0,0.0,0.023,0.685,2187000000.0,3035000000.0,0.034,3035000000.0,2187000000.0,1746000000.0,1.84,1.84,1.84,18169000000.0,18323500000.0,18169000000.0,28951680347.0,13.0,9.539,1418000000.0,2.132,1.0,3668000000.0,0.041,603000000.0,441000000.0,35571000000.0,35130000000.0,12192000000.0,7089000000.0,3439000000.0,3650000000.0,23602000000.0,14626000000.0,8976000000.0,19439680347.0,676000000.0,-323000000.0,-527000000.0,-64000000.0,-455000000.0,-1097000000.0,-1122000000.0,648000000.0,2895000000.0,0.0,1223000000.0,1223000000.0,1223000000.0,0.0,19000000.0,0.014,2075000000.0,1593000000.0,2474000000.0,0.372,1.07,15.895,16.043,9812000000.0,0.0,29.52,0.218,0.22,3439000000.0,12774000000.0,89038000000.0,89038000000.0,0.0,0.029,0.067,0.062,0.025,48000000.0,1626000000.0,1.0,658525757.0,665000000,666000000.0,133.892,41168000000.0,0.0,523000000.0,1001000000.0,61.907,12328000000.0
37,ADM,MRT,2012-03-31,2012-03-31,2012-03-31,2021-07-27,-423000000.0,41858000000.0,41793500000.0,27215000000.0,14643000000.0,2.135,28.023,-1492000000.0,818000000.0,818000000.0,85280000000.0,1328000000.0,1.84,1.256,10330000000.0,3787000000.0,6543000000.0,10330000000.0,0.0,840000000.0,0.0,0.021,0.67,2559000000.0,3399000000.0,0.038,3399000000.0,2559000000.0,2105000000.0,1.98,2.0,1.98,18551000000.0,18490750000.0,18551000000.0,29281297487.0,11.0,8.615,3175000000.0,4.796,1.0,3953000000.0,0.044,596000000.0,454000000.0,35980000000.0,35796250000.0,13232000000.0,7675000000.0,3970000000.0,3705000000.0,23307000000.0,14794000000.0,8513000000.0,20947297487.0,-40000000.0,-332000000.0,-690000000.0,-4081000000.0,-441000000.0,-3522000000.0,-1185000000.0,615000000.0,4667000000.0,0.0,1320000000.0,1320000000.0,1320000000.0,0.0,8000000.0,0.015,2092000000.0,1861000000.0,3122000000.0,0.338,1.129,15.869,15.99,9800000000.0,0.0,31.66,0.235,0.235,3078000000.0,12606000000.0,89233000000.0,89233000000.0,0.0,0.032,0.071,0.071,0.029,47000000.0,1655000000.0,1.0,661632896.0,662000000,663000000.0,134.793,41262000000.0,0.0,785000000.0,873000000.0,62.329,12421000000.0
38,ADM,MRT,2011-12-31,2011-12-31,2011-12-31,2021-07-27,-563000000.0,41516000000.0,42269750000.0,27224000000.0,14292000000.0,2.086,27.316,-1427000000.0,864000000.0,864000000.0,84050000000.0,1491000000.0,1.836,1.285,9198000000.0,2436000000.0,6762000000.0,9198000000.0,0.0,828000000.0,0.0,0.023,0.655,2803000000.0,3631000000.0,0.041,3631000000.0,2803000000.0,2344000000.0,2.29,2.26,2.29,18165000000.0,18023000000.0,18165000000.0,27281267697.0,10.0,7.513,3357000000.0,5.048,1.0,4105000000.0,0.047,591000000.0,459000000.0,34430000000.0,36727750000.0,12415000000.0,7608000000.0,4045000000.0,3563000000.0,23351000000.0,14829000000.0,8522000000.0,19104267697.0,338000000.0,-342000000.0,-642000000.0,-3607000000.0,-427000000.0,-2978000000.0,-1468000000.0,268000000.0,4784000000.0,0.0,1499000000.0,1499000000.0,1499000000.0,0.0,-8000000.0,0.017,2000000000.0,2105000000.0,4136000000.0,0.286,1.052,12.745,12.489,9601000000.0,0.0,28.6,0.217,0.216,5093000000.0,12322000000.0,88155000000.0,88155000000.0,0.0,0.035,0.083,0.076,0.032,45000000.0,1648000000.0,1.0,667981388.0,665000000,666000000.0,132.564,40925000000.0,0.0,845000000.0,897000000.0,61.541,12395000000.0
39,ADM,MRT,2011-09-30,2011-09-30,2011-09-30,2021-07-27,-374000000.0,41448000000.0,42543250000.0,27279000000.0,14169000000.0,2.016,27.354,-1324000000.0,1320000000.0,1320000000.0,81253000000.0,2137000000.0,1.884,1.252,9497000000.0,2819000000.0,6678000000.0,9497000000.0,0.0,832000000.0,0.0,0.025,0.63,3705000000.0,4537000000.0,0.053,4537000000.0,3705000000.0,3227000000.0,3.31,3.27,3.31,18409000000.0,17457750000.0,18409000000.0,26470547735.0,7.0,5.834,-706000000.0,-1.049,1.0,4526000000.0,0.053,607000000.0,478000000.0,34539000000.0,37150000000.0,11122000000.0,7391000000.0,3883000000.0,3508000000.0,23039000000.0,14479000000.0,8560000000.0,16766547735.0,458000000.0,-360000000.0,-510000000.0,470000000.0,-406000000.0,1262000000.0,-1422000000.0,229000000.0,618000000.0,0.0,2151000000.0,2151000000.0,2151000000.0,0.0,-14000000.0,0.025,1637000000.0,2889000000.0,7371000000.0,0.19,0.911,7.795,7.495,9655000000.0,0.0,24.81,0.195,0.195,10336000000.0,12349000000.0,85779000000.0,85779000000.0,0.0,0.051,0.123,0.1,0.043,49000000.0,1637000000.0,1.0,675797974.0,673000000,674000000.0,127.458,40841000000.0,0.0,1076000000.0,836000000.0,60.685,12800000000.0
40,ADM,MRT,2011-06-30,2011-06-30,2011-06-30,2021-07-27,176000000.0,42352000000.0,41190250000.0,27504000000.0,14848000000.0,1.959,29.343,-1175000000.0,615000000.0,615000000.0,76376000000.0,2018000000.0,2.081,1.248,10319000000.0,2053000000.0,8266000000.0,10319000000.0,0.0,877000000.0,0.0,0.021,0.62,3515000000.0,4392000000.0,0.054,4392000000.0,3515000000.0,3033000000.0,3.17,3.13,3.17,18838000000.0,16702250000.0,18838000000.0,32632088090.0,9.0,7.43,-3515000000.0,-5.475,1.0,4300000000.0,0.053,602000000.0,482000000.0,38236000000.0,36343000000.0,12055000000.0,8041000000.0,4135000000.0,3906000000.0,23514000000.0,13218000000.0,10296000000.0,19232088090.0,-431000000.0,-218000000.0,-301000000.0,2528000000.0,-395000000.0,3584000000.0,-1675000000.0,-285000000.0,-2340000000.0,0.0,2036000000.0,2036000000.0,2036000000.0,0.0,-18000000.0,0.025,1611000000.0,2689000000.0,2581000000.0,0.196,1.021,9.446,9.511,9500000000.0,0.0,30.15,0.238,0.24,4808000000.0,11996000000.0,80676000000.0,80676000000.0,0.0,0.049,0.122,0.097,0.044,47000000.0,1611000000.0,1.0,637880202.0,642000000,654000000.0,125.664,41750000000.0,0.0,997000000.0,1018000000.0,65.031,14286000000.0
41,ADM,MRT,2011-03-31,2011-03-31,2011-03-31,2021-07-27,-152000000.0,43763000000.0,38554250000.0,29252000000.0,14511000000.0,1.907,26.144,-1228000000.0,858000000.0,858000000.0,69381000000.0,2084000000.0,1.735,1.624,14258000000.0,5908000000.0,8350000000.0,14258000000.0,0.0,904000000.0,0.0,0.017,0.61,3593000000.0,4497000000.0,0.061,4497000000.0,3593000000.0,2818000000.0,3.29,3.24,3.29,16680000000.0,15650500000.0,16680000000.0,35108254995.0,10.0,7.807,-6068000000.0,-9.511,1.0,4128000000.0,0.056,594000000.0,775000000.0,39706000000.0,34022500000.0,13409000000.0,7725000000.0,3816000000.0,3909000000.0,27083000000.0,16863000000.0,10220000000.0,22949254995.0,-801000000.0,-355000000.0,-194000000.0,6641000000.0,-389000000.0,6078000000.0,-2039000000.0,-511000000.0,-4840000000.0,0.0,2101000000.0,2101000000.0,2101000000.0,0.0,-17000000.0,0.029,1519000000.0,2609000000.0,7703000000.0,0.185,1.376,10.923,10.945,9315000000.0,0.0,36.01,0.312,0.313,10428000000.0,11718000000.0,73509000000.0,73509000000.0,0.0,0.054,0.134,0.106,0.049,45000000.0,1519000000.0,1.0,637302277.0,638000000,684000000.0,115.218,43169000000.0,0.0,717000000.0,517000000.0,67.663,12389000000.0
42,ADM,MRT,2010-12-31,2010-12-31,2010-12-31,2021-07-27,-451000000.0,42610000000.0,35695000000.0,28357000000.0,14253000000.0,1.921,24.889,-1255000000.0,526000000.0,526000000.0,64718000000.0,1932000000.0,1.57,1.679,12685000000.0,5837000000.0,6848000000.0,12685000000.0,0.0,944000000.0,0.0,0.02,0.6,3210000000.0,4154000000.0,0.061,4154000000.0,3210000000.0,2556000000.0,3.03,3.03,3.03,15904000000.0,15172750000.0,15904000000.0,27258913141.0,8.0,6.562,-4034000000.0,-6.313,1.0,3859000000.0,0.056,587000000.0,654000000.0,36119000000.0,31179250000.0,12654000000.0,7655000000.0,3857000000.0,3798000000.0,26706000000.0,18063000000.0,8643000000.0,19217913141.0,-791000000.0,-314000000.0,-186000000.0,4647000000.0,-384000000.0,4014000000.0,-2026000000.0,-489000000.0,-2779000000.0,0.0,1944000000.0,1944000000.0,1944000000.0,0.0,-12000000.0,0.028,1479000000.0,2380000000.0,8141000000.0,0.198,1.208,9.886,9.927,9194000000.0,0.0,30.08,0.28,0.28,10625000000.0,11242000000.0,68577000000.0,68577000000.0,0.0,0.054,0.128,0.103,0.047,50000000.0,1479000000.0,1.0,638893389.0,639000000,641000000.0,107.319,42023000000.0,0.0,612000000.0,546000000.0,65.764,10294000000.0
43,ADM,MRT,2010-09-30,2010-09-30,2010-09-30,2021-07-27,-375000000.0,36036000000.0,33424750000.0,22086000000.0,13950000000.0,1.902,24.042,-1376000000.0,862000000.0,862000000.0,59882000000.0,1764000000.0,1.805,1.342,8903000000.0,2069000000.0,6834000000.0,8903000000.0,0.0,955000000.0,0.0,0.018,0.59,2884000000.0,3839000000.0,0.06,3839000000.0,2884000000.0,2345000000.0,2.76,2.77,2.76,15387000000.0,14895500000.0,15387000000.0,26909242477.0,9.0,7.009,-1555000000.0,-2.43,1.0,3678000000.0,0.058,531000000.0,539000000.0,31311000000.0,29637750000.0,9024000000.0,7217000000.0,3440000000.0,3777000000.0,20649000000.0,12235000000.0,8414000000.0,20407242477.0,-1528000000.0,-208000000.0,-131000000.0,957000000.0,-378000000.0,389000000.0,-1738000000.0,-204000000.0,-179000000.0,0.0,1779000000.0,1779000000.0,1779000000.0,0.0,-15000000.0,0.028,1425000000.0,2253000000.0,7025000000.0,0.214,1.326,11.471,11.565,8908000000.0,0.0,31.92,0.321,0.321,8174000000.0,10605000000.0,63560000000.0,63560000000.0,0.0,0.053,0.119,0.097,0.045,50000000.0,1425000000.0,1.0,639324639.0,640000000,641000000.0,99.312,35505000000.0,0.0,566000000.0,395000000.0,55.477,9851000000.0
44,ADM,MRT,2010-06-30,2010-06-30,2010-06-30,2021-07-27,-899000000.0,31808000000.0,32381000000.0,18394000000.0,13414000000.0,1.905,22.754,-1572000000.0,1046000000.0,1046000000.0,57839000000.0,1919000000.0,2.082,1.174,7548000000.0,718000000.0,6830000000.0,7548000000.0,0.0,912000000.0,0.0,0.022,0.58,3018000000.0,3930000000.0,0.064,3930000000.0,3018000000.0,2596000000.0,3.0,3.0,3.0,14631000000.0,14609500000.0,14631000000.0,22365547050.0,7.0,5.691,1112000000.0,1.729,1.0,3843000000.0,0.062,523000000.0,422000000.0,28954000000.0,28877500000.0,7871000000.0,6208000000.0,2731000000.0,3477000000.0,17177000000.0,8833000000.0,8344000000.0,16603547050.0,-9000000.0,-208000000.0,-100000000.0,-496000000.0,-372000000.0,-1028000000.0,-1665000000.0,67000000.0,2684000000.0,0.0,1930000000.0,1930000000.0,1930000000.0,0.0,-11000000.0,0.031,1398000000.0,2445000000.0,5538000000.0,0.193,1.135,8.603,8.607,8712000000.0,0.0,25.82,0.269,0.269,6122000000.0,10357000000.0,61682000000.0,61682000000.0,0.0,0.06,0.132,0.105,0.049,45000000.0,1398000000.0,1.0,643049847.0,643000000,644000000.0,95.928,31285000000.0,0.0,666000000.0,439000000.0,48.655,9561000000.0
45,ADM,MRT,2010-03-31,2010-03-31,2010-03-31,2021-07-27,-512000000.0,32326000000.0,32324500000.0,19200000000.0,13126000000.0,1.934,22.969,-1634000000.0,1659000000.0,1659000000.0,59233000000.0,1534000000.0,2.079,1.189,7421000000.0,511000000.0,6910000000.0,7421000000.0,0.0,877000000.0,0.0,0.02,0.57,2566000000.0,3443000000.0,0.055,3443000000.0,2566000000.0,2097000000.0,2.39,2.4,2.39,14769000000.0,14365000000.0,14769000000.0,25118882328.0,10.0,7.296,631000000.0,0.981,1.0,3278000000.0,0.052,519000000.0,469000000.0,28333000000.0,28915500000.0,8219000000.0,6252000000.0,2908000000.0,3344000000.0,17557000000.0,9236000000.0,8321000000.0,18570882328.0,-529000000.0,-228000000.0,0.0,-505000000.0,-366000000.0,-932000000.0,-1862000000.0,5000000.0,2265000000.0,0.0,1542000000.0,1542000000.0,1542000000.0,0.0,-8000000.0,0.025,1387000000.0,1891000000.0,6406000000.0,0.238,1.257,12.043,12.092,8642000000.0,0.0,28.9,0.297,0.297,5876000000.0,10011000000.0,62511000000.0,62511000000.0,0.0,0.048,0.107,0.089,0.041,106000000.0,1387000000.0,1.0,642591084.0,643000000,645000000.0,97.218,31807000000.0,0.0,555000000.0,425000000.0,49.467,9964000000.0
46,ADM,MRT,2009-12-31,2009-12-31,2009-12-31,2021-07-27,-155000000.0,33529000000.0,32236750000.0,20388000000.0,13141000000.0,1.93,23.009,-1735000000.0,1317000000.0,1317000000.0,59172000000.0,1121000000.0,2.124,1.266,7865000000.0,467000000.0,7398000000.0,7865000000.0,0.0,830000000.0,0.0,0.018,0.56,2170000000.0,3000000000.0,0.048,3000000000.0,2170000000.0,1701000000.0,1.75,1.75,1.75,14795000000.0,14029500000.0,14795000000.0,25599054583.0,12.0,8.533,-879000000.0,-1.367,1.0,3036000000.0,0.049,524000000.0,469000000.0,29953000000.0,28815250000.0,9126000000.0,5848000000.0,2504000000.0,3344000000.0,18734000000.0,9600000000.0,9134000000.0,20112054583.0,-931000000.0,-225000000.0,0.0,-343000000.0,-360000000.0,-693000000.0,-1094000000.0,845000000.0,856000000.0,0.0,1124000000.0,1124000000.0,1124000000.0,0.0,-3000000.0,0.018,1378000000.0,1658000000.0,6832000000.0,0.32,1.359,17.893,17.891,8636000000.0,0.0,31.31,0.323,0.324,7075000000.0,9686000000.0,62208000000.0,62208000000.0,0.0,0.035,0.08,0.075,0.035,96000000.0,1378000000.0,1.0,642352430.0,643000000,645000000.0,96.747,33005000000.0,0.0,577000000.0,553000000.0,51.33,10788000000.0
47,ADM,MRT,2009-09-30,2009-09-30,2009-09-30,2021-07-27,-197000000.0,31861000000.0,32329750000.0,19155000000.0,12706000000.0,1.948,22.185,-1872000000.0,2390000000.0,2390000000.0,59773000000.0,1139000000.0,2.241,1.237,7877000000.0,304000000.0,7573000000.0,7877000000.0,0.0,812000000.0,0.0,0.019,0.55,2196000000.0,3008000000.0,0.048,3008000000.0,2196000000.0,1727000000.0,1.77,1.77,1.77,14243000000.0,13754250000.0,14243000000.0,25909399683.0,12.0,8.613,781000000.0,1.217,1.0,3195000000.0,0.051,531000000.0,469000000.0,28270000000.0,28430500000.0,7139000000.0,5916000000.0,2713000000.0,3203000000.0,17618000000.0,8547000000.0,9071000000.0,18760399683.0,-142000000.0,-167000000.0,0.0,-447000000.0,-353000000.0,-794000000.0,-2001000000.0,34000000.0,2653000000.0,0.0,1135000000.0,1135000000.0,1135000000.0,0.0,4000000.0,0.018,1357000000.0,1838000000.0,5812000000.0,0.311,1.317,16.529,16.508,8366000000.0,0.0,29.22,0.298,0.298,6600000000.0,9185000000.0,62968000000.0,62968000000.0,0.0,0.035,0.083,0.077,0.035,85000000.0,1357000000.0,1.0,642039688.0,642000000,644000000.0,98.081,31330000000.0,0.0,592000000.0,316000000.0,48.801,10608000000.0
48,ADM,MRT,2009-06-30,2009-06-30,2009-06-30,2021-07-27,-355000000.0,31582000000.0,33041250000.0,19408000000.0,12174000000.0,2.095,21.233,-1833000000.0,1055000000.0,1055000000.0,65118000000.0,1688000000.0,2.184,1.313,7996000000.0,404000000.0,7592000000.0,7996000000.0,0.0,780000000.0,0.0,0.02,0.54,2965000000.0,3745000000.0,0.054,3745000000.0,2965000000.0,2496000000.0,2.62,2.62,2.62,13653000000.0,13576750000.0,13653000000.0,23047327204.0,8.0,6.154,3508000000.0,5.456,1.0,4089000000.0,0.059,532000000.0,469000000.0,29106000000.0,28382500000.0,7782000000.0,6015000000.0,2930000000.0,3085000000.0,17929000000.0,8885000000.0,9044000000.0,17186327204.0,245000000.0,45000000.0,-100000000.0,-2789000000.0,-347000000.0,-3225000000.0,-1871000000.0,-90000000.0,5341000000.0,0.0,1684000000.0,1684000000.0,1684000000.0,0.0,4000000.0,0.024,1412000000.0,2677000000.0,5786000000.0,0.206,1.259,10.206,10.218,7950000000.0,0.0,26.77,0.248,0.249,7311000000.0,8778000000.0,69207000000.0,69207000000.0,0.0,0.051,0.124,0.104,0.043,65000000.0,1412000000.0,1.0,641999522.0,643000000,644000000.0,107.631,31050000000.0,0.0,812000000.0,308000000.0,48.289,10523000000.0
49,ADM,MRT,2009-03-31,2009-03-31,2009-03-31,2021-07-27,-455000000.0,31975000000.0,34409750000.0,20314000000.0,11661000000.0,2.164,20.882,-1819000000.0,2188000000.0,2188000000.0,69924000000.0,1984000000.0,2.159,1.381,8049000000.0,298000000.0,7751000000.0,8049000000.0,0.0,803000000.0,0.0,0.019,0.53,2946000000.0,3749000000.0,0.05,3749000000.0,2946000000.0,2946000000.0,3.07,3.06,3.07,13427000000.0,13536000000.0,13427000000.0,23946690893.0,8.0,6.387,3995000000.0,6.213,1.0,4535000000.0,0.061,493000000.0,0.0,27932000000.0,29147000000.0,7840000000.0,5609000000.0,2620000000.0,2989000000.0,18548000000.0,9411000000.0,9137000000.0,17831690893.0,982000000.0,247000000.0,-100000000.0,-2916000000.0,-341000000.0,-3343000000.0,-1489000000.0,108000000.0,5814000000.0,0.0,1976000000.0,1976000000.0,1976000000.0,0.0,8000000.0,0.027,1440000000.0,3095000000.0,6450000000.0,0.173,1.328,9.024,9.049,7583000000.0,0.0,27.78,0.239,0.24,7236000000.0,8866000000.0,74459000000.0,74459000000.0,0.0,0.057,0.146,0.101,0.04,70000000.0,1440000000.0,1.0,641889521.0,643000000,644000000.0,115.799,31482000000.0,0.0,970000000.0,644000000.0,48.961,10903000000.0
50,ADM,MRT,2008-12-31,2008-12-31,2008-12-31,2021-07-27,-252000000.0,33901000000.0,35544250000.0,22104000000.0,11797000000.0,2.204,21.33,-1846000000.0,2248000000.0,2248000000.0,73282000000.0,2497000000.0,1.991,1.476,8363000000.0,612000000.0,7751000000.0,8363000000.0,0.0,788000000.0,0.0,0.018,0.52,3557000000.0,4345000000.0,0.055,4345000000.0,3557000000.0,3557000000.0,3.86,3.86,3.86,13694000000.0,13469750000.0,13694000000.0,24466704069.0,7.0,5.631,3741000000.0,5.827,1.0,5043000000.0,0.064,501000000.0,0.0,28414000000.0,29686250000.0,7681000000.0,6237000000.0,2964000000.0,3273000000.0,20207000000.0,11101000000.0,9106000000.0,18493704069.0,1143000000.0,235000000.0,-100000000.0,-1520000000.0,-335000000.0,-1938000000.0,-2506000000.0,-876000000.0,5587000000.0,0.0,2489000000.0,2489000000.0,2489000000.0,0.0,8000000.0,0.032,1473000000.0,3570000000.0,6762000000.0,0.135,1.35,7.43,7.469,7412000000.0,0.0,28.83,0.236,0.236,8673000000.0,8947000000.0,78325000000.0,78325000000.0,0.0,0.07,0.185,0.12,0.045,70000000.0,1473000000.0,1.0,641474300.0,642000000,643000000.0,122.002,33400000000.0,0.0,1068000000.0,620000000.0,52.025,11003000000.0
51,ADM,MRT,2008-09-30,2008-09-30,2008-09-30,2021-07-27,86000000.0,34707000000.0,35441500000.0,23074000000.0,11633000000.0,2.205,21.014,-1828000000.0,2532000000.0,2532000000.0,73369000000.0,2391000000.0,1.907,1.565,8505000000.0,751000000.0,7754000000.0,8505000000.0,0.0,759000000.0,0.0,0.023,0.505,3426000000.0,4185000000.0,0.054,4185000000.0,3426000000.0,3426000000.0,3.7,3.69,3.7,13533000000.0,13127250000.0,13533000000.0,24350901122.0,7.0,5.819,858000000.0,1.332,1.0,4779000000.0,0.061,501000000.0,0.0,28078000000.0,29415000000.0,8333000000.0,6131000000.0,2738000000.0,3393000000.0,21174000000.0,12101000000.0,9073000000.0,14115901122.0,1411000000.0,237000000.0,-101000000.0,1098000000.0,-326000000.0,695000000.0,-1970000000.0,-370000000.0,2686000000.0,0.0,2384000000.0,2384000000.0,2384000000.0,0.0,7000000.0,0.031,1474000000.0,3305000000.0,7189000000.0,0.136,1.043,5.921,5.922,7155000000.0,0.0,21.91,0.181,0.181,8884000000.0,8446000000.0,78148000000.0,78148000000.0,0.0,0.067,0.182,0.116,0.044,70000000.0,1474000000.0,1.0,644267509.0,644000000,645000000.0,121.348,34206000000.0,0.0,1042000000.0,548000000.0,53.115,10973000000.0
52,ADM,MRT,2008-06-30,2008-06-30,2008-06-30,2021-07-27,957000000.0,37056000000.0,34112750000.0,25455000000.0,11601000000.0,2.047,20.947,-1727000000.0,810000000.0,810000000.0,65974000000.0,1786000000.0,1.741,1.747,11045000000.0,3355000000.0,7690000000.0,11045000000.0,0.0,767000000.0,0.0,0.015,0.49,2588000000.0,3355000000.0,0.048,3355000000.0,2588000000.0,2588000000.0,2.76,2.75,2.76,13490000000.0,12699000000.0,13490000000.0,31522391732.0,12.0,9.396,-4931000000.0,-7.657,1.0,3842000000.0,0.055,506000000.0,0.0,32164000000.0,28332750000.0,10160000000.0,5853000000.0,2490000000.0,3363000000.0,23566000000.0,14621000000.0,8945000000.0,21732391732.0,147000000.0,20000000.0,-61000000.0,5600000000.0,-316000000.0,5246000000.0,-1895000000.0,-183000000.0,-3204000000.0,0.0,1780000000.0,1780000000.0,1780000000.0,0.0,6000000.0,0.025,1419000000.0,2423000000.0,6544000000.0,0.178,1.611,12.209,12.228,7125000000.0,0.0,33.75,0.311,0.311,11483000000.0,7494000000.0,69816000000.0,69816000000.0,0.0,0.052,0.14,0.091,0.037,70000000.0,1419000000.0,1.0,643922718.0,644000000,646000000.0,108.41,36550000000.0,0.0,808000000.0,473000000.0,56.755,10834000000.0
53,ADM,MRT,2008-03-31,2008-03-31,2008-03-31,2021-07-27,835000000.0,36513000000.0,31128250000.0,25229000000.0,11284000000.0,1.935,20.438,-1621000000.0,1206000000.0,1206000000.0,56493000000.0,2385000000.0,1.588,1.774,10996000000.0,4970000000.0,6026000000.0,10996000000.0,0.0,721000000.0,0.0,0.012,0.475,3480000000.0,4201000000.0,0.07,4201000000.0,3480000000.0,3480000000.0,3.69,3.68,3.69,13162000000.0,12139750000.0,13162000000.0,35212612774.0,10.0,8.382,-4451000000.0,-6.911,1.0,3753000000.0,0.062,329000000.0,0.0,30089000000.0,25680500000.0,10569000000.0,6150000000.0,2620000000.0,3530000000.0,23351000000.0,15885000000.0,7466000000.0,26489612774.0,309000000.0,369000000.0,-61000000.0,4513000000.0,-306000000.0,4172000000.0,-1033000000.0,246000000.0,-2830000000.0,0.0,2385000000.0,2385000000.0,2385000000.0,0.0,0.0,0.04,1364000000.0,2389000000.0,6936000000.0,0.129,2.013,11.107,11.154,6860000000.0,0.0,41.16,0.44,0.44,10447000000.0,7206000000.0,60246000000.0,60246000000.0,0.0,0.077,0.196,0.136,0.058,18000000.0,1364000000.0,1.0,643576598.0,644000000,646000000.0,93.55,36184000000.0,0.0,1095000000.0,597000000.0,56.186,9344000000.0
54,ADM,MRT,2007-12-31,2007-12-31,2007-12-31,2021-07-27,468000000.0,33490000000.0,28337854000.0,22660000000.0,10830000000.0,1.867,19.166,-1489000000.0,1105000000.0,1105000000.0,49577537000.0,2231987000.0,1.556,1.717,9828000000.0,4595000000.0,5233000000.0,9828000000.0,0.0,716000000.0,0.0,0.01,0.46,3282020000.0,3998020000.0,0.076,3998020000.0,3282020000.0,3282020000.0,3.45,3.43,3.45,12324000000.0,11519087250.0,12324000000.0,36051413297.0,11.0,9.017,-3816000000.0,-5.935,1.0,3341502000.0,0.063,323000000.0,0.0,27329000000.0,23709481000.0,9517000000.0,4737000000.0,1322000000.0,3415000000.0,21166000000.0,14561000000.0,6605000000.0,29849413297.0,282000000.0,344000000.0,-458000000.0,3950000000.0,-298000000.0,3091000000.0,-482000000.0,687000000.0,-2327000000.0,0.0,2231987000.0,2231987000.0,2231987000.0,0.0,0.0,0.042,1278954000.0,2062548000.0,6156000000.0,0.133,2.422,13.373,13.458,6574000000.0,0.0,46.43,0.564,0.564,10026000000.0,6773000000.0,52919039000.0,52919039000.0,0.0,0.079,0.194,0.138,0.062,18000000.0,1278954000.0,1.0,642890659.0,643000000,646000000.0,82.3,33167000000.0,0.0,1050033000.0,599000000.0,51.582,8099000000.0
55,ADM,MRT,2007-09-30,2007-09-30,2007-09-30,2021-07-27,389000000.0,29392000000.0,26226757500.0,19018000000.0,10374000000.0,1.807,18.354,-1263000000.0,1121000000.0,1121000000.0,44097537000.0,2199987000.0,1.65,1.487,7323000000.0,2590000000.0,4733000000.0,7323000000.0,0.0,715000000.0,0.0,0.013,0.445,3226020000.0,3941020000.0,0.083,3941020000.0,3226020000.0,3226020000.0,3.38,3.37,3.38,11820000000.0,11131258250.0,11820000000.0,25911796034.0,8.0,6.575,-2247000000.0,-3.489,1.0,3301502000.0,0.07,319000000.0,0.0,23749000000.0,22063294750.0,7747000000.0,4490000000.0,1182000000.0,3308000000.0,17572000000.0,11526000000.0,6046000000.0,21289796034.0,163000000.0,341000000.0,-593000000.0,2390000000.0,-289000000.0,1410000000.0,-263000000.0,660000000.0,-984000000.0,0.0,2199987000.0,2199987000.0,2199987000.0,0.0,0.0,0.046,1238954000.0,2062548000.0,5512000000.0,0.132,1.801,9.677,9.787,6228000000.0,0.0,33.08,0.449,0.449,8428000000.0,6375000000.0,47399039000.0,47399039000.0,0.0,0.084,0.198,0.146,0.068,18000000.0,1238954000.0,1.0,643585128.0,644000000,647000000.0,73.601,29073000000.0,0.0,1026033000.0,552000000.0,45.144,7492000000.0
56,ADM,MRT,2007-06-30,2007-06-30,2007-06-30,2021-07-27,181000000.0,25118000000.0,24371762500.0,15122000000.0,9996000000.0,1.806,17.286,-1153000000.0,663000000.0,663000000.0,40781000000.0,2162000000.0,1.922,1.232,5285000000.0,533000000.0,4752000000.0,5285000000.0,0.0,701000000.0,0.0,0.013,0.43,3154000000.0,3855000000.0,0.088,3855000000.0,3154000000.0,3154000000.0,3.32,3.3,3.32,11253000000.0,10748694500.0,11253000000.0,27074195460.0,9.0,7.023,-850000000.0,-1.306,1.0,3237000000.0,0.074,317000000.0,0.0,21555000000.0,20898574750.0,6060000000.0,4791000000.0,1636000000.0,3155000000.0,13865000000.0,7868000000.0,5997000000.0,21598809460.0,-450000000.0,326000000.0,-533000000.0,507000000.0,-281000000.0,-398000000.0,-355000000.0,475000000.0,303000000.0,0.0,2162000000.0,2162000000.0,2162000000.0,0.0,0.0,0.049,1195000000.0,2042000000.0,4919000000.0,0.13,1.919,9.99,9.967,6010000000.0,0.0,33.09,0.491,0.489,6404000000.0,5982000000.0,44018000000.0,44018000000.0,0.0,0.089,0.201,0.151,0.072,18000000.0,1195000000.0,1.0,652729207.0,651000000,656000000.0,67.616,24801000000.0,0.0,992000000.0,532000000.0,38.097,7254000000.0
57,ADM,MRT,2007-03-31,2007-03-31,2007-03-31,2021-07-27,523226000.0,25351416000.0,23409512500.0,15243358000.0,10108058000.0,1.766,16.459,-1060531000.0,896526000.0,896526000.0,38002673000.0,1617176000.0,1.836,1.374,6371912000.0,1214641000.0,5157271000.0,6371912000.0,0.0,686220000.0,0.0,0.011,0.415,2342621000.0,3028841000.0,0.073,3028841000.0,2342621000.0,2342621000.0,2.47,2.45,2.47,10679349000.0,10387194500.0,10679349000.0,28956175897.0,12.0,9.56,-618211000.0,-0.953,1.0,3348591000.0,0.081,320322000.0,0.0,22204924000.0,20097074750.0,6603449000.0,4628356000.0,1402389000.0,3225967000.0,14672067000.0,8301556000.0,6370511000.0,23955161897.0,-20808000.0,-77212000.0,-534926000.0,1549186000.0,-272567000.0,671565000.0,-1134693000.0,-41806000.0,442320000.0,0.0,1617176000.0,1617176000.0,1617176000.0,0.0,0.0,0.039,1198812000.0,2149779000.0,4872322000.0,0.168,2.243,14.813,14.858,5822959000.0,0.0,36.7,0.579,0.576,5805087000.0,5088222000.0,41351264000.0,41351264000.0,0.0,0.069,0.156,0.117,0.057,0.0,1198812000.0,1.0,652729207.0,648828000,652590000.0,63.732,25031094000.0,0.0,725445000.0,676650000.0,38.579,6941802000.0
58,ADM,MRT,2006-12-31,2006-12-31,2006-12-31,2021-07-27,521146000.0,25045614000.0,22208278750.0,15192900000.0,9852714000.0,1.76,16.397,-961690000.0,822780000.0,822780000.0,35719245000.0,1601985000.0,1.691,1.325,5823794000.0,1812600000.0,4011194000.0,5823794000.0,0.0,674735000.0,0.0,0.013,0.4,2279564000.0,2954299000.0,0.076,2954299000.0,2279564000.0,2279564000.0,2.44,2.43,2.44,10772684000.0,10011206750.0,10772684000.0,24862024424.0,11.0,8.416,-625889000.0,-0.953,1.0,3373821000.0,0.086,319799000.0,0.0,20744255000.0,19011710250.0,6286536000.0,4420305000.0,1341718000.0,3078587000.0,14272930000.0,8982574000.0,5290356000.0,21005588424.0,-446000.0,-112408000.0,-137971000.0,1098663000.0,-261979000.0,760567000.0,-1096814000.0,-38383000.0,335801000.0,0.0,1601985000.0,1601985000.0,1601985000.0,0.0,0.0,0.041,1202153000.0,2171668000.0,5175348000.0,0.164,1.95,13.112,13.098,5697770000.0,0.0,31.96,0.537,0.537,5978888000.0,4793889000.0,39093066000.0,39093066000.0,0.0,0.072,0.16,0.12,0.058,0.0,1202153000.0,1.0,657246196.0,657000000,661000000.0,59.502,24725815000.0,0.0,677579000.0,743128000.0,37.634,6210326000.0
59,ADM,MRT,2006-09-30,2006-09-30,2006-09-30,2021-07-27,299457000.0,21972020000.0,20971552250.0,12379207000.0,9592813000.0,1.784,15.662,-793982000.0,958491000.0,958491000.0,34166762000.0,1528662000.0,1.929,1.135,4814927000.0,802251000.0,4012676000.0,4814927000.0,0.0,663827000.0,0.0,0.01,0.385,2157268000.0,2821095000.0,0.075,2821095000.0,2157268000.0,2157268000.0,2.33,2.32,2.33,10289745000.0,9534373750.0,10289745000.0,28405221354.0,13.0,10.069,253988000.0,0.387,1.0,3249289000.0,0.087,321649000.0,0.0,19090120000.0,18221415250.0,5003778000.0,4385559000.0,1213600000.0,3171959000.0,11682275000.0,6416687000.0,5265588000.0,24838564354.0,-196417000.0,-196132000.0,-1982000.0,66478000.0,-252509000.0,-136838000.0,-1107549000.0,-113393000.0,1047970000.0,0.0,1528662000.0,1528662000.0,1528662000.0,0.0,0.0,0.041,1198545000.0,2050744000.0,4115458000.0,0.165,2.414,16.249,16.258,5378873000.0,0.0,37.88,0.664,0.665,4774548000.0,4418366000.0,37416051000.0,37416051000.0,0.0,0.073,0.16,0.118,0.058,0.0,1198545000.0,1.0,655717116.0,657000000,661000000.0,56.95,21650371000.0,0.0,628606000.0,745652000.0,32.953,5962520000.0
60,ADM,MRT,2006-06-30,2006-06-30,2006-06-30,2021-07-27,214000000.0,21269000000.0,20441745500.0,11826000000.0,9443000000.0,1.79,14.995,-708000000.0,1113000000.0,1113000000.0,33630000000.0,1312000000.0,1.918,1.169,4680000000.0,630000000.0,4050000000.0,4680000000.0,0.0,657000000.0,0.0,0.009,0.37,1855000000.0,2512000000.0,0.069,2512000000.0,1855000000.0,1855000000.0,2.01,2.0,2.01,9807000000.0,9124549500.0,9807000000.0,30810232541.0,17.0,12.265,668000000.0,1.021,1.0,2966000000.0,0.081,322000000.0,0.0,18349000000.0,17752975000.0,4677000000.0,4317000000.0,1221000000.0,3096000000.0,11462000000.0,6165000000.0,5297000000.0,27015184541.0,591000000.0,-250000000.0,-2000000.0,483000000.0,-242000000.0,284000000.0,-1069000000.0,-104000000.0,1376000000.0,0.0,1312000000.0,1312000000.0,1312000000.0,0.0,0.0,0.036,1193000000.0,1773000000.0,4014000000.0,0.184,2.755,20.591,20.537,5293000000.0,0.0,41.28,0.738,0.738,4471000000.0,4082000000.0,36596000000.0,36596000000.0,0.0,0.064,0.144,0.104,0.051,0.0,1193000000.0,1.0,654437610.0,654000000,656000000.0,55.957,20947000000.0,0.0,543000000.0,757000000.0,32.029,5661000000.0
61,ADM,MRT,2006-03-31,2006-03-31,2006-03-31,2021-07-27,-31554000.0,20546481000.0,19774021750.0,11332370000.0,9214111000.0,1.844,14.03,-649318000.0,918228000.0,918228000.0,33810752000.0,1096910000.0,1.84,1.239,4713276000.0,685489000.0,4027787000.0,4713276000.0,0.0,648181000.0,0.0,0.011,0.355,1540064000.0,2188245000.0,0.06,2188245000.0,1540064000.0,1540064000.0,1.68,1.67,1.68,9175398000.0,8781167500.0,9175398000.0,25790693226.0,17.0,11.786,332610000.0,0.509,1.0,2660915000.0,0.073,318978000.0,0.0,17863466000.0,17306360000.0,4456077000.0,4235504000.0,1139969000.0,3095535000.0,11371083000.0,6159085000.0,5211998000.0,22000748226.0,256132000.0,-230508000.0,-161767000.0,699946000.0,-231466000.0,354841000.0,-1080637000.0,-179388000.0,981928000.0,0.0,1096910000.0,1096910000.0,1096910000.0,0.0,0.0,0.03,1175497000.0,1485418000.0,3916285000.0,0.211,2.398,20.057,20.03,5235524000.0,0.0,33.65,0.603,0.603,4486541000.0,3735882000.0,36471667000.0,36471667000.0,0.0,0.055,0.125,0.089,0.042,0.0,1175497000.0,1.0,653811240.0,653977000,657095000.0,55.769,20227503000.0,0.0,443154000.0,681671000.0,30.93,5173285000.0
62,ADM,MRT,2005-12-31,2005-12-31,2005-12-31,2021-07-27,-36387000.0,20098708000.0,19382850750.0,11034045000.0,9064663000.0,1.849,13.571,-624197000.0,823866000.0,823866000.0,33367958000.0,1018209000.0,1.845,1.267,4613811000.0,588699000.0,4025112000.0,4613811000.0,0.0,655179000.0,0.0,0.014,0.34,1456137000.0,2111316000.0,0.059,2111316000.0,1456137000.0,1456137000.0,1.56,1.55,1.56,8865352000.0,8630594500.0,8865352000.0,19673776832.0,14.0,9.318,903120000.0,1.382,1.0,2465039000.0,0.069,323845000.0,0.0,17583075000.0,16976208500.0,4363055000.0,4071382000.0,993130000.0,3078252000.0,11233356000.0,5981733000.0,5251623000.0,16107383832.0,489334000.0,-122089000.0,-155941000.0,142201000.0,-221846000.0,-195440000.0,-842543000.0,-87772000.0,1527317000.0,0.0,1018209000.0,1018209000.0,1018209000.0,0.0,0.0,0.028,1158597000.0,1306442000.0,3947440000.0,0.218,1.817,15.819,15.808,5170551000.0,0.0,24.66,0.45,0.45,4225498000.0,3414407000.0,35832997000.0,35832997000.0,0.0,0.053,0.118,0.086,0.041,0.0,1158597000.0,1.0,653178582.0,653267000,655507000.0,54.852,19774863000.0,0.0,437928000.0,679951000.0,30.271,5052312000.0
63,ADM,MRT,2005-09-30,2005-09-30,2005-09-30,2021-07-27,78287000.0,19852793000.0,19201979500.0,10819070000.0,9033723000.0,1.854,13.269,-607066000.0,1154837000.0,1154837000.0,33247259000.0,964041000.0,1.847,1.295,4721230000.0,649686000.0,4071544000.0,4721230000.0,0.0,661726000.0,0.0,0.013,0.33,1403795000.0,2065521000.0,0.058,2065521000.0,1403795000.0,1403795000.0,1.48,1.47,1.48,8650448000.0,8546930500.0,8650448000.0,19698456345.0,14.0,9.537,924745000.0,1.418,1.0,2350279000.0,0.066,345022000.0,0.0,17216359000.0,16933085000.0,4159299000.0,3919964000.0,891732000.0,3028232000.0,11202345000.0,5857805000.0,5344540000.0,16041990345.0,647400000.0,-18197000.0,-144347000.0,-138971000.0,-215462000.0,-460955000.0,-423456000.0,197453000.0,1531811000.0,0.0,964041000.0,964041000.0,964041000.0,0.0,0.0,0.027,1133946000.0,1216333000.0,3643017000.0,0.223,1.854,16.64,16.662,5213529000.0,0.0,24.66,0.451,0.452,4309043000.0,3141295000.0,35597538000.0,35597538000.0,0.0,0.05,0.113,0.083,0.039,0.0,1133946000.0,1.0,650526778.0,651945000,653805000.0,54.602,19507771000.0,0.0,439754000.0,771190000.0,29.922,4961265000.0
64,ADM,MRT,2005-06-30,2005-06-30,2005-06-30,2021-07-27,36617000.0,18598105000.0,18962127000.0,9710701000.0,8887404000.0,1.896,12.895,-580000000.0,522420000.0,522420000.0,33512000000.0,1044000000.0,1.809,1.205,4178886000.0,648746000.0,3530140000.0,4178886000.0,0.0,665000000.0,0.0,0.015,0.32,1516000000.0,2181000000.0,0.061,2181000000.0,1516000000.0,1516000000.0,1.6,1.59,1.6,8433472000.0,8360182500.0,8433472000.0,17402280288.0,11.0,7.979,1546000000.0,2.364,1.0,2431000000.0,0.068,325167000.0,0.0,16562540000.0,16818043500.0,3906698000.0,3837454000.0,908001000.0,2929453000.0,10164633000.0,5366864000.0,4797769000.0,14035717288.0,-18000000.0,22000000.0,-139000000.0,-1525000000.0,-209000000.0,-1843000000.0,-301000000.0,241000000.0,2126000000.0,0.0,1044000000.0,1044000000.0,1044000000.0,0.0,0.0,0.029,1081000000.0,1350000000.0,3399352000.0,0.2,1.664,13.444,13.363,5184380000.0,0.0,21.38,0.39,0.389,4102263000.0,3011015000.0,35943000000.0,35943000000.0,0.0,0.055,0.125,0.09,0.042,0.0,1081000000.0,1.0,656488180.0,654000000,656000000.0,54.959,18272938000.0,0.0,472000000.0,779427000.0,27.94,4343837000.0
65,ADM,MRT,2005-03-31,2005-03-31,2005-03-31,2021-07-27,201613000.0,18981797000.0,19154806000.0,10044596000.0,8937201000.0,1.89,13.066,-557250000.0,661883000.0,661883000.0,33795824000.0,745840000.0,1.839,1.214,4028446000.0,452969000.0,3575477000.0,4028446000.0,0.0,679919000.0,0.0,0.013,0.31,1091202000.0,1771121000.0,0.049,1771121000.0,1091202000.0,1091202000.0,1.14,1.14,1.14,8573106000.0,8176368500.0,8573106000.0,20296298167.0,19.0,11.46,2418482000.0,3.686,1.0,2410253000.0,0.067,344622000.0,0.0,16542860000.0,17030429750.0,3966730000.0,3884701000.0,1001259000.0,2883442000.0,10408691000.0,5460878000.0,4947813000.0,16123342167.0,-143132000.0,3871000.0,-3358000.0,-2716830000.0,-201461000.0,-2882832000.0,-236032000.0,294760000.0,2975732000.0,0.0,745840000.0,745840000.0,745840000.0,0.0,0.0,0.021,1454340000.0,955913000.0,3651851000.0,0.272,1.881,21.618,21.561,5248860000.0,0.0,24.58,0.445,0.445,3991153000.0,2878684000.0,36206077000.0,36206077000.0,0.0,0.039,0.091,0.064,0.03,0.0,1454340000.0,1.0,655953709.0,656163000,658904000.0,55.178,18637175000.0,0.0,345362000.0,756709000.0,28.403,4583718000.0
66,ADM,MRT,2004-12-31,2004-12-31,2004-12-31,2021-07-27,391547000.0,19375223000.0,19687368500.0,10083993000.0,9291230000.0,1.881,13.024,-507460000.0,334319000.0,334319000.0,34608509000.0,703514000.0,1.741,1.271,4507275000.0,811843000.0,3695432000.0,4507275000.0,0.0,681821000.0,0.0,0.013,0.3,1020627000.0,1702448000.0,0.046,1702448000.0,1020627000.0,1020627000.0,1.08,1.08,1.08,8530696000.0,8003985500.0,8530696000.0,18941601307.0,19.0,11.126,1344867000.0,2.053,1.0,2422416000.0,0.065,343987000.0,0.0,17410581000.0,17549839750.0,4202664000.0,4133498000.0,914316000.0,3219182000.0,10844527000.0,5793611000.0,5050916000.0,14602176307.0,-202806000.0,-66896000.0,6393000.0,-1555869000.0,-194485000.0,-1705144000.0,-349989000.0,199496000.0,1852327000.0,0.0,703514000.0,703514000.0,703514000.0,0.0,0.0,0.019,1425646000.0,996770000.0,3889939000.0,0.278,1.712,20.756,20.657,5272295000.0,0.0,22.31,0.394,0.395,4199284000.0,2665382000.0,37030925000.0,37030925000.0,0.0,0.036,0.088,0.058,0.028,0.0,1425646000.0,1.0,654512609.0,654985000,657120000.0,56.537,19031236000.0,0.0,317113000.0,762515000.0,29.056,4290382000.0
67,ADM,MRT,2004-09-30,2004-09-30,2004-09-30,2021-07-27,54148000.0,18893383000.0,19828220250.0,9854313000.0,9039070000.0,1.874,12.116,-500504000.0,507224000.0,507224000.0,34797901000.0,610826000.0,1.605,1.391,4846649000.0,1156502000.0,3690147000.0,4846649000.0,0.0,686927000.0,0.0,0.017,0.285,886294000.0,1573221000.0,0.042,1573221000.0,886294000.0,886294000.0,0.94,0.94,0.94,7903456000.0,7772782000.0,7903456000.0,16183862167.0,18.0,10.287,375913000.0,0.576,1.0,2358002000.0,0.063,337921000.0,0.0,16756193000.0,17650819250.0,3734443000.0,3928243000.0,910906000.0,3017337000.0,10989927000.0,6138694000.0,4851233000.0,11052887167.0,-258758000.0,-79079000.0,3313000.0,-273923000.0,-184296000.0,-416089000.0,-719086000.0,-167334000.0,876417000.0,0.0,610826000.0,610826000.0,610826000.0,0.0,0.0,0.016,1421546000.0,936456000.0,3590853000.0,0.303,1.398,18.095,18.064,5239996000.0,0.0,16.98,0.297,0.298,4339307000.0,2401019000.0,37155903000.0,37155903000.0,0.0,0.031,0.079,0.05,0.024,0.0,1421546000.0,1.0,650935640.0,652325000,653125000.0,56.959,18555462000.0,0.0,275468000.0,609674000.0,28.445,3715619000.0
68,ADM,MRT,2004-06-30,2004-06-30,2004-06-30,2021-07-27,82955000.0,19368821000.0,19526471750.0,10338996000.0,9029825000.0,1.851,11.886,-452011000.0,540207000.0,540207000.0,34003070000.0,494710000.0,1.532,1.516,5671182000.0,1931307000.0,3739875000.0,5671182000.0,0.0,685613000.0,0.0,0.016,0.27,718011000.0,1403624000.0,0.039,1403624000.0,718011000.0,718011000.0,0.76,0.76,0.76,7698216000.0,7601175250.0,7698216000.0,16788731228.0,23.0,11.961,-418672000.0,-0.646,1.0,2148324000.0,0.059,337474000.0,0.0,17412085000.0,17505717500.0,4591648000.0,3865446000.0,871439000.0,2994007000.0,11670605000.0,6750237000.0,4920368000.0,10906619228.0,-224752000.0,-83228000.0,-4113000.0,455749000.0,-174109000.0,316344000.0,-574435000.0,-71294000.0,33339000.0,0.0,494710000.0,494710000.0,494710000.0,0.0,0.0,0.014,1401833000.0,746491000.0,3238230000.0,0.355,1.417,22.046,22.079,5254738000.0,0.0,16.78,0.302,0.301,4040759000.0,2183751000.0,36151394000.0,36151394000.0,0.0,0.025,0.065,0.041,0.02,0.0,1401833000.0,1.0,649977308.0,647698000,649810000.0,55.815,19031347000.0,0.0,223301000.0,653834000.0,29.383,3588759000.0
69,ADM,MRT,2004-03-31,2004-03-31,2004-03-31,2021-07-27,138193000.0,21112047000.0,18979986250.0,12147725000.0,8964322000.0,1.818,12.155,-416548000.0,805015000.0,805015000.0,32466664000.0,692791000.0,1.512,1.678,6687127000.0,2828667000.0,3858460000.0,6687127000.0,0.0,685311000.0,0.0,0.015,0.255,1009040000.0,1694351000.0,0.049,1694351000.0,1009040000.0,1009040000.0,1.07,1.07,1.07,7883574000.0,7443920500.0,7883574000.0,16392485886.0,16.0,9.675,-590696000.0,-0.911,1.0,2046987000.0,0.059,338095000.0,0.0,18620500000.0,17179792750.0,5294399000.0,3824121000.0,881216000.0,2942905000.0,13228473000.0,8035564000.0,5192909000.0,10931639886.0,-8370000.0,-135602000.0,19477000.0,876584000.0,-165424000.0,729520000.0,-563742000.0,-41210000.0,-174148000.0,0.0,692791000.0,692791000.0,692791000.0,0.0,0.0,0.02,1003265000.0,1043722000.0,3711704000.0,0.238,1.387,15.779,15.766,5245672000.0,0.0,16.87,0.317,0.317,4942555000.0,2334306000.0,34513651000.0,34513651000.0,0.0,0.037,0.093,0.059,0.029,0.0,1003265000.0,1.0,647992880.0,648565000,650962000.0,53.215,20773952000.0,0.0,316249000.0,729847000.0,32.031,4112161000.0
70,ADM,MRT,2003-12-31,2003-12-31,2003-12-31,2021-07-27,62068000.0,19938630000.0,18090665750.0,11027823000.0,8910807000.0,1.83,11.758,-405547000.0,537125000.0,537125000.0,31238846000.0,582827000.0,1.523,1.621,5997971000.0,2132847000.0,3865124000.0,5997971000.0,0.0,675469000.0,0.0,0.016,0.24,824310000.0,1499779000.0,0.045,1499779000.0,824310000.0,824310000.0,0.9,0.9,0.9,7605882000.0,7187212000.0,7605882000.0,14151308880.0,17.0,9.436,381800000.0,0.59,1.0,1874316000.0,0.057,342669000.0,0.0,17814499000.0,16472768000.0,5012718000.0,3509822000.0,710827000.0,2798995000.0,12332748000.0,7242308000.0,5090440000.0,9842228880.0,-92230000.0,-193586000.0,-11593000.0,124496000.0,-155489000.0,-43428000.0,-836149000.0,-271958000.0,787347000.0,0.0,582827000.0,582827000.0,582827000.0,0.0,0.0,0.018,982789000.0,891527000.0,3770907000.0,0.267,1.294,16.887,16.911,5332884000.0,0.0,15.22,0.297,0.297,4379613000.0,2156354000.0,33113162000.0,33113162000.0,0.0,0.032,0.081,0.05,0.025,0.0,982789000.0,1.0,646664184.0,646852000,646852000.0,51.191,19595961000.0,0.0,241483000.0,644025000.0,30.294,3785515000.0
71,ADM,MRT,2003-09-30,2003-09-30,2003-09-30,2021-07-27,-136047000.0,17686389000.0,17573377750.0,9095264000.0,8591125000.0,1.806,11.187,-373698000.0,765982000.0,765982000.0,29971131000.0,493251000.0,1.659,1.451,5075062000.0,1219756000.0,3855306000.0,5075062000.0,0.0,662353000.0,0.0,0.018,0.24,693123000.0,1355476000.0,0.043,1355476000.0,693123000.0,693123000.0,0.76,0.76,0.76,7217029000.0,6996598250.0,7217029000.0,12871103549.0,19.0,9.496,779947000.0,1.209,1.0,1760909000.0,0.055,338427000.0,0.0,16175786000.0,16016567000.0,3761037000.0,3075453000.0,599009000.0,2476444000.0,10469360000.0,5481256000.0,4988104000.0,8453404549.0,115410000.0,-243722000.0,-47157000.0,-276321000.0,-155383000.0,-478861000.0,-559374000.0,42287000.0,1153645000.0,0.0,493251000.0,493251000.0,493251000.0,0.0,0.0,0.016,963345000.0,797564000.0,3095923000.0,0.316,1.171,17.138,17.25,5343025000.0,0.0,13.11,0.266,0.267,3672691000.0,1974489000.0,31732040000.0,31732040000.0,0.0,0.028,0.07,0.043,0.022,0.0,963345000.0,1.0,644805839.0,645132000,645132000.0,49.187,17347962000.0,0.0,199872000.0,587554000.0,26.891,3614008000.0
72,ADM,MRT,2003-06-30,2003-06-30,2003-06-30,2021-07-27,-166958000.0,17182879000.0,17373925250.0,8421857000.0,8761022000.0,1.767,10.942,-395891000.0,764959000.0,764959000.0,28980895000.0,451145000.0,1.636,1.431,5182658000.0,1310371000.0,3872287000.0,5182658000.0,0.0,643615000.0,0.0,0.019,0.24,630973000.0,1274588000.0,0.042,1274588000.0,630973000.0,630973000.0,0.7,0.7,0.7,7069197000.0,6876043500.0,7069197000.0,12813264562.0,20.0,10.053,673285000.0,1.042,1.0,1727138000.0,0.056,344720000.0,0.0,16108386000.0,15665941500.0,3550225000.0,3126138000.0,544669000.0,2581469000.0,10113682000.0,5147472000.0,4966210000.0,8293837562.0,238844000.0,-616953000.0,-99241000.0,483572000.0,-155565000.0,228766000.0,-1059098000.0,-57512000.0,1069176000.0,0.0,451145000.0,451145000.0,451145000.0,0.0,0.0,0.015,947694000.0,779444000.0,2848926000.0,0.343,1.173,18.384,18.386,5468716000.0,0.0,12.87,0.27,0.271,3320336000.0,1863150000.0,30708033000.0,30708033000.0,0.0,0.026,0.066,0.04,0.021,0.0,947694000.0,1.0,644431823.0,646086000,646863000.0,47.529,16838159000.0,0.0,179828000.0,543555000.0,26.062,3274385000.0
73,ADM,MRT,2003-03-31,2003-03-31,2003-03-31,2021-07-27,-319779000.0,17554765000.0,16923039250.0,9034964000.0,8519801000.0,1.738,10.623,-398573000.0,1250614000.0,1250614000.0,27709211000.0,468391000.0,1.514,1.56,5770041000.0,1900848000.0,3869193000.0,5770041000.0,0.0,615344000.0,0.0,0.021,0.23,617273000.0,1232617000.0,0.042,1232617000.0,617273000.0,617273000.0,0.72,0.72,0.72,6856740000.0,6797449500.0,6856740000.0,11726584470.0,19.0,9.514,49824000.0,0.077,1.0,1705646000.0,0.058,315329000.0,0.0,15792401000.0,15253383500.0,3946782000.0,2543263000.0,141193000.0,2402070000.0,10698025000.0,5966462000.0,4731563000.0,6972766470.0,-11061000.0,-557338000.0,-115685000.0,934072000.0,-149418000.0,670086000.0,-1129544000.0,-170315000.0,448397000.0,0.0,468391000.0,468391000.0,468391000.0,0.0,0.0,0.016,926767000.0,778879000.0,2869420000.0,0.319,1.017,14.887,15.0,5425935000.0,0.0,10.8,0.237,0.237,3273024000.0,1806939000.0,29414857000.0,29414857000.0,0.0,0.028,0.069,0.04,0.021,0.0,926767000.0,1.0,645626525.0,645445000,645445000.0,45.573,17239436000.0,0.0,148882000.0,639132000.0,26.709,3068502000.0
74,ADM,MRT,2002-12-31,2002-12-31,2002-12-31,2021-07-27,-264614000.0,17869478000.0,16363893250.0,9332880000.0,8536598000.0,1.631,10.591,-371465000.0,1063324000.0,1063324000.0,25013951000.0,468770000.0,1.474,1.611,5817142000.0,1968456000.0,3848686000.0,5817142000.0,0.0,593164000.0,0.0,0.018,0.22,639760000.0,1232924000.0,0.046,1232924000.0,639760000.0,639760000.0,0.72,0.72,0.72,6843427000.0,6706824750.0,6843427000.0,12215581730.0,19.0,9.908,-126394000.0,-0.196,1.0,1681541000.0,0.063,301118000.0,0.0,15989695000.0,14872867750.0,4239958000.0,2595770000.0,165328000.0,2430442000.0,11026051000.0,6332483000.0,4693568000.0,8019615730.0,-162229000.0,-420044000.0,-127602000.0,749249000.0,-143248000.0,479241000.0,-886541000.0,-80927000.0,245071000.0,0.0,468770000.0,468770000.0,468770000.0,0.0,0.0,0.018,895255000.0,786286000.0,3231588000.0,0.306,1.172,17.108,17.222,5402389000.0,0.0,12.4,0.3,0.3,3542237000.0,1729015000.0,26695492000.0,26695492000.0,0.0,0.029,0.07,0.043,0.024,0.0,895255000.0,1.0,646743204.0,646178000,646178000.0,41.313,17568360000.0,0.0,170990000.0,633981000.0,27.188,3000397000.0
75,ADM,MRT,2002-09-30,2002-09-30,2002-09-30,2021-07-27,-300891000.0,16888579000.0,15695170500.0,8349620000.0,8538959000.0,1.552,10.392,-381927000.0,1101687000.0,1101687000.0,22654164000.0,487550000.0,1.391,1.508,5297653000.0,1942265000.0,3355388000.0,5297653000.0,0.0,573059000.0,0.0,0.017,0.21,676519000.0,1249578000.0,0.051,1249578000.0,676519000.0,676519000.0,0.75,0.75,0.75,6734810000.0,6611159500.0,6734810000.0,11639466548.0,17.0,9.315,784201000.0,1.21,1.0,1697942000.0,0.07,307749000.0,0.0,14773284000.0,14438508750.0,3577055000.0,2513477000.0,121517000.0,2391960000.0,10153769000.0,6003512000.0,4150257000.0,8099096548.0,209588000.0,-389894000.0,-219231000.0,337011000.0,-137472000.0,-19692000.0,-936848000.0,-168598000.0,1166128000.0,0.0,487550000.0,487550000.0,487550000.0,0.0,0.0,0.02,858804000.0,839138000.0,2839394000.0,0.28,1.203,16.612,16.68,5431791000.0,0.0,12.51,0.333,0.333,3225883000.0,1636620000.0,24352106000.0,24352106000.0,0.0,0.031,0.074,0.047,0.028,0.0,858804000.0,1.0,647409796.0,648066000,648066000.0,37.577,16580830000.0,0.0,188969000.0,589723000.0,25.585,2346108000.0
76,ADM,MRT,2002-06-30,2002-06-30,2002-06-30,2021-07-27,-248900000.0,15379335000.0,15120949750.0,7326545000.0,8052790000.0,1.495,10.282,-346421000.0,526115000.0,526115000.0,20928438000.0,511093000.0,1.608,1.277,4384557000.0,1273263000.0,3111294000.0,4384557000.0,0.0,566576000.0,0.0,0.016,0.2,718937000.0,1285513000.0,0.057,1285513000.0,718937000.0,718937000.0,0.78,0.78,0.78,6754821000.0,6536544250.0,6754821000.0,11924071085.0,17.0,9.276,956731000.0,1.456,1.0,1683456000.0,0.074,223598000.0,0.0,14458154000.0,14366348000.0,3255412000.0,2935119000.0,404674000.0,2530445000.0,8624514000.0,4556025000.0,4068489000.0,8333165085.0,-63042000.0,-37049000.0,-175867000.0,-626604000.0,-130000000.0,-932471000.0,-433723000.0,-39145000.0,1303152000.0,0.0,511093000.0,511093000.0,511093000.0,0.0,0.0,0.023,826922000.0,856534000.0,2330992000.0,0.256,1.234,16.305,16.397,4890241000.0,0.0,12.79,0.369,0.372,2846425000.0,1567570000.0,22611894000.0,22611894000.0,0.0,0.034,0.078,0.05,0.032,0.0,826922000.0,1.0,651537536.0,656955000,656955000.0,34.419,15155737000.0,0.0,207844000.0,594985000.0,23.07,2770520000.0
77,ADM,MRT,2002-03-31,2002-03-31,2002-03-31,2021-07-27,-447894000.0,15318181000.0,14861098750.0,7358945000.0,7959236000.0,1.388,9.936,-304130000.0,911375000.0,911375000.0,18968968000.0,454926000.0,1.586,1.359,4502281000.0,1132803000.0,3369478000.0,4502281000.0,0.0,562350000.0,0.0,0.014,0.2,682850000.0,1245200000.0,0.06,1245200000.0,682850000.0,682850000.0,0.69,0.69,0.69,6494241000.0,6430759750.0,6494241000.0,12775578295.0,19.0,10.26,1367205000.0,2.092,1.0,1664958000.0,0.081,0.0,0.0,14270338000.0,14353254000.0,3390009000.0,2651852000.0,118442000.0,2533410000.0,8823940000.0,4638749000.0,4185191000.0,9118174295.0,344893000.0,-149053000.0,-202392000.0,-584329000.0,-128909000.0,-915630000.0,-410812000.0,47399000.0,1671335000.0,0.0,454926000.0,454926000.0,454926000.0,0.0,0.0,0.022,781214000.0,883744000.0,2422457000.0,0.29,1.404,20.043,20.188,4914423000.0,0.0,13.93,0.442,0.441,2630052000.0,1487966000.0,20633926000.0,20633926000.0,0.0,0.031,0.071,0.048,0.033,0.0,781214000.0,1.0,654571019.0,653586000,653586000.0,31.57,15318181000.0,0.0,227924000.0,618707000.0,23.437,2720196000.0
78,ADM,MRT,2001-12-31,2001-12-31,2001-12-31,2021-07-27,-441083000.0,15194587000.0,14570299500.0,7078735000.0,8115852000.0,1.412,9.785,-297588000.0,878513000.0,878513000.0,18930740000.0,430891000.0,1.539,1.352,4535917000.0,1176350000.0,3359567000.0,4535917000.0,0.0,561854000.0,0.0,0.014,0.2,644630000.0,1206484000.0,0.059,1206484000.0,644630000.0,644630000.0,0.65,0.65,0.65,6460766000.0,6363823250.0,6460766000.0,13399294172.0,21.0,11.106,1154761000.0,1.749,1.0,1644367000.0,0.08,0.0,0.0,14252259000.0,14484345500.0,3272616000.0,2796238000.0,148581000.0,2647657000.0,8733821000.0,4599732000.0,4134089000.0,9489690172.0,350888000.0,-226973000.0,-174937000.0,-425122000.0,-127885000.0,-727944000.0,-373517000.0,159730000.0,1452349000.0,0.0,430891000.0,430891000.0,430891000.0,0.0,0.0,0.021,768272000.0,876095000.0,2450883000.0,0.308,1.469,22.023,22.077,4955715000.0,0.0,14.35,0.461,0.461,2489286000.0,1403493000.0,20575107000.0,20575107000.0,0.0,0.03,0.068,0.045,0.031,0.0,768272000.0,1.0,661302451.0,660285000,660285000.0,31.161,15194587000.0,0.0,213739000.0,620011000.0,23.012,2479003000.0
79,ADM,MRT,2001-09-30,2001-09-30,2001-09-30,2021-07-27,-455574000.0,14591696000.0,14546114500.0,6567506000.0,8024190000.0,1.379,9.714,-261574000.0,527913000.0,527913000.0,18498723000.0,405473000.0,1.635,1.267,4437517000.0,1054916000.0,3382601000.0,4437517000.0,0.0,565871000.0,0.0,0.016,0.2,603632000.0,1169503000.0,0.058,1169503000.0,603632000.0,603632000.0,0.61,0.61,0.61,6436349000.0,6346110250.0,6436349000.0,11880551205.0,20.0,10.159,563944000.0,0.851,1.0,1553387000.0,0.077,0.0,0.0,14484641000.0,14613696000.0,2850640000.0,2627960000.0,148878000.0,2479082000.0,8155347000.0,4016659000.0,4138688000.0,7947723205.0,,-290943000.0,,,,,-283885000.0,297236000.0,825518000.0,,405473000.0,405473000.0,405473000.0,0.0,0.0,0.02,745969000.0,807418000.0,2014878000.0,0.328,1.235,19.601,20.639,5001460000.0,0.0,12.59,0.396,0.416,2750636000.0,1286543000.0,20052110000.0,20052110000.0,0.0,0.028,0.064,0.041,0.03,0.0,745969000.0,1.0,631272693.0,662613000,662613000.0,30.262,14591696000.0,0.0,198159000.0,603135000.0,22.021,2550847000.0
80,ADM,MRT,2001-06-30,2001-06-30,2001-06-30,2021-07-27,-464415000.0,14339931000.0,14405933500.0,6150301000.0,8189630000.0,1.352,9.528,-273168000.0,676086000.0,676086000.0,18051413000.0,383284000.0,1.59,1.265,4608914000.0,1257847000.0,3351067000.0,4608914000.0,0.0,572390000.0,0.0,0.015,0.2,521899000.0,1094289000.0,0.056,1094289000.0,521899000.0,521899000.0,0.58,0.58,0.58,6331683000.0,6220963000.0,6331683000.0,12384513752.0,24.0,11.317,729989000.0,1.099,1.0,1431798000.0,0.073,0.0,0.0,14405778000.0,14439195500.0,2631885000.0,2892523000.0,141672000.0,2750851000.0,8008248000.0,3866981000.0,4141267000.0,8248382752.0,212961000.0,-272374000.0,-62932000.0,-286928000.0,-125053000.0,-474913000.0,-315283000.0,261181000.0,1003157000.0,0.0,383284000.0,383284000.0,383284000.0,0.0,0.0,0.02,731029000.0,700769000.0,1794684000.0,0.345,1.303,21.52,22.5,4920425000.0,0.0,13.05,0.423,0.445,2416432000.0,1187357000.0,19483211000.0,19483211000.0,0.0,0.027,0.062,0.036,0.027,0.0,731029000.0,1.0,632059981.0,664507000,664507000.0,29.32,14339931000.0,0.0,138615000.0,644295000.0,21.58,2283320000.0
81,ADM,MRT,2001-03-31,2001-03-31,2001-03-31,2021-07-27,-583742000.0,14154984000.0,,6041690000.0,8113294000.0,,9.356,-428737000.0,580583000.0,580583000.0,,,1.728,1.273,4716714000.0,1006374000.0,3710340000.0,4716714000.0,0.0,604229000.0,0.0,0.015,0.195,,,,,,,,,,6226495000.0,,6226495000.0,12593578386.0,,,404386000.0,0.608,1.0,,,0.0,,14794704000.0,,2693089000.0,2867540000.0,277210000.0,2590330000.0,7928489000.0,3496411000.0,4432078000.0,8333630386.0,,-392494000.0,,,,,-1077886000.0,-188177000.0,833123000.0,,,,,,,,,,1706658000.0,,1.338,,,5010612000.0,,13.15,,,2155583000.0,1558752000.0,,,,,,,,0.0,,1.0,633736151.0,665541000,,,14154984000.0,0.0,,577079000.0,21.268,2545279000.0
82,ADM,MRT,2000-12-31,2000-12-31,2000-12-31,2021-07-27,-352785000.0,15097847000.0,,6734174000.0,8363673000.0,,9.608,-321226000.0,541726000.0,541726000.0,,,1.468,1.363,4801674000.0,1486745000.0,3314929000.0,4801674000.0,0.0,594524000.0,0.0,0.013,0.191,,,,,,,,,,6389914000.0,,6389914000.0,,,,513158000.0,0.772,1.0,,,0.0,,14769661000.0,,3161642000.0,3123453000.0,399479000.0,2723974000.0,8707933000.0,4588134000.0,4119799000.0,9506042265.0,-29835000.0,-259449000.0,-103502000.0,-151335000.0,-121861000.0,-376698000.0,-487521000.0,104544000.0,834384000.0,0.0,,,,,,,,,2366056000.0,,1.488,,,5124389000.0,,15.0,,,2327140000.0,1497290000.0,,,,,,,,0.0,,1.0,633736151.0,665072000,,,15097847000.0,0.0,,657864000.0,22.701,2146040000.0
83,ADM,MRT,2000-09-30,2000-09-30,2000-09-30,2021-07-27,,,,,,,,,,,,,,,,,,,,,,0.022,0.186,,,,,,,,,,,,,,,,,,1.0,,,,,,,,,,,,,,,,,,,,,,,,,,,,,,,,,,,,,,,,8.625,,,,,,,,,,,,,,1.0,,664211000,,,,,,,,
84,ADM,MRT,2000-06-30,2000-06-30,2000-06-30,2021-07-27,-447677000.0,14471936000.0,,6211203000.0,8260733000.0,,9.13,-428737000.0,477226000.0,477226000.0,17392848000.0,300903000.0,1.418,1.368,4859684000.0,1582466000.0,3277218000.0,4859684000.0,0.0,604229000.0,0.0,0.018,0.179,353237000.0,957466000.0,0.051,957466000.0,353237000.0,353237000.0,0.45,0.45,0.45,6110243000.0,,6110243000.0,,,,380725000.0,0.569,1.0,1219575000.0,0.066,0.0,0.0,14472613000.0,,2822712000.0,2948489000.0,454223000.0,2494266000.0,8361693000.0,4381781000.0,3979912000.0,,-204152000.0,-392494000.0,-210911000.0,371218000.0,-120001000.0,40306000.0,-1053920000.0,-188177000.0,809462000.0,0.0,300903000.0,300903000.0,300903000.0,0.0,0.0,0.016,729358000.0,490217000.0,2188580000.0,0.398,,,21.807,5277081000.0,0.0,9.813,,0.353,2222904000.0,1325323000.0,18612423000.0,18612423000.0,0.0,,,,0.019,0.0,729358000.0,1.0,,669279000,669279000.0,27.81,14471936000.0,0.0,52334000.0,560772000.0,21.623,1829422000.0
85,ADM,MRT,2000-03-31,2000-03-31,2000-03-31,2021-07-27,,,,,,,,,,,,,,,,,,,,,,0.017,0.177,,,,,,,,,,,,,,,,,,1.0,,,,,,,,,,,,,,,,,,,,,,,,,,,,,,,,,,,,,,,,10.31,,,,,,,,,,,,,,1.0,,636304000,,,,,,,,
86,ADM,MRT,1999-12-31,1999-12-31,1999-12-31,2021-07-27,,,,,,,,,,,,,,,,,,,,,,0.014,0.175,,,,,,,,,,,,,,,,,,1.0,,,,,,,,,,,,,,,,,,,,,,,,,,,,,,,,,,,,,,,,12.07,,,,,,,,,,,,,,1.0,,639210000,,,,,,,,
87,ADM,MRT,1999-06-30,1999-06-30,1999-06-30,2021-07-27,,,,,,,,-671471000.0,,,17277874000.0,265964000.0,,,,,,,,584965000.0,,0.011,0.171,404509000.0,989474000.0,0.053,989474000.0,404509000.0,404509000.0,0.39,0.39,0.39,,,,,,,560160000.0,0.817,1.0,1232029000.0,0.067,,0.0,,,,,,,,,,,335053000.0,-253392000.0,-313829000.0,-43159000.0,-117089000.0,-474077000.0,-422501000.0,503904000.0,1231631000.0,0.0,265964000.0,265964000.0,265964000.0,0.0,0.0,0.014,701075000.0,530954000.0,,0.438,,,39.128,,0.0,15.26,,0.565,,,18509903000.0,18509903000.0,0.0,,,,0.022,0.0,701075000.0,1.0,,685328000,685328000.0,27.009,,,138545000.0,,,
