None,ticker,dimension,calendardate,datekey,reportperiod,lastupdated,accoci,assets,assetsavg,assetsc,assetsnc,assetturnover,bvps,capex,cashneq,cashnequsd,cor,consolinc,currentratio,de,debt,debtc,debtnc,debtusd,deferredrev,depamor,deposits,divyield,dps,ebit,ebitda,ebitdamargin,ebitdausd,ebitusd,ebt,eps,epsdil,epsusd,equity,equityavg,equityusd,ev,evebit,evebitda,fcf,fcfps,fxusd,gp,grossmargin,intangibles,intexp,invcap,invcapavg,inventory,investments,investmentsc,investmentsnc,liabilities,liabilitiesc,liabilitiesnc,marketcap,ncf,ncfbus,ncfcommon,ncfdebt,ncfdiv,ncff,ncfi,ncfinv,ncfo,ncfx,netinc,netinccmn,netinccmnusd,netincdis,netincnci,netmargin,opex,opinc,payables,payoutratio,pb,pe,pe1,ppnenet,prefdivis,price,ps,ps1,receivables,retearn,revenue,revenueusd,rnd,roa,roe,roic,ros,sbcomp,sgna,sharefactor,sharesbas,shareswa,shareswadil,sps,tangibles,taxassets,taxexp,taxliabilities,tbvps,workingcapital
0,CVX,MRY,2020-12-31,2020-12-31,2020-12-31,2021-09-09,-5612000000.0,239790000000.0,230733250000.0,26078000000.0,213712000000.0,0.41,70.522,-5954000000.0,5596000000.0,5596000000.0,75310000000.0,-5561000000.0,1.176,0.813,44315000000.0,1548000000.0,42767000000.0,44315000000.0,0.0,19508000000.0,0.0,0.061,5.16,-6738000000.0,12770000000.0,0.135,12770000000.0,-6738000000.0,-7435000000.0,-2.96,-2.96,-2.96,131688000000.0,135377500000.0,131688000000.0,185639465184.0,-28.0,14.537,4623000000.0,2.476,1.0,19382000000.0,0.205,4402000000.0,697000000.0,251924000000.0,233014500000.0,5676000000.0,39083000000.0,31000000.0,39052000000.0,107064000000.0,22183000000.0,84881000000.0,157695465184.0,-174000000.0,-1046000000.0,-1531000000.0,7470000000.0,-9651000000.0,-3736000000.0,-6965000000.0,35000000.0,10577000000.0,-50000000.0,-5543000000.0,-5543000000.0,-5543000000.0,0.0,-18000000.0,-0.059,26138000000.0,-6756000000.0,10950000000.0,-1.743,1.197,-28.449,-28.53,156618000000.0,0.0,84.45,1.665,1.665,12060000000.0,160377000000.0,94692000000.0,94692000000.0,1537000000.0,-0.024,-0.041,-0.029,-0.071,0.0,4213000000.0,1.0,1867323448.0,1867323448,,50.71,235388000000.0,0.0,-1892000000.0,14442000000.0,126.056,3895000000.0
1,CVX,MRY,2019-12-31,2019-12-31,2019-12-31,2021-09-09,-4990000000.0,237428000000.0,251663000000.0,28329000000.0,209099000000.0,0.582,76.268,-11165000000.0,5686000000.0,5686000000.0,105634000000.0,2845000000.0,1.068,0.639,26973000000.0,3282000000.0,23691000000.0,26973000000.0,0.0,29218000000.0,0.0,0.039,4.76,6413000000.0,35631000000.0,0.243,35631000000.0,6413000000.0,5615000000.0,1.55,1.54,1.55,144213000000.0,152873500000.0,144213000000.0,249023007376.0,39.0,6.989,16149000000.0,8.541,1.0,40882000000.0,0.279,4463000000.0,798000000.0,227722000000.0,240522500000.0,5848000000.0,38751000000.0,63000000.0,38688000000.0,92220000000.0,26530000000.0,65690000000.0,227869007376.0,-3570000000.0,-1245000000.0,-2935000000.0,-7846000000.0,-8959000000.0,-19758000000.0,-11458000000.0,952000000.0,27314000000.0,332000000.0,2924000000.0,2924000000.0,2924000000.0,0.0,-79000000.0,0.02,34548000000.0,6334000000.0,14103000000.0,3.071,1.58,77.931,77.748,150494000000.0,0.0,120.51,1.555,1.555,14836000000.0,174945000000.0,146516000000.0,146516000000.0,770000000.0,0.012,0.019,0.027,0.044,0.0,4143000000.0,1.0,1890872188.0,1890872188,,77.486,232965000000.0,0.0,2691000000.0,16244000000.0,123.205,1799000000.0
2,CVX,MRY,2018-12-31,2018-12-31,2018-12-31,2021-09-09,-3544000000.0,253863000000.0,256210000000.0,34021000000.0,219842000000.0,0.649,80.886,-11400000000.0,10292000000.0,10292000000.0,119989000000.0,14860000000.0,1.252,0.636,34459000000.0,5726000000.0,28733000000.0,34459000000.0,0.0,19419000000.0,0.0,0.041,4.48,21287000000.0,40706000000.0,0.245,40706000000.0,21287000000.0,20539000000.0,7.81,7.74,7.81,154554000000.0,152670750000.0,154554000000.0,234297143604.0,11.0,5.756,19218000000.0,10.058,1.0,46350000000.0,0.279,4518000000.0,748000000.0,246341000000.0,250667000000.0,5704000000.0,35599000000.0,53000000.0,35546000000.0,98221000000.0,27171000000.0,71050000000.0,207873143604.0,4538000000.0,111000000.0,-604000000.0,-4502000000.0,-8502000000.0,-13699000000.0,-12290000000.0,-1001000000.0,30618000000.0,-91000000.0,14824000000.0,14824000000.0,14824000000.0,0.0,36000000.0,0.089,25027000000.0,21323000000.0,13953000000.0,0.574,1.345,14.023,13.93,169207000000.0,0.0,108.79,1.25,1.25,16992000000.0,180987000000.0,166339000000.0,166339000000.0,1210000000.0,0.058,0.097,0.085,0.128,0.0,3838000000.0,1.0,1910774369.0,1910774369,,87.053,249345000000.0,0.0,5715000000.0,18486000000.0,130.494,6850000000.0
3,CVX,MRY,2017-12-31,2017-12-31,2017-12-31,2021-09-09,-3589000000.0,253806000000.0,255669000000.0,28560000000.0,225246000000.0,0.554,77.986,-8308000000.0,4813000000.0,4813000000.0,107223000000.0,9269000000.0,1.03,0.705,38763000000.0,5192000000.0,33571000000.0,38763000000.0,0.0,19349000000.0,0.0,0.035,4.32,9454000000.0,28803000000.0,0.203,28803000000.0,9454000000.0,9147000000.0,4.88,4.85,4.88,148124000000.0,146908000000.0,148124000000.0,273113622046.0,29.0,9.482,12030000000.0,6.334,1.0,34499000000.0,0.243,4531000000.0,307000000.0,255488000000.0,259460500000.0,5585000000.0,32506000000.0,9000000.0,32497000000.0,104487000000.0,27737000000.0,76750000000.0,237782622046.0,-2471000000.0,-16000000.0,1117000000.0,-7461000000.0,-8132000000.0,-14554000000.0,-8320000000.0,4000000.0,20338000000.0,65000000.0,9195000000.0,9195000000.0,9195000000.0,0.0,74000000.0,0.065,24971000000.0,9528000000.0,14565000000.0,0.885,1.605,25.86,25.654,177712000000.0,0.0,125.19,1.678,1.678,18202000000.0,174106000000.0,141722000000.0,141722000000.0,864000000.0,0.036,0.063,0.036,0.067,0.0,4110000000.0,1.0,1899373928.0,1899373928,,74.615,249275000000.0,0.0,-48000000.0,17365000000.0,131.241,823000000.0
4,CVX,MRY,2016-12-31,2016-12-31,2016-12-31,2021-09-09,-3843000000.0,260078000000.0,261315250000.0,29619000000.0,230459000000.0,0.438,77.105,-14633000000.0,6988000000.0,6988000000.0,90891000000.0,-431000000.0,0.932,0.779,46126000000.0,10840000000.0,35286000000.0,46126000000.0,0.0,19457000000.0,0.0,0.036,4.29,-2025000000.0,17432000000.0,0.152,17432000000.0,-2025000000.0,-2226000000.0,-0.27,-0.27,-0.27,145556000000.0,147456500000.0,145556000000.0,260424448964.0,-129.0,14.939,-1943000000.0,-1.029,1.0,23581000000.0,0.206,4581000000.0,201000000.0,262850000000.0,265945500000.0,5419000000.0,30263000000.0,13000000.0,30250000000.0,113356000000.0,31785000000.0,81571000000.0,222190448964.0,-3708000000.0,-2034000000.0,650000000.0,7470000000.0,-8032000000.0,25000000.0,-16370000000.0,297000000.0,12690000000.0,-53000000.0,-497000000.0,-497000000.0,-497000000.0,0.0,66000000.0,-0.004,25540000000.0,-1959000000.0,13986000000.0,-15.889,1.526,-447.063,-435.926,182186000000.0,0.0,117.7,1.941,1.941,16577000000.0,173046000000.0,114472000000.0,114472000000.0,1033000000.0,-0.002,-0.003,-0.008,-0.018,0.0,4305000000.0,1.0,1887769320.0,1887769320,,60.639,255497000000.0,0.0,-1729000000.0,19593000000.0,135.343,-2166000000.0
5,CVX,MRY,2015-12-31,2015-12-31,2015-12-31,2021-09-09,-4291000000.0,264540000000.0,267262000000.0,34430000000.0,230110000000.0,0.518,81.144,-29504000000.0,11022000000.0,11022000000.0,104815000000.0,4710000000.0,1.352,0.725,38549000000.0,4927000000.0,33622000000.0,38549000000.0,0.0,21037000000.0,0.0,0.048,4.28,4719000000.0,25756000000.0,0.186,25756000000.0,4719000000.0,4719000000.0,2.46,2.45,2.46,152716000000.0,154525000000.0,152716000000.0,192251021892.0,41.0,7.464,-10048000000.0,-5.339,1.0,33662000000.0,0.243,4588000000.0,0.0,262012000000.0,257213500000.0,6334000000.0,27420000000.0,310000000.0,27110000000.0,110654000000.0,25467000000.0,85187000000.0,169308021892.0,-1763000000.0,5522000000.0,211000000.0,10724000000.0,-7992000000.0,2815000000.0,-23808000000.0,174000000.0,19456000000.0,-226000000.0,4587000000.0,4587000000.0,4587000000.0,0.0,123000000.0,0.033,28820000000.0,4842000000.0,13516000000.0,1.74,1.109,36.91,36.569,188396000000.0,0.0,89.96,1.223,1.223,15272000000.0,181578000000.0,138477000000.0,138477000000.0,3340000000.0,0.017,0.03,0.018,0.034,0.0,4443000000.0,1.0,1882036704.0,1882036704,,73.578,259952000000.0,0.0,132000000.0,22356000000.0,138.123,8963000000.0
6,CVX,MRY,2014-12-31,2014-12-31,2014-12-31,2021-09-09,-4859000000.0,266026000000.0,262935000000.0,42232000000.0,223794000000.0,0.806,82.007,-35407000000.0,12793000000.0,12793000000.0,157496000000.0,19310000000.0,1.323,0.708,27818000000.0,3790000000.0,24028000000.0,27818000000.0,0.0,16793000000.0,0.0,0.038,4.21,31133000000.0,47926000000.0,0.226,47926000000.0,31133000000.0,31133000000.0,10.21,10.14,10.21,155028000000.0,153852500000.0,155028000000.0,223553807509.0,7.0,4.665,-3932000000.0,-2.08,1.0,54474000000.0,0.257,4593000000.0,0.0,244532000000.0,233874500000.0,6505000000.0,27334000000.0,422000000.0,26912000000.0,109835000000.0,31926000000.0,77909000000.0,212067807509.0,-3460000000.0,5869000000.0,-4412000000.0,7388000000.0,-7928000000.0,-4999000000.0,-29893000000.0,-355000000.0,31475000000.0,-43000000.0,19241000000.0,19241000000.0,19241000000.0,0.0,69000000.0,0.091,23272000000.0,31202000000.0,19000000000.0,0.412,1.368,11.022,10.987,183173000000.0,0.0,112.18,1.0,1.0,19553000000.0,184987000000.0,211970000000.0,211970000000.0,1985000000.0,0.073,0.125,0.133,0.147,0.0,4494000000.0,1.0,1890424385.0,1890424385,,112.128,261433000000.0,0.0,11892000000.0,25728000000.0,138.293,10306000000.0
7,CVX,MRY,2013-12-31,2013-12-31,2013-12-31,2021-09-09,-3579000000.0,253753000000.0,245762250000.0,50250000000.0,203503000000.0,0.931,77.535,-37985000000.0,16253000000.0,16253000000.0,172386000000.0,21597000000.0,1.522,0.693,20431000000.0,374000000.0,20057000000.0,20431000000.0,0.0,14186000000.0,0.0,0.031,3.9,35731000000.0,49917000000.0,0.218,49917000000.0,35731000000.0,35731000000.0,11.18,11.09,11.18,149113000000.0,144216750000.0,149113000000.0,240482541054.0,7.0,4.818,-2983000000.0,-1.551,1.0,56462000000.0,0.247,4639000000.0,0.0,220274000000.0,206907000000.0,6380000000.0,25765000000.0,263000000.0,25502000000.0,103326000000.0,33018000000.0,70308000000.0,240223541054.0,-4694000000.0,1457000000.0,-4494000000.0,8246000000.0,-7474000000.0,-3821000000.0,-35609000000.0,919000000.0,35002000000.0,-266000000.0,21423000000.0,21423000000.0,21423000000.0,0.0,174000000.0,0.094,20557000000.0,35905000000.0,22815000000.0,0.349,1.611,11.213,11.173,164829000000.0,0.0,124.91,1.05,1.05,24455000000.0,173677000000.0,228848000000.0,228848000000.0,1861000000.0,0.087,0.149,0.173,0.156,0.0,4510000000.0,1.0,1923173013.0,1923173013,,118.995,249114000000.0,0.0,14308000000.0,25728000000.0,129.533,17232000000.0
8,CVX,MRY,2012-12-31,2012-12-31,2012-12-31,2021-09-09,-6369000000.0,232982000000.0,223528750000.0,55720000000.0,177262000000.0,1.082,69.755,-30938000000.0,21647000000.0,21647000000.0,175712000000.0,26336000000.0,1.629,0.697,12192000000.0,127000000.0,12065000000.0,12192000000.0,0.0,13413000000.0,0.0,0.032,3.51,46175000000.0,59588000000.0,0.246,59588000000.0,46175000000.0,46175000000.0,13.42,13.32,13.42,136524000000.0,131242250000.0,136524000000.0,202664564587.0,4.0,3.401,7874000000.0,4.023,1.0,66197000000.0,0.274,4640000000.0,0.0,184675000000.0,174769750000.0,6144000000.0,23984000000.0,266000000.0,23718000000.0,95150000000.0,34212000000.0,60938000000.0,211649564587.0,5075000000.0,3105000000.0,-4142000000.0,2047000000.0,-6844000000.0,-8980000000.0,-24796000000.0,3037000000.0,38812000000.0,39000000.0,26179000000.0,26179000000.0,26179000000.0,0.0,157000000.0,0.108,19865000000.0,46332000000.0,22776000000.0,0.262,1.55,8.085,8.058,141348000000.0,0.0,108.14,0.875,0.875,24050000000.0,159730000000.0,241909000000.0,241909000000.0,1728000000.0,0.117,0.199,0.264,0.191,0.0,4724000000.0,1.0,1957181104.0,1957181104,,123.601,228342000000.0,0.0,19996000000.0,23243000000.0,116.669,21508000000.0
9,CVX,MRY,2011-12-31,2011-12-31,2011-12-31,2021-09-09,-6022000000.0,209474000000.0,202506500000.0,53234000000.0,156240000000.0,1.253,60.951,-26500000000.0,19822000000.0,19822000000.0,187200000000.0,27008000000.0,1.584,0.719,10152000000.0,340000000.0,9812000000.0,10152000000.0,0.0,12911000000.0,0.0,0.029,3.09,47521000000.0,60432000000.0,0.238,60432000000.0,47521000000.0,47521000000.0,13.54,13.44,13.54,121382000000.0,117006500000.0,121382000000.0,201549938883.0,4.0,3.335,14595000000.0,7.329,1.0,66506000000.0,0.262,4642000000.0,0.0,161562000000.0,156389750000.0,5543000000.0,23117000000.0,249000000.0,22868000000.0,87293000000.0,33600000000.0,53693000000.0,211893938883.0,1804000000.0,444000000.0,-3193000000.0,-2369000000.0,-6136000000.0,-11769000000.0,-27489000000.0,-1433000000.0,41095000000.0,-33000000.0,26895000000.0,26895000000.0,26895000000.0,0.0,113000000.0,0.106,18872000000.0,47634000000.0,22147000000.0,0.228,1.746,7.879,7.858,122608000000.0,0.0,106.4,0.835,0.835,24026000000.0,140399000000.0,253706000000.0,253706000000.0,1216000000.0,0.133,0.23,0.304,0.187,0.0,4745000000.0,1.0,1991484388.0,1991484388,,127.395,204832000000.0,0.0,20626000000.0,21370000000.0,102.854,19634000000.0
10,CVX,MRY,2010-12-31,2010-12-31,2010-12-31,2021-09-09,-4466000000.0,184769000000.0,175661500000.0,48841000000.0,135928000000.0,1.167,52.216,-19612000000.0,16915000000.0,16915000000.0,153846000000.0,19136000000.0,1.683,0.751,11476000000.0,187000000.0,11289000000.0,11476000000.0,0.0,13063000000.0,0.0,0.031,2.84,31993000000.0,45056000000.0,0.22,45056000000.0,31993000000.0,31943000000.0,9.53,9.48,9.53,105081000000.0,100560500000.0,105081000000.0,179785100078.0,6.0,3.99,11742000000.0,5.835,1.0,51082000000.0,0.249,4617000000.0,50000000.0,145701000000.0,140521000000.0,5493000000.0,21675000000.0,155000000.0,21520000000.0,78958000000.0,29012000000.0,49946000000.0,183634100078.0,5344000000.0,2333000000.0,-306000000.0,882000000.0,-5669000000.0,-5165000000.0,-20915000000.0,-3636000000.0,31354000000.0,70000000.0,19024000000.0,19024000000.0,19024000000.0,0.0,112000000.0,0.093,18977000000.0,32105000000.0,19259000000.0,0.298,1.748,9.653,9.575,104504000000.0,0.0,91.25,0.896,0.896,22836000000.0,119641000000.0,204928000000.0,204928000000.0,1147000000.0,0.108,0.189,0.228,0.156,0.0,4767000000.0,1.0,2012428494.0,2012428494,,101.831,180152000000.0,0.0,12919000000.0,16939000000.0,89.52,19829000000.0
11,CVX,MRY,2009-12-31,2009-12-31,2009-12-31,2021-09-09,-4321000000.0,164621000000.0,161952250000.0,37216000000.0,127405000000.0,1.06,45.813,-19843000000.0,8716000000.0,8716000000.0,135101000000.0,10563000000.0,1.42,0.784,10514000000.0,384000000.0,10130000000.0,10514000000.0,0.0,12110000000.0,0.0,0.035,2.66,18476000000.0,30586000000.0,0.178,30586000000.0,18476000000.0,18448000000.0,5.26,5.24,5.26,91914000000.0,89457750000.0,91914000000.0,157436561156.0,9.0,5.147,-470000000.0,-0.234,1.0,36535000000.0,0.213,4618000000.0,28000000.0,135590000000.0,135028250000.0,5529000000.0,21264000000.0,106000000.0,21158000000.0,72060000000.0,26211000000.0,45849000000.0,154462561156.0,-631000000.0,2900000000.0,168000000.0,1659000000.0,-5302000000.0,-3546000000.0,-16572000000.0,371000000.0,19373000000.0,114000000.0,10483000000.0,10483000000.0,10483000000.0,0.0,80000000.0,0.061,17979000000.0,18556000000.0,16437000000.0,0.506,1.681,14.735,14.637,96468000000.0,0.0,76.99,0.9,0.9,19985000000.0,106289000000.0,171636000000.0,171636000000.0,1342000000.0,0.065,0.117,0.137,0.108,0.0,4527000000.0,1.0,2006267842.0,2006267842,,85.55,160003000000.0,0.0,7965000000.0,15536000000.0,79.752,11005000000.0
12,CVX,MRY,2008-12-31,2008-12-31,2008-12-31,2021-09-09,-3924000000.0,161165000000.0,160697000000.0,36470000000.0,124695000000.0,1.699,42.646,-19666000000.0,9347000000.0,9347000000.0,213495000000.0,24031000000.0,1.139,0.855,8901000000.0,2818000000.0,6083000000.0,8901000000.0,0.0,9528000000.0,0.0,0.034,2.53,42957000000.0,52485000000.0,0.192,52485000000.0,42957000000.0,42957000000.0,11.74,11.67,11.74,86648000000.0,83769000000.0,86648000000.0,146616558449.0,3.0,2.793,9966000000.0,4.905,1.0,59510000000.0,0.218,4619000000.0,0.0,124077000000.0,116971250000.0,6854000000.0,21133000000.0,213000000.0,20920000000.0,74048000000.0,32023000000.0,42025000000.0,150291558449.0,1985000000.0,1670000000.0,-6821000000.0,1682000000.0,-5162000000.0,-10400000000.0,-17081000000.0,915000000.0,29632000000.0,-166000000.0,23931000000.0,23931000000.0,23931000000.0,0.0,100000000.0,0.088,16453000000.0,43057000000.0,16580000000.0,0.216,1.735,6.28,6.301,91780000000.0,0.0,73.97,0.551,0.551,18269000000.0,101102000000.0,273005000000.0,273005000000.0,1169000000.0,0.149,0.286,0.367,0.157,0.0,5756000000.0,1.0,2031790705.0,2031790705,,134.367,156546000000.0,0.0,19026000000.0,16087000000.0,77.048,4447000000.0
13,CVX,MRY,2007-12-31,2007-12-31,2007-12-31,2021-09-09,-2015000000.0,148786000000.0,140988000000.0,39377000000.0,109409000000.0,1.567,36.51,-16678000000.0,7362000000.0,7362000000.0,172507000000.0,18795000000.0,1.165,0.93,7232000000.0,1162000000.0,6070000000.0,7232000000.0,0.0,8708000000.0,0.0,0.024,2.26,32333000000.0,41041000000.0,0.186,41041000000.0,32333000000.0,32167000000.0,8.83,8.77,8.83,77088000000.0,74417750000.0,77088000000.0,195159874487.0,6.0,4.755,8299000000.0,3.93,1.0,48397000000.0,0.219,4637000000.0,166000000.0,110221000000.0,103782750000.0,5310000000.0,21209000000.0,732000000.0,20477000000.0,71698000000.0,33798000000.0,37900000000.0,197060874487.0,-3131000000.0,3359000000.0,-6389000000.0,-3038000000.0,-4791000000.0,-14295000000.0,-13933000000.0,-614000000.0,24977000000.0,120000000.0,18688000000.0,18688000000.0,18688000000.0,0.0,107000000.0,0.085,15957000000.0,32440000000.0,21756000000.0,0.256,2.556,10.545,10.57,78610000000.0,0.0,93.33,0.892,0.892,24639000000.0,82329000000.0,220904000000.0,220904000000.0,1323000000.0,0.133,0.251,0.312,0.146,0.0,5926000000.0,1.0,2111441921.0,2111441921,,104.622,144149000000.0,0.0,13479000000.0,17775000000.0,68.27,5579000000.0
14,CVX,MRY,2006-12-31,2006-12-31,2006-12-31,2021-09-09,-2636000000.0,132628000000.0,131415750000.0,36304000000.0,96324000000.0,1.599,31.622,-13813000000.0,10493000000.0,10493000000.0,163658000000.0,17138000000.0,1.278,0.924,9838000000.0,2159000000.0,7679000000.0,9838000000.0,0.0,7506000000.0,0.0,0.027,2.01,32427000000.0,39933000000.0,0.19,39933000000.0,32427000000.0,31976000000.0,7.84,7.8,7.84,68935000000.0,67571000000.0,68935000000.0,159461116681.0,5.0,3.993,10510000000.0,4.821,1.0,46460000000.0,0.221,4623000000.0,451000000.0,98941000000.0,99569000000.0,4656000000.0,19505000000.0,953000000.0,18552000000.0,63693000000.0,28409000000.0,35284000000.0,160294116681.0,450000000.0,463000000.0,-4491000000.0,-2901000000.0,-4396000000.0,-11848000000.0,-12219000000.0,142000000.0,24323000000.0,194000000.0,17138000000.0,17138000000.0,17138000000.0,0.0,0.0,0.082,13963000000.0,32497000000.0,16675000000.0,0.256,2.325,9.353,9.379,68858000000.0,0.0,73.53,0.763,0.763,19829000000.0,68464000000.0,210118000000.0,210118000000.0,1364000000.0,0.13,0.254,0.326,0.154,0.0,5093000000.0,1.0,2179982547.0,2179982547,,96.385,128005000000.0,0.0,14838000000.0,16676000000.0,58.718,7895000000.0
15,CVX,MRY,2005-12-31,2005-12-31,2005-12-31,2021-09-09,-429000000.0,125833000000.0,111371250000.0,34336000000.0,91497000000.0,1.78,27.918,-8701000000.0,10043000000.0,10043000000.0,160941000000.0,14099000000.0,1.373,1.008,12870000000.0,739000000.0,12131000000.0,12870000000.0,0.0,5913000000.0,0.0,0.031,1.75,25679000000.0,31592000000.0,0.159,31592000000.0,25679000000.0,25197000000.0,6.58,6.54,6.58,62676000000.0,54497500000.0,62676000000.0,131496724933.0,5.0,4.162,11404000000.0,5.08,1.0,37259000000.0,0.188,4636000000.0,482000000.0,99013000000.0,88151500000.0,4121000000.0,18158000000.0,1101000000.0,17057000000.0,63157000000.0,25011000000.0,38146000000.0,127447724933.0,752000000.0,-5877000000.0,-2597000000.0,-1055000000.0,-3778000000.0,-7668000000.0,-11561000000.0,336000000.0,20105000000.0,-124000000.0,14099000000.0,14099000000.0,14099000000.0,0.0,0.0,0.071,11484000000.0,25775000000.0,16074000000.0,0.266,2.033,9.039,8.628,63690000000.0,0.0,56.77,0.643,0.643,18867000000.0,55738000000.0,198200000000.0,198200000000.0,743000000.0,0.127,0.259,0.291,0.13,0.0,4828000000.0,1.0,2244983705.0,2244983705,,88.286,121197000000.0,0.0,11098000000.0,15770000000.0,53.986,9325000000.0
16,CVX,MRY,2004-12-31,2004-12-31,2004-12-31,2021-09-09,-319000000.0,93208000000.0,89474500000.0,28503000000.0,64705000000.0,1.736,21.349,-6310000000.0,9291000000.0,9291000000.0,124069000000.0,13328000000.0,1.517,1.061,11272000000.0,816000000.0,10456000000.0,11272000000.0,0.0,4935000000.0,0.0,0.029,1.53,21251000000.0,26186000000.0,0.169,26186000000.0,21251000000.0,20845000000.0,6.3,6.14,6.3,45230000000.0,41816000000.0,45230000000.0,113066326464.0,5.0,4.318,8380000000.0,3.955,1.0,31231000000.0,0.201,0.0,406000000.0,76394000000.0,74208750000.0,2983000000.0,15840000000.0,1451000000.0,14389000000.0,47978000000.0,18795000000.0,29183000000.0,111248326464.0,5025000000.0,-410000000.0,-1645000000.0,-1284000000.0,-3236000000.0,-6224000000.0,-3499000000.0,-450000000.0,14690000000.0,58000000.0,13328000000.0,13328000000.0,13328000000.0,-294000000.0,0.0,0.086,10189000000.0,21042000000.0,10747000000.0,0.243,2.46,8.347,8.335,44458000000.0,0.0,52.51,0.716,0.716,13848000000.0,45414000000.0,155300000000.0,155300000000.0,697000000.0,0.149,0.319,0.286,0.137,0.0,4557000000.0,1.0,2118612197.0,2118612197,,73.303,93208000000.0,0.0,7517000000.0,11090000000.0,43.995,9708000000.0
17,CVX,MRY,2003-12-31,2003-12-31,2003-12-31,2021-09-09,-809000000.0,81470000000.0,81167250000.0,19426000000.0,62044000000.0,1.494,16.977,-5625000000.0,4266000000.0,4266000000.0,97711000000.0,7230000000.0,1.206,1.245,12597000000.0,1703000000.0,10894000000.0,12597000000.0,0.0,5326000000.0,0.0,0.033,1.43,12998000000.0,18324000000.0,0.151,18324000000.0,12998000000.0,12524000000.0,3.48,3.55,3.48,36295000000.0,34613250000.0,36295000000.0,101228366282.0,8.0,5.524,6690000000.0,3.129,1.0,23566000000.0,0.194,0.0,474000000.0,73690000000.0,73775500000.0,2648000000.0,13320000000.0,1001000000.0,12319000000.0,45175000000.0,16111000000.0,29064000000.0,92347366282.0,1309000000.0,293000000.0,57000000.0,-3941000000.0,-3033000000.0,-7029000000.0,-4072000000.0,153000000.0,12315000000.0,95000000.0,7230000000.0,7230000000.0,7230000000.0,-44000000.0,0.0,0.06,10336000000.0,13230000000.0,8675000000.0,0.411,2.544,12.773,12.412,44538000000.0,0.0,43.195,0.761,0.761,11215000000.0,35315000000.0,121277000000.0,121277000000.0,570000000.0,0.089,0.209,0.176,0.107,0.0,4440000000.0,1.0,2137917960.0,2137917960,,56.727,81470000000.0,0.0,5294000000.0,8978000000.0,38.107,3315000000.0
18,CVX,MRY,2002-12-31,2002-12-31,2002-12-31,2021-09-09,-998000000.0,77359000000.0,77529500000.0,17776000000.0,59583000000.0,1.271,14.794,-7597000000.0,2957000000.0,2957000000.0,81528000000.0,1132000000.0,0.894,1.448,16269000000.0,5358000000.0,10911000000.0,16269000000.0,0.0,5169000000.0,0.0,0.042,1.4,4695000000.0,9864000000.0,0.1,9864000000.0,4695000000.0,4130000000.0,0.53,0.52,0.53,31604000000.0,32901000000.0,31604000000.0,84761064662.0,18.0,8.593,2346000000.0,1.098,1.0,17009000000.0,0.173,0.0,565000000.0,70795000000.0,71230500000.0,2763000000.0,11921000000.0,824000000.0,11097000000.0,45755000000.0,19876000000.0,25879000000.0,71011064662.0,840000000.0,0.0,41000000.0,-1121000000.0,-2965000000.0,-4071000000.0,-5047000000.0,209000000.0,9943000000.0,15000000.0,1132000000.0,1132000000.0,1132000000.0,-30000000.0,0.0,0.011,10491000000.0,6518000000.0,8455000000.0,2.642,2.247,62.731,62.717,44155000000.0,0.0,33.24,0.721,0.721,10723000000.0,30942000000.0,98537000000.0,98537000000.0,591000000.0,0.015,0.034,0.066,0.048,0.0,4155000000.0,1.0,2136313618.0,2136313618,,46.125,77359000000.0,0.0,2998000000.0,8318000000.0,36.211,-2100000000.0
19,CVX,MRY,2001-12-31,2001-12-31,2001-12-31,2021-09-09,-306000000.0,77572000000.0,52243250000.0,18327000000.0,59245000000.0,2.034,26.427,-9713000000.0,2117000000.0,2117000000.0,83355000000.0,3288000000.0,0.887,1.284,17418000000.0,8429000000.0,8989000000.0,17418000000.0,0.0,7059000000.0,0.0,0.03,1.325,8481000000.0,15540000000.0,0.146,15540000000.0,8481000000.0,7648000000.0,1.55,1.545,1.55,33958000000.0,25108750000.0,33958000000.0,60739843204.0,7.0,3.909,1762000000.0,1.371,1.0,22890000000.0,0.215,0.0,833000000.0,72219000000.0,47381250000.0,2948000000.0,13285000000.0,1033000000.0,12252000000.0,43614000000.0,20654000000.0,22960000000.0,57572843204.0,-211000000.0,0.0,110000000.0,1386000000.0,-2733000000.0,-2113000000.0,-9542000000.0,-127000000.0,11475000000.0,-31000000.0,3288000000.0,3288000000.0,3288000000.0,0.0,0.0,0.031,13645000000.0,9245000000.0,6427000000.0,0.855,1.695,17.51,28.906,42882000000.0,0.0,44.805,0.542,0.542,9504000000.0,32767000000.0,106245000000.0,106245000000.0,1039000000.0,0.063,0.131,0.179,0.08,0.0,3984000000.0,1.0,1284964696.0,1284964696,,82.683,77572000000.0,0.0,4360000000.0,8531000000.0,60.369,-2327000000.0
20,CVX,MRY,2000-12-31,2000-12-31,2000-12-31,2021-09-09,-310000000.0,77621000000.0,50473500000.0,17913000000.0,59708000000.0,2.36,25.996,-7629000000.0,2328000000.0,2328000000.0,93964000000.0,7727000000.0,1.075,1.326,15915000000.0,3094000000.0,12821000000.0,15915000000.0,0.0,5321000000.0,0.0,0.031,1.3,15159000000.0,20480000000.0,0.172,20480000000.0,15159000000.0,14049000000.0,3.615,3.605,3.615,33369000000.0,22260000000.0,33369000000.0,59926007637.0,4.0,2.926,5838000000.0,4.548,1.0,25166000000.0,0.211,0.0,1110000000.0,74547000000.0,48245000000.0,2654000000.0,12677000000.0,913000000.0,11764000000.0,44252000000.0,16661000000.0,27591000000.0,54195007637.0,331000000.0,0.0,-1498000000.0,-3202000000.0,-2664000000.0,-7489000000.0,-5642000000.0,831000000.0,13467000000.0,-5000000.0,7727000000.0,7727000000.0,7727000000.0,0.0,0.0,0.065,9896000000.0,15270000000.0,7563000000.0,0.36,1.624,7.014,11.679,44319000000.0,0.0,42.22,0.455,0.455,11981000000.0,32206000000.0,119130000000.0,119130000000.0,949000000.0,0.153,0.347,0.314,0.127,0.0,3626000000.0,1.0,1283633530.0,1283633530,,92.807,77621000000.0,0.0,6322000000.0,9677000000.0,60.47,1252000000.0
21,CVX,MRY,1999-12-31,1999-12-31,1999-12-31,2021-09-09,-115000000.0,40668000000.0,39247250000.0,8297000000.0,32371000000.0,2.184,13.523,-7895000000.0,1345000000.0,1345000000.0,69470000000.0,3247000000.0,0.933,1.291,8919000000.0,3434000000.0,5485000000.0,8919000000.0,0.0,4934000000.0,0.0,0.029,1.24,6944000000.0,11878000000.0,0.139,11878000000.0,6944000000.0,5812000000.0,1.505,1.5,1.505,17749000000.0,17351250000.0,17749000000.0,64466289968.0,9.0,5.427,-124000000.0,-0.094,1.0,16243000000.0,0.19,0.0,1132000000.0,39353000000.0,37768000000.0,1402000000.0,5918000000.0,687000000.0,5231000000.0,22919000000.0,8889000000.0,14030000000.0,56852289968.0,1001000000.0,101000000.0,108000000.0,1434000000.0,-2589000000.0,-1130000000.0,-5610000000.0,597000000.0,7771000000.0,-30000000.0,3247000000.0,3247000000.0,3247000000.0,0.0,0.0,0.038,9228000000.0,7015000000.0,3103000000.0,0.824,3.203,17.509,28.781,25317000000.0,0.0,43.315,0.663,0.663,4503000000.0,17400000000.0,85713000000.0,85713000000.0,1072000000.0,0.083,0.187,0.184,0.081,0.0,3222000000.0,1.0,1312531224.0,1312531224,,65.304,40668000000.0,0.0,2565000000.0,6152000000.0,30.984,-592000000.0
22,CVX,MRY,1998-12-31,1998-12-31,1998-12-31,2021-09-09,-90000000.0,36540000000.0,36284000000.0,6297000000.0,30243000000.0,0.842,13.03,-3880000000.0,569000000.0,569000000.0,23281000000.0,1339000000.0,0.879,1.145,7558000000.0,3165000000.0,4393000000.0,7558000000.0,0.0,2320000000.0,0.0,0.029,1.22,2239000000.0,4559000000.0,0.149,4559000000.0,2239000000.0,1834000000.0,1.025,1.02,1.025,17034000000.0,17443750000.0,17034000000.0,60137720372.0,27.0,13.191,-149000000.0,-0.114,1.0,7276000000.0,0.238,0.0,405000000.0,36363000000.0,35166500000.0,1455000000.0,5448000000.0,844000000.0,4604000000.0,19506000000.0,7166000000.0,12340000000.0,54113720372.0,-446000000.0,0.0,-261000000.0,1549000000.0,-1596000000.0,-308000000.0,-3859000000.0,-183000000.0,3731000000.0,-10000000.0,1339000000.0,1339000000.0,1339000000.0,0.0,0.0,0.044,5037000000.0,2239000000.0,2170000000.0,1.19,3.177,40.414,40.459,23729000000.0,0.0,41.47,1.771,1.774,3685000000.0,16942000000.0,30557000000.0,30557000000.0,478000000.0,0.037,0.077,0.064,0.073,0.0,2239000000.0,1.0,1304888362.0,1307333718,1307333718.0,23.374,36540000000.0,0.0,495000000.0,4274000000.0,27.95,-869000000.0
23,CVX,MRY,1997-12-31,1997-12-31,1997-12-31,2021-09-09,-77000000.0,35473000000.0,35204500000.0,7006000000.0,28467000000.0,1.192,13.338,-3899000000.0,1015000000.0,1015000000.0,31823000000.0,3256000000.0,1.009,1.03,6068000000.0,1637000000.0,4431000000.0,6068000000.0,0.0,2300000000.0,0.0,0.03,1.14,5814000000.0,8114000000.0,0.193,8114000000.0,5814000000.0,5502000000.0,2.485,2.475,2.485,17472000000.0,16803500000.0,17472000000.0,55795953203.0,10.0,6.877,981000000.0,0.749,1.0,10140000000.0,0.242,0.0,312000000.0,33580000000.0,32690750000.0,1378000000.0,5151000000.0,655000000.0,4496000000.0,18001000000.0,6946000000.0,11055000000.0,50569953203.0,123000000.0,0.0,173000000.0,-558000000.0,-1493000000.0,-1878000000.0,-2860000000.0,101000000.0,4880000000.0,-19000000.0,3256000000.0,3256000000.0,3256000000.0,0.0,0.0,0.078,4326000000.0,5814000000.0,2735000000.0,0.459,2.894,15.531,15.493,22671000000.0,0.0,38.5,1.205,1.202,3845000000.0,17185000000.0,41963000000.0,41963000000.0,493000000.0,0.092,0.194,0.178,0.139,0.0,1533000000.0,1.0,1313505278.0,1309981842,1309981842.0,32.033,35473000000.0,0.0,2246000000.0,4339000000.0,27.079,60000000.0
24,CVX,MRY,1996-12-31,1996-12-31,1996-12-31,2021-09-09,96000000.0,34854000000.0,34592000000.0,7942000000.0,26912000000.0,1.269,11.967,-3424000000.0,892000000.0,892000000.0,34741000000.0,2607000000.0,0.892,1.231,6694000000.0,2706000000.0,3988000000.0,6694000000.0,0.0,2216000000.0,0.0,0.032,1.04,5104000000.0,7320000000.0,0.167,7320000000.0,5104000000.0,4740000000.0,1.995,1.99,1.995,15623000000.0,14989000000.0,15623000000.0,,,,2523000000.0,1.933,1.0,9152000000.0,0.209,0.0,364000000.0,31749000000.0,32170000000.0,1431000000.0,5208000000.0,745000000.0,4463000000.0,19231000000.0,8907000000.0,10324000000.0,42468266685.0,271000000.0,0.0,23000000.0,-1560000000.0,-1358000000.0,-2895000000.0,-2779000000.0,44000000.0,5947000000.0,-2000000.0,2607000000.0,2607000000.0,2607000000.0,0.0,0.0,0.059,4048000000.0,5104000000.0,3502000000.0,0.521,2.718,16.29,16.291,21496000000.0,0.0,32.5,0.968,0.967,4296000000.0,15408000000.0,43893000000.0,43893000000.0,455000000.0,0.075,0.174,0.159,0.116,0.0,1377000000.0,1.0,1306715898.0,1305538500,1305538500.0,33.621,34854000000.0,0.0,2133000000.0,4130000000.0,26.697,-965000000.0
25,CVX,MRY,1995-12-31,1995-12-31,1995-12-31,2021-09-09,174000000.0,34330000000.0,,7867000000.0,26463000000.0,,11.007,-3529000000.0,621000000.0,621000000.0,29755000000.0,930000000.0,0.833,1.392,8327000000.0,3806000000.0,4521000000.0,8327000000.0,0.0,3381000000.0,0.0,0.037,0.963,2190000000.0,5571000000.0,0.15,5571000000.0,2190000000.0,1789000000.0,0.715,0.715,0.715,14355000000.0,,14355000000.0,,,,528000000.0,0.405,1.0,7327000000.0,0.198,0.0,401000000.0,32591000000.0,,1598000000.0,4860000000.0,773000000.0,4087000000.0,19975000000.0,9445000000.0,10530000000.0,,208000000.0,0.0,14000000.0,206000000.0,-1255000000.0,-1035000000.0,-2804000000.0,144000000.0,4057000000.0,-10000000.0,930000000.0,930000000.0,930000000.0,0.0,0.0,0.025,5137000000.0,2190000000.0,3294000000.0,1.347,,,36.629,21696000000.0,0.0,26.19,,0.921,4163000000.0,14146000000.0,37082000000.0,37082000000.0,372000000.0,,,,0.059,0.0,1384000000.0,1.0,,1304167608,1304167608.0,28.433,34330000000.0,0.0,859000000.0,3521000000.0,26.323,-1578000000.0
26,CVX,MRY,1994-12-31,1994-12-31,1994-12-31,2021-09-09,,,,,,,,-3405000000.0,,,28932000000.0,1693000000.0,,,,,,,,2431000000.0,,0.041,0.925,3149000000.0,5580000000.0,0.156,5580000000.0,3149000000.0,2803000000.0,1.3,,1.3,,,,,,,-509000000.0,-0.391,1.0,6922000000.0,0.193,,346000000.0,,,,,,,,,,,-1231000000.0,0.0,-5000000.0,314000000.0,-1206000000.0,-897000000.0,-3219000000.0,-545000000.0,2896000000.0,-11000000.0,1693000000.0,1693000000.0,1693000000.0,0.0,0.0,0.047,3773000000.0,3149000000.0,,0.712,,,17.165,,0.0,22.315,,0.811,,,35854000000.0,35854000000.0,379000000.0,,,,0.088,0.0,963000000.0,1.0,,1303344476,,27.509,,,1110000000.0,,,
0,CVX,MRQ,2021-06-30,2021-06-30,2021-06-30,2021-09-09,-4295000000.0,242806000000.0,,32973000000.0,209833000000.0,,69.455,-1586000000.0,7527000000.0,7527000000.0,27094000000.0,3094000000.0,1.171,0.818,43018000000.0,3497000000.0,39521000000.0,43018000000.0,0.0,4522000000.0,0.0,0.05,1.34,4595000000.0,9117000000.0,0.242,9117000000.0,4595000000.0,4410000000.0,1.61,1.6,1.61,133182000000.0,,133182000000.0,240308185228.0,38.0,10.176,5368000000.0,2.799,1.0,10503000000.0,0.279,4402000000.0,185000000.0,245748000000.0,,6239000000.0,40585000000.0,34000000.0,40551000000.0,108895000000.0,28147000000.0,80748000000.0,201944185228.0,424000000.0,14000000.0,106000000.0,-2463000000.0,-2573000000.0,-4945000000.0,-1572000000.0,0.0,6954000000.0,-13000000.0,3082000000.0,3082000000.0,3082000000.0,0.0,12000000.0,0.082,5896000000.0,4607000000.0,14719000000.0,0.832,1.516,56.299,55.713,151208000000.0,0.0,104.74,1.692,1.683,16271000000.0,159640000000.0,37597000000.0,37597000000.0,113000000.0,,,,,0.0,1096000000.0,1.0,1928052179.0,1917536000,1921958000.0,19.607,238404000000.0,0.0,1328000000.0,15391000000.0,124.328,4826000000.0
1,CVX,MRQ,2021-03-31,2021-03-31,2021-03-31,2021-09-09,-4586000000.0,241645000000.0,,30433000000.0,211212000000.0,,68.946,-1588000000.0,7076000000.0,7076000000.0,23955000000.0,1398000000.0,1.107,0.824,45440000000.0,4841000000.0,40599000000.0,45440000000.0,0.0,4286000000.0,0.0,0.049,1.29,2354000000.0,6640000000.0,0.207,6640000000.0,2354000000.0,2156000000.0,0.72,0.72,0.72,131888000000.0,,131888000000.0,240584021100.0,-28.0,22.282,2608000000.0,1.363,1.0,8074000000.0,0.252,4402000000.0,198000000.0,248127000000.0,,5620000000.0,39623000000.0,32000000.0,39591000000.0,108712000000.0,27480000000.0,81232000000.0,201865021100.0,1527000000.0,25000000.0,267000000.0,1159000000.0,-2468000000.0,-1053000000.0,-1563000000.0,0.0,4196000000.0,-53000000.0,1377000000.0,1377000000.0,1377000000.0,0.0,21000000.0,0.043,5699000000.0,2375000000.0,12858000000.0,1.792,1.531,-25.997,-25.129,154003000000.0,0.0,104.79,2.12,2.105,14689000000.0,159285000000.0,32029000000.0,32029000000.0,86000000.0,,,,,0.0,990000000.0,1.0,1926376764.0,1912925000,1915889000.0,16.743,237243000000.0,0.0,779000000.0,14698000000.0,124.021,2953000000.0
2,CVX,MRQ,2020-12-31,2020-12-31,2020-12-31,2021-09-09,-5612000000.0,239790000000.0,,26078000000.0,213712000000.0,,70.522,-1078000000.0,5596000000.0,5596000000.0,19561000000.0,-656000000.0,1.176,0.813,44315000000.0,1548000000.0,42767000000.0,44315000000.0,0.0,4486000000.0,0.0,0.061,1.29,-767000000.0,3719000000.0,0.147,3719000000.0,-767000000.0,-966000000.0,-0.33,-0.33,-0.33,131688000000.0,,131688000000.0,185639465184.0,-28.0,14.537,1160000000.0,0.621,1.0,5685000000.0,0.225,4402000000.0,199000000.0,251924000000.0,,5676000000.0,39083000000.0,31000000.0,39052000000.0,107064000000.0,22183000000.0,84881000000.0,157695465184.0,-1054000000.0,388000000.0,14000000.0,-220000000.0,-2465000000.0,-2685000000.0,-690000000.0,0.0,2238000000.0,83000000.0,-665000000.0,-665000000.0,-665000000.0,0.0,9000000.0,-0.026,6443000000.0,-758000000.0,10950000000.0,-3.909,1.197,-28.449,-28.53,156618000000.0,0.0,84.45,1.665,1.665,12060000000.0,160377000000.0,25246000000.0,25246000000.0,367000000.0,,,,,0.0,1129000000.0,1.0,1867323448.0,1867323448,,13.52,235388000000.0,0.0,-301000000.0,14442000000.0,126.056,3895000000.0
3,CVX,MRQ,2020-09-30,2020-09-30,2020-09-30,2021-09-09,-4507000000.0,223063000000.0,,24803000000.0,198260000000.0,,71.093,-1503000000.0,6866000000.0,6866000000.0,19143000000.0,-209000000.0,1.261,0.691,34810000000.0,530000000.0,34280000000.0,34810000000.0,0.0,4017000000.0,0.0,0.07,1.29,122000000.0,4139000000.0,0.169,4139000000.0,122000000.0,-42000000.0,-0.12,-0.12,-0.12,131774000000.0,,131774000000.0,161641283904.0,-11.0,9.338,2034000000.0,1.097,1.0,5308000000.0,0.217,4416000000.0,164000000.0,226927000000.0,,5681000000.0,37683000000.0,28000000.0,37655000000.0,91025000000.0,19664000000.0,71361000000.0,134443283904.0,12000000.0,-360000000.0,5000000.0,689000000.0,-2390000000.0,-1696000000.0,-1827000000.0,36000000.0,3537000000.0,-2000000.0,-207000000.0,-207000000.0,-207000000.0,0.0,-2000000.0,-0.008,5188000000.0,120000000.0,9537000000.0,-10.75,1.02,-11.703,-11.726,142383000000.0,0.0,72.0,1.271,1.261,10502000000.0,163509000000.0,24451000000.0,24451000000.0,117000000.0,,,,,0.0,832000000.0,1.0,1867267832.0,1853533000,1853533000.0,13.192,218647000000.0,0.0,165000000.0,12278000000.0,117.962,5139000000.0
4,CVX,MRQ,2020-06-30,2020-06-30,2020-06-30,2021-09-09,-4750000000.0,223403000000.0,,23732000000.0,199671000000.0,,72.367,-614000000.0,6855000000.0,6855000000.0,14639000000.0,-8277000000.0,1.14,0.664,34053000000.0,3751000000.0,30302000000.0,34053000000.0,0.0,6717000000.0,0.0,0.056,1.29,-10418000000.0,-3701000000.0,-0.274,-3701000000.0,-10418000000.0,-10590000000.0,-4.44,-4.44,-4.44,134118000000.0,,134118000000.0,190449504940.0,-19.0,8.745,-534000000.0,-0.288,1.0,-1145000000.0,-0.085,4416000000.0,172000000.0,225360000000.0,,5511000000.0,37349000000.0,59000000.0,37290000000.0,89017000000.0,20825000000.0,68192000000.0,166590504940.0,-1911000000.0,-675000000.0,23000000.0,1643000000.0,-2394000000.0,-733000000.0,-1290000000.0,-1000000.0,80000000.0,32000000.0,-8270000000.0,-8270000000.0,-8270000000.0,0.0,-7000000.0,-0.613,9280000000.0,-10425000000.0,8250000000.0,-0.291,1.242,-19.146,-19.231,143850000000.0,0.0,89.23,1.418,1.408,9382000000.0,166122000000.0,13494000000.0,13494000000.0,895000000.0,,,,,0.0,1569000000.0,1.0,1866978650.0,1853313000,1853313000.0,7.281,218987000000.0,0.0,-2320000000.0,12529000000.0,118.16,2907000000.0
5,CVX,MRQ,2020-03-31,2020-03-31,2020-03-31,2021-09-09,-4884000000.0,236677000000.0,,28562000000.0,208115000000.0,,77.287,-2759000000.0,8492000000.0,8492000000.0,21967000000.0,3581000000.0,1.012,0.638,32351000000.0,8688000000.0,23663000000.0,32351000000.0,0.0,4288000000.0,0.0,0.067,1.29,4325000000.0,8613000000.0,0.273,8613000000.0,4325000000.0,4163000000.0,1.93,1.93,1.93,143930000000.0,,143930000000.0,157462872472.0,24.0,4.379,1963000000.0,1.054,1.0,9534000000.0,0.303,4454000000.0,162000000.0,227847000000.0,,6574000000.0,39743000000.0,50000000.0,39693000000.0,91763000000.0,28235000000.0,63528000000.0,136175872472.0,2779000000.0,-399000000.0,-1573000000.0,5358000000.0,-2402000000.0,1378000000.0,-3158000000.0,0.0,4722000000.0,-163000000.0,3599000000.0,3599000000.0,3599000000.0,0.0,-18000000.0,0.114,5227000000.0,4307000000.0,11006000000.0,0.668,0.946,35.151,34.837,149220000000.0,0.0,72.46,0.953,0.945,11410000000.0,176113000000.0,31501000000.0,31501000000.0,158000000.0,,,,,0.0,683000000.0,1.0,1879324765.0,1862273000,1865649000.0,16.915,232223000000.0,0.0,564000000.0,15735000000.0,124.699,327000000.0
6,CVX,MRQ,2019-12-31,2019-12-31,2019-12-31,2021-09-09,-4990000000.0,237428000000.0,,28329000000.0,209099000000.0,,76.268,-2347000000.0,5686000000.0,5686000000.0,26649000000.0,-6667000000.0,1.068,0.639,26973000000.0,3282000000.0,23691000000.0,26973000000.0,0.0,16429000000.0,0.0,0.039,1.19,-8170000000.0,8259000000.0,0.227,8259000000.0,-8170000000.0,-8348000000.0,-3.51,-3.51,-3.51,144213000000.0,,144213000000.0,249023007376.0,39.0,6.989,3310000000.0,1.751,1.0,9701000000.0,0.267,4463000000.0,178000000.0,227722000000.0,,5848000000.0,38751000000.0,63000000.0,38688000000.0,92220000000.0,26530000000.0,65690000000.0,227869007376.0,-5909000000.0,-275000000.0,-1090000000.0,-5951000000.0,-2228000000.0,-9271000000.0,-2622000000.0,0.0,5657000000.0,327000000.0,-6610000000.0,-6610000000.0,-6610000000.0,0.0,-57000000.0,-0.182,17928000000.0,-8227000000.0,14103000000.0,-0.339,1.58,77.931,77.748,150494000000.0,0.0,120.51,1.555,1.555,14836000000.0,174945000000.0,36350000000.0,36350000000.0,272000000.0,,,,,0.0,1129000000.0,1.0,1890872188.0,1890872188,,19.224,232965000000.0,0.0,-1738000000.0,16244000000.0,123.205,1799000000.0
7,CVX,MRQ,2019-09-30,2019-09-30,2019-09-30,2021-09-09,-3269000000.0,256537000000.0,,33988000000.0,222549000000.0,,82.867,-3218000000.0,11697000000.0,11697000000.0,26266000000.0,2580000000.0,1.124,0.639,32851000000.0,7795000000.0,25056000000.0,32851000000.0,0.0,4361000000.0,0.0,0.04,1.19,4246000000.0,8607000000.0,0.238,8607000000.0,4246000000.0,4049000000.0,1.38,1.36,1.38,155841000000.0,,155841000000.0,247288430661.0,13.0,6.556,4599000000.0,2.445,1.0,9850000000.0,0.273,4507000000.0,197000000.0,242951000000.0,,5951000000.0,38385000000.0,58000000.0,38327000000.0,99645000000.0,30233000000.0,69412000000.0,225152430661.0,3129000000.0,-350000000.0,-1005000000.0,2157000000.0,-2237000000.0,-1093000000.0,-3568000000.0,0.0,7817000000.0,-27000000.0,2580000000.0,2580000000.0,2580000000.0,0.0,0.0,0.071,5604000000.0,4246000000.0,13230000000.0,0.862,1.445,16.975,16.871,164363000000.0,0.0,118.6,1.476,1.462,14550000000.0,183783000000.0,36116000000.0,36116000000.0,168000000.0,,,,,0.0,954000000.0,1.0,1898418471.0,1880607000,1893928000.0,19.204,252030000000.0,0.0,1469000000.0,19785000000.0,134.015,3755000000.0
8,CVX,MRQ,2019-06-30,2019-06-30,2019-06-30,2021-09-09,-3357000000.0,255878000000.0,,33087000000.0,222791000000.0,,82.781,-2941000000.0,8513000000.0,8513000000.0,27069000000.0,4290000000.0,1.148,0.629,30649000000.0,5588000000.0,25061000000.0,30649000000.0,0.0,4334000000.0,0.0,0.037,1.19,6148000000.0,10482000000.0,0.27,10482000000.0,6148000000.0,5950000000.0,2.28,2.27,2.28,156395000000.0,,156395000000.0,261412111031.0,12.0,6.476,5842000000.0,3.092,1.0,11781000000.0,0.303,4507000000.0,198000000.0,244678000000.0,,6809000000.0,37475000000.0,58000000.0,37417000000.0,98427000000.0,28829000000.0,69598000000.0,237024111031.0,-4000000.0,-299000000.0,-825000000.0,-2482000000.0,-2250000000.0,-5559000000.0,-3240000000.0,0.0,8783000000.0,12000000.0,4305000000.0,4305000000.0,4305000000.0,0.0,-15000000.0,0.111,5648000000.0,6133000000.0,14805000000.0,0.522,1.516,16.09,15.995,165411000000.0,0.0,124.44,1.478,1.466,16167000000.0,183442000000.0,38850000000.0,38850000000.0,141000000.0,,,,,0.0,1076000000.0,1.0,1904726061.0,1889265000,1902977000.0,20.564,251371000000.0,0.0,1645000000.0,18719000000.0,133.052,4258000000.0
9,CVX,MRQ,2019-03-31,2019-03-31,2019-03-31,2021-09-09,-3459000000.0,256809000000.0,,33671000000.0,223138000000.0,,82.121,-2659000000.0,8699000000.0,8699000000.0,25650000000.0,2642000000.0,1.124,0.649,33087000000.0,7023000000.0,26064000000.0,33087000000.0,0.0,4094000000.0,0.0,0.037,1.19,4189000000.0,8283000000.0,0.235,8283000000.0,4189000000.0,3964000000.0,1.4,1.39,1.4,155045000000.0,,155045000000.0,258216730777.0,13.0,6.539,2398000000.0,1.27,1.0,9550000000.0,0.271,4507000000.0,225000000.0,246739000000.0,,6723000000.0,36416000000.0,56000000.0,36360000000.0,100691000000.0,29951000000.0,70740000000.0,234049730777.0,-786000000.0,-321000000.0,-15000000.0,-1570000000.0,-2244000000.0,-3835000000.0,-2028000000.0,952000000.0,5057000000.0,20000000.0,2649000000.0,2649000000.0,2649000000.0,0.0,-7000000.0,0.075,5368000000.0,4182000000.0,14230000000.0,0.85,1.51,16.917,16.897,166732000000.0,0.0,123.18,1.429,1.42,16947000000.0,181387000000.0,35200000000.0,35200000000.0,189000000.0,,,,,0.0,984000000.0,1.0,1900062760.0,1888002000,1900748000.0,18.644,252302000000.0,0.0,1315000000.0,18917000000.0,133.634,3720000000.0
10,CVX,MRQ,2018-12-31,2018-12-31,2018-12-31,2021-09-09,-3544000000.0,253863000000.0,,34021000000.0,219842000000.0,,80.886,-3715000000.0,10292000000.0,10292000000.0,30466000000.0,3723000000.0,1.252,0.636,34459000000.0,5726000000.0,28733000000.0,34459000000.0,0.0,5252000000.0,0.0,0.041,1.12,5095000000.0,10347000000.0,0.244,10347000000.0,5095000000.0,4905000000.0,1.97,1.95,1.97,154554000000.0,,154554000000.0,234297143604.0,11.0,5.756,5436000000.0,2.845,1.0,11886000000.0,0.281,4518000000.0,190000000.0,246341000000.0,,5704000000.0,35599000000.0,53000000.0,35546000000.0,98221000000.0,27171000000.0,71050000000.0,207873143604.0,-260000000.0,33000000.0,-941000000.0,-1691000000.0,-2120000000.0,-4756000000.0,-4632000000.0,-950000000.0,9151000000.0,-23000000.0,3730000000.0,3730000000.0,3730000000.0,0.0,-7000000.0,0.088,6798000000.0,5088000000.0,13953000000.0,0.569,1.345,14.023,13.93,169207000000.0,0.0,108.79,1.25,1.25,16992000000.0,180987000000.0,42352000000.0,42352000000.0,250000000.0,,,,,0.0,1080000000.0,1.0,1910774369.0,1910774369,,22.165,249345000000.0,0.0,1175000000.0,18486000000.0,130.494,6850000000.0
11,CVX,MRQ,2018-09-30,2018-09-30,2018-09-30,2021-09-09,-3265000000.0,256606000000.0,,35583000000.0,221023000000.0,,80.798,-2251000000.0,9686000000.0,9686000000.0,30925000000.0,4056000000.0,1.219,0.664,36110000000.0,6121000000.0,29989000000.0,36110000000.0,0.0,5380000000.0,0.0,0.036,1.12,5872000000.0,11252000000.0,0.256,11252000000.0,5872000000.0,5690000000.0,2.13,2.11,2.13,153575000000.0,,153575000000.0,265195467388.0,15.0,7.218,7318000000.0,3.85,1.0,13062000000.0,0.297,4518000000.0,182000000.0,249329000000.0,,6029000000.0,34732000000.0,60000000.0,34672000000.0,101933000000.0,29183000000.0,72750000000.0,234306467388.0,2043000000.0,26000000.0,-671000000.0,-2444000000.0,-2129000000.0,-5276000000.0,-2227000000.0,-2000000.0,9569000000.0,-23000000.0,4047000000.0,4047000000.0,4047000000.0,0.0,9000000.0,0.092,7181000000.0,5881000000.0,15335000000.0,0.526,1.526,16.495,16.326,171645000000.0,0.0,122.28,1.45,1.438,19248000000.0,178816000000.0,43987000000.0,43987000000.0,625000000.0,,,,,0.0,1018000000.0,1.0,1916147100.0,1900717000,1917474000.0,23.142,252088000000.0,0.0,1643000000.0,18322000000.0,132.628,6400000000.0
12,CVX,MRQ,2018-06-30,2018-06-30,2018-06-30,2021-09-09,-3368000000.0,257929000000.0,,34256000000.0,223673000000.0,,80.088,-2548000000.0,7628000000.0,7628000000.0,31320000000.0,3422000000.0,1.075,0.687,38517000000.0,8598000000.0,29919000000.0,38517000000.0,0.0,4498000000.0,0.0,0.035,1.12,5109000000.0,9607000000.0,0.227,9607000000.0,5109000000.0,4892000000.0,1.79,1.78,1.79,152198000000.0,,152198000000.0,274881259880.0,19.0,8.265,4307000000.0,2.266,1.0,10916000000.0,0.258,4518000000.0,217000000.0,252438000000.0,,6644000000.0,34300000000.0,58000000.0,34242000000.0,104549000000.0,31862000000.0,72687000000.0,241602259880.0,1181000000.0,26000000.0,442000000.0,-1323000000.0,-2129000000.0,-3054000000.0,-2542000000.0,-20000000.0,6855000000.0,-78000000.0,3409000000.0,3409000000.0,3409000000.0,0.0,13000000.0,0.081,5794000000.0,5122000000.0,15722000000.0,0.626,1.587,19.951,19.786,174242000000.0,0.0,126.43,1.571,1.562,19245000000.0,176899000000.0,42236000000.0,42236000000.0,177000000.0,,,,,0.0,1017000000.0,1.0,1910956734.0,1900375000,1918949000.0,22.225,253411000000.0,0.0,1483000000.0,17871000000.0,133.348,2394000000.0
13,CVX,MRQ,2018-03-31,2018-03-31,2018-03-31,2021-09-09,-3459000000.0,256442000000.0,,31726000000.0,224716000000.0,,79.302,-2886000000.0,6466000000.0,6466000000.0,27278000000.0,3659000000.0,1.036,0.698,39745000000.0,8601000000.0,31144000000.0,39745000000.0,0.0,4289000000.0,0.0,0.038,1.12,5211000000.0,9500000000.0,0.252,9500000000.0,5211000000.0,5052000000.0,1.92,1.9,1.92,150356000000.0,,150356000000.0,251795281314.0,22.0,8.137,2157000000.0,1.138,1.0,10486000000.0,0.278,4531000000.0,159000000.0,254560000000.0,,6128000000.0,33508000000.0,38000000.0,33470000000.0,104876000000.0,30630000000.0,74246000000.0,217845281314.0,1574000000.0,26000000.0,566000000.0,956000000.0,-2124000000.0,-613000000.0,-2889000000.0,-29000000.0,5043000000.0,33000000.0,3638000000.0,3638000000.0,3638000000.0,0.0,21000000.0,0.096,5254000000.0,5232000000.0,14479000000.0,0.583,1.449,21.46,21.236,175846000000.0,0.0,114.04,1.491,1.48,18494000000.0,175619000000.0,37764000000.0,37764000000.0,158000000.0,,,,,0.0,723000000.0,1.0,1910253256.0,1895990000,1913218000.0,19.918,251911000000.0,0.0,1414000000.0,18045000000.0,132.865,1096000000.0
14,CVX,MRQ,2017-12-31,2017-12-31,2017-12-31,2021-09-09,-3589000000.0,253806000000.0,,28560000000.0,225246000000.0,,77.986,-3310000000.0,4813000000.0,4813000000.0,29446000000.0,3118000000.0,1.03,0.705,38763000000.0,5192000000.0,33571000000.0,38763000000.0,0.0,4735000000.0,0.0,0.035,1.08,1647000000.0,6382000000.0,0.17,6382000000.0,1647000000.0,1474000000.0,1.65,1.64,1.65,148124000000.0,,148124000000.0,273113622046.0,29.0,9.482,2783000000.0,1.465,1.0,8170000000.0,0.217,4531000000.0,173000000.0,255488000000.0,,5585000000.0,32506000000.0,9000000.0,32497000000.0,104487000000.0,27737000000.0,76750000000.0,237782622046.0,-2012000000.0,20000000.0,468000000.0,-3239000000.0,-2039000000.0,-4822000000.0,-3286000000.0,4000000.0,6093000000.0,3000000.0,3111000000.0,3111000000.0,3111000000.0,0.0,7000000.0,0.083,6516000000.0,1654000000.0,14565000000.0,0.655,1.605,25.86,25.654,177712000000.0,0.0,125.19,1.678,1.678,18202000000.0,174106000000.0,37616000000.0,37616000000.0,356000000.0,,,,,0.0,1262000000.0,1.0,1899373928.0,1899373928,,19.804,249275000000.0,0.0,-1637000000.0,17365000000.0,131.241,823000000.0
15,CVX,MRQ,2017-09-30,2017-09-30,2017-09-30,2021-09-09,-3422000000.0,255160000000.0,,29398000000.0,225762000000.0,,77.929,-913000000.0,6641000000.0,6641000000.0,26838000000.0,1986000000.0,1.042,0.731,41972000000.0,7897000000.0,34075000000.0,41972000000.0,0.0,5109000000.0,0.0,0.037,1.08,2659000000.0,7768000000.0,0.215,7768000000.0,2659000000.0,2624000000.0,1.03,1.03,1.03,146713000000.0,,146713000000.0,260764815958.0,31.0,9.597,4584000000.0,2.435,1.0,9367000000.0,0.259,4531000000.0,35000000.0,257737000000.0,,5761000000.0,32415000000.0,13000000.0,32402000000.0,107249000000.0,28223000000.0,79026000000.0,222662815958.0,1989000000.0,-20000000.0,370000000.0,-910000000.0,-2032000000.0,-2597000000.0,-933000000.0,0.0,5497000000.0,22000000.0,1952000000.0,1952000000.0,1952000000.0,0.0,34000000.0,0.054,6674000000.0,2693000000.0,13084000000.0,1.049,1.518,34.261,34.058,178436000000.0,0.0,117.5,1.642,1.631,17140000000.0,173035000000.0,36205000000.0,36205000000.0,239000000.0,,,,,0.0,1107000000.0,1.0,1895002689.0,1882650000,1895879000.0,19.231,250629000000.0,0.0,672000000.0,19595000000.0,133.126,1175000000.0
16,CVX,MRQ,2017-06-30,2017-06-30,2017-06-30,2021-09-09,-3604000000.0,254599000000.0,,26626000000.0,227973000000.0,,77.725,-2616000000.0,4762000000.0,4762000000.0,25980000000.0,1466000000.0,0.952,0.733,42864000000.0,8782000000.0,34082000000.0,42864000000.0,0.0,5311000000.0,0.0,0.041,1.08,1985000000.0,7296000000.0,0.212,7296000000.0,1985000000.0,1937000000.0,0.77,0.77,0.77,146203000000.0,,146203000000.0,235932111570.0,34.0,9.557,2355000000.0,1.252,1.0,8500000000.0,0.247,4543000000.0,48000000.0,260202000000.0,,6075000000.0,31719000000.0,13000000.0,31706000000.0,107211000000.0,27956000000.0,79255000000.0,197659111570.0,-2107000000.0,-10000000.0,34000000.0,-2412000000.0,-2032000000.0,-4451000000.0,-2628000000.0,-2000000.0,4971000000.0,1000000.0,1450000000.0,1450000000.0,1450000000.0,0.0,16000000.0,0.042,6499000000.0,2001000000.0,12057000000.0,1.403,1.352,33.904,33.655,178176000000.0,0.0,104.33,1.526,1.515,15571000000.0,173116000000.0,34480000000.0,34480000000.0,125000000.0,,,,,0.0,927000000.0,1.0,1894556806.0,1881019000,1893014000.0,18.33,250056000000.0,0.0,487000000.0,19489000000.0,132.936,-1330000000.0
17,CVX,MRQ,2017-03-31,2017-03-31,2017-03-31,2021-09-09,-3726000000.0,259111000000.0,,29568000000.0,229543000000.0,,78.001,-1469000000.0,6983000000.0,6983000000.0,24963000000.0,2699000000.0,1.04,0.759,45256000000.0,8297000000.0,36959000000.0,45256000000.0,0.0,4194000000.0,0.0,0.04,1.08,3163000000.0,7357000000.0,0.22,7357000000.0,3163000000.0,3112000000.0,1.43,1.41,1.43,146592000000.0,,146592000000.0,242400465889.0,85.0,10.961,2308000000.0,1.228,1.0,8458000000.0,0.253,4543000000.0,51000000.0,264415000000.0,,5921000000.0,30926000000.0,11000000.0,30915000000.0,111321000000.0,28426000000.0,82895000000.0,203262465889.0,-341000000.0,-6000000.0,245000000.0,-900000000.0,-2029000000.0,-2684000000.0,-1473000000.0,2000000.0,3777000000.0,39000000.0,2682000000.0,2682000000.0,2682000000.0,0.0,17000000.0,0.08,5278000000.0,3180000000.0,13078000000.0,0.755,1.387,69.85,69.271,180296000000.0,0.0,107.37,1.635,1.623,16211000000.0,173698000000.0,33421000000.0,33421000000.0,144000000.0,,,,,0.0,810000000.0,1.0,1893102970.0,1879372000,1895393000.0,17.783,254568000000.0,0.0,430000000.0,19670000000.0,135.454,1142000000.0
18,CVX,MRQ,2016-12-31,2016-12-31,2016-12-31,2021-09-09,-3843000000.0,260078000000.0,,29619000000.0,230459000000.0,,77.105,-533000000.0,6988000000.0,6988000000.0,24623000000.0,438000000.0,0.932,0.779,46126000000.0,10840000000.0,35286000000.0,46126000000.0,0.0,4203000000.0,0.0,0.036,1.08,547000000.0,4750000000.0,0.151,4750000000.0,547000000.0,489000000.0,0.22,0.22,0.22,145556000000.0,,145556000000.0,260424448964.0,-129.0,14.939,3174000000.0,1.681,1.0,6874000000.0,0.218,4581000000.0,58000000.0,262850000000.0,,5419000000.0,30263000000.0,13000000.0,30250000000.0,113356000000.0,31785000000.0,81571000000.0,222190448964.0,-37000000.0,-2048000000.0,291000000.0,489000000.0,-2025000000.0,-1251000000.0,-2441000000.0,140000000.0,3707000000.0,-52000000.0,415000000.0,415000000.0,415000000.0,0.0,23000000.0,0.013,6304000000.0,570000000.0,13986000000.0,4.909,1.526,-447.063,-435.926,182186000000.0,0.0,117.7,1.941,1.941,16577000000.0,173046000000.0,31497000000.0,31497000000.0,191000000.0,,,,,0.0,1165000000.0,1.0,1887769320.0,1887769320,,16.685,255497000000.0,0.0,74000000.0,19593000000.0,135.343,-2166000000.0
19,CVX,MRQ,2016-09-30,2016-09-30,2016-09-30,2021-09-09,-3843000000.0,259863000000.0,,28873000000.0,230990000000.0,,78.35,-4065000000.0,7351000000.0,7351000000.0,23470000000.0,1301000000.0,1.167,0.762,45585000000.0,6057000000.0,39528000000.0,45585000000.0,0.0,4130000000.0,0.0,0.042,1.07,1155000000.0,5285000000.0,0.175,5285000000.0,1155000000.0,1091000000.0,0.68,0.68,0.68,146800000000.0,,146800000000.0,230481684508.0,-48.0,14.552,1246000000.0,0.665,1.0,6670000000.0,0.221,4581000000.0,64000000.0,268772000000.0,,5976000000.0,30323000000.0,321000000.0,30002000000.0,111911000000.0,24744000000.0,87167000000.0,194160684508.0,-1413000000.0,-1198000000.0,97000000.0,476000000.0,-2005000000.0,-1465000000.0,-5263000000.0,0.0,5311000000.0,4000000.0,1283000000.0,1283000000.0,1283000000.0,0.0,18000000.0,0.043,5497000000.0,1173000000.0,12205000000.0,1.574,1.323,-129.44,-128.65,183439000000.0,0.0,102.92,1.73,1.718,14966000000.0,174657000000.0,30140000000.0,30140000000.0,258000000.0,,,,,0.0,1109000000.0,1.0,1886520448.0,1873649000,1883342000.0,16.086,255282000000.0,0.0,-192000000.0,19858000000.0,136.249,4129000000.0
20,CVX,MRQ,2016-06-30,2016-06-30,2016-06-30,2021-09-09,-4032000000.0,261478000000.0,,32471000000.0,229007000000.0,,78.613,-4469000000.0,8764000000.0,8764000000.0,23305000000.0,-1463000000.0,1.303,0.769,45085000000.0,5530000000.0,39555000000.0,45085000000.0,0.0,6721000000.0,0.0,0.041,1.07,-1998000000.0,4723000000.0,0.161,4723000000.0,-1998000000.0,-2077000000.0,-0.78,-0.78,-0.78,147163000000.0,,147163000000.0,231350351229.0,-72.0,13.155,-1938000000.0,-1.035,1.0,5977000000.0,0.204,4581000000.0,79000000.0,268291000000.0,,6427000000.0,28060000000.0,320000000.0,27740000000.0,113153000000.0,24927000000.0,88226000000.0,197573351229.0,202000000.0,1222000000.0,139000000.0,2717000000.0,-2002000000.0,830000000.0,-3157000000.0,90000000.0,2531000000.0,-2000000.0,-1470000000.0,-1470000000.0,-1470000000.0,0.0,7000000.0,-0.05,7968000000.0,-1991000000.0,13416000000.0,-1.372,1.343,-264.844,-268.795,184685000000.0,0.0,104.83,1.697,1.686,15959000000.0,175379000000.0,29282000000.0,29282000000.0,214000000.0,,,,,0.0,1033000000.0,1.0,1884702387.0,1871995000,1871995000.0,15.642,256897000000.0,0.0,-607000000.0,19865000000.0,137.232,7544000000.0
21,CVX,MRQ,2016-03-31,2016-03-31,2016-03-31,2021-09-09,-4150000000.0,263842000000.0,,31713000000.0,232129000000.0,,80.388,-5566000000.0,8562000000.0,8562000000.0,19493000000.0,-707000000.0,1.087,0.748,42339000000.0,9630000000.0,32709000000.0,42339000000.0,0.0,4403000000.0,0.0,0.045,1.07,-1729000000.0,2674000000.0,0.114,2674000000.0,-1729000000.0,-1729000000.0,-0.39,-0.39,-0.39,150307000000.0,,150307000000.0,207223110543.0,1756.0,9.799,-4425000000.0,-2.367,1.0,4060000000.0,0.172,4588000000.0,0.0,263869000000.0,,6508000000.0,27827000000.0,317000000.0,27510000000.0,112366000000.0,29162000000.0,83204000000.0,179653110543.0,-2460000000.0,-10000000.0,123000000.0,3788000000.0,-2000000000.0,1911000000.0,-5509000000.0,67000000.0,1141000000.0,-3000000.0,-725000000.0,-725000000.0,-725000000.0,0.0,18000000.0,-0.031,5771000000.0,-1711000000.0,12696000000.0,-2.744,1.195,138.728,138.261,189940000000.0,0.0,95.4,1.409,1.399,14951000000.0,178853000000.0,23553000000.0,23553000000.0,370000000.0,,,,,0.0,998000000.0,1.0,1883156295.0,1869775000,1869775000.0,12.597,259254000000.0,0.0,-1004000000.0,21524000000.0,138.655,2551000000.0
22,CVX,MRQ,2015-12-31,2015-12-31,2015-12-31,2021-09-09,-4291000000.0,264540000000.0,,34430000000.0,230110000000.0,,81.144,-7449000000.0,11022000000.0,11022000000.0,23396000000.0,-555000000.0,1.352,0.725,38549000000.0,4927000000.0,33622000000.0,38549000000.0,0.0,5400000000.0,0.0,0.048,1.07,-2243000000.0,3157000000.0,0.108,3157000000.0,-2243000000.0,-2243000000.0,-0.31,-0.31,-0.31,152716000000.0,,152716000000.0,192251021892.0,41.0,7.464,-2892000000.0,-1.537,1.0,5851000000.0,0.2,4588000000.0,0.0,262012000000.0,,6334000000.0,27420000000.0,310000000.0,27110000000.0,110654000000.0,25467000000.0,85187000000.0,169308021892.0,-1911000000.0,261000000.0,53000000.0,2708000000.0,-1999000000.0,756000000.0,-7208000000.0,-20000000.0,4557000000.0,-16000000.0,-588000000.0,-588000000.0,-588000000.0,0.0,33000000.0,-0.02,8061000000.0,-2210000000.0,13516000000.0,-3.452,1.109,36.91,36.569,188396000000.0,0.0,89.96,1.223,1.223,15272000000.0,181578000000.0,29247000000.0,29247000000.0,1358000000.0,,,,,0.0,1303000000.0,1.0,1882036704.0,1882036704,,15.54,259952000000.0,0.0,-1655000000.0,22356000000.0,138.123,8963000000.0
23,CVX,MRQ,2015-09-30,2015-09-30,2015-09-30,2021-09-09,-4549000000.0,268449000000.0,,39819000000.0,228630000000.0,,82.91,-6810000000.0,12933000000.0,12933000000.0,25922000000.0,2057000000.0,1.321,0.726,35876000000.0,6580000000.0,29296000000.0,35876000000.0,0.0,4268000000.0,0.0,0.054,1.07,2764000000.0,7032000000.0,0.205,7032000000.0,2764000000.0,2764000000.0,1.09,1.09,1.09,154912000000.0,,154912000000.0,168185227062.0,14.0,5.119,-1450000000.0,-0.776,1.0,8393000000.0,0.245,4588000000.0,0.0,256660000000.0,,6864000000.0,27016000000.0,306000000.0,26710000000.0,112511000000.0,30144000000.0,82367000000.0,148431227062.0,777000000.0,480000000.0,20000000.0,3962000000.0,-1999000000.0,1887000000.0,-6279000000.0,51000000.0,5360000000.0,-191000000.0,2037000000.0,2037000000.0,2037000000.0,0.0,20000000.0,0.059,5609000000.0,2784000000.0,15307000000.0,0.982,0.958,17.168,17.037,187405000000.0,0.0,78.88,0.956,0.949,16676000000.0,184167000000.0,34315000000.0,34315000000.0,315000000.0,,,,,0.0,1026000000.0,1.0,1881734623.0,1868444000,1872420000.0,18.366,263861000000.0,0.0,727000000.0,25064000000.0,141.22,9675000000.0
24,CVX,MRQ,2015-06-30,2015-06-30,2015-06-30,2021-09-09,-4651000000.0,266455000000.0,,40738000000.0,225717000000.0,,82.819,-7643000000.0,12156000000.0,12156000000.0,29791000000.0,608000000.0,1.441,0.715,31910000000.0,2621000000.0,29289000000.0,31910000000.0,0.0,6958000000.0,0.0,0.044,1.07,1326000000.0,8284000000.0,0.205,8284000000.0,1326000000.0,1326000000.0,0.3,0.3,0.3,154669000000.0,,154669000000.0,202667684780.0,11.0,5.25,-423000000.0,-0.226,1.0,10566000000.0,0.262,4588000000.0,0.0,253353000000.0,,7116000000.0,26571000000.0,365000000.0,26206000000.0,110564000000.0,28268000000.0,82296000000.0,181409684780.0,-519000000.0,3873000000.0,83000000.0,-2048000000.0,-1997000000.0,-3988000000.0,-3715000000.0,55000000.0,7220000000.0,-36000000.0,571000000.0,571000000.0,571000000.0,0.0,37000000.0,0.014,9203000000.0,1363000000.0,17380000000.0,3.567,1.173,14.867,14.819,185267000000.0,0.0,96.47,1.033,1.026,19033000000.0,184129000000.0,40357000000.0,40357000000.0,1075000000.0,,,,,0.0,1170000000.0,1.0,1880477711.0,1867561000,1876705000.0,21.609,261867000000.0,0.0,755000000.0,24840000000.0,140.219,12470000000.0
25,CVX,MRQ,2015-03-31,2015-03-31,2015-03-31,2021-09-09,-4780000000.0,269604000000.0,,41270000000.0,228334000000.0,,83.466,-7602000000.0,12675000000.0,12675000000.0,25706000000.0,2600000000.0,1.402,0.723,33933000000.0,3908000000.0,30025000000.0,33933000000.0,0.0,4411000000.0,0.0,0.041,1.07,2872000000.0,7283000000.0,0.211,7283000000.0,2872000000.0,2872000000.0,1.38,1.37,1.38,155803000000.0,,155803000000.0,212406340702.0,8.0,4.921,-5283000000.0,-2.83,1.0,8852000000.0,0.256,4588000000.0,0.0,256829000000.0,,6837000000.0,28670000000.0,432000000.0,28238000000.0,112603000000.0,29445000000.0,83158000000.0,197381340702.0,-110000000.0,908000000.0,55000000.0,6102000000.0,-1997000000.0,4160000000.0,-6606000000.0,88000000.0,2319000000.0,17000000.0,2567000000.0,2567000000.0,2567000000.0,0.0,33000000.0,0.074,5947000000.0,2905000000.0,16640000000.0,0.775,1.267,11.412,11.398,186123000000.0,0.0,104.98,1.021,1.014,18059000000.0,185557000000.0,34558000000.0,34558000000.0,592000000.0,,,,,0.0,944000000.0,1.0,1880180422.0,1866655000,1876498000.0,18.513,265016000000.0,0.0,305000000.0,25873000000.0,141.974,11825000000.0
26,CVX,MRQ,2014-12-31,2014-12-31,2014-12-31,2021-09-09,-4859000000.0,266026000000.0,,42232000000.0,223794000000.0,,82.007,-9668000000.0,12793000000.0,12793000000.0,33953000000.0,3472000000.0,1.323,0.708,27818000000.0,3790000000.0,24028000000.0,27818000000.0,0.0,4873000000.0,0.0,0.038,1.07,5383000000.0,10256000000.0,0.223,10256000000.0,5383000000.0,5383000000.0,1.86,1.85,1.86,155028000000.0,,155028000000.0,223553807509.0,7.0,4.665,-3171000000.0,-1.677,1.0,12135000000.0,0.263,4593000000.0,0.0,244532000000.0,,6505000000.0,27334000000.0,422000000.0,26912000000.0,109835000000.0,31926000000.0,77909000000.0,212067807509.0,-1430000000.0,3215000000.0,-1238000000.0,2121000000.0,-2002000000.0,-1148000000.0,-6742000000.0,-289000000.0,6497000000.0,-37000000.0,3471000000.0,3471000000.0,3471000000.0,0.0,1000000.0,0.075,6751000000.0,5384000000.0,19000000000.0,0.575,1.368,11.022,10.987,183173000000.0,0.0,112.18,1.0,1.0,19553000000.0,184987000000.0,46088000000.0,46088000000.0,510000000.0,,,,,0.0,1368000000.0,1.0,1890424385.0,1890424385,,24.38,261433000000.0,0.0,1912000000.0,25728000000.0,138.293,10306000000.0
27,CVX,MRQ,2014-09-30,2014-09-30,2014-09-30,2021-09-09,-3438000000.0,265431000000.0,,47083000000.0,218348000000.0,,83.013,-8264000000.0,14223000000.0,14223000000.0,40380000000.0,5627000000.0,1.269,0.692,25709000000.0,5665000000.0,20044000000.0,25709000000.0,0.0,3948000000.0,0.0,0.035,1.07,8829000000.0,12777000000.0,0.234,12777000000.0,8829000000.0,8829000000.0,2.97,2.95,2.97,156140000000.0,,156140000000.0,236161545359.0,7.0,4.773,416000000.0,0.221,1.0,14299000000.0,0.262,4621000000.0,0.0,235208000000.0,,7304000000.0,26950000000.0,267000000.0,26683000000.0,108124000000.0,37088000000.0,71036000000.0,226580545359.0,256000000.0,931000000.0,-1155000000.0,2164000000.0,-2012000000.0,-1019000000.0,-7373000000.0,-40000000.0,8680000000.0,-32000000.0,5593000000.0,5593000000.0,5593000000.0,0.0,34000000.0,0.102,5436000000.0,8863000000.0,21821000000.0,0.36,1.451,10.946,10.897,178096000000.0,0.0,119.32,1.02,1.011,22877000000.0,183519000000.0,54679000000.0,54679000000.0,366000000.0,,,,,0.0,1122000000.0,1.0,1898931825.0,1880915000,1896492000.0,29.07,260810000000.0,0.0,3236000000.0,26125000000.0,138.661,9995000000.0
28,CVX,MRQ,2014-06-30,2014-06-30,2014-06-30,2021-09-09,-3497000000.0,262045000000.0,,48920000000.0,213125000000.0,,81.366,-8931000000.0,13967000000.0,13967000000.0,43298000000.0,5690000000.0,1.347,0.699,23548000000.0,3498000000.0,20050000000.0,23548000000.0,0.0,3842000000.0,0.0,0.031,1.07,9002000000.0,12844000000.0,0.222,12844000000.0,9002000000.0,9002000000.0,3.0,2.98,3.0,153581000000.0,,153581000000.0,255655520424.0,8.0,5.202,-1050000000.0,-0.556,1.0,14640000000.0,0.253,4621000000.0,0.0,230677000000.0,,7215000000.0,26191000000.0,268000000.0,25923000000.0,107298000000.0,36328000000.0,70970000000.0,248521520424.0,-1653000000.0,1439000000.0,-829000000.0,479000000.0,-2019000000.0,-2371000000.0,-7198000000.0,294000000.0,7881000000.0,35000000.0,5665000000.0,5665000000.0,5665000000.0,0.0,25000000.0,0.098,5613000000.0,9027000000.0,23623000000.0,0.357,1.618,12.391,12.363,174054000000.0,0.0,130.55,1.1,1.091,24612000000.0,179939000000.0,57938000000.0,57938000000.0,694000000.0,,,,,0.0,1077000000.0,1.0,1903650099.0,1887543000,1902321000.0,30.695,257424000000.0,0.0,3337000000.0,26183000000.0,136.38,12592000000.0
29,CVX,MRQ,2014-03-31,2014-03-31,2014-03-31,2021-09-09,-3534000000.0,258238000000.0,,49749000000.0,208489000000.0,,79.503,-8544000000.0,15920000000.0,15920000000.0,39865000000.0,4521000000.0,1.395,0.706,23054000000.0,3008000000.0,20046000000.0,23054000000.0,0.0,4130000000.0,0.0,0.034,1.0,7919000000.0,12049000000.0,0.226,12049000000.0,7919000000.0,7919000000.0,2.38,2.36,2.38,150661000000.0,,150661000000.0,231192687302.0,7.0,4.79,-127000000.0,-0.067,1.0,13400000000.0,0.252,4639000000.0,0.0,225081000000.0,,7472000000.0,26249000000.0,263000000.0,25986000000.0,106428000000.0,35652000000.0,70776000000.0,227014687302.0,-633000000.0,284000000.0,-1190000000.0,2624000000.0,-1895000000.0,-461000000.0,-8580000000.0,-320000000.0,8417000000.0,-9000000.0,4512000000.0,4512000000.0,4512000000.0,0.0,9000000.0,0.085,5472000000.0,7928000000.0,23332000000.0,0.42,1.507,11.49,11.478,169227000000.0,0.0,118.91,1.008,1.0,23160000000.0,176294000000.0,53265000000.0,53265000000.0,415000000.0,,,,,0.0,927000000.0,1.0,1909130328.0,1895032000,1909424000.0,28.108,253599000000.0,0.0,3407000000.0,26110000000.0,133.823,14097000000.0
30,CVX,MRQ,2013-12-31,2013-12-31,2013-12-31,2021-09-09,-3579000000.0,253753000000.0,,50250000000.0,203503000000.0,,77.535,-11613000000.0,16253000000.0,16253000000.0,42423000000.0,4958000000.0,1.522,0.693,20431000000.0,374000000.0,20057000000.0,20431000000.0,0.0,3635000000.0,0.0,0.031,1.0,8170000000.0,11805000000.0,0.21,11805000000.0,8170000000.0,8170000000.0,2.6,2.57,2.6,149113000000.0,,149113000000.0,240482541054.0,7.0,4.818,-1161000000.0,-0.604,1.0,13735000000.0,0.245,4639000000.0,0.0,220274000000.0,,6380000000.0,25765000000.0,263000000.0,25502000000.0,103326000000.0,33018000000.0,70308000000.0,240223541054.0,-769000000.0,438000000.0,-1188000000.0,1834000000.0,-1903000000.0,-1263000000.0,-9831000000.0,1344000000.0,10452000000.0,-127000000.0,4930000000.0,4930000000.0,4930000000.0,0.0,28000000.0,0.088,5537000000.0,8198000000.0,22815000000.0,0.385,1.611,11.213,11.173,164829000000.0,0.0,124.91,1.05,1.05,24455000000.0,173677000000.0,56158000000.0,56158000000.0,726000000.0,,,,,0.0,1176000000.0,1.0,1923173013.0,1923173013,,29.201,249114000000.0,0.0,3240000000.0,25728000000.0,129.533,17232000000.0
31,CVX,MRQ,2013-09-30,2013-09-30,2013-09-30,2021-09-09,-5997000000.0,247838000000.0,,53503000000.0,194335000000.0,,75.64,-9607000000.0,18322000000.0,18322000000.0,44254000000.0,4996000000.0,1.599,0.703,18581000000.0,527000000.0,18054000000.0,18581000000.0,0.0,3658000000.0,0.0,0.031,1.0,8789000000.0,12447000000.0,0.213,12447000000.0,8789000000.0,8789000000.0,2.58,2.57,2.58,144779000000.0,,144779000000.0,232666882344.0,6.0,4.342,709000000.0,0.37,1.0,14249000000.0,0.244,4640000000.0,0.0,209987000000.0,,6893000000.0,25268000000.0,258000000.0,25010000000.0,101765000000.0,33470000000.0,68295000000.0,234740882344.0,-3616000000.0,216000000.0,-1278000000.0,-1381000000.0,-1915000000.0,-4594000000.0,-9307000000.0,84000000.0,10316000000.0,-31000000.0,4950000000.0,4950000000.0,4950000000.0,0.0,46000000.0,0.085,5414000000.0,8835000000.0,23149000000.0,0.388,1.621,9.889,9.87,156932000000.0,0.0,121.5,1.006,0.997,24759000000.0,170651000000.0,58503000000.0,58503000000.0,559000000.0,,,,,0.0,1197000000.0,1.0,1932023723.0,1914047000,1929831000.0,30.565,243198000000.0,0.0,3839000000.0,23888000000.0,127.06,20033000000.0
32,CVX,MRQ,2013-06-30,2013-06-30,2013-06-30,2021-09-09,-6078000000.0,244048000000.0,,56104000000.0,187944000000.0,,74.342,-8573000000.0,22038000000.0,22038000000.0,43900000000.0,5404000000.0,1.679,0.699,19964000000.0,1913000000.0,18051000000.0,19964000000.0,0.0,3412000000.0,0.0,0.031,1.0,8550000000.0,11962000000.0,0.209,11962000000.0,8550000000.0,8550000000.0,2.8,2.77,2.8,142841000000.0,,142841000000.0,224819629894.0,6.0,4.133,-53000000.0,-0.028,1.0,13469000000.0,0.235,4640000000.0,0.0,203921000000.0,,7423000000.0,25391000000.0,258000000.0,25133000000.0,99884000000.0,33413000000.0,66471000000.0,229458629894.0,3256000000.0,726000000.0,-1001000000.0,5826000000.0,-1921000000.0,2841000000.0,-8012000000.0,-165000000.0,8520000000.0,-93000000.0,5365000000.0,5365000000.0,5365000000.0,0.0,39000000.0,0.094,4880000000.0,8589000000.0,21609000000.0,0.357,1.606,9.544,9.513,150592000000.0,0.0,118.34,0.986,0.977,23290000000.0,167615000000.0,57369000000.0,57369000000.0,329000000.0,,,,,0.0,1139000000.0,1.0,1938977775.0,1921391000,1936783000.0,29.858,239408000000.0,0.0,3185000000.0,22750000000.0,124.601,22691000000.0
33,CVX,MRQ,2013-03-31,2013-03-31,2013-03-31,2021-09-09,-6269000000.0,237410000000.0,,54696000000.0,182714000000.0,,72.645,-8192000000.0,18782000000.0,18782000000.0,41809000000.0,6239000000.0,1.577,0.685,14143000000.0,2090000000.0,12053000000.0,14143000000.0,0.0,3481000000.0,0.0,0.03,0.9,10222000000.0,13703000000.0,0.241,13703000000.0,10222000000.0,10222000000.0,3.2,3.18,3.2,140134000000.0,,140134000000.0,221376351051.0,5.0,3.814,-2478000000.0,-1.285,1.0,15009000000.0,0.264,4640000000.0,0.0,193446000000.0,,6664000000.0,24770000000.0,266000000.0,24504000000.0,95924000000.0,34685000000.0,61239000000.0,230831351051.0,-3565000000.0,77000000.0,-1027000000.0,1967000000.0,-1735000000.0,-805000000.0,-8459000000.0,-344000000.0,5714000000.0,-15000000.0,6178000000.0,6178000000.0,6178000000.0,0.0,61000000.0,0.109,4726000000.0,10283000000.0,21617000000.0,0.281,1.647,8.917,8.92,145973000000.0,0.0,118.82,0.97,0.963,25090000000.0,164173000000.0,56818000000.0,56818000000.0,247000000.0,,,,,0.0,998000000.0,1.0,1942697787.0,1929014000,1943931000.0,29.454,232770000000.0,0.0,4044000000.0,23976000000.0,120.668,20011000000.0
34,CVX,MRQ,2012-12-31,2012-12-31,2012-12-31,2021-09-09,-6369000000.0,232982000000.0,,55720000000.0,177262000000.0,,69.755,-10486000000.0,21647000000.0,21647000000.0,43483000000.0,7297000000.0,1.629,0.697,12192000000.0,127000000.0,12065000000.0,12192000000.0,0.0,3554000000.0,0.0,0.032,0.9,11924000000.0,15478000000.0,0.256,15478000000.0,11924000000.0,11924000000.0,3.73,3.7,3.73,136524000000.0,,136524000000.0,202664564587.0,4.0,3.401,2294000000.0,1.172,1.0,17069000000.0,0.282,4640000000.0,0.0,184675000000.0,,6144000000.0,23984000000.0,266000000.0,23718000000.0,95150000000.0,34212000000.0,60938000000.0,211649564587.0,-374000000.0,1264000000.0,-1180000000.0,-147000000.0,-1745000000.0,-3090000000.0,-10075000000.0,-853000000.0,12780000000.0,11000000.0,7245000000.0,7245000000.0,7245000000.0,0.0,52000000.0,0.12,5093000000.0,11976000000.0,22776000000.0,0.241,1.55,8.085,8.058,141348000000.0,0.0,108.14,0.875,0.875,24050000000.0,159730000000.0,60552000000.0,60552000000.0,357000000.0,,,,,0.0,1182000000.0,1.0,1957181104.0,1957181104,,30.938,228342000000.0,0.0,4679000000.0,23243000000.0,116.669,21508000000.0
35,CVX,MRQ,2012-09-30,2012-09-30,2012-09-30,2021-09-09,-5558000000.0,226864000000.0,,58465000000.0,168399000000.0,,68.321,-7490000000.0,21321000000.0,21321000000.0,42915000000.0,5308000000.0,1.639,0.697,12336000000.0,2172000000.0,10164000000.0,12336000000.0,0.0,3370000000.0,0.0,0.029,0.9,9877000000.0,13247000000.0,0.228,13247000000.0,9877000000.0,9877000000.0,2.71,2.69,2.71,132941000000.0,,132941000000.0,217721038400.0,5.0,3.796,240000000.0,0.123,1.0,15129000000.0,0.261,4640000000.0,0.0,177570000000.0,,7995000000.0,23766000000.0,261000000.0,23505000000.0,92642000000.0,35669000000.0,56973000000.0,228707038400.0,104000000.0,517000000.0,-801000000.0,2100000000.0,-1751000000.0,-464000000.0,-7242000000.0,-269000000.0,7730000000.0,80000000.0,5253000000.0,5253000000.0,5253000000.0,0.0,55000000.0,0.091,5197000000.0,9932000000.0,22989000000.0,0.332,1.72,9.507,9.476,132752000000.0,0.0,116.56,0.948,0.94,24500000000.0,154229000000.0,58044000000.0,58044000000.0,475000000.0,,,,,0.0,1352000000.0,1.0,1962140000.0,1945840000,1960141000.0,29.83,222224000000.0,0.0,4624000000.0,22858000000.0,114.205,22796000000.0
36,CVX,MRQ,2012-06-30,2012-06-30,2012-06-30,2021-09-09,-5732000000.0,219379000000.0,,56008000000.0,163371000000.0,,66.524,-7067000000.0,21217000000.0,21217000000.0,45226000000.0,7232000000.0,1.715,0.678,10231000000.0,359000000.0,9872000000.0,10231000000.0,0.0,3284000000.0,0.0,0.031,0.9,12333000000.0,15617000000.0,0.249,15617000000.0,12333000000.0,12333000000.0,3.68,3.66,3.68,129997000000.0,,129997000000.0,197916345465.0,4.0,3.264,2848000000.0,1.457,1.0,17382000000.0,0.278,4641000000.0,0.0,171096000000.0,,7186000000.0,23319000000.0,246000000.0,23073000000.0,88090000000.0,32656000000.0,55434000000.0,208170345465.0,2338000000.0,896000000.0,-1165000000.0,961000000.0,-1758000000.0,-1965000000.0,-5506000000.0,665000000.0,9915000000.0,-106000000.0,7210000000.0,7210000000.0,7210000000.0,0.0,22000000.0,0.115,5027000000.0,12355000000.0,21958000000.0,0.245,1.601,7.816,7.797,129047000000.0,0.0,105.5,0.84,0.832,23071000000.0,150728000000.0,62608000000.0,62608000000.0,493000000.0,,,,,0.0,1250000000.0,1.0,1973178630.0,1954147000,1967990000.0,32.039,214738000000.0,0.0,5123000000.0,21889000000.0,109.888,23352000000.0
37,CVX,MRQ,2012-03-31,2012-03-31,2012-03-31,2021-09-09,-5875000000.0,214890000000.0,,55222000000.0,159668000000.0,,63.908,-5895000000.0,19529000000.0,19529000000.0,44088000000.0,6499000000.0,1.612,0.706,9275000000.0,396000000.0,8879000000.0,9275000000.0,0.0,3205000000.0,0.0,0.03,0.81,12041000000.0,15246000000.0,0.251,15246000000.0,12041000000.0,12041000000.0,3.3,3.27,3.3,125507000000.0,,125507000000.0,202280581681.0,4.0,3.291,2492000000.0,1.269,1.0,16617000000.0,0.274,4641000000.0,0.0,165738000000.0,,7347000000.0,23465000000.0,239000000.0,23226000000.0,88564000000.0,34257000000.0,54307000000.0,211950581681.0,3007000000.0,428000000.0,-996000000.0,-867000000.0,-1590000000.0,-3461000000.0,-1973000000.0,3494000000.0,8387000000.0,54000000.0,6471000000.0,6471000000.0,6471000000.0,0.0,28000000.0,0.107,4548000000.0,12069000000.0,22951000000.0,0.245,1.689,7.805,7.808,124798000000.0,0.0,107.21,0.834,0.829,24259000000.0,145278000000.0,60705000000.0,60705000000.0,403000000.0,,,,,0.0,940000000.0,1.0,1976966530.0,1963862000,1978781000.0,30.911,210249000000.0,0.0,5570000000.0,22666000000.0,107.059,20965000000.0
38,CVX,MRQ,2011-12-31,2011-12-31,2011-12-31,2021-09-09,-6022000000.0,209474000000.0,,53234000000.0,156240000000.0,,60.951,-7307000000.0,19822000000.0,19822000000.0,44991000000.0,5152000000.0,1.584,0.719,10152000000.0,340000000.0,9812000000.0,10152000000.0,0.0,3313000000.0,0.0,0.029,0.81,9936000000.0,13249000000.0,0.221,13249000000.0,9936000000.0,9936000000.0,2.61,2.58,2.61,121382000000.0,,121382000000.0,201549938883.0,4.0,3.335,1762000000.0,0.885,1.0,14994000000.0,0.25,4642000000.0,0.0,161562000000.0,,5543000000.0,23117000000.0,249000000.0,22868000000.0,87293000000.0,33600000000.0,53693000000.0,211893938883.0,1635000000.0,1003000000.0,-1147000000.0,381000000.0,-1595000000.0,-2376000000.0,-5008000000.0,1296000000.0,9069000000.0,-50000000.0,5123000000.0,5123000000.0,5123000000.0,0.0,29000000.0,0.085,5029000000.0,9965000000.0,22147000000.0,0.31,1.746,7.879,7.858,122608000000.0,0.0,106.4,0.835,0.835,24026000000.0,140399000000.0,59985000000.0,59985000000.0,386000000.0,,,,,0.0,1330000000.0,1.0,1991484388.0,1991484388,,30.121,204832000000.0,0.0,4813000000.0,21370000000.0,102.854,19634000000.0
39,CVX,MRQ,2011-09-30,2011-09-30,2011-09-30,2021-09-09,-4066000000.0,204099000000.0,,53025000000.0,151074000000.0,,60.913,-6775000000.0,20087000000.0,20087000000.0,46522000000.0,7857000000.0,1.64,0.682,9743000000.0,245000000.0,9498000000.0,9743000000.0,0.0,3215000000.0,0.0,0.032,0.78,13312000000.0,16527000000.0,0.257,16527000000.0,13312000000.0,13312000000.0,3.94,3.92,3.94,120891000000.0,,120891000000.0,179233202359.0,4.0,3.019,4747000000.0,2.392,1.0,17910000000.0,0.278,4654000000.0,0.0,156763000000.0,,6072000000.0,22658000000.0,248000000.0,22410000000.0,82423000000.0,32338000000.0,50085000000.0,185456202359.0,894000000.0,2050000000.0,-1160000000.0,-1772000000.0,-1549000000.0,-4509000000.0,-6060000000.0,-1335000000.0,11522000000.0,-59000000.0,7829000000.0,7829000000.0,7829000000.0,0.0,28000000.0,0.122,4570000000.0,13340000000.0,20746000000.0,0.198,1.534,6.852,6.818,118377000000.0,0.0,92.59,0.749,0.742,23003000000.0,136873000000.0,64432000000.0,64432000000.0,240000000.0,,,,,0.0,1115000000.0,1.0,2002983069.0,1984643000,1998673000.0,32.465,199445000000.0,0.0,5483000000.0,22107000000.0,100.494,20687000000.0
40,CVX,MRQ,2011-06-30,2011-06-30,2011-06-30,2021-09-09,-4117000000.0,201717000000.0,,54006000000.0,147711000000.0,,58.0,-7773000000.0,17743000000.0,17743000000.0,50862000000.0,7760000000.0,1.533,0.737,11520000000.0,1902000000.0,9618000000.0,11520000000.0,0.0,3257000000.0,0.0,0.029,0.78,13179000000.0,16436000000.0,0.238,16436000000.0,13179000000.0,13179000000.0,3.88,3.85,3.88,115653000000.0,,115653000000.0,201582181300.0,5.0,3.796,2917000000.0,1.463,1.0,18086000000.0,0.262,4654000000.0,0.0,155620000000.0,,7286000000.0,21945000000.0,221000000.0,21724000000.0,85287000000.0,35220000000.0,50067000000.0,206736181300.0,186000000.0,524000000.0,-828000000.0,-60000000.0,-1556000000.0,-2459000000.0,-8074000000.0,-825000000.0,10690000000.0,29000000.0,7732000000.0,7732000000.0,7732000000.0,0.0,28000000.0,0.112,4879000000.0,13207000000.0,22764000000.0,0.201,1.788,8.986,8.919,114754000000.0,0.0,102.84,0.887,0.88,25727000000.0,130592000000.0,68948000000.0,68948000000.0,422000000.0,,,,,0.0,1200000000.0,1.0,2010270141.0,1994007000,2008995000.0,34.578,197063000000.0,0.0,5447000000.0,20934000000.0,98.828,18786000000.0
41,CVX,MRQ,2011-03-31,2011-03-31,2011-03-31,2021-09-09,-4253000000.0,194736000000.0,,50851000000.0,143885000000.0,,55.195,-4645000000.0,16729000000.0,16729000000.0,44825000000.0,6239000000.0,1.526,0.762,11575000000.0,1817000000.0,9758000000.0,11575000000.0,0.0,3126000000.0,0.0,0.027,0.72,11094000000.0,14220000000.0,0.236,14220000000.0,11094000000.0,11094000000.0,3.11,3.09,3.11,110100000000.0,,110100000000.0,210341755677.0,6.0,4.332,5169000000.0,2.591,1.0,15516000000.0,0.257,4655000000.0,0.0,151614000000.0,,6232000000.0,22148000000.0,145000000.0,22003000000.0,83886000000.0,33313000000.0,50573000000.0,215780755677.0,-911000000.0,-3133000000.0,-58000000.0,-918000000.0,-1436000000.0,-2425000000.0,-8347000000.0,-569000000.0,9814000000.0,47000000.0,6211000000.0,6211000000.0,6211000000.0,0.0,28000000.0,0.103,4394000000.0,11122000000.0,21011000000.0,0.232,1.96,10.433,10.375,111075000000.0,0.0,107.49,0.994,0.988,24149000000.0,124417000000.0,60341000000.0,60341000000.0,168000000.0,,,,,0.0,1100000000.0,1.0,2007449583.0,1994735000,2008584000.0,30.25,190081000000.0,0.0,4883000000.0,20547000000.0,95.291,17538000000.0
42,CVX,MRQ,2010-12-31,2010-12-31,2010-12-31,2021-09-09,-4466000000.0,184769000000.0,,48841000000.0,135928000000.0,,52.216,-5504000000.0,16915000000.0,16915000000.0,40075000000.0,5320000000.0,1.683,0.751,11476000000.0,187000000.0,11289000000.0,11476000000.0,0.0,3439000000.0,0.0,0.031,0.72,8745000000.0,12184000000.0,0.226,12184000000.0,8745000000.0,8741000000.0,2.65,2.64,2.65,105081000000.0,,105081000000.0,179785100078.0,6.0,3.99,2748000000.0,1.366,1.0,13952000000.0,0.258,4617000000.0,4000000.0,145701000000.0,,5493000000.0,21675000000.0,155000000.0,21520000000.0,78958000000.0,29012000000.0,49946000000.0,183634100078.0,3065000000.0,1621000000.0,-551000000.0,808000000.0,-1436000000.0,-1195000000.0,-4024000000.0,-141000000.0,8252000000.0,32000000.0,5295000000.0,5295000000.0,5295000000.0,0.0,25000000.0,0.098,5182000000.0,8770000000.0,19259000000.0,0.272,1.748,9.653,9.575,104504000000.0,0.0,91.25,0.896,0.896,22836000000.0,119641000000.0,54027000000.0,54027000000.0,335000000.0,,,,,0.0,1408000000.0,1.0,2012428494.0,2012428494,,26.847,180152000000.0,0.0,3446000000.0,16939000000.0,89.52,19829000000.0
43,CVX,MRQ,2010-09-30,2010-09-30,2010-09-30,2021-09-09,-3940000000.0,177199000000.0,,44483000000.0,132716000000.0,,51.18,-5589000000.0,14468000000.0,14468000000.0,37834000000.0,3792000000.0,1.657,0.726,10619000000.0,170000000.0,10449000000.0,10619000000.0,0.0,3401000000.0,0.0,0.035,0.72,6858000000.0,10259000000.0,0.206,10259000000.0,6858000000.0,6849000000.0,1.89,1.87,1.89,102243000000.0,,102243000000.0,160282611199.0,6.0,3.833,2393000000.0,1.198,1.0,11884000000.0,0.239,4618000000.0,9000000.0,141882000000.0,,6137000000.0,21830000000.0,66000000.0,21764000000.0,74234000000.0,26850000000.0,47384000000.0,162958611199.0,1599000000.0,150000000.0,103000000.0,115000000.0,-1439000000.0,-1246000000.0,-5307000000.0,132000000.0,7982000000.0,170000000.0,3768000000.0,3768000000.0,3768000000.0,0.0,24000000.0,0.076,5002000000.0,6882000000.0,17237000000.0,0.381,1.594,9.7,9.626,101732000000.0,0.0,81.05,0.817,0.811,20141000000.0,115784000000.0,49718000000.0,49718000000.0,420000000.0,,,,,0.0,1181000000.0,1.0,2010593599.0,1997721000,2006785000.0,24.887,172581000000.0,0.0,3081000000.0,16242000000.0,86.389,17633000000.0
44,CVX,MRQ,2010-06-30,2010-06-30,2010-06-30,2021-09-09,-4126000000.0,171746000000.0,,42394000000.0,129352000000.0,,49.874,-4552000000.0,13149000000.0,13149000000.0,39732000000.0,5444000000.0,1.63,0.718,10473000000.0,375000000.0,10098000000.0,10473000000.0,0.0,3141000000.0,0.0,0.041,0.72,8748000000.0,11889000000.0,0.224,11889000000.0,8748000000.0,8731000000.0,2.71,2.7,2.71,99569000000.0,,99569000000.0,135620457520.0,5.0,3.329,3051000000.0,1.528,1.0,13272000000.0,0.25,4618000000.0,17000000.0,138439000000.0,,5911000000.0,21748000000.0,66000000.0,21682000000.0,71455000000.0,26013000000.0,45442000000.0,136306457520.0,2020000000.0,323000000.0,102000000.0,56000000.0,-1437000000.0,-1293000000.0,-4249000000.0,-20000000.0,7603000000.0,-41000000.0,5409000000.0,5409000000.0,5409000000.0,0.0,35000000.0,0.102,4489000000.0,8783000000.0,16370000000.0,0.266,1.369,8.084,8.031,98539000000.0,0.0,67.86,0.694,0.689,20101000000.0,113456000000.0,53004000000.0,53004000000.0,212000000.0,,,,,0.0,1136000000.0,1.0,2008642168.0,1996393000,2006000000.0,26.55,167128000000.0,0.0,3322000000.0,15594000000.0,83.715,16381000000.0
45,CVX,MRQ,2010-03-31,2010-03-31,2010-03-31,2021-09-09,-4219000000.0,168932000000.0,,40826000000.0,128106000000.0,,47.794,-3967000000.0,11071000000.0,11071000000.0,36205000000.0,4580000000.0,1.481,0.764,10385000000.0,302000000.0,10083000000.0,10385000000.0,0.0,3082000000.0,0.0,0.035,0.68,7642000000.0,10724000000.0,0.223,10724000000.0,7642000000.0,7622000000.0,2.28,2.27,2.28,95349000000.0,,95349000000.0,154091380540.0,7.0,4.368,3550000000.0,1.779,1.0,11974000000.0,0.249,4618000000.0,20000000.0,136062000000.0,,6078000000.0,21374000000.0,84000000.0,21290000000.0,72880000000.0,27566000000.0,45314000000.0,152293380540.0,-1340000000.0,239000000.0,40000000.0,-97000000.0,-1357000000.0,-1431000000.0,-7335000000.0,-3607000000.0,7517000000.0,-91000000.0,4552000000.0,4552000000.0,4552000000.0,0.0,28000000.0,0.094,4304000000.0,7670000000.0,16787000000.0,0.298,1.597,11.539,11.455,97347000000.0,0.0,75.83,0.829,0.824,20320000000.0,109484000000.0,48179000000.0,48179000000.0,180000000.0,,,,,0.0,1042000000.0,1.0,2008352638.0,1994983000,2004217000.0,24.15,164314000000.0,0.0,3070000000.0,16596000000.0,82.364,13260000000.0
46,CVX,MRQ,2009-12-31,2009-12-31,2009-12-31,2021-09-09,-4321000000.0,164621000000.0,,37216000000.0,127405000000.0,,45.813,-5355000000.0,8716000000.0,8716000000.0,38088000000.0,3102000000.0,1.42,0.784,10514000000.0,384000000.0,10130000000.0,10514000000.0,0.0,3156000000.0,0.0,0.035,0.68,5789000000.0,8945000000.0,0.184,8945000000.0,5789000000.0,5789000000.0,1.54,1.53,1.54,91914000000.0,,91914000000.0,157436561156.0,9.0,5.147,1665000000.0,0.83,1.0,10588000000.0,0.218,4618000000.0,0.0,135590000000.0,,5529000000.0,21264000000.0,106000000.0,21158000000.0,72060000000.0,26211000000.0,45849000000.0,154462561156.0,1148000000.0,601000000.0,82000000.0,39000000.0,-1357000000.0,-1270000000.0,-4649000000.0,105000000.0,7020000000.0,47000000.0,3070000000.0,3070000000.0,3070000000.0,0.0,32000000.0,0.063,4767000000.0,5821000000.0,16437000000.0,0.442,1.681,14.735,14.637,96468000000.0,0.0,76.99,0.9,0.9,19985000000.0,106289000000.0,48676000000.0,48676000000.0,281000000.0,,,,,0.0,1330000000.0,1.0,2006267842.0,2006267842,,24.262,160003000000.0,0.0,2719000000.0,15536000000.0,79.752,11005000000.0
47,CVX,MRQ,2009-09-30,2009-09-30,2009-09-30,2021-09-09,-3676000000.0,162561000000.0,,35541000000.0,127020000000.0,,45.495,-4074000000.0,7568000000.0,7568000000.0,36016000000.0,3846000000.0,1.4,0.787,10542000000.0,240000000.0,10302000000.0,10542000000.0,0.0,2988000000.0,0.0,0.037,0.68,6187000000.0,9175000000.0,0.197,9175000000.0,6187000000.0,6173000000.0,1.92,1.92,1.92,90646000000.0,,90646000000.0,146072252700.0,7.0,4.642,2591000000.0,1.3,1.0,10609000000.0,0.228,4619000000.0,14000000.0,135523000000.0,,6323000000.0,21685000000.0,121000000.0,21564000000.0,71339000000.0,25393000000.0,45946000000.0,141248252700.0,332000000.0,604000000.0,39000000.0,-1510000000.0,-1355000000.0,-2836000000.0,-3522000000.0,-52000000.0,6665000000.0,25000000.0,3831000000.0,3831000000.0,3831000000.0,0.0,15000000.0,0.082,4407000000.0,6202000000.0,15715000000.0,0.354,1.558,11.476,11.415,94257000000.0,0.0,70.43,0.84,0.834,19464000000.0,104575000000.0,46625000000.0,46625000000.0,242000000.0,,,,,0.0,1177000000.0,1.0,2005512604.0,1992452000,2000586000.0,23.401,157942000000.0,0.0,2342000000.0,15675000000.0,79.27,10148000000.0
48,CVX,MRQ,2009-06-30,2009-06-30,2009-06-30,2021-09-09,-3795000000.0,161201000000.0,,34716000000.0,126485000000.0,,44.164,-4430000000.0,7236000000.0,7236000000.0,32273000000.0,1761000000.0,1.369,0.827,12060000000.0,868000000.0,11192000000.0,12060000000.0,0.0,3099000000.0,0.0,0.039,0.65,3336000000.0,6435000000.0,0.16,6435000000.0,3336000000.0,3330000000.0,0.88,0.87,0.88,87958000000.0,,87958000000.0,135853506551.0,5.0,3.479,-1146000000.0,-0.575,1.0,7932000000.0,0.197,4619000000.0,6000000.0,136042000000.0,,6484000000.0,21656000000.0,108000000.0,21548000000.0,72721000000.0,25364000000.0,47357000000.0,132809506551.0,-1914000000.0,501000000.0,36000000.0,-205000000.0,-1295000000.0,-1484000000.0,-3792000000.0,137000000.0,3284000000.0,78000000.0,1745000000.0,1745000000.0,1745000000.0,0.0,16000000.0,0.043,4580000000.0,3352000000.0,15584000000.0,0.739,1.51,8.113,8.149,93673000000.0,0.0,66.25,0.663,0.658,19006000000.0,102097000000.0,40205000000.0,40205000000.0,438000000.0,,,,,0.0,1043000000.0,1.0,2004671797.0,1991605000,1999667000.0,20.187,156582000000.0,0.0,1585000000.0,14875000000.0,78.621,9352000000.0
49,CVX,MRQ,2009-03-31,2009-03-31,2009-03-31,2021-09-09,-3902000000.0,159426000000.0,,34074000000.0,125352000000.0,,43.851,-5984000000.0,9150000000.0,9150000000.0,28724000000.0,1854000000.0,1.369,0.82,12194000000.0,1018000000.0,11176000000.0,12194000000.0,0.0,2867000000.0,0.0,0.039,0.65,3164000000.0,6031000000.0,0.167,6031000000.0,3164000000.0,3156000000.0,0.92,0.92,0.92,87313000000.0,,87313000000.0,134340565920.0,4.0,2.881,-3580000000.0,-1.798,1.0,7406000000.0,0.205,4619000000.0,8000000.0,132958000000.0,,6428000000.0,21596000000.0,154000000.0,21442000000.0,71610000000.0,24893000000.0,46717000000.0,134786565920.0,-197000000.0,1194000000.0,11000000.0,3335000000.0,-1295000000.0,2044000000.0,-4609000000.0,181000000.0,2404000000.0,-36000000.0,1837000000.0,1837000000.0,1837000000.0,0.0,17000000.0,0.051,4225000000.0,3181000000.0,13635000000.0,0.707,1.544,6.543,6.618,92548000000.0,0.0,67.24,0.554,0.551,16616000000.0,101647000000.0,36130000000.0,36130000000.0,381000000.0,,,,,0.0,977000000.0,1.0,2004559279.0,1991128000,1999509000.0,18.145,154807000000.0,0.0,1319000000.0,15449000000.0,77.748,9181000000.0
50,CVX,MRQ,2008-12-31,2008-12-31,2008-12-31,2021-09-09,-3924000000.0,161165000000.0,,36470000000.0,124695000000.0,,42.646,-6034000000.0,9347000000.0,9347000000.0,33538000000.0,4901000000.0,1.139,0.855,8901000000.0,2818000000.0,6083000000.0,8901000000.0,0.0,2589000000.0,0.0,0.034,0.65,7240000000.0,9829000000.0,0.217,9829000000.0,7240000000.0,7240000000.0,2.45,2.44,2.45,86648000000.0,,86648000000.0,146616558449.0,3.0,2.793,-826000000.0,-0.407,1.0,11665000000.0,0.258,4619000000.0,0.0,124077000000.0,,6854000000.0,21133000000.0,213000000.0,20920000000.0,74048000000.0,32023000000.0,42025000000.0,150291558449.0,-1289000000.0,117000000.0,-1291000000.0,1947000000.0,-1301000000.0,-656000000.0,-5712000000.0,205000000.0,5208000000.0,-129000000.0,4895000000.0,4895000000.0,4895000000.0,0.0,6000000.0,0.108,4419000000.0,7246000000.0,16580000000.0,0.265,1.735,6.28,6.301,91780000000.0,0.0,73.97,0.551,0.551,18269000000.0,101102000000.0,45203000000.0,45203000000.0,338000000.0,,,,,0.0,1492000000.0,1.0,2031790705.0,2031790705,,22.248,156546000000.0,0.0,2345000000.0,16087000000.0,77.048,4447000000.0
51,CVX,MRQ,2008-09-30,2008-09-30,2008-09-30,2021-09-09,-1950000000.0,165710000000.0,,47347000000.0,118363000000.0,,42.783,-4661000000.0,10636000000.0,10636000000.0,60528000000.0,7925000000.0,1.201,0.906,6961000000.0,832000000.0,6129000000.0,6961000000.0,0.0,2449000000.0,0.0,0.03,0.65,14309000000.0,16758000000.0,0.212,16758000000.0,14309000000.0,14309000000.0,3.88,3.85,3.88,86954000000.0,,86954000000.0,167936802309.0,4.0,3.149,4452000000.0,2.19,1.0,18339000000.0,0.233,4600000000.0,0.0,118010000000.0,,6289000000.0,21657000000.0,347000000.0,21310000000.0,78756000000.0,39425000000.0,39331000000.0,169452802309.0,2456000000.0,973000000.0,-1969000000.0,304000000.0,-1323000000.0,-3035000000.0,-3536000000.0,152000000.0,9113000000.0,-86000000.0,7893000000.0,7893000000.0,7893000000.0,0.0,32000000.0,0.1,3998000000.0,14341000000.0,22107000000.0,0.168,1.949,7.087,7.092,85691000000.0,0.0,82.48,0.586,0.58,27180000000.0,97507000000.0,78867000000.0,78867000000.0,271000000.0,,,,,0.0,1278000000.0,1.0,2054471415.0,2032433000,2044616000.0,38.804,161110000000.0,0.0,6416000000.0,19799000000.0,79.27,7922000000.0
52,CVX,MRQ,2008-06-30,2008-06-30,2008-06-30,2021-09-09,-1992000000.0,163066000000.0,,49709000000.0,113357000000.0,,40.116,-4519000000.0,8180000000.0,8180000000.0,67003000000.0,6009000000.0,1.17,0.982,6664000000.0,894000000.0,5770000000.0,6664000000.0,0.0,2275000000.0,0.0,0.024,0.65,11731000000.0,14006000000.0,0.169,14006000000.0,11731000000.0,11731000000.0,2.91,2.9,2.91,82268000000.0,,82268000000.0,203625170994.0,6.0,4.421,2685000000.0,1.309,1.0,15986000000.0,0.193,4629000000.0,0.0,114434000000.0,,6371000000.0,21220000000.0,427000000.0,20793000000.0,80798000000.0,42487000000.0,38311000000.0,205039170994.0,-28000000.0,323000000.0,-1662000000.0,-139000000.0,-1336000000.0,-3161000000.0,-4035000000.0,161000000.0,7204000000.0,-36000000.0,5975000000.0,5975000000.0,5975000000.0,0.0,34000000.0,0.072,4221000000.0,11765000000.0,29240000000.0,0.223,2.492,10.389,10.413,82394000000.0,0.0,99.13,0.772,0.766,32851000000.0,90937000000.0,82989000000.0,82989000000.0,307000000.0,,,,,0.0,1639000000.0,1.0,2068386674.0,2050773000,2064888000.0,40.467,158437000000.0,0.0,5756000000.0,19416000000.0,77.257,7222000000.0
53,CVX,MRQ,2008-03-31,2008-03-31,2008-03-31,2021-09-09,-1988000000.0,152847000000.0,,41488000000.0,111359000000.0,,38.33,-4452000000.0,8208000000.0,8208000000.0,52426000000.0,5196000000.0,1.171,0.93,6794000000.0,780000000.0,6014000000.0,6794000000.0,0.0,2215000000.0,0.0,0.027,0.58,9677000000.0,11892000000.0,0.18,11892000000.0,9677000000.0,9677000000.0,2.5,2.48,2.5,79206000000.0,,79206000000.0,177135415043.0,5.0,4.087,3655000000.0,1.769,1.0,13520000000.0,0.205,4630000000.0,0.0,111364000000.0,,5652000000.0,21290000000.0,473000000.0,20817000000.0,73641000000.0,35439000000.0,38202000000.0,177265415043.0,846000000.0,257000000.0,-1899000000.0,-430000000.0,-1202000000.0,-3548000000.0,-3798000000.0,397000000.0,8107000000.0,85000000.0,5168000000.0,5168000000.0,5168000000.0,0.0,28000000.0,0.078,3815000000.0,9705000000.0,23490000000.0,0.232,2.238,9.261,9.349,80393000000.0,0.0,85.36,0.743,0.739,25999000000.0,86298000000.0,65946000000.0,65946000000.0,253000000.0,,,,,0.0,1347000000.0,1.0,2076680120.0,2066420000,2080209000.0,31.913,148217000000.0,0.0,4509000000.0,18682000000.0,71.726,6049000000.0
54,CVX,MRQ,2007-12-31,2007-12-31,2007-12-31,2021-09-09,-2015000000.0,148786000000.0,,39377000000.0,109409000000.0,,36.51,-5297000000.0,7362000000.0,7362000000.0,48414000000.0,4982000000.0,1.165,0.93,7232000000.0,1162000000.0,6070000000.0,7232000000.0,0.0,2094000000.0,0.0,0.024,0.58,8585000000.0,10679000000.0,0.174,10679000000.0,8585000000.0,8578000000.0,2.34,2.32,2.34,77088000000.0,,77088000000.0,195159874487.0,6.0,4.755,1786000000.0,0.846,1.0,12996000000.0,0.212,4637000000.0,7000000.0,110221000000.0,,5310000000.0,21209000000.0,732000000.0,20477000000.0,71698000000.0,33798000000.0,37900000000.0,197060874487.0,-588000000.0,3348000000.0,-1947000000.0,1187000000.0,-1214000000.0,-1993000000.0,-5702000000.0,-737000000.0,7083000000.0,24000000.0,4875000000.0,4875000000.0,4875000000.0,0.0,107000000.0,0.079,4376000000.0,8620000000.0,21756000000.0,0.248,2.556,10.545,10.57,78610000000.0,0.0,93.33,0.892,0.892,24639000000.0,82329000000.0,61410000000.0,61410000000.0,449000000.0,,,,,0.0,1833000000.0,1.0,2111441921.0,2111441921,,29.084,144149000000.0,0.0,3703000000.0,17775000000.0,68.27,5579000000.0
55,CVX,MRQ,2007-09-30,2007-09-30,2007-09-30,2021-09-09,-2404000000.0,139554000000.0,,37509000000.0,102045000000.0,,35.53,-4424000000.0,7950000000.0,7950000000.0,43923000000.0,3718000000.0,1.274,0.862,6049000000.0,902000000.0,5147000000.0,6049000000.0,0.0,2496000000.0,0.0,0.024,0.58,6989000000.0,9485000000.0,0.172,9485000000.0,6989000000.0,6967000000.0,1.77,1.75,1.77,74944000000.0,,74944000000.0,196458392884.0,6.0,5.028,1281000000.0,0.607,1.0,11250000000.0,0.204,4679000000.0,22000000.0,103540000000.0,,5659000000.0,20613000000.0,794000000.0,19819000000.0,64610000000.0,29434000000.0,35176000000.0,199485392884.0,-3266000000.0,1000000.0,-1863000000.0,-2161000000.0,-1225000000.0,-5259000000.0,-3733000000.0,86000000.0,5705000000.0,21000000.0,3718000000.0,3718000000.0,3718000000.0,0.0,0.0,0.067,4236000000.0,7014000000.0,19812000000.0,0.328,2.662,11.344,11.357,72898000000.0,0.0,93.58,0.963,0.952,22109000000.0,78668000000.0,55173000000.0,55173000000.0,295000000.0,,,,,0.0,1446000000.0,1.0,2131709691.0,2109345000,2124198000.0,26.156,134875000000.0,0.0,3249000000.0,16305000000.0,63.942,8075000000.0
56,CVX,MRQ,2007-06-30,2007-06-30,2007-06-30,2021-09-09,-2505000000.0,139606000000.0,,39823000000.0,99783000000.0,,34.862,-3697000000.0,11216000000.0,11216000000.0,43005000000.0,5380000000.0,1.306,0.882,8189000000.0,2835000000.0,5354000000.0,8189000000.0,0.0,2155000000.0,0.0,0.025,0.58,9125000000.0,11280000000.0,0.201,11280000000.0,9125000000.0,9062000000.0,2.52,2.52,2.52,74179000000.0,,74179000000.0,179199727070.0,5.0,4.377,2802000000.0,1.317,1.0,13089000000.0,0.233,4681000000.0,63000000.0,101409000000.0,,5150000000.0,20058000000.0,887000000.0,19171000000.0,65427000000.0,30489000000.0,34938000000.0,181051727070.0,-584000000.0,10000000.0,-1432000000.0,-1995000000.0,-1235000000.0,-4687000000.0,-2453000000.0,-14000000.0,6499000000.0,57000000.0,5380000000.0,5380000000.0,5380000000.0,0.0,0.0,0.096,3945000000.0,9144000000.0,18336000000.0,0.23,2.441,9.588,9.605,71117000000.0,0.0,84.24,0.878,0.869,21830000000.0,76175000000.0,56094000000.0,56094000000.0,273000000.0,,,,,0.0,1516000000.0,1.0,2149237026.0,2127763000,2141583000.0,26.363,134925000000.0,0.0,3682000000.0,16950000000.0,63.412,9334000000.0
57,CVX,MRQ,2007-03-31,2007-03-31,2007-03-31,2021-09-09,-2561000000.0,136006000000.0,,37997000000.0,98009000000.0,,33.307,-3260000000.0,11800000000.0,11800000000.0,37165000000.0,4715000000.0,1.288,0.903,9948000000.0,3817000000.0,6131000000.0,9948000000.0,0.0,1963000000.0,0.0,0.028,0.52,7634000000.0,9597000000.0,0.199,9597000000.0,7634000000.0,7560000000.0,2.2,2.18,2.2,71460000000.0,,71460000000.0,158934482612.0,5.0,3.977,2430000000.0,1.133,1.0,11062000000.0,0.229,4691000000.0,74000000.0,99961000000.0,,4672000000.0,19967000000.0,903000000.0,19064000000.0,64546000000.0,29502000000.0,35044000000.0,159589482612.0,1307000000.0,0.0,-1147000000.0,-69000000.0,-1117000000.0,-2356000000.0,-2045000000.0,51000000.0,5690000000.0,18000000.0,4715000000.0,4715000000.0,4715000000.0,0.0,0.0,0.098,3400000000.0,7662000000.0,16572000000.0,0.236,2.233,8.937,8.987,69897000000.0,0.0,73.96,0.783,0.779,19701000000.0,72030000000.0,48227000000.0,48227000000.0,306000000.0,,,,,0.0,1131000000.0,1.0,2157780998.0,2145518000,2157879000.0,22.478,131315000000.0,0.0,2845000000.0,16709000000.0,61.204,8495000000.0
58,CVX,MRQ,2006-12-31,2006-12-31,2006-12-31,2021-09-09,-2636000000.0,132628000000.0,,36304000000.0,96324000000.0,,31.622,-4146000000.0,10493000000.0,10493000000.0,37283000000.0,3772000000.0,1.278,0.924,9838000000.0,2159000000.0,7679000000.0,9838000000.0,0.0,1988000000.0,0.0,0.027,0.52,6723000000.0,8711000000.0,0.182,8711000000.0,6723000000.0,6631000000.0,1.75,1.74,1.75,68935000000.0,,68935000000.0,159461116681.0,5.0,3.993,1598000000.0,0.733,1.0,10463000000.0,0.219,4623000000.0,92000000.0,98941000000.0,,4656000000.0,19505000000.0,953000000.0,18552000000.0,63693000000.0,28409000000.0,35284000000.0,160294116681.0,-733000000.0,10000000.0,-1140000000.0,-552000000.0,-1122000000.0,-2834000000.0,-3693000000.0,94000000.0,5744000000.0,50000000.0,3772000000.0,3772000000.0,3772000000.0,0.0,0.0,0.079,3738000000.0,6725000000.0,16675000000.0,0.297,2.325,9.353,9.379,68858000000.0,0.0,73.53,0.763,0.763,19829000000.0,68464000000.0,47746000000.0,47746000000.0,547000000.0,,,,,0.0,1203000000.0,1.0,2179982547.0,2179982547,,21.902,128005000000.0,0.0,2859000000.0,16676000000.0,58.718,7895000000.0
59,CVX,MRQ,2006-09-30,2006-09-30,2006-09-30,2021-09-09,-428000000.0,134121000000.0,,38424000000.0,95697000000.0,,31.95,-3441000000.0,11226000000.0,11226000000.0,41129000000.0,5017000000.0,1.323,0.927,10393000000.0,2289000000.0,8104000000.0,10393000000.0,0.0,1923000000.0,0.0,0.03,0.52,9428000000.0,11351000000.0,0.209,11351000000.0,9428000000.0,9324000000.0,2.3,2.29,2.3,69602000000.0,,69602000000.0,142830483908.0,4.0,3.549,3285000000.0,1.508,1.0,13083000000.0,0.241,4659000000.0,104000000.0,99587000000.0,,5207000000.0,18684000000.0,1047000000.0,17637000000.0,64519000000.0,29042000000.0,35477000000.0,142561483908.0,1146000000.0,0.0,-1236000000.0,34000000.0,-1134000000.0,-2360000000.0,-3258000000.0,14000000.0,6726000000.0,38000000.0,5017000000.0,5017000000.0,5017000000.0,0.0,0.0,0.093,3635000000.0,9448000000.0,17065000000.0,0.226,2.048,8.142,8.138,66888000000.0,0.0,64.86,0.66,0.654,21041000000.0,65815000000.0,54212000000.0,54212000000.0,284000000.0,,,,,0.0,1428000000.0,1.0,2197987726.0,2178472000,2189688000.0,24.885,129462000000.0,0.0,4307000000.0,18210000000.0,59.428,9382000000.0
60,CVX,MRQ,2006-06-30,2006-06-30,2006-06-30,2021-09-09,-441000000.0,131183000000.0,,36554000000.0,94629000000.0,,30.465,-3659000000.0,10080000000.0,10080000000.0,41735000000.0,4353000000.0,1.363,0.961,10349000000.0,49000000.0,10300000000.0,10349000000.0,0.0,1807000000.0,0.0,0.03,0.52,8500000000.0,10307000000.0,0.193,10307000000.0,8500000000.0,8379000000.0,1.98,1.97,1.98,66906000000.0,,66906000000.0,138965302294.0,5.0,3.732,2424000000.0,1.104,1.0,11801000000.0,0.22,4700000000.0,121000000.0,99940000000.0,,4832000000.0,18546000000.0,1053000000.0,17493000000.0,64277000000.0,26812000000.0,37465000000.0,137558302294.0,-623000000.0,441000000.0,-1159000000.0,-1657000000.0,-1144000000.0,-3963000000.0,-2800000000.0,1000000.0,6083000000.0,57000000.0,4353000000.0,4353000000.0,4353000000.0,0.0,0.0,0.081,3279000000.0,8522000000.0,17068000000.0,0.263,2.056,8.551,8.478,65600000000.0,0.0,62.06,0.636,0.63,20686000000.0,61931000000.0,53536000000.0,53536000000.0,265000000.0,,,,,0.0,1207000000.0,1.0,2216537259.0,2196134000,2206009000.0,24.377,126483000000.0,0.0,4026000000.0,18008000000.0,57.593,9742000000.0
61,CVX,MRQ,2006-03-31,2006-03-31,2006-03-31,2021-09-09,-352000000.0,127731000000.0,,35255000000.0,92476000000.0,,29.287,-2567000000.0,10703000000.0,10703000000.0,43511000000.0,3996000000.0,1.428,0.97,12110000000.0,189000000.0,11921000000.0,12110000000.0,0.0,1788000000.0,0.0,0.031,0.45,7776000000.0,9564000000.0,0.175,9564000000.0,7776000000.0,7642000000.0,1.81,1.8,1.81,64841000000.0,,64841000000.0,131877483664.0,5.0,3.789,3203000000.0,1.447,1.0,11113000000.0,0.203,4644000000.0,134000000.0,99808000000.0,,4228000000.0,18422000000.0,1061000000.0,17361000000.0,62890000000.0,24686000000.0,38204000000.0,129050483664.0,660000000.0,12000000.0,-956000000.0,-726000000.0,-996000000.0,-2691000000.0,-2468000000.0,33000000.0,5770000000.0,49000000.0,3996000000.0,3996000000.0,3996000000.0,0.0,0.0,0.073,3311000000.0,7802000000.0,15658000000.0,0.249,1.99,8.37,8.153,64300000000.0,0.0,57.97,0.611,0.608,19226000000.0,58733000000.0,54624000000.0,54624000000.0,268000000.0,,,,,0.0,1255000000.0,1.0,2226159801.0,2213980000,2223843000.0,24.672,123087000000.0,0.0,3646000000.0,17191000000.0,55.595,10569000000.0
62,CVX,MRQ,2005-12-31,2005-12-31,2005-12-31,2021-09-09,-429000000.0,125833000000.0,,34336000000.0,91497000000.0,,27.918,-3225000000.0,10043000000.0,10043000000.0,43128000000.0,4144000000.0,1.373,1.008,12870000000.0,739000000.0,12131000000.0,12870000000.0,0.0,1725000000.0,0.0,0.031,0.45,7294000000.0,9019000000.0,0.168,9019000000.0,7294000000.0,7159000000.0,1.88,1.86,1.88,62676000000.0,,62676000000.0,131496724933.0,5.0,4.162,2713000000.0,1.208,1.0,10666000000.0,0.198,4636000000.0,135000000.0,99013000000.0,,4121000000.0,18158000000.0,1101000000.0,17057000000.0,63157000000.0,25011000000.0,38146000000.0,127447724933.0,235000000.0,9000000.0,-727000000.0,-971000000.0,-1000000000.0,-2730000000.0,-2952000000.0,73000000.0,5938000000.0,-21000000.0,4144000000.0,4144000000.0,4144000000.0,0.0,0.0,0.077,3339000000.0,7327000000.0,16074000000.0,0.239,2.033,9.039,8.628,63690000000.0,0.0,56.77,0.643,0.643,18867000000.0,55738000000.0,53794000000.0,53794000000.0,274000000.0,,,,,0.0,1340000000.0,1.0,2244983705.0,2244983705,,23.962,121197000000.0,0.0,3015000000.0,15770000000.0,53.986,9325000000.0
63,CVX,MRQ,2005-09-30,2005-09-30,2005-09-30,2021-09-09,-494000000.0,124809000000.0,,34978000000.0,89831000000.0,,27.591,-2344000000.0,9808000000.0,9808000000.0,44573000000.0,3594000000.0,1.37,1.074,13857000000.0,1280000000.0,12577000000.0,13857000000.0,0.0,1534000000.0,0.0,0.026,0.45,6811000000.0,8345000000.0,0.153,8345000000.0,6811000000.0,6675000000.0,1.65,1.64,1.65,60187000000.0,,60187000000.0,133847051278.0,6.0,4.573,3209000000.0,1.471,1.0,9883000000.0,0.181,3591000000.0,136000000.0,99740000000.0,,3555000000.0,17716000000.0,1172000000.0,16544000000.0,64622000000.0,25527000000.0,39095000000.0,134895051278.0,-2509000000.0,-5933000000.0,-495000000.0,-97000000.0,-1008000000.0,-1638000000.0,-6403000000.0,-23000000.0,5553000000.0,-21000000.0,3594000000.0,3594000000.0,3594000000.0,0.0,0.0,0.066,3048000000.0,6835000000.0,15151000000.0,0.273,2.241,10.071,10.21,63982000000.0,0.0,64.73,0.721,0.755,19392000000.0,52595000000.0,54456000000.0,54456000000.0,177000000.0,,,,,0.0,1337000000.0,1.0,2083964951.0,2181387000,2193851000.0,24.964,121218000000.0,0.0,3081000000.0,17297000000.0,55.569,9451000000.0
64,CVX,MRQ,2005-06-30,2005-06-30,2005-06-30,2021-09-09,-346000000.0,99040000000.0,,33943000000.0,65097000000.0,,23.359,-1828000000.0,12317000000.0,12317000000.0,39154000000.0,3684000000.0,1.646,1.041,11269000000.0,647000000.0,10622000000.0,11269000000.0,0.0,1320000000.0,0.0,0.03,0.45,6560000000.0,7880000000.0,0.163,7880000000.0,6560000000.0,6456000000.0,1.77,1.76,1.77,48535000000.0,,48535000000.0,117691472130.0,5.0,4.307,3046000000.0,1.466,1.0,9189000000.0,0.19,0.0,104000000.0,77365000000.0,,3353000000.0,16016000000.0,1160000000.0,14856000000.0,50505000000.0,20627000000.0,29878000000.0,117332472130.0,1630000000.0,10000000.0,-807000000.0,97000000.0,-934000000.0,-1646000000.0,-1523000000.0,-1000000.0,4874000000.0,-75000000.0,3684000000.0,3684000000.0,3684000000.0,0.0,0.0,0.076,2611000000.0,6578000000.0,12424000000.0,0.254,2.417,9.024,9.019,44669000000.0,0.0,55.92,0.677,0.67,16244000000.0,50008000000.0,48343000000.0,48343000000.0,139000000.0,,,,,0.0,1152000000.0,1.0,2098220174.0,2077743000,2085763000.0,23.267,99040000000.0,0.0,2772000000.0,12307000000.0,47.667,13316000000.0
65,CVX,MRQ,2005-03-31,2005-03-31,2005-03-31,2021-09-09,-346000000.0,95803000000.0,,31159000000.0,64644000000.0,,22.286,-1304000000.0,10687000000.0,10687000000.0,34086000000.0,2677000000.0,1.584,1.056,11046000000.0,624000000.0,10422000000.0,11046000000.0,0.0,1334000000.0,0.0,0.027,0.4,5014000000.0,6348000000.0,0.153,6348000000.0,5014000000.0,4907000000.0,1.28,1.28,1.28,46592000000.0,,46592000000.0,124690912610.0,6.0,4.624,2436000000.0,1.165,1.0,7521000000.0,0.181,0.0,107000000.0,76488000000.0,,3096000000.0,15711000000.0,1164000000.0,14547000000.0,49211000000.0,19674000000.0,29537000000.0,122709912610.0,1396000000.0,37000000.0,-568000000.0,-84000000.0,-836000000.0,-1654000000.0,-683000000.0,287000000.0,3740000000.0,-7000000.0,2677000000.0,2677000000.0,2677000000.0,0.0,0.0,0.064,2486000000.0,5035000000.0,11821000000.0,0.312,2.634,9.128,9.154,44215000000.0,0.0,58.31,0.752,0.747,15056000000.0,47258000000.0,41607000000.0,41607000000.0,153000000.0,,,,,0.0,999000000.0,1.0,2104440278.0,2090609000,2099899000.0,19.902,95803000000.0,0.0,2230000000.0,11878000000.0,45.825,11485000000.0
66,CVX,MRQ,2004-12-31,2004-12-31,2004-12-31,2021-09-09,-319000000.0,93208000000.0,,28503000000.0,64705000000.0,,21.349,-1944000000.0,9291000000.0,9291000000.0,34380000000.0,3440000000.0,1.517,1.061,11272000000.0,816000000.0,10456000000.0,11272000000.0,0.0,1283000000.0,0.0,0.029,0.4,5414000000.0,6697000000.0,0.157,6697000000.0,5414000000.0,5302000000.0,1.64,1.63,1.64,45230000000.0,,45230000000.0,113066326464.0,5.0,4.318,1597000000.0,0.754,1.0,8312000000.0,0.195,0.0,112000000.0,76394000000.0,,2983000000.0,15840000000.0,1451000000.0,14389000000.0,47978000000.0,18795000000.0,29183000000.0,111248326464.0,-746000000.0,-569000000.0,-590000000.0,-575000000.0,-841000000.0,-2049000000.0,-2381000000.0,-446000000.0,3541000000.0,143000000.0,3440000000.0,3440000000.0,3440000000.0,0.0,0.0,0.081,2876000000.0,5436000000.0,10747000000.0,0.244,2.46,8.347,8.335,44458000000.0,0.0,52.51,0.716,0.716,13848000000.0,45414000000.0,42692000000.0,42692000000.0,274000000.0,,,,,0.0,1319000000.0,1.0,2118612197.0,2118612197,,20.151,93208000000.0,0.0,1862000000.0,11090000000.0,43.995,9708000000.0
67,CVX,MRQ,2004-09-30,2004-09-30,2004-09-30,2021-09-09,-764000000.0,91020000000.0,,28820000000.0,62200000000.0,,20.273,-1392000000.0,10037000000.0,10037000000.0,33155000000.0,3201000000.0,1.473,1.125,11855000000.0,1037000000.0,10818000000.0,11855000000.0,0.0,1219000000.0,0.0,0.028,0.4,5183000000.0,6402000000.0,0.157,6402000000.0,5183000000.0,5076000000.0,1.51,1.38,1.51,42842000000.0,,42842000000.0,118047183348.0,6.0,5.022,1826000000.0,0.864,1.0,7565000000.0,0.186,0.0,107000000.0,73276000000.0,,2954000000.0,14761000000.0,1005000000.0,13756000000.0,48178000000.0,19562000000.0,28616000000.0,114261183348.0,1698000000.0,84000000.0,-632000000.0,-323000000.0,-845000000.0,-1813000000.0,278000000.0,-7000000.0,3218000000.0,15000000.0,3201000000.0,3201000000.0,3201000000.0,-264000000.0,0.0,0.079,2623000000.0,4942000000.0,10975000000.0,0.265,2.667,9.831,9.788,43882000000.0,0.0,53.64,0.799,0.793,13843000000.0,42814000000.0,40720000000.0,40720000000.0,173000000.0,,,,,0.0,1231000000.0,1.0,2130148832.0,2113243000,2119329000.0,19.269,91020000000.0,0.0,1875000000.0,10992000000.0,43.071,9258000000.0
68,CVX,MRQ,2004-06-30,2004-06-30,2004-06-30,2021-09-09,-820000000.0,88563000000.0,,26045000000.0,62518000000.0,,19.327,-1620000000.0,8339000000.0,8339000000.0,29575000000.0,4125000000.0,1.371,1.159,12125000000.0,1803000000.0,10322000000.0,12125000000.0,0.0,1243000000.0,0.0,0.031,0.365,6275000000.0,7518000000.0,0.197,7518000000.0,6275000000.0,6181000000.0,1.94,1.93,1.94,41026000000.0,,41026000000.0,107249714463.0,6.0,4.886,2834000000.0,1.335,1.0,8668000000.0,0.227,0.0,94000000.0,73358000000.0,,3201000000.0,14328000000.0,998000000.0,13330000000.0,47537000000.0,18991000000.0,28546000000.0,100702714463.0,2481000000.0,61000000.0,-466000000.0,-242000000.0,-775000000.0,-1484000000.0,-415000000.0,25000000.0,4454000000.0,-74000000.0,4125000000.0,4125000000.0,4125000000.0,-19000000.0,0.0,0.108,2394000000.0,6274000000.0,10031000000.0,0.188,2.455,9.686,9.449,44193000000.0,0.0,47.055,0.756,0.75,13020000000.0,40455000000.0,38243000000.0,38243000000.0,165000000.0,,,,,0.0,986000000.0,1.0,2140106566.0,2122715000,2127344000.0,18.016,88563000000.0,0.0,2056000000.0,11057000000.0,41.722,7054000000.0
69,CVX,MRQ,2004-03-31,2004-03-31,2004-03-31,2021-09-09,-799000000.0,85107000000.0,,22845000000.0,62262000000.0,,17.946,-1354000000.0,5858000000.0,5858000000.0,26959000000.0,2562000000.0,1.28,1.23,12405000000.0,1525000000.0,10880000000.0,12405000000.0,0.0,1190000000.0,0.0,0.033,0.365,4379000000.0,5569000000.0,0.166,5569000000.0,4379000000.0,4286000000.0,1.21,1.2,1.21,38166000000.0,,38166000000.0,102232502097.0,8.0,5.417,2123000000.0,0.998,1.0,6686000000.0,0.199,0.0,93000000.0,73807000000.0,,2902000000.0,13730000000.0,1023000000.0,12707000000.0,46941000000.0,17847000000.0,29094000000.0,93901502097.0,1592000000.0,14000000.0,43000000.0,-144000000.0,-775000000.0,-878000000.0,-981000000.0,-22000000.0,3477000000.0,-26000000.0,2562000000.0,2562000000.0,2562000000.0,-11000000.0,0.0,0.076,2296000000.0,4390000000.0,9691000000.0,0.302,2.46,11.929,11.565,44233000000.0,0.0,43.89,0.756,0.752,12717000000.0,37105000000.0,33645000000.0,33645000000.0,85000000.0,,,,,0.0,1021000000.0,1.0,2139473732.0,2126735000,2130735000.0,15.82,85107000000.0,0.0,1724000000.0,10344000000.0,40.018,4998000000.0
70,CVX,MRQ,2003-12-31,2003-12-31,2003-12-31,2021-09-09,-809000000.0,81470000000.0,,19426000000.0,62044000000.0,,16.977,-1714000000.0,4266000000.0,4266000000.0,25048000000.0,1735000000.0,1.206,1.245,12597000000.0,1703000000.0,10894000000.0,12597000000.0,0.0,1327000000.0,0.0,0.033,0.365,2692000000.0,4019000000.0,0.132,4019000000.0,2692000000.0,2581000000.0,0.82,0.83,0.82,36295000000.0,,36295000000.0,101228366282.0,8.0,5.524,839000000.0,0.392,1.0,5353000000.0,0.176,0.0,111000000.0,73690000000.0,,2648000000.0,13320000000.0,1001000000.0,12319000000.0,45175000000.0,16111000000.0,29064000000.0,92347366282.0,-117000000.0,14000000.0,9000000.0,-705000000.0,-772000000.0,-1478000000.0,-1245000000.0,-161000000.0,2553000000.0,53000000.0,1735000000.0,1735000000.0,1735000000.0,7000000.0,0.0,0.057,2640000000.0,2713000000.0,8675000000.0,0.445,2.544,12.773,12.412,44538000000.0,0.0,43.195,0.761,0.761,11215000000.0,35315000000.0,30401000000.0,30401000000.0,140000000.0,,,,,0.0,1173000000.0,1.0,2137917960.0,2137917960,,14.22,81470000000.0,0.0,846000000.0,8978000000.0,38.107,3315000000.0
71,CVX,MRQ,2003-09-30,2003-09-30,2003-09-30,2021-09-09,-884000000.0,81311000000.0,,19153000000.0,62158000000.0,,16.582,-1289000000.0,4383000000.0,4383000000.0,24666000000.0,1975000000.0,1.178,1.307,13264000000.0,1853000000.0,11411000000.0,13264000000.0,0.0,1396000000.0,0.0,0.04,0.365,3450000000.0,4846000000.0,0.157,4846000000.0,3450000000.0,3335000000.0,1.01,1.0,1.01,35244000000.0,,35244000000.0,86382509968.0,7.0,5.017,1386000000.0,0.652,1.0,6174000000.0,0.2,0.0,115000000.0,73931000000.0,,2714000000.0,13275000000.0,844000000.0,12431000000.0,46067000000.0,16261000000.0,29806000000.0,76363509968.0,1291000000.0,261000000.0,9000000.0,165000000.0,-776000000.0,-679000000.0,-691000000.0,11000000.0,2675000000.0,-14000000.0,1975000000.0,1975000000.0,1975000000.0,-14000000.0,0.0,0.064,2714000000.0,3460000000.0,8067000000.0,0.361,2.167,11.934,11.561,45916000000.0,0.0,35.725,0.65,0.646,11035000000.0,34352000000.0,30840000000.0,30840000000.0,127000000.0,,,,,0.0,1197000000.0,1.0,2137537018.0,2125436000,2128181000.0,14.51,81311000000.0,0.0,1360000000.0,9143000000.0,38.256,2892000000.0
72,CVX,MRQ,2003-06-30,2003-06-30,2003-06-30,2021-09-09,-642000000.0,80586000000.0,,18355000000.0,62231000000.0,,16.051,-1321000000.0,3092000000.0,3092000000.0,23607000000.0,1600000000.0,1.111,1.363,13111000000.0,1534000000.0,11577000000.0,13111000000.0,0.0,1361000000.0,0.0,0.039,0.35,3079000000.0,4440000000.0,0.152,4440000000.0,3079000000.0,2961000000.0,0.755,0.74,0.755,34101000000.0,,34101000000.0,88622786711.0,10.0,6.346,2434000000.0,1.146,1.0,5664000000.0,0.194,0.0,118000000.0,74090000000.0,,2927000000.0,12908000000.0,835000000.0,12073000000.0,46485000000.0,16515000000.0,29970000000.0,77133786711.0,-712000000.0,18000000.0,35000000.0,-2470000000.0,-742000000.0,-3199000000.0,-1292000000.0,-83000000.0,3755000000.0,24000000.0,1600000000.0,1600000000.0,1600000000.0,-20000000.0,0.0,0.055,2585000000.0,3079000000.0,8434000000.0,0.464,2.262,21.913,21.813,46414000000.0,0.0,36.1,0.688,0.684,11024000000.0,32981000000.0,29271000000.0,29271000000.0,147000000.0,,,,,0.0,1061000000.0,1.0,2136669992.0,2124512000,2127418000.0,13.778,80586000000.0,0.0,1361000000.0,9496000000.0,37.932,1840000000.0
73,CVX,MRQ,2003-03-31,2003-03-31,2003-03-31,2021-09-09,-1025000000.0,81302000000.0,,19519000000.0,61783000000.0,,15.448,-1301000000.0,3804000000.0,3804000000.0,24415000000.0,1920000000.0,1.006,1.478,15293000000.0,4114000000.0,11179000000.0,15293000000.0,0.0,1242000000.0,0.0,0.043,0.35,3771000000.0,5013000000.0,0.163,5013000000.0,3771000000.0,3641000000.0,0.905,0.98,0.905,32813000000.0,,32813000000.0,82378719587.0,12.0,6.747,2031000000.0,0.956,1.0,6347000000.0,0.206,0.0,130000000.0,73391000000.0,,2831000000.0,12244000000.0,760000000.0,11484000000.0,48489000000.0,19400000000.0,29089000000.0,69066719587.0,847000000.0,0.0,4000000.0,-931000000.0,-743000000.0,-1673000000.0,-844000000.0,386000000.0,3332000000.0,32000000.0,1920000000.0,1920000000.0,1920000000.0,-37000000.0,0.0,0.062,2395000000.0,3952000000.0,8530000000.0,0.387,2.105,29.681,29.521,46598000000.0,0.0,32.325,0.639,0.635,11424000000.0,32123000000.0,30762000000.0,30762000000.0,154000000.0,,,,,0.0,1009000000.0,1.0,2136634790.0,2124034000,2127200000.0,14.483,81302000000.0,0.0,1721000000.0,9275000000.0,38.277,119000000.0
74,CVX,MRQ,2002-12-31,2002-12-31,2002-12-31,2021-09-09,-998000000.0,77359000000.0,,17776000000.0,59583000000.0,,14.794,-2039000000.0,2957000000.0,2957000000.0,22295000000.0,904000000.0,0.894,1.448,16269000000.0,5358000000.0,10911000000.0,16269000000.0,0.0,1209000000.0,0.0,0.042,0.35,1711000000.0,2920000000.0,0.109,2920000000.0,1711000000.0,1570000000.0,0.42,0.41,0.42,31604000000.0,,31604000000.0,84761064662.0,18.0,8.593,1160000000.0,0.543,1.0,4387000000.0,0.164,0.0,141000000.0,70795000000.0,,2763000000.0,11921000000.0,824000000.0,11097000000.0,45755000000.0,19876000000.0,25879000000.0,71011064662.0,190000000.0,0.0,3000000.0,-255000000.0,-738000000.0,-996000000.0,-2016000000.0,-15000000.0,3199000000.0,3000000.0,904000000.0,904000000.0,904000000.0,-30000000.0,0.0,0.034,2684000000.0,1703000000.0,8455000000.0,0.833,2.247,62.731,62.717,44155000000.0,0.0,33.24,0.721,0.721,10723000000.0,30942000000.0,26682000000.0,26682000000.0,205000000.0,,,,,0.0,1107000000.0,1.0,2136313618.0,2136313618,,12.49,77359000000.0,0.0,666000000.0,8318000000.0,36.211,-2100000000.0
75,CVX,MRQ,2002-09-30,2002-09-30,2002-09-30,2021-09-09,-292000000.0,76447000000.0,,17775000000.0,58672000000.0,,15.128,-1977000000.0,2767000000.0,2767000000.0,21358000000.0,-904000000.0,0.951,1.38,16517000000.0,5180000000.0,11337000000.0,16517000000.0,0.0,1514000000.0,0.0,0.04,0.35,79000000.0,1593000000.0,0.063,1593000000.0,79000000.0,-38000000.0,-0.425,-0.425,-0.425,32121000000.0,,32121000000.0,88080087174.0,823.0,11.545,1096000000.0,0.516,1.0,4009000000.0,0.158,0.0,117000000.0,71513000000.0,,3017000000.0,11785000000.0,811000000.0,10974000000.0,44326000000.0,18684000000.0,25642000000.0,73964087174.0,115000000.0,0.0,0.0,-311000000.0,-742000000.0,-1053000000.0,-1914000000.0,-42000000.0,3073000000.0,9000000.0,-904000000.0,-904000000.0,-904000000.0,0.0,0.0,-0.036,2823000000.0,1186000000.0,7527000000.0,-0.824,2.303,-32.242,-32.06,43862000000.0,0.0,34.625,0.793,0.788,10340000000.0,30761000000.0,25367000000.0,25367000000.0,166000000.0,,,,,0.0,1032000000.0,1.0,2136146922.0,2123266000,2127324000.0,11.947,76447000000.0,0.0,866000000.0,9023000000.0,36.004,-909000000.0
76,CVX,MRQ,2002-06-30,2002-06-30,2002-06-30,2021-09-09,-298000000.0,77642000000.0,,17704000000.0,59938000000.0,,15.916,-1736000000.0,2652000000.0,2652000000.0,20530000000.0,407000000.0,0.883,1.3,16768000000.0,7070000000.0,9698000000.0,16768000000.0,0.0,1241000000.0,0.0,0.031,0.35,1443000000.0,2684000000.0,0.106,2684000000.0,1443000000.0,1283000000.0,0.195,0.195,0.195,33756000000.0,,33756000000.0,108780946497.0,40.0,11.009,866000000.0,0.408,1.0,4803000000.0,0.19,0.0,160000000.0,71716000000.0,,2944000000.0,12902000000.0,763000000.0,12139000000.0,43886000000.0,20042000000.0,23844000000.0,94470946497.0,-873000000.0,0.0,17000000.0,-1070000000.0,-742000000.0,-1813000000.0,-1671000000.0,44000000.0,2602000000.0,9000000.0,407000000.0,407000000.0,407000000.0,0.0,0.0,0.016,2648000000.0,2155000000.0,7010000000.0,1.795,2.799,-780.752,-737.5,43779000000.0,0.0,44.25,1.006,0.999,10323000000.0,32409000000.0,25333000000.0,25333000000.0,135000000.0,,,,,0.0,1153000000.0,1.0,2134936644.0,2120868000,2124578000.0,11.945,77642000000.0,0.0,876000000.0,8950000000.0,36.609,-2338000000.0
77,CVX,MRQ,2002-03-31,2002-03-31,2002-03-31,2021-09-09,-255000000.0,78670000000.0,,18512000000.0,60158000000.0,,16.095,-1845000000.0,3525000000.0,3525000000.0,17345000000.0,725000000.0,0.838,1.305,17835000000.0,9163000000.0,8672000000.0,17835000000.0,0.0,1205000000.0,0.0,0.03,0.35,1462000000.0,2667000000.0,0.126,2667000000.0,1462000000.0,1315000000.0,0.34,0.34,0.34,34123000000.0,,34123000000.0,111637228583.0,20.0,8.859,-776000000.0,-0.366,1.0,3810000000.0,0.18,0.0,147000000.0,70898000000.0,,3029000000.0,13475000000.0,811000000.0,12664000000.0,44547000000.0,22082000000.0,22465000000.0,96336228583.0,1408000000.0,0.0,21000000.0,515000000.0,-743000000.0,-209000000.0,554000000.0,222000000.0,1069000000.0,-6000000.0,725000000.0,725000000.0,725000000.0,0.0,0.0,0.034,2336000000.0,1474000000.0,7375000000.0,1.029,2.823,60.972,60.993,43446000000.0,0.0,45.135,0.98,0.974,10274000000.0,32750000000.0,21155000000.0,21155000000.0,85000000.0,,,,,0.0,863000000.0,1.0,2134401874.0,2120160000,2124020000.0,9.978,78670000000.0,0.0,590000000.0,8593000000.0,37.106,-3570000000.0
78,CVX,MRQ,2001-12-31,2001-12-31,2001-12-31,2021-09-09,-306000000.0,77572000000.0,,18327000000.0,59245000000.0,,26.427,-3919000000.0,2117000000.0,2117000000.0,17495000000.0,-2522000000.0,0.887,1.284,17418000000.0,8429000000.0,8989000000.0,17418000000.0,0.0,3562000000.0,0.0,0.03,0.35,-2877000000.0,685000000.0,0.032,685000000.0,-2877000000.0,-3048000000.0,-1.19,-1.425,-1.19,33958000000.0,,33958000000.0,60739843204.0,7.0,3.909,-2722000000.0,-2.118,1.0,3965000000.0,0.185,0.0,171000000.0,72219000000.0,,2948000000.0,13285000000.0,1033000000.0,12252000000.0,43614000000.0,20654000000.0,22960000000.0,57572843204.0,-1815000000.0,0.0,-50000000.0,1337000000.0,-743000000.0,82000000.0,-3091000000.0,834000000.0,1197000000.0,-3000000.0,-2522000000.0,-2522000000.0,-2522000000.0,0.0,0.0,-0.118,6664000000.0,-2699000000.0,6427000000.0,-0.294,1.695,17.51,28.906,42882000000.0,0.0,44.805,0.542,0.542,9504000000.0,32767000000.0,21460000000.0,21460000000.0,460000000.0,,,,,0.0,1235000000.0,1.0,1284964696.0,1284964696,,16.701,77572000000.0,0.0,-526000000.0,8531000000.0,60.369,-2327000000.0
79,CVX,MRQ,2001-09-30,2001-09-30,2001-09-30,2021-09-09,-143000000.0,44529000000.0,,9937000000.0,34592000000.0,,10.841,-1817000000.0,3417000000.0,3417000000.0,20393000000.0,1269000000.0,1.22,0.936,6584000000.0,1519000000.0,5065000000.0,6584000000.0,0.0,1172000000.0,0.0,0.031,0.325,2673000000.0,3845000000.0,0.148,3845000000.0,2673000000.0,2487000000.0,0.595,0.83,0.595,23003000000.0,,23003000000.0,58262267362.0,3.0,2.226,1381000000.0,0.651,1.0,5574000000.0,0.215,0.0,186000000.0,39552000000.0,,1053000000.0,11215000000.0,1691000000.0,9524000000.0,21526000000.0,8144000000.0,13382000000.0,54448267362.0,612000000.0,0.0,37000000.0,-142000000.0,-665000000.0,-804000000.0,-1768000000.0,-182000000.0,3198000000.0,-14000000.0,1269000000.0,1269000000.0,1269000000.0,0.0,0.0,0.049,2387000000.0,3187000000.0,2840000000.0,0.546,2.367,5.53,12.021,23041000000.0,0.0,42.375,0.329,0.543,3852000000.0,23757000000.0,25967000000.0,25967000000.0,168000000.0,,,,,0.0,964000000.0,1.0,1284914864.0,2121910000,2121910000.0,12.238,44529000000.0,0.0,1218000000.0,7311000000.0,20.985,1793000000.0
80,CVX,MRQ,2001-06-30,2001-06-30,2001-06-30,2021-09-09,-170000000.0,44055000000.0,,9657000000.0,34398000000.0,,10.483,-1984000000.0,2895000000.0,2895000000.0,23072000000.0,2108000000.0,1.093,0.982,6709000000.0,2074000000.0,4635000000.0,6709000000.0,0.0,1168000000.0,0.0,0.029,0.325,4236000000.0,5404000000.0,0.182,5404000000.0,4236000000.0,4019000000.0,0.995,0.995,0.995,22224000000.0,,22224000000.0,62420658504.0,3.0,2.41,1136000000.0,0.536,1.0,6622000000.0,0.223,0.0,217000000.0,39035000000.0,,1042000000.0,10889000000.0,1521000000.0,9368000000.0,21831000000.0,8834000000.0,12997000000.0,58055658504.0,469000000.0,0.0,66000000.0,273000000.0,-663000000.0,-650000000.0,-2000000000.0,-25000000.0,3120000000.0,-1000000.0,2108000000.0,2108000000.0,2108000000.0,0.0,0.0,0.071,2352000000.0,4270000000.0,3124000000.0,0.327,2.612,5.744,11.01,23020000000.0,0.0,45.25,0.379,0.626,4286000000.0,23004000000.0,29694000000.0,29694000000.0,249000000.0,,,,,0.0,887000000.0,1.0,1282997978.0,2120046000,2120046000.0,14.006,44055000000.0,0.0,1911000000.0,7180000000.0,20.78,823000000.0
81,CVX,MRQ,2001-03-31,2001-03-31,2001-03-31,2021-09-09,-169000000.0,42817000000.0,,9211000000.0,33606000000.0,,10.037,-1993000000.0,2315000000.0,2315000000.0,22716000000.0,2433000000.0,1.088,1.015,6680000000.0,1876000000.0,4804000000.0,6680000000.0,0.0,1157000000.0,0.0,0.03,0.325,4449000000.0,5606000000.0,0.19,5606000000.0,4449000000.0,4190000000.0,1.15,1.145,1.15,21250000000.0,,21250000000.0,60624099119.0,3.0,2.584,1967000000.0,0.929,1.0,6729000000.0,0.229,0.0,259000000.0,38719000000.0,,1133000000.0,10206000000.0,1471000000.0,8735000000.0,21567000000.0,8463000000.0,13104000000.0,56288099119.0,523000000.0,0.0,57000000.0,-82000000.0,-662000000.0,-741000000.0,-2683000000.0,-754000000.0,3960000000.0,-13000000.0,2433000000.0,2433000000.0,2433000000.0,0.0,0.0,0.083,2242000000.0,4487000000.0,3100000000.0,0.283,2.649,6.175,11.058,22857000000.0,0.0,43.9,0.411,0.679,4156000000.0,22098000000.0,29445000000.0,29445000000.0,162000000.0,,,,,0.0,898000000.0,1.0,1282189046.0,2117270000,2117270000.0,13.907,42817000000.0,0.0,1757000000.0,6986000000.0,20.223,748000000.0
82,CVX,MRQ,2000-12-31,2000-12-31,2000-12-31,2021-09-09,-310000000.0,77621000000.0,,17913000000.0,59708000000.0,,25.996,-4731000000.0,2328000000.0,2328000000.0,66031000000.0,4036000000.0,1.075,1.326,15915000000.0,3094000000.0,12821000000.0,15915000000.0,0.0,3170000000.0,0.0,0.031,0.325,8150000000.0,11320000000.0,0.141,11320000000.0,8150000000.0,7396000000.0,0.785,0.78,0.785,33369000000.0,,33369000000.0,59926007637.0,4.0,2.926,2184000000.0,1.701,1.0,14527000000.0,0.18,0.0,754000000.0,74547000000.0,,2654000000.0,12677000000.0,913000000.0,11764000000.0,44252000000.0,16661000000.0,27591000000.0,54195007637.0,334000000.0,0.0,-239000000.0,-1378000000.0,-1392000000.0,-3134000000.0,-3442000000.0,1371000000.0,6915000000.0,-5000000.0,4036000000.0,4036000000.0,4036000000.0,0.0,0.0,0.05,6266000000.0,8261000000.0,7563000000.0,0.414,1.624,7.014,11.679,44319000000.0,0.0,42.22,0.455,0.455,11981000000.0,32206000000.0,80558000000.0,80558000000.0,632000000.0,,,,,0.0,2464000000.0,1.0,1283633530.0,1283633530,,62.758,77621000000.0,0.0,3360000000.0,9677000000.0,60.47,1252000000.0
83,CVX,MRQ,2000-09-30,2000-09-30,2000-09-30,2021-09-09,-173000000.0,41646000000.0,,8671000000.0,32975000000.0,,14.584,-1020000000.0,1342000000.0,1342000000.0,9552000000.0,1531000000.0,1.05,1.202,7073000000.0,1714000000.0,5359000000.0,7073000000.0,0.0,801000000.0,0.0,0.03,0.325,2771000000.0,3572000000.0,0.262,3572000000.0,2771000000.0,2670000000.0,1.18,1.175,1.18,18916000000.0,,18916000000.0,62080920999.0,5.0,3.753,1694000000.0,1.306,1.0,4069000000.0,0.299,0.0,101000000.0,39117000000.0,,1057000000.0,9322000000.0,1318000000.0,8004000000.0,22730000000.0,8260000000.0,14470000000.0,55639920999.0,240000000.0,0.0,-921000000.0,-458000000.0,-421000000.0,-1800000000.0,-675000000.0,-612000000.0,2714000000.0,1000000.0,1531000000.0,1531000000.0,1531000000.0,0.0,0.0,0.112,1298000000.0,2771000000.0,3350000000.0,0.275,2.941,9.801,12.63,22945000000.0,0.0,42.625,0.564,0.56,4562000000.0,19825000000.0,13621000000.0,13621000000.0,98000000.0,,,,,0.0,399000000.0,1.0,1305335390.0,1297040000,1297040000.0,10.502,41646000000.0,0.0,1139000000.0,7264000000.0,32.108,411000000.0
84,CVX,MRQ,2000-06-30,2000-06-30,2000-06-30,2021-09-09,-129000000.0,41378000000.0,,8566000000.0,32812000000.0,,14.35,-966000000.0,1102000000.0,1102000000.0,9756000000.0,1116000000.0,1.02,1.207,7543000000.0,2177000000.0,5366000000.0,7543000000.0,0.0,699000000.0,0.0,0.03,0.325,2260000000.0,2959000000.0,0.224,2959000000.0,2260000000.0,2134000000.0,0.855,0.855,0.855,18750000000.0,,18750000000.0,63020546695.0,6.0,4.213,1545000000.0,1.182,1.0,3468000000.0,0.262,0.0,126000000.0,39423000000.0,,1512000000.0,6397000000.0,622000000.0,5775000000.0,22628000000.0,8396000000.0,14232000000.0,55293546695.0,-83000000.0,0.0,32000000.0,-1373000000.0,-424000000.0,-1765000000.0,-829000000.0,-3000000.0,2511000000.0,0.0,1116000000.0,1116000000.0,1116000000.0,0.0,0.0,0.084,1208000000.0,2260000000.0,3382000000.0,0.38,2.949,11.695,16.093,25093000000.0,0.0,42.405,0.581,0.582,4991000000.0,18715000000.0,13224000000.0,13224000000.0,123000000.0,,,,,0.0,386000000.0,1.0,1303939316.0,1306634000,1306634000.0,10.121,41378000000.0,0.0,1018000000.0,7013000000.0,31.668,170000000.0
85,CVX,MRQ,2000-03-31,2000-03-31,2000-03-31,2021-09-09,-120000000.0,41249000000.0,,8517000000.0,32732000000.0,,13.721,-912000000.0,1185000000.0,1185000000.0,8625000000.0,1044000000.0,0.938,1.291,8912000000.0,3512000000.0,5400000000.0,8912000000.0,0.0,651000000.0,0.0,0.027,0.325,1978000000.0,2629000000.0,0.224,2629000000.0,1978000000.0,1849000000.0,0.795,0.795,0.795,18005000000.0,,18005000000.0,68110253886.0,8.0,5.113,415000000.0,0.316,1.0,3102000000.0,0.265,0.0,129000000.0,39893000000.0,,1448000000.0,6270000000.0,627000000.0,5643000000.0,23244000000.0,9083000000.0,14161000000.0,60536253886.0,-160000000.0,0.0,-370000000.0,7000000.0,-427000000.0,-790000000.0,-696000000.0,75000000.0,1327000000.0,-1000000.0,1044000000.0,1044000000.0,1044000000.0,0.0,0.0,0.089,1124000000.0,1978000000.0,3064000000.0,0.409,3.362,15.279,22.546,25182000000.0,0.0,46.22,0.667,0.668,4837000000.0,18024000000.0,11727000000.0,11727000000.0,96000000.0,,,,,0.0,377000000.0,1.0,1309741538.0,1312264000,1312264000.0,8.936,41249000000.0,0.0,805000000.0,6543000000.0,31.433,-566000000.0
86,CVX,MRQ,1999-12-31,1999-12-31,1999-12-31,2021-09-09,-115000000.0,40668000000.0,,8297000000.0,32371000000.0,,13.523,-4406000000.0,1345000000.0,1345000000.0,49953000000.0,1986000000.0,0.933,1.291,8919000000.0,3434000000.0,5485000000.0,8919000000.0,0.0,2968000000.0,0.0,0.029,0.325,4412000000.0,7380000000.0,0.123,7380000000.0,4412000000.0,3614000000.0,0.545,0.545,0.545,17749000000.0,,17749000000.0,64466289968.0,9.0,5.427,-269000000.0,-0.205,1.0,10153000000.0,0.169,0.0,798000000.0,39353000000.0,,1402000000.0,5918000000.0,687000000.0,5231000000.0,22919000000.0,8889000000.0,14030000000.0,56852289968.0,867000000.0,101000000.0,3000000.0,1048000000.0,-1390000000.0,-422000000.0,-2816000000.0,525000000.0,4137000000.0,-32000000.0,1986000000.0,1986000000.0,1986000000.0,0.0,0.0,0.033,5670000000.0,4483000000.0,3103000000.0,0.596,3.203,17.509,28.781,25317000000.0,0.0,43.315,0.663,0.663,4503000000.0,17400000000.0,60106000000.0,60106000000.0,683000000.0,,,,,0.0,2019000000.0,1.0,1312531224.0,1312531224,,45.794,40668000000.0,0.0,1628000000.0,6152000000.0,30.984,-592000000.0
87,CVX,MRQ,1999-09-30,1999-09-30,1999-09-30,2021-09-09,-156000000.0,40153000000.0,,7335000000.0,32818000000.0,,13.177,-1848000000.0,703000000.0,703000000.0,7625000000.0,582000000.0,0.745,1.318,8317000000.0,3460000000.0,4857000000.0,8317000000.0,0.0,767000000.0,0.0,0.027,0.305,1223000000.0,1990000000.0,0.196,1990000000.0,1223000000.0,1107000000.0,0.44,0.44,0.44,17320000000.0,,17320000000.0,65586693156.0,32.0,13.993,-204000000.0,-0.155,1.0,2552000000.0,0.251,0.0,116000000.0,37926000000.0,,1472000000.0,5867000000.0,762000000.0,5105000000.0,22833000000.0,9841000000.0,12992000000.0,58218693156.0,-49000000.0,0.0,10000000.0,140000000.0,-399000000.0,-249000000.0,-1447000000.0,193000000.0,1644000000.0,3000000.0,582000000.0,582000000.0,582000000.0,0.0,0.0,0.057,1329000000.0,1223000000.0,2790000000.0,0.693,3.361,55.184,55.124,25691000000.0,0.0,44.375,1.77,1.773,4202000000.0,17016000000.0,10177000000.0,10177000000.0,205000000.0,,,,,0.0,357000000.0,1.0,1311970550.0,1314380000,1314380000.0,7.743,40153000000.0,0.0,525000000.0,6064000000.0,30.549,-2506000000.0
88,CVX,MRQ,1999-06-30,1999-06-30,1999-06-30,2021-09-09,-122000000.0,38402000000.0,,7157000000.0,31245000000.0,,13.05,-844000000.0,752000000.0,752000000.0,6873000000.0,350000000.0,0.766,1.24,8120000000.0,3801000000.0,4319000000.0,8120000000.0,0.0,633000000.0,0.0,0.026,0.305,690000000.0,1323000000.0,0.151,1323000000.0,690000000.0,577000000.0,0.27,0.265,0.27,17146000000.0,,17146000000.0,69892546284.0,41.0,16.923,355000000.0,0.27,1.0,1868000000.0,0.214,0.0,113000000.0,36423000000.0,,1416000000.0,5871000000.0,955000000.0,4916000000.0,21256000000.0,9347000000.0,11909000000.0,62297546284.0,214000000.0,0.0,25000000.0,-36000000.0,-401000000.0,-412000000.0,-571000000.0,-19000000.0,1199000000.0,-2000000.0,350000000.0,350000000.0,350000000.0,0.0,0.0,0.04,1178000000.0,690000000.0,2384000000.0,1.13,3.633,66.7,66.476,24430000000.0,0.0,47.53,2.05,2.055,3890000000.0,16828000000.0,8741000000.0,8741000000.0,96000000.0,,,,,0.0,449000000.0,1.0,1310699480.0,1313820000,1313820000.0,6.653,38402000000.0,0.0,227000000.0,5055000000.0,29.229,-2190000000.0
89,CVX,MRQ,1999-03-31,1999-03-31,1999-03-31,2021-09-09,-107000000.0,37766000000.0,,6459000000.0,31307000000.0,,13.129,-797000000.0,538000000.0,538000000.0,5019000000.0,329000000.0,0.808,1.197,8133000000.0,3795000000.0,4338000000.0,8133000000.0,0.0,566000000.0,0.0,0.027,0.305,619000000.0,1185000000.0,0.177,1185000000.0,619000000.0,514000000.0,0.25,0.25,0.25,17190000000.0,,17190000000.0,64972459151.0,33.0,15.033,-6000000.0,-0.005,1.0,1670000000.0,0.25,0.0,105000000.0,37370000000.0,,1429000000.0,5741000000.0,947000000.0,4794000000.0,20576000000.0,7991000000.0,12585000000.0,57983459151.0,-31000000.0,0.0,70000000.0,282000000.0,-399000000.0,-47000000.0,-776000000.0,-102000000.0,791000000.0,1000000.0,329000000.0,329000000.0,329000000.0,0.0,0.0,0.049,1051000000.0,619000000.0,2282000000.0,1.22,3.373,49.943,50.141,24399000000.0,0.0,44.375,1.958,1.962,3718000000.0,16878000000.0,6689000000.0,6689000000.0,88000000.0,,,,,0.0,397000000.0,1.0,1306669502.0,1309354000,1309354000.0,5.109,37766000000.0,0.0,185000000.0,4668000000.0,28.843,-1532000000.0
90,CVX,MRQ,1998-12-31,1998-12-31,1998-12-31,2021-09-09,-90000000.0,36540000000.0,,6297000000.0,30243000000.0,,13.117,-1101000000.0,569000000.0,569000000.0,5633000000.0,-206000000.0,0.879,1.145,7558000000.0,3165000000.0,4393000000.0,7558000000.0,0.0,646000000.0,0.0,0.029,0.305,-457000000.0,189000000.0,0.026,189000000.0,-457000000.0,-566000000.0,-0.155,-0.155,-0.155,17034000000.0,,17034000000.0,60137720372.0,27.0,13.191,-450000000.0,-0.347,1.0,1649000000.0,0.226,0.0,109000000.0,36363000000.0,,1455000000.0,5448000000.0,844000000.0,4604000000.0,19506000000.0,7166000000.0,12340000000.0,54113720372.0,-583000000.0,0.0,37000000.0,387000000.0,-398000000.0,26000000.0,-1250000000.0,-230000000.0,651000000.0,-10000000.0,-206000000.0,-206000000.0,-206000000.0,0.0,0.0,-0.028,2106000000.0,-457000000.0,2170000000.0,-1.968,3.177,40.414,40.459,23729000000.0,0.0,41.47,1.771,1.774,3685000000.0,16942000000.0,7282000000.0,7282000000.0,117000000.0,,,,,0.0,1343000000.0,1.0,1304888362.0,1298602872,1298602872.0,5.608,36540000000.0,0.0,-360000000.0,4274000000.0,28.138,-869000000.0
91,CVX,MRQ,1998-09-30,1998-09-30,1998-09-30,2021-09-09,-88000000.0,36570000000.0,,6839000000.0,29731000000.0,,13.427,-1074000000.0,1152000000.0,1152000000.0,5752000000.0,461000000.0,0.892,1.079,7176000000.0,2867000000.0,4309000000.0,7176000000.0,0.0,563000000.0,0.0,0.029,0.305,870000000.0,1433000000.0,0.187,1433000000.0,870000000.0,767000000.0,0.35,0.35,0.35,17590000000.0,,17590000000.0,61089592419.0,15.0,9.384,544000000.0,0.415,1.0,1926000000.0,0.251,0.0,103000000.0,34930000000.0,,1364000000.0,5228000000.0,616000000.0,4612000000.0,18980000000.0,7664000000.0,11316000000.0,55011592419.0,-33000000.0,0.0,-159000000.0,-93000000.0,-400000000.0,-652000000.0,-1002000000.0,-83000000.0,1618000000.0,3000000.0,461000000.0,461000000.0,461000000.0,0.0,0.0,0.06,1056000000.0,870000000.0,2187000000.0,0.871,3.127,22.732,22.78,23515000000.0,0.0,42.03,1.64,1.642,3713000000.0,17539000000.0,7678000000.0,7678000000.0,126000000.0,,,,,0.0,367000000.0,1.0,1308864916.0,1310066000,1310066000.0,5.861,36570000000.0,0.0,306000000.0,5091000000.0,27.915,-825000000.0
92,CVX,MRQ,1998-06-30,1998-06-30,1998-06-30,2021-09-09,-95000000.0,36176000000.0,,6879000000.0,29297000000.0,,13.482,-975000000.0,1185000000.0,1185000000.0,6044000000.0,577000000.0,0.942,1.047,7263000000.0,2914000000.0,4349000000.0,7263000000.0,0.0,557000000.0,0.0,0.028,0.305,958000000.0,1515000000.0,0.19,1515000000.0,958000000.0,859000000.0,0.44,0.44,0.44,17674000000.0,,17674000000.0,60580634989.0,13.0,8.725,110000000.0,0.084,1.0,1925000000.0,0.242,0.0,99000000.0,34949000000.0,,1445000000.0,5258000000.0,525000000.0,4733000000.0,18502000000.0,7305000000.0,11197000000.0,54776634989.0,-80000000.0,0.0,25000000.0,194000000.0,-399000000.0,-180000000.0,-985000000.0,-23000000.0,1085000000.0,0.0,577000000.0,577000000.0,577000000.0,0.0,0.0,0.072,967000000.0,958000000.0,2207000000.0,0.693,3.099,20.393,20.427,23104000000.0,0.0,41.875,1.513,1.517,3527000000.0,17472000000.0,7969000000.0,7969000000.0,134000000.0,,,,,0.0,276000000.0,1.0,1308098746.0,1310918000,1310918000.0,6.079,36176000000.0,0.0,282000000.0,4549000000.0,27.596,-426000000.0
93,CVX,MRQ,1998-03-31,1998-03-31,1998-03-31,2021-09-09,-91000000.0,35850000000.0,,7064000000.0,28786000000.0,,13.344,-730000000.0,1265000000.0,1265000000.0,5852000000.0,507000000.0,0.977,1.051,7069000000.0,2707000000.0,4362000000.0,7069000000.0,0.0,554000000.0,0.0,0.029,0.305,868000000.0,1422000000.0,0.186,1422000000.0,868000000.0,774000000.0,0.39,0.385,0.39,17477000000.0,,17477000000.0,57527757184.0,11.0,7.723,-353000000.0,-0.27,1.0,1776000000.0,0.233,0.0,94000000.0,34424000000.0,,1439000000.0,5119000000.0,501000000.0,4618000000.0,18373000000.0,7230000000.0,11143000000.0,52474757184.0,250000000.0,0.0,-164000000.0,1061000000.0,-399000000.0,498000000.0,-622000000.0,153000000.0,377000000.0,-3000000.0,507000000.0,507000000.0,507000000.0,0.0,0.0,0.066,908000000.0,868000000.0,2319000000.0,0.782,3.003,17.897,17.926,22813000000.0,0.0,40.155,1.363,1.366,3621000000.0,17294000000.0,7628000000.0,7628000000.0,101000000.0,,,,,0.0,253000000.0,1.0,1306805060.0,1309742000,1309742000.0,5.824,35850000000.0,0.0,267000000.0,4447000000.0,27.372,-166000000.0
94,CVX,MRQ,1997-12-31,1997-12-31,1997-12-31,2021-09-09,-77000000.0,35473000000.0,,7006000000.0,28467000000.0,,13.378,-1230000000.0,1015000000.0,1015000000.0,7427000000.0,875000000.0,1.009,1.03,6068000000.0,1637000000.0,4431000000.0,6068000000.0,0.0,657000000.0,0.0,0.03,0.29,1483000000.0,2140000000.0,0.208,2140000000.0,1483000000.0,1398000000.0,0.665,0.665,0.665,17472000000.0,,17472000000.0,55795953203.0,10.0,6.877,123000000.0,0.094,1.0,2841000000.0,0.277,0.0,85000000.0,33580000000.0,,1378000000.0,5151000000.0,655000000.0,4496000000.0,18001000000.0,6946000000.0,11055000000.0,50569953203.0,24000000.0,0.0,-67000000.0,-138000000.0,-382000000.0,-587000000.0,-751000000.0,-80000000.0,1353000000.0,9000000.0,875000000.0,875000000.0,875000000.0,0.0,0.0,0.085,1358000000.0,1483000000.0,2735000000.0,0.436,2.894,15.531,15.493,22671000000.0,0.0,38.5,1.205,1.202,3845000000.0,17185000000.0,10268000000.0,10268000000.0,205000000.0,,,,,0.0,496000000.0,1.0,1313505278.0,1306021368,1306021368.0,7.862,35473000000.0,0.0,523000000.0,4339000000.0,27.161,60000000.0
95,CVX,MRQ,1997-09-30,1997-09-30,1997-09-30,2021-09-09,-68000000.0,35471000000.0,,7241000000.0,28230000000.0,,12.972,-1009000000.0,991000000.0,991000000.0,8052000000.0,727000000.0,0.989,1.08,6217000000.0,1753000000.0,4464000000.0,6217000000.0,0.0,548000000.0,0.0,0.027,0.29,1318000000.0,1866000000.0,0.181,1866000000.0,1318000000.0,1249000000.0,0.555,0.55,0.555,17053000000.0,,17053000000.0,59585879644.0,11.0,7.792,241000000.0,0.183,1.0,2276000000.0,0.22,0.0,69000000.0,33372000000.0,,1409000000.0,5125000000.0,573000000.0,4552000000.0,18418000000.0,7325000000.0,11093000000.0,54424879644.0,-289000000.0,0.0,148000000.0,-234000000.0,-379000000.0,-465000000.0,-1053000000.0,-125000000.0,1250000000.0,-21000000.0,727000000.0,727000000.0,727000000.0,0.0,0.0,0.07,958000000.0,1318000000.0,2795000000.0,0.523,3.192,19.13,19.11,22377000000.0,0.0,41.565,1.26,1.265,3884000000.0,16692000000.0,10328000000.0,10328000000.0,109000000.0,,,,,0.0,301000000.0,1.0,1309392028.0,1314580000,1314580000.0,7.857,35471000000.0,0.0,522000000.0,4528000000.0,26.983,-84000000.0
96,CVX,MRQ,1997-06-30,1997-06-30,1997-06-30,2021-09-09,-70000000.0,34957000000.0,,7425000000.0,27532000000.0,,12.631,-948000000.0,1280000000.0,1280000000.0,7764000000.0,823000000.0,0.898,1.113,6441000000.0,2888000000.0,3553000000.0,6441000000.0,0.0,549000000.0,0.0,0.03,0.29,1472000000.0,2021000000.0,0.197,2021000000.0,1472000000.0,1396000000.0,0.63,0.625,0.63,16546000000.0,,16546000000.0,53754409630.0,10.0,6.997,299000000.0,0.228,1.0,2510000000.0,0.244,0.0,76000000.0,31848000000.0,,1458000000.0,4826000000.0,447000000.0,4379000000.0,18411000000.0,8270000000.0,10141000000.0,48356409630.0,-105000000.0,0.0,94000000.0,-339000000.0,-379000000.0,-624000000.0,-730000000.0,-22000000.0,1247000000.0,2000000.0,823000000.0,823000000.0,823000000.0,0.0,0.0,0.08,1038000000.0,1472000000.0,2614000000.0,0.46,2.923,17.438,17.453,22045000000.0,0.0,37.0,1.101,1.103,3784000000.0,16338000000.0,10274000000.0,10274000000.0,98000000.0,,,,,0.0,391000000.0,1.0,1306929990.0,1309930000,1309930000.0,7.843,34957000000.0,0.0,573000000.0,4413000000.0,26.686,-845000000.0
97,CVX,MRQ,1997-03-31,1997-03-31,1997-03-31,2021-09-09,63000000.0,34917000000.0,,7701000000.0,27216000000.0,,12.355,-712000000.0,1385000000.0,1385000000.0,8580000000.0,831000000.0,0.922,1.163,6783000000.0,2865000000.0,3918000000.0,6783000000.0,0.0,546000000.0,0.0,0.03,0.27,1541000000.0,2087000000.0,0.188,2087000000.0,1541000000.0,1459000000.0,0.635,0.635,0.635,16143000000.0,,16143000000.0,51295313989.0,9.0,6.67,318000000.0,0.243,1.0,2513000000.0,0.227,0.0,82000000.0,31963000000.0,,1335000000.0,4945000000.0,421000000.0,4524000000.0,18774000000.0,8352000000.0,10422000000.0,45493313989.0,493000000.0,0.0,-2000000.0,153000000.0,-353000000.0,-202000000.0,-326000000.0,328000000.0,1030000000.0,-9000000.0,831000000.0,831000000.0,831000000.0,0.0,0.0,0.075,972000000.0,1541000000.0,2817000000.0,0.425,2.818,16.121,16.118,21684000000.0,0.0,34.815,1.019,1.019,3988000000.0,15893000000.0,11093000000.0,11093000000.0,81000000.0,,,,,0.0,345000000.0,1.0,1306715898.0,1306646000,1306646000.0,8.49,34917000000.0,0.0,628000000.0,4311000000.0,26.723,-651000000.0
98,CVX,MRQ,1996-12-31,1996-12-31,1996-12-31,2021-09-09,96000000.0,34854000000.0,,7942000000.0,26912000000.0,,11.96,-1060000000.0,892000000.0,892000000.0,9378000000.0,464000000.0,0.892,1.231,6694000000.0,2706000000.0,3988000000.0,6694000000.0,0.0,603000000.0,0.0,0.032,0.27,1070000000.0,1673000000.0,0.145,1673000000.0,1070000000.0,980000000.0,0.355,,0.355,15623000000.0,,15623000000.0,,,,1100000000.0,0.842,1.0,2133000000.0,0.185,0.0,90000000.0,31749000000.0,,1431000000.0,5208000000.0,745000000.0,4463000000.0,19231000000.0,8907000000.0,10324000000.0,42468266685.0,-199000000.0,0.0,57000000.0,-803000000.0,-353000000.0,-1099000000.0,-1264000000.0,-291000000.0,2160000000.0,4000000.0,464000000.0,464000000.0,464000000.0,0.0,0.0,0.04,1063000000.0,1070000000.0,3502000000.0,0.761,2.718,16.29,16.291,21496000000.0,0.0,32.5,0.968,0.967,4296000000.0,15408000000.0,11511000000.0,11511000000.0,126000000.0,,,,,0.0,334000000.0,1.0,1306715898.0,1306260000,,8.812,34854000000.0,0.0,516000000.0,4130000000.0,26.682,-965000000.0
99,CVX,MRQ,1996-09-30,1996-09-30,1996-09-30,2021-09-09,,,,,,,,-831000000.0,,,8725000000.0,655000000.0,,,,,,,,558000000.0,,0.033,0.27,1344000000.0,1902000000.0,0.172,1902000000.0,1344000000.0,1251000000.0,0.5,,0.5,,,,,,,189000000.0,0.145,1.0,2324000000.0,0.21,,93000000.0,,,,,,,,,,,39000000.0,0.0,-31000000.0,58000000.0,-352000000.0,-325000000.0,-655000000.0,1000000.0,1020000000.0,-1000000.0,655000000.0,655000000.0,655000000.0,0.0,0.0,0.059,980000000.0,1344000000.0,,0.54,,,,,0.0,31.315,,,,,11049000000.0,11049000000.0,119000000.0,,,,,0.0,303000000.0,1.0,,1305342000,,8.464,,,596000000.0,,,
100,CVX,MRQ,1996-06-30,1996-06-30,1996-06-30,2021-09-09,,,,,,,,-877000000.0,,,8464000000.0,872000000.0,,,,,,,,524000000.0,,0.034,0.25,1505000000.0,2029000000.0,0.185,2029000000.0,1505000000.0,1420000000.0,0.67,,0.67,,,,,,,787000000.0,0.603,1.0,2533000000.0,0.23,,85000000.0,,,,,,,,,,,72000000.0,0.0,-1000000.0,-543000000.0,-327000000.0,-871000000.0,-720000000.0,8000000.0,1664000000.0,-1000000.0,872000000.0,872000000.0,872000000.0,0.0,0.0,0.079,1028000000.0,1505000000.0,,0.373,,,,,0.0,29.5,,,,,10997000000.0,10997000000.0,118000000.0,,,,,0.0,386000000.0,1.0,,1305428000,,8.424,,,548000000.0,,,
101,CVX,MRQ,1996-03-31,1996-03-31,1996-03-31,2021-09-09,,,,,,,,-656000000.0,,,8174000000.0,616000000.0,,,,,,,,531000000.0,,0.035,0.25,1185000000.0,1716000000.0,0.166,1716000000.0,1185000000.0,1089000000.0,0.47,,0.47,,,,,,,447000000.0,0.342,1.0,2162000000.0,0.209,,96000000.0,,,,,,,,,,,359000000.0,0.0,-2000000.0,-272000000.0,-326000000.0,-600000000.0,-140000000.0,326000000.0,1103000000.0,-4000000.0,616000000.0,616000000.0,616000000.0,0.0,0.0,0.06,977000000.0,1185000000.0,,0.532,,,,,0.0,28.065,,,,,10336000000.0,10336000000.0,92000000.0,,,,,0.0,354000000.0,1.0,,1305126000,,7.92,,,473000000.0,,,
102,CVX,MRQ,1995-12-31,1995-12-31,1995-12-31,2021-09-09,174000000.0,34330000000.0,,7867000000.0,26463000000.0,,11.007,,621000000.0,621000000.0,,,0.833,1.392,8327000000.0,3806000000.0,4521000000.0,8327000000.0,0.0,,0.0,0.037,0.25,,,,,,,,,,14355000000.0,,14355000000.0,,,,,,1.0,,,0.0,,32591000000.0,,1598000000.0,4860000000.0,773000000.0,4087000000.0,19975000000.0,9445000000.0,10530000000.0,,,,,,,,,,,,,,,,,,,,3294000000.0,,,,36.629,21696000000.0,,26.19,,0.921,4163000000.0,14146000000.0,,,,,,,,,,1.0,,1304167608,,,34330000000.0,0.0,,3521000000.0,26.323,-1578000000.0
0,CVX,MRT,2021-06-30,2021-06-30,2021-06-30,2021-09-09,-4295000000.0,242806000000.0,236826000000.0,32973000000.0,209833000000.0,0.504,69.455,-5755000000.0,7527000000.0,7527000000.0,89753000000.0,3627000000.0,1.171,0.818,43018000000.0,3497000000.0,39521000000.0,43018000000.0,0.0,17311000000.0,0.0,0.05,5.21,6304000000.0,23615000000.0,0.198,23615000000.0,6304000000.0,5558000000.0,1.88,1.87,1.88,133182000000.0,132133000000.0,133182000000.0,240308185228.0,38.0,10.176,11170000000.0,5.825,1.0,29570000000.0,0.248,4402000000.0,746000000.0,245748000000.0,243181500000.0,6239000000.0,40585000000.0,34000000.0,40551000000.0,108895000000.0,28147000000.0,80748000000.0,201944185228.0,909000000.0,67000000.0,392000000.0,-835000000.0,-9896000000.0,-10379000000.0,-5652000000.0,36000000.0,16925000000.0,15000000.0,3587000000.0,3587000000.0,3587000000.0,0.0,40000000.0,0.03,23226000000.0,6344000000.0,14719000000.0,2.771,1.516,56.299,55.713,151208000000.0,0.0,104.74,1.692,1.683,16271000000.0,159640000000.0,119323000000.0,119323000000.0,683000000.0,0.015,0.027,0.026,0.053,0.0,4047000000.0,1.0,1928052179.0,1917536000,,62.227,238404000000.0,0.0,1971000000.0,15391000000.0,124.328,4826000000.0
1,CVX,MRT,2021-03-31,2021-03-31,2021-03-31,2021-09-09,-4586000000.0,241645000000.0,231975250000.0,30433000000.0,211212000000.0,0.41,68.946,-4783000000.0,7076000000.0,7076000000.0,77298000000.0,-7744000000.0,1.107,0.824,45440000000.0,4841000000.0,40599000000.0,45440000000.0,0.0,19506000000.0,0.0,0.049,5.16,-8709000000.0,10797000000.0,0.113,10797000000.0,-8709000000.0,-9442000000.0,-4.17,-4.17,-4.17,131888000000.0,132367000000.0,131888000000.0,240584021100.0,-28.0,22.282,5268000000.0,2.754,1.0,17922000000.0,0.188,4402000000.0,733000000.0,248127000000.0,238084500000.0,5620000000.0,39623000000.0,32000000.0,39591000000.0,108712000000.0,27480000000.0,81232000000.0,201865021100.0,-1426000000.0,-622000000.0,309000000.0,3271000000.0,-9717000000.0,-6167000000.0,-5370000000.0,35000000.0,10051000000.0,60000000.0,-7765000000.0,-7765000000.0,-7765000000.0,0.0,21000000.0,-0.082,26610000000.0,-8688000000.0,12858000000.0,-1.237,1.531,-25.997,-25.129,154003000000.0,0.0,104.79,2.12,2.105,14689000000.0,159285000000.0,95220000000.0,95220000000.0,1465000000.0,-0.033,-0.059,-0.037,-0.091,0.0,4520000000.0,1.0,1926376764.0,1912925000,,49.777,237243000000.0,0.0,-1677000000.0,14698000000.0,124.021,2953000000.0
2,CVX,MRT,2020-12-31,2020-12-31,2020-12-31,2021-09-09,-5612000000.0,239790000000.0,230733250000.0,26078000000.0,213712000000.0,0.41,70.522,-5954000000.0,5596000000.0,5596000000.0,75310000000.0,-5561000000.0,1.176,0.813,44315000000.0,1548000000.0,42767000000.0,44315000000.0,0.0,19508000000.0,0.0,0.061,5.16,-6738000000.0,12770000000.0,0.135,12770000000.0,-6738000000.0,-7435000000.0,-2.96,-2.96,-2.96,131688000000.0,135377500000.0,131688000000.0,185639465184.0,-28.0,14.537,4623000000.0,2.476,1.0,19382000000.0,0.205,4402000000.0,697000000.0,251924000000.0,233014500000.0,5676000000.0,39083000000.0,31000000.0,39052000000.0,107064000000.0,22183000000.0,84881000000.0,157695465184.0,-174000000.0,-1046000000.0,-1531000000.0,7470000000.0,-9651000000.0,-3736000000.0,-6965000000.0,35000000.0,10577000000.0,-50000000.0,-5543000000.0,-5543000000.0,-5543000000.0,0.0,-18000000.0,-0.059,26138000000.0,-6756000000.0,10950000000.0,-1.743,1.197,-28.449,-28.53,156618000000.0,0.0,84.45,1.665,1.665,12060000000.0,160377000000.0,94692000000.0,94692000000.0,1537000000.0,-0.024,-0.041,-0.029,-0.071,0.0,4213000000.0,1.0,1867323448.0,1867323448,,50.71,235388000000.0,0.0,-1892000000.0,14442000000.0,126.056,3895000000.0
3,CVX,MRT,2020-09-30,2020-09-30,2020-09-30,2021-09-09,-4507000000.0,223063000000.0,230142750000.0,24803000000.0,198260000000.0,0.46,71.093,-7223000000.0,6866000000.0,6866000000.0,82398000000.0,-11572000000.0,1.261,0.691,34810000000.0,530000000.0,34280000000.0,34810000000.0,0.0,31451000000.0,0.0,0.07,5.06,-14141000000.0,17310000000.0,0.164,17310000000.0,-14141000000.0,-14817000000.0,-6.14,-6.14,-6.14,131774000000.0,138508750000.0,131774000000.0,161641283904.0,-11.0,9.338,6773000000.0,3.654,1.0,23398000000.0,0.221,4416000000.0,676000000.0,226927000000.0,226964000000.0,5681000000.0,37683000000.0,28000000.0,37655000000.0,91025000000.0,19664000000.0,71361000000.0,134443283904.0,-5029000000.0,-1709000000.0,-2635000000.0,1739000000.0,-9414000000.0,-10322000000.0,-8897000000.0,35000000.0,13996000000.0,194000000.0,-11488000000.0,-11488000000.0,-11488000000.0,0.0,-84000000.0,-0.109,37623000000.0,-14225000000.0,9537000000.0,-0.824,1.02,-11.703,-11.726,142383000000.0,0.0,72.0,1.271,1.261,10502000000.0,163509000000.0,105796000000.0,105796000000.0,1442000000.0,-0.05,-0.083,-0.062,-0.134,0.0,4213000000.0,1.0,1867267832.0,1853533000,,57.078,218647000000.0,0.0,-3329000000.0,12278000000.0,117.962,5139000000.0
4,CVX,MRT,2020-06-30,2020-06-30,2020-06-30,2021-09-09,-4750000000.0,223403000000.0,238511250000.0,23732000000.0,199671000000.0,0.492,72.367,-8938000000.0,6855000000.0,6855000000.0,89521000000.0,-8783000000.0,1.14,0.664,34053000000.0,3751000000.0,30302000000.0,34053000000.0,0.0,31795000000.0,0.0,0.056,4.96,-10017000000.0,21778000000.0,0.185,21778000000.0,-10017000000.0,-10726000000.0,-4.64,-4.66,-4.64,134118000000.0,144525500000.0,134118000000.0,190449504940.0,-19.0,8.745,9338000000.0,5.039,1.0,27940000000.0,0.238,4416000000.0,709000000.0,225360000000.0,230970000000.0,5511000000.0,37349000000.0,59000000.0,37290000000.0,89017000000.0,20825000000.0,68192000000.0,166590504940.0,-1912000000.0,-1699000000.0,-3645000000.0,3207000000.0,-9261000000.0,-9719000000.0,-10638000000.0,-1000000.0,18276000000.0,169000000.0,-8701000000.0,-8701000000.0,-8701000000.0,0.0,-82000000.0,-0.074,38039000000.0,-10099000000.0,8250000000.0,-1.069,1.242,-19.146,-19.231,143850000000.0,0.0,89.23,1.418,1.408,9382000000.0,166122000000.0,117461000000.0,117461000000.0,1493000000.0,-0.036,-0.06,-0.043,-0.085,0.0,4335000000.0,1.0,1866978650.0,1853313000,,63.379,218987000000.0,0.0,-2025000000.0,12529000000.0,118.16,2907000000.0
5,CVX,MRT,2020-03-31,2020-03-31,2020-03-31,2021-09-09,-4884000000.0,236677000000.0,246630000000.0,28562000000.0,208115000000.0,0.579,77.287,-11265000000.0,8492000000.0,8492000000.0,101951000000.0,3784000000.0,1.012,0.638,32351000000.0,8688000000.0,23663000000.0,32351000000.0,0.0,29412000000.0,0.0,0.067,4.86,6549000000.0,35961000000.0,0.252,35961000000.0,6549000000.0,5814000000.0,2.08,2.05,2.08,143930000000.0,150094750000.0,143930000000.0,157462872472.0,24.0,4.379,15714000000.0,8.438,1.0,40866000000.0,0.286,4454000000.0,735000000.0,227847000000.0,235799500000.0,6574000000.0,39743000000.0,50000000.0,39693000000.0,91763000000.0,28235000000.0,63528000000.0,136175872472.0,-5000000.0,-1323000000.0,-4493000000.0,-918000000.0,-9117000000.0,-14545000000.0,-12588000000.0,0.0,26979000000.0,149000000.0,3874000000.0,3874000000.0,3874000000.0,0.0,-90000000.0,0.027,34407000000.0,6459000000.0,11006000000.0,2.337,0.946,35.151,34.837,149220000000.0,0.0,72.46,0.953,0.945,11410000000.0,176113000000.0,142817000000.0,142817000000.0,739000000.0,0.016,0.026,0.028,0.046,0.0,3842000000.0,1.0,1879324765.0,1862273000,,76.69,232223000000.0,0.0,1940000000.0,15735000000.0,124.699,327000000.0
6,CVX,MRT,2019-12-31,2019-12-31,2019-12-31,2021-09-09,-4990000000.0,237428000000.0,251663000000.0,28329000000.0,209099000000.0,0.582,76.268,-11165000000.0,5686000000.0,5686000000.0,105634000000.0,2845000000.0,1.068,0.639,26973000000.0,3282000000.0,23691000000.0,26973000000.0,0.0,29218000000.0,0.0,0.039,4.76,6413000000.0,35631000000.0,0.243,35631000000.0,6413000000.0,5615000000.0,1.55,1.54,1.55,144213000000.0,152873500000.0,144213000000.0,249023007376.0,39.0,6.989,16149000000.0,8.541,1.0,40882000000.0,0.279,4463000000.0,798000000.0,227722000000.0,240522500000.0,5848000000.0,38751000000.0,63000000.0,38688000000.0,92220000000.0,26530000000.0,65690000000.0,227869007376.0,-3570000000.0,-1245000000.0,-2935000000.0,-7846000000.0,-8959000000.0,-19758000000.0,-11458000000.0,952000000.0,27314000000.0,332000000.0,2924000000.0,2924000000.0,2924000000.0,0.0,-79000000.0,0.02,34548000000.0,6334000000.0,14103000000.0,3.071,1.58,77.931,77.748,150494000000.0,0.0,120.51,1.555,1.555,14836000000.0,174945000000.0,146516000000.0,146516000000.0,770000000.0,0.012,0.019,0.027,0.044,0.0,4143000000.0,1.0,1890872188.0,1890872188,,77.486,232965000000.0,0.0,2691000000.0,16244000000.0,123.205,1799000000.0
7,CVX,MRT,2019-09-30,2019-09-30,2019-09-30,2021-09-09,-3269000000.0,256537000000.0,255771750000.0,33988000000.0,222549000000.0,0.596,82.867,-12533000000.0,11697000000.0,11697000000.0,109451000000.0,13235000000.0,1.124,0.639,32851000000.0,7795000000.0,25056000000.0,32851000000.0,0.0,18041000000.0,0.0,0.04,4.69,19678000000.0,37719000000.0,0.247,37719000000.0,19678000000.0,18868000000.0,7.03,6.97,7.03,155841000000.0,155458750000.0,155841000000.0,247288430661.0,13.0,6.556,18275000000.0,9.718,1.0,43067000000.0,0.282,4507000000.0,810000000.0,242951000000.0,245177250000.0,5951000000.0,38385000000.0,58000000.0,38327000000.0,99645000000.0,30233000000.0,69412000000.0,225152430661.0,2079000000.0,-937000000.0,-2786000000.0,-3586000000.0,-8851000000.0,-15243000000.0,-13468000000.0,2000000.0,30808000000.0,-18000000.0,13264000000.0,13264000000.0,13264000000.0,0.0,-29000000.0,0.087,23418000000.0,19649000000.0,13230000000.0,0.667,1.445,16.975,16.871,164363000000.0,0.0,118.6,1.476,1.462,14550000000.0,183783000000.0,152518000000.0,152518000000.0,748000000.0,0.052,0.085,0.08,0.129,0.0,4094000000.0,1.0,1898418471.0,1880607000,,81.1,252030000000.0,0.0,5604000000.0,19785000000.0,134.015,3755000000.0
8,CVX,MRT,2019-06-30,2019-06-30,2019-06-30,2021-09-09,-3357000000.0,255878000000.0,255789000000.0,33087000000.0,222791000000.0,0.627,82.781,-11566000000.0,8513000000.0,8513000000.0,114110000000.0,14711000000.0,1.148,0.629,30649000000.0,5588000000.0,25061000000.0,30649000000.0,0.0,19060000000.0,0.0,0.037,4.62,21304000000.0,40364000000.0,0.252,40364000000.0,21304000000.0,20509000000.0,7.78,7.72,7.78,156395000000.0,154892250000.0,156395000000.0,261412111031.0,12.0,6.476,20994000000.0,11.112,1.0,46279000000.0,0.289,4507000000.0,795000000.0,244678000000.0,246771750000.0,6809000000.0,37475000000.0,58000000.0,37417000000.0,98427000000.0,28829000000.0,69598000000.0,237024111031.0,993000000.0,-561000000.0,-2452000000.0,-8187000000.0,-8743000000.0,-19426000000.0,-12127000000.0,0.0,32560000000.0,-14000000.0,14731000000.0,14731000000.0,14731000000.0,0.0,-20000000.0,0.092,24995000000.0,21284000000.0,14805000000.0,0.594,1.516,16.09,15.995,165411000000.0,0.0,124.44,1.478,1.466,16167000000.0,183442000000.0,160389000000.0,160389000000.0,1205000000.0,0.058,0.095,0.086,0.133,0.0,4158000000.0,1.0,1904726061.0,1889265000,,84.895,251371000000.0,0.0,5778000000.0,18719000000.0,133.052,4258000000.0
9,CVX,MRT,2019-03-31,2019-03-31,2019-03-31,2021-09-09,-3459000000.0,256809000000.0,256301750000.0,33671000000.0,223138000000.0,0.639,82.121,-11173000000.0,8699000000.0,8699000000.0,118361000000.0,13843000000.0,1.124,0.649,33087000000.0,7023000000.0,26064000000.0,33087000000.0,0.0,19224000000.0,0.0,0.037,4.55,20265000000.0,39489000000.0,0.241,39489000000.0,20265000000.0,19451000000.0,7.29,7.23,7.29,155045000000.0,153843000000.0,155045000000.0,258216730777.0,13.0,6.539,19459000000.0,10.307,1.0,45414000000.0,0.277,4507000000.0,814000000.0,246739000000.0,248711750000.0,6723000000.0,36416000000.0,56000000.0,36360000000.0,100691000000.0,29951000000.0,70740000000.0,234049730777.0,2178000000.0,-236000000.0,-1185000000.0,-7028000000.0,-8622000000.0,-16921000000.0,-11429000000.0,-20000000.0,30632000000.0,-104000000.0,13835000000.0,13835000000.0,13835000000.0,0.0,8000000.0,0.084,25141000000.0,20273000000.0,14230000000.0,0.624,1.51,16.917,16.897,166732000000.0,0.0,123.18,1.429,1.42,16947000000.0,181387000000.0,163775000000.0,163775000000.0,1241000000.0,0.054,0.09,0.081,0.124,0.0,4099000000.0,1.0,1900062760.0,1888002000,,86.745,252302000000.0,0.0,5616000000.0,18917000000.0,133.634,3720000000.0
10,CVX,MRT,2018-12-31,2018-12-31,2018-12-31,2021-09-09,-3544000000.0,253863000000.0,256210000000.0,34021000000.0,219842000000.0,0.649,80.886,-11400000000.0,10292000000.0,10292000000.0,119989000000.0,14860000000.0,1.252,0.636,34459000000.0,5726000000.0,28733000000.0,34459000000.0,0.0,19419000000.0,0.0,0.041,4.48,21287000000.0,40706000000.0,0.245,40706000000.0,21287000000.0,20539000000.0,7.81,7.74,7.81,154554000000.0,152670750000.0,154554000000.0,234297143604.0,11.0,5.756,19218000000.0,10.058,1.0,46350000000.0,0.279,4518000000.0,748000000.0,246341000000.0,250667000000.0,5704000000.0,35599000000.0,53000000.0,35546000000.0,98221000000.0,27171000000.0,71050000000.0,207873143604.0,4538000000.0,111000000.0,-604000000.0,-4502000000.0,-8502000000.0,-13699000000.0,-12290000000.0,-1001000000.0,30618000000.0,-91000000.0,14824000000.0,14824000000.0,14824000000.0,0.0,36000000.0,0.089,25027000000.0,21323000000.0,13953000000.0,0.574,1.345,14.023,13.93,169207000000.0,0.0,108.79,1.25,1.25,16992000000.0,180987000000.0,166339000000.0,166339000000.0,1210000000.0,0.058,0.097,0.085,0.128,0.0,3838000000.0,1.0,1910774369.0,1910774369,,87.053,249345000000.0,0.0,5715000000.0,18486000000.0,130.494,6850000000.0
11,CVX,MRT,2018-09-30,2018-09-30,2018-09-30,2021-09-09,-3265000000.0,256606000000.0,256195750000.0,35583000000.0,221023000000.0,0.631,80.798,-10995000000.0,9686000000.0,9686000000.0,118969000000.0,14255000000.0,1.219,0.664,36110000000.0,6121000000.0,29989000000.0,36110000000.0,0.0,18902000000.0,0.0,0.036,4.44,17839000000.0,36741000000.0,0.227,36741000000.0,17839000000.0,17108000000.0,7.49,7.43,7.49,153575000000.0,151063250000.0,153575000000.0,265195467388.0,15.0,7.218,16565000000.0,8.715,1.0,42634000000.0,0.264,4518000000.0,731000000.0,249329000000.0,252953750000.0,6029000000.0,34732000000.0,60000000.0,34672000000.0,101933000000.0,29183000000.0,72750000000.0,234306467388.0,2786000000.0,98000000.0,805000000.0,-6050000000.0,-8421000000.0,-13765000000.0,-10944000000.0,-47000000.0,27560000000.0,-65000000.0,14205000000.0,14205000000.0,14205000000.0,0.0,50000000.0,0.088,24745000000.0,17889000000.0,15335000000.0,0.593,1.526,16.495,16.326,171645000000.0,0.0,122.28,1.45,1.438,19248000000.0,178816000000.0,161603000000.0,161603000000.0,1316000000.0,0.055,0.094,0.071,0.11,0.0,4020000000.0,1.0,1916147100.0,1900717000,,85.022,252088000000.0,0.0,2903000000.0,18322000000.0,132.628,6400000000.0
12,CVX,MRT,2018-06-30,2018-06-30,2018-06-30,2021-09-09,-3368000000.0,257929000000.0,255834250000.0,34256000000.0,223673000000.0,0.601,80.088,-9657000000.0,7628000000.0,7628000000.0,114882000000.0,12185000000.0,1.075,0.687,38517000000.0,8598000000.0,29919000000.0,38517000000.0,0.0,18631000000.0,0.0,0.035,4.4,14626000000.0,33257000000.0,0.216,33257000000.0,14626000000.0,14042000000.0,6.39,6.35,6.39,152198000000.0,149347750000.0,152198000000.0,274881259880.0,19.0,8.265,13831000000.0,7.278,1.0,38939000000.0,0.253,4518000000.0,584000000.0,252438000000.0,255055750000.0,6644000000.0,34300000000.0,58000000.0,34242000000.0,104549000000.0,31862000000.0,72687000000.0,241602259880.0,2732000000.0,52000000.0,1846000000.0,-4516000000.0,-8324000000.0,-11086000000.0,-9650000000.0,-45000000.0,23488000000.0,-20000000.0,12110000000.0,12110000000.0,12110000000.0,0.0,75000000.0,0.079,24238000000.0,14701000000.0,15722000000.0,0.689,1.587,19.951,19.786,174242000000.0,0.0,126.43,1.571,1.562,19245000000.0,176899000000.0,153821000000.0,153821000000.0,930000000.0,0.047,0.081,0.057,0.095,0.0,4109000000.0,1.0,1910956734.0,1900375000,,80.942,253411000000.0,0.0,1932000000.0,17871000000.0,133.348,2394000000.0
13,CVX,MRT,2018-03-31,2018-03-31,2018-03-31,2021-09-09,-3459000000.0,256442000000.0,255001750000.0,31726000000.0,224716000000.0,0.573,79.302,-9725000000.0,6466000000.0,6466000000.0,109542000000.0,10229000000.0,1.036,0.698,39745000000.0,8601000000.0,31144000000.0,39745000000.0,0.0,19444000000.0,0.0,0.038,4.36,11502000000.0,30946000000.0,0.212,30946000000.0,11502000000.0,11087000000.0,5.37,5.34,5.37,150356000000.0,147849000000.0,150356000000.0,251795281314.0,22.0,8.137,11879000000.0,6.265,1.0,36523000000.0,0.25,4531000000.0,415000000.0,254560000000.0,256996750000.0,6128000000.0,33508000000.0,38000000.0,33470000000.0,104876000000.0,30630000000.0,74246000000.0,217845281314.0,-556000000.0,16000000.0,1438000000.0,-5605000000.0,-8227000000.0,-12483000000.0,-9736000000.0,-27000000.0,21604000000.0,59000000.0,10151000000.0,10151000000.0,10151000000.0,0.0,78000000.0,0.069,24943000000.0,11580000000.0,14479000000.0,0.812,1.449,21.46,21.236,175846000000.0,0.0,114.04,1.491,1.48,18494000000.0,175619000000.0,146065000000.0,146065000000.0,878000000.0,0.04,0.069,0.045,0.079,0.0,4019000000.0,1.0,1910253256.0,1895990000,,77.039,251911000000.0,0.0,936000000.0,18045000000.0,132.865,1096000000.0
14,CVX,MRT,2017-12-31,2017-12-31,2017-12-31,2021-09-09,-3589000000.0,253806000000.0,255669000000.0,28560000000.0,225246000000.0,0.554,77.986,-8308000000.0,4813000000.0,4813000000.0,107223000000.0,9269000000.0,1.03,0.705,38763000000.0,5192000000.0,33571000000.0,38763000000.0,0.0,19349000000.0,0.0,0.035,4.32,9454000000.0,28803000000.0,0.203,28803000000.0,9454000000.0,9147000000.0,4.88,4.85,4.88,148124000000.0,146908000000.0,148124000000.0,273113622046.0,29.0,9.482,12030000000.0,6.334,1.0,34499000000.0,0.243,4531000000.0,307000000.0,255488000000.0,259460500000.0,5585000000.0,32506000000.0,9000000.0,32497000000.0,104487000000.0,27737000000.0,76750000000.0,237782622046.0,-2471000000.0,-16000000.0,1117000000.0,-7461000000.0,-8132000000.0,-14554000000.0,-8320000000.0,4000000.0,20338000000.0,65000000.0,9195000000.0,9195000000.0,9195000000.0,0.0,74000000.0,0.065,24971000000.0,9528000000.0,14565000000.0,0.885,1.605,25.86,25.654,177712000000.0,0.0,125.19,1.678,1.678,18202000000.0,174106000000.0,141722000000.0,141722000000.0,864000000.0,0.036,0.063,0.036,0.067,0.0,4110000000.0,1.0,1899373928.0,1899373928,,74.615,249275000000.0,0.0,-48000000.0,17365000000.0,131.241,823000000.0
15,CVX,MRT,2017-09-30,2017-09-30,2017-09-30,2021-09-09,-3422000000.0,255160000000.0,257237000000.0,29398000000.0,225762000000.0,0.527,77.929,-5531000000.0,6641000000.0,6641000000.0,102404000000.0,6589000000.0,1.042,0.731,41972000000.0,7897000000.0,34075000000.0,41972000000.0,0.0,18817000000.0,0.0,0.037,4.32,8354000000.0,27171000000.0,0.2,27171000000.0,8354000000.0,8162000000.0,3.45,3.43,3.45,146713000000.0,146266000000.0,146713000000.0,260764815958.0,31.0,9.597,12421000000.0,6.598,1.0,33199000000.0,0.245,4531000000.0,192000000.0,257737000000.0,261301000000.0,5761000000.0,32415000000.0,13000000.0,32402000000.0,107249000000.0,28223000000.0,79026000000.0,222662815958.0,-496000000.0,-2084000000.0,940000000.0,-3733000000.0,-8118000000.0,-10983000000.0,-7475000000.0,140000000.0,17952000000.0,10000000.0,6499000000.0,6499000000.0,6499000000.0,0.0,90000000.0,0.048,24755000000.0,8444000000.0,13084000000.0,1.252,1.518,34.261,34.058,178436000000.0,0.0,117.5,1.642,1.631,17140000000.0,173035000000.0,135603000000.0,135603000000.0,699000000.0,0.025,0.044,0.032,0.062,0.0,4009000000.0,1.0,1895002689.0,1882650000,,72.028,250629000000.0,0.0,1663000000.0,19595000000.0,133.126,1175000000.0
16,CVX,MRT,2017-06-30,2017-06-30,2017-06-30,2021-09-09,-3604000000.0,254599000000.0,258412750000.0,26626000000.0,227973000000.0,0.501,77.725,-8683000000.0,4762000000.0,4762000000.0,99036000000.0,5904000000.0,0.952,0.733,42864000000.0,8782000000.0,34082000000.0,42864000000.0,0.0,17838000000.0,0.0,0.041,4.31,6850000000.0,24688000000.0,0.191,24688000000.0,6850000000.0,6629000000.0,3.1,3.08,3.1,146203000000.0,146287750000.0,146203000000.0,235932111570.0,34.0,9.557,9083000000.0,4.829,1.0,30502000000.0,0.235,4543000000.0,221000000.0,260202000000.0,264059750000.0,6075000000.0,31719000000.0,13000000.0,31706000000.0,107211000000.0,27956000000.0,79255000000.0,197659111570.0,-3898000000.0,-3262000000.0,667000000.0,-2347000000.0,-8091000000.0,-9851000000.0,-11805000000.0,140000000.0,17766000000.0,-8000000.0,5830000000.0,5830000000.0,5830000000.0,0.0,74000000.0,0.045,23578000000.0,6924000000.0,12057000000.0,1.39,1.352,33.904,33.655,178176000000.0,0.0,104.33,1.526,1.515,15571000000.0,173116000000.0,129538000000.0,129538000000.0,718000000.0,0.023,0.04,0.026,0.053,0.0,4011000000.0,1.0,1894556806.0,1881019000,,68.866,250056000000.0,0.0,799000000.0,19489000000.0,132.936,-1330000000.0
17,CVX,MRT,2017-03-31,2017-03-31,2017-03-31,2021-09-09,-3726000000.0,259111000000.0,260132500000.0,29568000000.0,229543000000.0,0.478,78.001,-10536000000.0,6983000000.0,6983000000.0,96361000000.0,2975000000.0,1.04,0.759,45256000000.0,8297000000.0,36959000000.0,45256000000.0,0.0,19248000000.0,0.0,0.04,4.3,2867000000.0,22115000000.0,0.178,22115000000.0,2867000000.0,2615000000.0,1.55,1.53,1.55,146592000000.0,146527750000.0,146592000000.0,242400465889.0,85.0,10.961,4790000000.0,2.549,1.0,27979000000.0,0.225,4543000000.0,252000000.0,264415000000.0,266082000000.0,5921000000.0,30926000000.0,11000000.0,30915000000.0,111321000000.0,28426000000.0,82895000000.0,203262465889.0,-1589000000.0,-2030000000.0,772000000.0,2782000000.0,-8061000000.0,-4570000000.0,-12334000000.0,232000000.0,15326000000.0,-11000000.0,2910000000.0,2910000000.0,2910000000.0,0.0,65000000.0,0.023,25047000000.0,2932000000.0,13078000000.0,2.774,1.387,69.85,69.271,180296000000.0,0.0,107.37,1.635,1.623,16211000000.0,173698000000.0,124340000000.0,124340000000.0,807000000.0,0.011,0.02,0.011,0.023,0.0,4117000000.0,1.0,1893102970.0,1879372000,,66.16,254568000000.0,0.0,-295000000.0,19670000000.0,135.454,1142000000.0
18,CVX,MRT,2016-12-31,2016-12-31,2016-12-31,2021-09-09,-3843000000.0,260078000000.0,261315250000.0,29619000000.0,230459000000.0,0.438,77.105,-14633000000.0,6988000000.0,6988000000.0,90891000000.0,-431000000.0,0.932,0.779,46126000000.0,10840000000.0,35286000000.0,46126000000.0,0.0,19457000000.0,0.0,0.036,4.29,-2025000000.0,17432000000.0,0.152,17432000000.0,-2025000000.0,-2226000000.0,-0.27,-0.27,-0.27,145556000000.0,147456500000.0,145556000000.0,260424448964.0,-129.0,14.939,-1943000000.0,-1.029,1.0,23581000000.0,0.206,4581000000.0,201000000.0,262850000000.0,265945500000.0,5419000000.0,30263000000.0,13000000.0,30250000000.0,113356000000.0,31785000000.0,81571000000.0,222190448964.0,-3708000000.0,-2034000000.0,650000000.0,7470000000.0,-8032000000.0,25000000.0,-16370000000.0,297000000.0,12690000000.0,-53000000.0,-497000000.0,-497000000.0,-497000000.0,0.0,66000000.0,-0.004,25540000000.0,-1959000000.0,13986000000.0,-15.889,1.526,-447.063,-435.926,182186000000.0,0.0,117.7,1.941,1.941,16577000000.0,173046000000.0,114472000000.0,114472000000.0,1033000000.0,-0.002,-0.003,-0.008,-0.018,0.0,4305000000.0,1.0,1887769320.0,1887769320,,60.639,255497000000.0,0.0,-1729000000.0,19593000000.0,135.343,-2166000000.0
19,CVX,MRT,2016-09-30,2016-09-30,2016-09-30,2021-09-09,-3843000000.0,259863000000.0,262430750000.0,28873000000.0,230990000000.0,0.428,78.35,-21549000000.0,7351000000.0,7351000000.0,89664000000.0,-1424000000.0,1.167,0.762,45585000000.0,6057000000.0,39528000000.0,45585000000.0,0.0,20654000000.0,0.0,0.042,4.28,-4815000000.0,15839000000.0,0.141,15839000000.0,-4815000000.0,-4958000000.0,-0.8,-0.8,-0.8,146800000000.0,149246500000.0,146800000000.0,230481684508.0,-48.0,14.552,-8009000000.0,-4.275,1.0,22558000000.0,0.201,4581000000.0,143000000.0,268772000000.0,265736000000.0,5976000000.0,30323000000.0,321000000.0,30002000000.0,111911000000.0,24744000000.0,87167000000.0,194160684508.0,-5582000000.0,275000000.0,412000000.0,9689000000.0,-8006000000.0,2032000000.0,-21137000000.0,137000000.0,13540000000.0,-17000000.0,-1500000000.0,-1500000000.0,-1500000000.0,0.0,76000000.0,-0.013,27297000000.0,-4739000000.0,12205000000.0,-5.35,1.323,-129.44,-128.65,183439000000.0,0.0,102.92,1.73,1.718,14966000000.0,174657000000.0,112222000000.0,112222000000.0,2200000000.0,-0.006,-0.01,-0.018,-0.043,0.0,4443000000.0,1.0,1886520448.0,1873649000,,59.895,255282000000.0,0.0,-3458000000.0,19858000000.0,136.249,4129000000.0
20,CVX,MRT,2016-06-30,2016-06-30,2016-06-30,2021-09-09,-4032000000.0,261478000000.0,264577250000.0,32471000000.0,229007000000.0,0.44,78.613,-24294000000.0,8764000000.0,8764000000.0,92116000000.0,-668000000.0,1.303,0.769,45085000000.0,5530000000.0,39555000000.0,45085000000.0,0.0,20792000000.0,0.0,0.041,4.28,-3206000000.0,17586000000.0,0.151,17586000000.0,-3206000000.0,-3285000000.0,-0.39,-0.39,-0.39,147163000000.0,151274500000.0,147163000000.0,231350351229.0,-72.0,13.155,-10705000000.0,-5.718,1.0,24281000000.0,0.209,4581000000.0,79000000.0,268291000000.0,262708000000.0,6427000000.0,28060000000.0,320000000.0,27740000000.0,113153000000.0,24927000000.0,88226000000.0,197573351229.0,-3392000000.0,1953000000.0,335000000.0,13175000000.0,-8000000000.0,5384000000.0,-22153000000.0,188000000.0,13589000000.0,-212000000.0,-746000000.0,-746000000.0,-746000000.0,0.0,78000000.0,-0.006,27409000000.0,-3128000000.0,13416000000.0,-10.974,1.343,-264.844,-268.795,184685000000.0,0.0,104.83,1.697,1.686,15959000000.0,175379000000.0,116397000000.0,116397000000.0,2257000000.0,-0.003,-0.005,-0.012,-0.028,0.0,4360000000.0,1.0,1884702387.0,1871995000,,62.178,256897000000.0,0.0,-2539000000.0,19865000000.0,137.232,7544000000.0
21,CVX,MRT,2016-03-31,2016-03-31,2016-03-31,2021-09-09,-4150000000.0,263842000000.0,265821500000.0,31713000000.0,232129000000.0,0.48,80.388,-27468000000.0,8562000000.0,8562000000.0,98602000000.0,1403000000.0,1.087,0.748,42339000000.0,9630000000.0,32709000000.0,42339000000.0,0.0,21029000000.0,0.0,0.045,4.28,118000000.0,21147000000.0,0.166,21147000000.0,118000000.0,118000000.0,0.69,0.69,0.69,150307000000.0,153151000000.0,150307000000.0,207223110543.0,1756.0,9.799,-9190000000.0,-4.915,1.0,28870000000.0,0.226,4588000000.0,0.0,263869000000.0,258973500000.0,6508000000.0,27827000000.0,317000000.0,27510000000.0,112366000000.0,29162000000.0,83204000000.0,179653110543.0,-4113000000.0,4604000000.0,279000000.0,8410000000.0,-7995000000.0,566000000.0,-22711000000.0,153000000.0,18278000000.0,-246000000.0,1295000000.0,1295000000.0,1295000000.0,0.0,108000000.0,0.01,28644000000.0,226000000.0,12696000000.0,6.203,1.195,138.728,138.261,189940000000.0,0.0,95.4,1.409,1.399,14951000000.0,178853000000.0,127472000000.0,127472000000.0,3118000000.0,0.005,0.008,0.0,0.001,0.0,4497000000.0,1.0,1883156295.0,1869775000,,68.175,259254000000.0,0.0,-1177000000.0,21524000000.0,138.655,2551000000.0
22,CVX,MRT,2015-12-31,2015-12-31,2015-12-31,2021-09-09,-4291000000.0,264540000000.0,267262000000.0,34430000000.0,230110000000.0,0.518,81.144,-29504000000.0,11022000000.0,11022000000.0,104815000000.0,4710000000.0,1.352,0.725,38549000000.0,4927000000.0,33622000000.0,38549000000.0,0.0,21037000000.0,0.0,0.048,4.28,4719000000.0,25756000000.0,0.186,25756000000.0,4719000000.0,4719000000.0,2.46,2.45,2.46,152716000000.0,154525000000.0,152716000000.0,192251021892.0,41.0,7.464,-10048000000.0,-5.339,1.0,33662000000.0,0.243,4588000000.0,0.0,262012000000.0,257213500000.0,6334000000.0,27420000000.0,310000000.0,27110000000.0,110654000000.0,25467000000.0,85187000000.0,169308021892.0,-1763000000.0,5522000000.0,211000000.0,10724000000.0,-7992000000.0,2815000000.0,-23808000000.0,174000000.0,19456000000.0,-226000000.0,4587000000.0,4587000000.0,4587000000.0,0.0,123000000.0,0.033,28820000000.0,4842000000.0,13516000000.0,1.74,1.109,36.91,36.569,188396000000.0,0.0,89.96,1.223,1.223,15272000000.0,181578000000.0,138477000000.0,138477000000.0,3340000000.0,0.017,0.03,0.018,0.034,0.0,4443000000.0,1.0,1882036704.0,1882036704,,73.578,259952000000.0,0.0,132000000.0,22356000000.0,138.123,8963000000.0
23,CVX,MRT,2015-09-30,2015-09-30,2015-09-30,2021-09-09,-4549000000.0,268449000000.0,267633500000.0,39819000000.0,228630000000.0,0.58,82.91,-31723000000.0,12933000000.0,12933000000.0,115372000000.0,8737000000.0,1.321,0.726,35876000000.0,6580000000.0,29296000000.0,35876000000.0,0.0,20510000000.0,0.0,0.054,4.28,12345000000.0,32855000000.0,0.212,32855000000.0,12345000000.0,12345000000.0,4.63,4.61,4.63,154912000000.0,155103000000.0,154912000000.0,168185227062.0,14.0,5.119,-10327000000.0,-5.527,1.0,39946000000.0,0.257,4588000000.0,0.0,256660000000.0,252843500000.0,6864000000.0,27016000000.0,306000000.0,26710000000.0,112511000000.0,30144000000.0,82367000000.0,148431227062.0,-1282000000.0,8476000000.0,-1080000000.0,10137000000.0,-7995000000.0,911000000.0,-23342000000.0,-95000000.0,21396000000.0,-247000000.0,8646000000.0,8646000000.0,8646000000.0,0.0,91000000.0,0.056,27510000000.0,12436000000.0,15307000000.0,0.924,0.958,17.168,17.037,187405000000.0,0.0,78.88,0.956,0.949,16676000000.0,184167000000.0,155318000000.0,155318000000.0,2492000000.0,0.032,0.056,0.049,0.079,0.0,4508000000.0,1.0,1881734623.0,1868444000,,83.127,263861000000.0,0.0,3699000000.0,25064000000.0,141.22,9675000000.0
24,CVX,MRT,2015-06-30,2015-06-30,2015-06-30,2021-09-09,-4651000000.0,266455000000.0,266879000000.0,40738000000.0,225717000000.0,0.658,82.819,-33177000000.0,12156000000.0,12156000000.0,129830000000.0,12307000000.0,1.441,0.715,31910000000.0,2621000000.0,29289000000.0,31910000000.0,0.0,20190000000.0,0.0,0.044,4.28,18410000000.0,38600000000.0,0.22,38600000000.0,18410000000.0,18410000000.0,6.51,6.47,6.51,154669000000.0,155410000000.0,154669000000.0,202667684780.0,11.0,5.25,-8461000000.0,-4.531,1.0,45852000000.0,0.261,4588000000.0,0.0,253353000000.0,247480500000.0,7116000000.0,26571000000.0,365000000.0,26206000000.0,110564000000.0,28268000000.0,82296000000.0,181409684780.0,-1803000000.0,8927000000.0,-2255000000.0,8339000000.0,-8008000000.0,-1995000000.0,-24436000000.0,-186000000.0,24716000000.0,-88000000.0,12202000000.0,12202000000.0,12202000000.0,0.0,105000000.0,0.069,27337000000.0,18515000000.0,17380000000.0,0.657,1.173,14.867,14.819,185267000000.0,0.0,96.47,1.033,1.026,19033000000.0,184129000000.0,175682000000.0,175682000000.0,2543000000.0,0.046,0.079,0.074,0.105,0.0,4604000000.0,1.0,1880477711.0,1867561000,,94.07,261867000000.0,0.0,6208000000.0,24840000000.0,140.219,12470000000.0
25,CVX,MRT,2015-03-31,2015-03-31,2015-03-31,2021-09-09,-4780000000.0,269604000000.0,265776500000.0,41270000000.0,228334000000.0,0.727,83.466,-34465000000.0,12675000000.0,12675000000.0,143337000000.0,17389000000.0,1.402,0.723,33933000000.0,3908000000.0,30025000000.0,33933000000.0,0.0,17074000000.0,0.0,0.041,4.28,26086000000.0,43160000000.0,0.223,43160000000.0,26086000000.0,26086000000.0,9.21,9.15,9.21,155803000000.0,155138000000.0,155803000000.0,212406340702.0,8.0,4.921,-9088000000.0,-4.869,1.0,49926000000.0,0.258,4588000000.0,0.0,256829000000.0,241811500000.0,6837000000.0,28670000000.0,432000000.0,28238000000.0,112603000000.0,29445000000.0,83158000000.0,197381340702.0,-2937000000.0,6493000000.0,-3167000000.0,10866000000.0,-8030000000.0,-378000000.0,-27919000000.0,53000000.0,25377000000.0,-17000000.0,17296000000.0,17296000000.0,17296000000.0,0.0,93000000.0,0.089,23747000000.0,26179000000.0,16640000000.0,0.465,1.267,11.412,11.398,186123000000.0,0.0,104.98,1.021,1.014,18059000000.0,185557000000.0,193263000000.0,193263000000.0,2162000000.0,0.065,0.111,0.108,0.135,0.0,4511000000.0,1.0,1880180422.0,1866655000,,103.534,265016000000.0,0.0,8790000000.0,25873000000.0,141.974,11825000000.0
26,CVX,MRT,2014-12-31,2014-12-31,2014-12-31,2021-09-09,-4859000000.0,266026000000.0,262935000000.0,42232000000.0,223794000000.0,0.806,82.007,-35407000000.0,12793000000.0,12793000000.0,157496000000.0,19310000000.0,1.323,0.708,27818000000.0,3790000000.0,24028000000.0,27818000000.0,0.0,16793000000.0,0.0,0.038,4.21,31133000000.0,47926000000.0,0.226,47926000000.0,31133000000.0,31133000000.0,10.21,10.14,10.21,155028000000.0,153852500000.0,155028000000.0,223553807509.0,7.0,4.665,-3932000000.0,-2.08,1.0,54474000000.0,0.257,4593000000.0,0.0,244532000000.0,233874500000.0,6505000000.0,27334000000.0,422000000.0,26912000000.0,109835000000.0,31926000000.0,77909000000.0,212067807509.0,-3460000000.0,5869000000.0,-4412000000.0,7388000000.0,-7928000000.0,-4999000000.0,-29893000000.0,-355000000.0,31475000000.0,-43000000.0,19241000000.0,19241000000.0,19241000000.0,0.0,69000000.0,0.091,23272000000.0,31202000000.0,19000000000.0,0.412,1.368,11.022,10.987,183173000000.0,0.0,112.18,1.0,1.0,19553000000.0,184987000000.0,211970000000.0,211970000000.0,1985000000.0,0.073,0.125,0.133,0.147,0.0,4494000000.0,1.0,1890424385.0,1890424385,,112.128,261433000000.0,0.0,11892000000.0,25728000000.0,138.293,10306000000.0
27,CVX,MRT,2014-09-30,2014-09-30,2014-09-30,2021-09-09,-3438000000.0,265431000000.0,259866750000.0,47083000000.0,218348000000.0,0.854,83.013,-37352000000.0,14223000000.0,14223000000.0,165966000000.0,20796000000.0,1.269,0.692,25709000000.0,5665000000.0,20044000000.0,25709000000.0,0.0,15555000000.0,0.0,0.035,4.14,33920000000.0,49475000000.0,0.223,49475000000.0,33920000000.0,33920000000.0,10.95,10.86,10.95,156140000000.0,152373750000.0,156140000000.0,236161545359.0,7.0,4.773,-1922000000.0,-1.022,1.0,56074000000.0,0.253,4621000000.0,0.0,235208000000.0,227810000000.0,7304000000.0,26950000000.0,267000000.0,26683000000.0,108124000000.0,37088000000.0,71036000000.0,226580545359.0,-2799000000.0,3092000000.0,-4362000000.0,7101000000.0,-7829000000.0,-5114000000.0,-32982000000.0,1278000000.0,35430000000.0,-133000000.0,20700000000.0,20700000000.0,20700000000.0,0.0,96000000.0,0.093,22058000000.0,34016000000.0,21821000000.0,0.378,1.451,10.946,10.897,178096000000.0,0.0,119.32,1.02,1.011,22877000000.0,183519000000.0,222040000000.0,222040000000.0,2201000000.0,0.08,0.136,0.149,0.153,0.0,4302000000.0,1.0,1898931825.0,1880915000,,118.049,260810000000.0,0.0,13220000000.0,26125000000.0,138.661,9995000000.0
28,CVX,MRT,2014-06-30,2014-06-30,2014-06-30,2021-09-09,-3497000000.0,262045000000.0,255468500000.0,48920000000.0,213125000000.0,0.884,81.366,-38695000000.0,13967000000.0,13967000000.0,169840000000.0,20165000000.0,1.347,0.699,23548000000.0,3498000000.0,20050000000.0,23548000000.0,0.0,15265000000.0,0.0,0.031,4.07,33880000000.0,49145000000.0,0.218,49145000000.0,33880000000.0,33880000000.0,10.56,10.48,10.56,153581000000.0,149533500000.0,153581000000.0,255655520424.0,8.0,5.202,-1629000000.0,-0.863,1.0,56024000000.0,0.248,4621000000.0,0.0,230677000000.0,221504750000.0,7215000000.0,26191000000.0,268000000.0,25923000000.0,107298000000.0,36328000000.0,70970000000.0,248521520424.0,-6671000000.0,2377000000.0,-4485000000.0,3556000000.0,-7732000000.0,-8689000000.0,-34916000000.0,1402000000.0,37066000000.0,-132000000.0,20057000000.0,20057000000.0,20057000000.0,0.0,108000000.0,0.089,22036000000.0,33988000000.0,23623000000.0,0.385,1.618,12.391,12.363,174054000000.0,0.0,130.55,1.1,1.091,24612000000.0,179939000000.0,225864000000.0,225864000000.0,2394000000.0,0.079,0.134,0.153,0.15,0.0,4377000000.0,1.0,1903650099.0,1887543000,,119.66,257424000000.0,0.0,13823000000.0,26183000000.0,136.38,12592000000.0
29,CVX,MRT,2014-03-31,2014-03-31,2014-03-31,2021-09-09,-3534000000.0,258238000000.0,250969250000.0,49749000000.0,208489000000.0,0.898,79.503,-38337000000.0,15920000000.0,15920000000.0,170442000000.0,19879000000.0,1.395,0.706,23054000000.0,3008000000.0,20046000000.0,23054000000.0,0.0,14835000000.0,0.0,0.034,4.0,33428000000.0,48263000000.0,0.214,48263000000.0,33428000000.0,33428000000.0,10.36,10.27,10.36,150661000000.0,146848500000.0,150661000000.0,231192687302.0,7.0,4.79,-632000000.0,-0.334,1.0,54853000000.0,0.243,4639000000.0,0.0,225081000000.0,214815750000.0,7472000000.0,26249000000.0,263000000.0,25986000000.0,106428000000.0,35652000000.0,70776000000.0,227014687302.0,-1762000000.0,1664000000.0,-4657000000.0,8903000000.0,-7634000000.0,-3477000000.0,-35730000000.0,943000000.0,37705000000.0,-260000000.0,19757000000.0,19757000000.0,19757000000.0,0.0,122000000.0,0.088,21303000000.0,33550000000.0,23332000000.0,0.386,1.507,11.49,11.478,169227000000.0,0.0,118.91,1.008,1.0,23160000000.0,176294000000.0,225295000000.0,225295000000.0,2029000000.0,0.079,0.135,0.156,0.148,0.0,4439000000.0,1.0,1909130328.0,1895032000,,118.887,253599000000.0,0.0,13671000000.0,26110000000.0,133.823,14097000000.0
30,CVX,MRT,2013-12-31,2013-12-31,2013-12-31,2021-09-09,-3579000000.0,253753000000.0,245762250000.0,50250000000.0,203503000000.0,0.931,77.535,-37985000000.0,16253000000.0,16253000000.0,172386000000.0,21597000000.0,1.522,0.693,20431000000.0,374000000.0,20057000000.0,20431000000.0,0.0,14186000000.0,0.0,0.031,3.9,35731000000.0,49917000000.0,0.218,49917000000.0,35731000000.0,35731000000.0,11.18,11.09,11.18,149113000000.0,144216750000.0,149113000000.0,240482541054.0,7.0,4.818,-2983000000.0,-1.551,1.0,56462000000.0,0.247,4639000000.0,0.0,220274000000.0,206907000000.0,6380000000.0,25765000000.0,263000000.0,25502000000.0,103326000000.0,33018000000.0,70308000000.0,240223541054.0,-4694000000.0,1457000000.0,-4494000000.0,8246000000.0,-7474000000.0,-3821000000.0,-35609000000.0,919000000.0,35002000000.0,-266000000.0,21423000000.0,21423000000.0,21423000000.0,0.0,174000000.0,0.094,20557000000.0,35905000000.0,22815000000.0,0.349,1.611,11.213,11.173,164829000000.0,0.0,124.91,1.05,1.05,24455000000.0,173677000000.0,228848000000.0,228848000000.0,1861000000.0,0.087,0.149,0.173,0.156,0.0,4510000000.0,1.0,1923173013.0,1923173013,,118.995,249114000000.0,0.0,14308000000.0,25728000000.0,129.533,17232000000.0
31,CVX,MRT,2013-09-30,2013-09-30,2013-09-30,2021-09-09,-5997000000.0,247838000000.0,240569500000.0,53503000000.0,194335000000.0,0.97,75.64,-36858000000.0,18322000000.0,18322000000.0,173446000000.0,23936000000.0,1.599,0.703,18581000000.0,527000000.0,18054000000.0,18581000000.0,0.0,14105000000.0,0.0,0.031,3.8,39485000000.0,53590000000.0,0.23,53590000000.0,39485000000.0,39485000000.0,12.31,12.22,12.31,144779000000.0,141069500000.0,144779000000.0,232666882344.0,6.0,4.342,472000000.0,0.247,1.0,59796000000.0,0.256,4640000000.0,0.0,209987000000.0,198007250000.0,6893000000.0,25268000000.0,258000000.0,25010000000.0,101765000000.0,33470000000.0,68295000000.0,234740882344.0,-4299000000.0,2283000000.0,-4486000000.0,6265000000.0,-7316000000.0,-5648000000.0,-35853000000.0,-1278000000.0,37330000000.0,-128000000.0,23738000000.0,23738000000.0,23738000000.0,0.0,198000000.0,0.102,20113000000.0,39683000000.0,23149000000.0,0.309,1.621,9.889,9.87,156932000000.0,0.0,121.5,1.006,0.997,24759000000.0,170651000000.0,233242000000.0,233242000000.0,1492000000.0,0.099,0.168,0.199,0.169,0.0,4516000000.0,1.0,1932023723.0,1914047000,,121.858,243198000000.0,0.0,15747000000.0,23888000000.0,127.06,20033000000.0
32,CVX,MRT,2013-06-30,2013-06-30,2013-06-30,2021-09-09,-6078000000.0,244048000000.0,235326000000.0,56104000000.0,187944000000.0,0.989,74.342,-34741000000.0,22038000000.0,22038000000.0,172107000000.0,24248000000.0,1.679,0.699,19964000000.0,1913000000.0,18051000000.0,19964000000.0,0.0,13817000000.0,0.0,0.031,3.7,40573000000.0,54390000000.0,0.234,54390000000.0,40573000000.0,40573000000.0,12.44,12.34,12.44,142841000000.0,138110000000.0,142841000000.0,224819629894.0,6.0,4.133,3000000.0,0.002,1.0,60676000000.0,0.261,4640000000.0,0.0,203921000000.0,189903000000.0,7423000000.0,25391000000.0,258000000.0,25133000000.0,99884000000.0,33413000000.0,66471000000.0,229458629894.0,-579000000.0,2584000000.0,-4009000000.0,9746000000.0,-7152000000.0,-1518000000.0,-33788000000.0,-1631000000.0,34744000000.0,-17000000.0,24041000000.0,24041000000.0,24041000000.0,0.0,207000000.0,0.103,19896000000.0,40780000000.0,21609000000.0,0.297,1.606,9.544,9.513,150592000000.0,0.0,118.34,0.986,0.977,23290000000.0,167615000000.0,232783000000.0,232783000000.0,1408000000.0,0.102,0.174,0.214,0.174,0.0,4671000000.0,1.0,1938977775.0,1921391000,,121.153,239408000000.0,0.0,16532000000.0,22750000000.0,124.601,22691000000.0
33,CVX,MRT,2013-03-31,2013-03-31,2013-03-31,2021-09-09,-6269000000.0,237410000000.0,229158750000.0,54696000000.0,182714000000.0,1.039,72.645,-33235000000.0,18782000000.0,18782000000.0,173433000000.0,26076000000.0,1.577,0.685,14143000000.0,2090000000.0,12053000000.0,14143000000.0,0.0,13689000000.0,0.0,0.03,3.6,44356000000.0,58045000000.0,0.244,58045000000.0,44356000000.0,44356000000.0,13.32,13.23,13.32,140134000000.0,134899000000.0,140134000000.0,221376351051.0,5.0,3.814,2904000000.0,1.505,1.0,64589000000.0,0.271,4640000000.0,0.0,193446000000.0,181696750000.0,6664000000.0,24770000000.0,266000000.0,24504000000.0,95924000000.0,34685000000.0,61239000000.0,230831351051.0,-1497000000.0,2754000000.0,-4173000000.0,4881000000.0,-6989000000.0,-6324000000.0,-31282000000.0,-801000000.0,36139000000.0,-30000000.0,25886000000.0,25886000000.0,25886000000.0,0.0,190000000.0,0.109,20043000000.0,44546000000.0,21617000000.0,0.27,1.647,8.917,8.92,145973000000.0,0.0,118.82,0.97,0.963,25090000000.0,164173000000.0,238022000000.0,238022000000.0,1572000000.0,0.113,0.192,0.244,0.186,0.0,4782000000.0,1.0,1942697787.0,1929014000,,123.39,232770000000.0,0.0,18470000000.0,23976000000.0,120.668,20011000000.0
34,CVX,MRT,2012-12-31,2012-12-31,2012-12-31,2021-09-09,-6369000000.0,232982000000.0,223528750000.0,55720000000.0,177262000000.0,1.082,69.755,-30938000000.0,21647000000.0,21647000000.0,175712000000.0,26336000000.0,1.629,0.697,12192000000.0,127000000.0,12065000000.0,12192000000.0,0.0,13413000000.0,0.0,0.032,3.51,46175000000.0,59588000000.0,0.246,59588000000.0,46175000000.0,46175000000.0,13.42,13.32,13.42,136524000000.0,131242250000.0,136524000000.0,202664564587.0,4.0,3.401,7874000000.0,4.023,1.0,66197000000.0,0.274,4640000000.0,0.0,184675000000.0,174769750000.0,6144000000.0,23984000000.0,266000000.0,23718000000.0,95150000000.0,34212000000.0,60938000000.0,211649564587.0,5075000000.0,3105000000.0,-4142000000.0,2047000000.0,-6844000000.0,-8980000000.0,-24796000000.0,3037000000.0,38812000000.0,39000000.0,26179000000.0,26179000000.0,26179000000.0,0.0,157000000.0,0.108,19865000000.0,46332000000.0,22776000000.0,0.262,1.55,8.085,8.058,141348000000.0,0.0,108.14,0.875,0.875,24050000000.0,159730000000.0,241909000000.0,241909000000.0,1728000000.0,0.117,0.199,0.264,0.191,0.0,4724000000.0,1.0,1957181104.0,1957181104,,123.601,228342000000.0,0.0,19996000000.0,23243000000.0,116.669,21508000000.0
35,CVX,MRT,2012-09-30,2012-09-30,2012-09-30,2021-09-09,-5558000000.0,226864000000.0,217651750000.0,58465000000.0,168399000000.0,1.109,68.321,-27759000000.0,21321000000.0,21321000000.0,177220000000.0,24191000000.0,1.639,0.697,12336000000.0,2172000000.0,10164000000.0,12336000000.0,0.0,13172000000.0,0.0,0.029,3.42,44187000000.0,57359000000.0,0.238,57359000000.0,44187000000.0,44187000000.0,12.3,12.2,12.3,132941000000.0,127456750000.0,132941000000.0,217721038400.0,5.0,3.796,7342000000.0,3.773,1.0,64122000000.0,0.266,4640000000.0,0.0,177570000000.0,168991500000.0,7995000000.0,23766000000.0,261000000.0,23505000000.0,92642000000.0,35669000000.0,56973000000.0,228707038400.0,7084000000.0,2844000000.0,-4109000000.0,2575000000.0,-6694000000.0,-8266000000.0,-19729000000.0,5186000000.0,35101000000.0,-22000000.0,24057000000.0,24057000000.0,24057000000.0,0.0,134000000.0,0.1,19801000000.0,44321000000.0,22989000000.0,0.278,1.72,9.507,9.476,132752000000.0,0.0,116.56,0.948,0.94,24500000000.0,154229000000.0,241342000000.0,241342000000.0,1757000000.0,0.111,0.189,0.261,0.183,0.0,4872000000.0,1.0,1962140000.0,1945840000,,124.03,222224000000.0,0.0,20130000000.0,22858000000.0,114.205,22796000000.0
36,CVX,MRT,2012-06-30,2012-06-30,2012-06-30,2021-09-09,-5732000000.0,219379000000.0,211960500000.0,56008000000.0,163371000000.0,1.169,66.524,-27044000000.0,21217000000.0,21217000000.0,180827000000.0,26740000000.0,1.715,0.678,10231000000.0,359000000.0,9872000000.0,10231000000.0,0.0,13017000000.0,0.0,0.031,3.3,47622000000.0,60639000000.0,0.245,60639000000.0,47622000000.0,47622000000.0,13.53,13.43,13.53,129997000000.0,124444250000.0,129997000000.0,197916345465.0,4.0,3.264,11849000000.0,6.064,1.0,66903000000.0,0.27,4641000000.0,0.0,171096000000.0,163789750000.0,7186000000.0,23319000000.0,246000000.0,23073000000.0,88090000000.0,32656000000.0,55434000000.0,208170345465.0,7874000000.0,4377000000.0,-4468000000.0,-1297000000.0,-6492000000.0,-12311000000.0,-18547000000.0,4120000000.0,38893000000.0,-161000000.0,26633000000.0,26633000000.0,26633000000.0,0.0,107000000.0,0.108,19174000000.0,47729000000.0,21958000000.0,0.244,1.601,7.816,7.797,129047000000.0,0.0,105.5,0.84,0.832,23071000000.0,150728000000.0,247730000000.0,247730000000.0,1522000000.0,0.126,0.214,0.291,0.192,0.0,4635000000.0,1.0,1973178630.0,1954147000,,126.771,214738000000.0,0.0,20989000000.0,21889000000.0,109.888,23352000000.0
37,CVX,MRT,2012-03-31,2012-03-31,2012-03-31,2021-09-09,-5875000000.0,214890000000.0,207545000000.0,55222000000.0,159668000000.0,1.224,63.908,-27750000000.0,19529000000.0,19529000000.0,186463000000.0,27268000000.0,1.612,0.706,9275000000.0,396000000.0,8879000000.0,9275000000.0,0.0,12990000000.0,0.0,0.03,3.18,48468000000.0,61458000000.0,0.242,61458000000.0,48468000000.0,48468000000.0,13.73,13.62,13.73,125507000000.0,120858250000.0,125507000000.0,202280581681.0,4.0,3.291,11918000000.0,6.069,1.0,67607000000.0,0.266,4641000000.0,0.0,165738000000.0,159920750000.0,7347000000.0,23465000000.0,239000000.0,23226000000.0,88564000000.0,34257000000.0,54307000000.0,211950581681.0,5722000000.0,4005000000.0,-4131000000.0,-2318000000.0,-6290000000.0,-12805000000.0,-21115000000.0,2630000000.0,39668000000.0,-26000000.0,27155000000.0,27155000000.0,27155000000.0,0.0,113000000.0,0.107,19026000000.0,48581000000.0,22951000000.0,0.232,1.689,7.805,7.808,124798000000.0,0.0,107.21,0.834,0.829,24259000000.0,145278000000.0,254070000000.0,254070000000.0,1451000000.0,0.131,0.225,0.303,0.191,0.0,4585000000.0,1.0,1976966530.0,1963862000,,129.373,210249000000.0,0.0,21313000000.0,22666000000.0,107.059,20965000000.0
38,CVX,MRT,2011-12-31,2011-12-31,2011-12-31,2021-09-09,-6022000000.0,209474000000.0,202506500000.0,53234000000.0,156240000000.0,1.253,60.951,-26500000000.0,19822000000.0,19822000000.0,187200000000.0,27008000000.0,1.584,0.719,10152000000.0,340000000.0,9812000000.0,10152000000.0,0.0,12911000000.0,0.0,0.029,3.09,47521000000.0,60432000000.0,0.238,60432000000.0,47521000000.0,47521000000.0,13.54,13.44,13.54,121382000000.0,117006500000.0,121382000000.0,201549938883.0,4.0,3.335,14595000000.0,7.329,1.0,66506000000.0,0.262,4642000000.0,0.0,161562000000.0,156389750000.0,5543000000.0,23117000000.0,249000000.0,22868000000.0,87293000000.0,33600000000.0,53693000000.0,211893938883.0,1804000000.0,444000000.0,-3193000000.0,-2369000000.0,-6136000000.0,-11769000000.0,-27489000000.0,-1433000000.0,41095000000.0,-33000000.0,26895000000.0,26895000000.0,26895000000.0,0.0,113000000.0,0.106,18872000000.0,47634000000.0,22147000000.0,0.228,1.746,7.879,7.858,122608000000.0,0.0,106.4,0.835,0.835,24026000000.0,140399000000.0,253706000000.0,253706000000.0,1216000000.0,0.133,0.23,0.304,0.187,0.0,4745000000.0,1.0,1991484388.0,1991484388,,127.395,204832000000.0,0.0,20626000000.0,21370000000.0,102.854,19634000000.0
39,CVX,MRT,2011-09-30,2011-09-30,2011-09-30,2021-09-09,-4066000000.0,204099000000.0,196330250000.0,53025000000.0,151074000000.0,1.262,60.913,-24697000000.0,20087000000.0,20087000000.0,182284000000.0,27176000000.0,1.64,0.682,9743000000.0,245000000.0,9498000000.0,9743000000.0,0.0,13037000000.0,0.0,0.032,3.0,46330000000.0,59367000000.0,0.24,59367000000.0,46330000000.0,46326000000.0,13.58,13.5,13.58,120891000000.0,112931250000.0,120891000000.0,179233202359.0,4.0,3.019,15581000000.0,7.851,1.0,65464000000.0,0.264,4654000000.0,4000000.0,156763000000.0,152424500000.0,6072000000.0,22658000000.0,248000000.0,22410000000.0,82423000000.0,32338000000.0,50085000000.0,185456202359.0,3234000000.0,1062000000.0,-2597000000.0,-1942000000.0,-5977000000.0,-10588000000.0,-26505000000.0,-2870000000.0,40278000000.0,49000000.0,27067000000.0,27067000000.0,27067000000.0,0.0,109000000.0,0.109,19025000000.0,46439000000.0,20746000000.0,0.221,1.534,6.852,6.818,118377000000.0,0.0,92.59,0.749,0.742,23003000000.0,136873000000.0,247748000000.0,247748000000.0,1165000000.0,0.138,0.24,0.304,0.187,0.0,4823000000.0,1.0,2002983069.0,1984643000,,124.833,199445000000.0,0.0,19259000000.0,22107000000.0,100.494,20687000000.0
40,CVX,MRT,2011-06-30,2011-06-30,2011-06-30,2021-09-09,-4117000000.0,201717000000.0,189605250000.0,54006000000.0,147711000000.0,1.229,58.0,-23511000000.0,17743000000.0,17743000000.0,173596000000.0,23111000000.0,1.533,0.737,11520000000.0,1902000000.0,9618000000.0,11520000000.0,0.0,13223000000.0,0.0,0.029,2.94,39876000000.0,53099000000.0,0.228,53099000000.0,39876000000.0,39863000000.0,11.53,11.45,11.53,115653000000.0,108269250000.0,115653000000.0,201582181300.0,5.0,3.796,13227000000.0,6.633,1.0,59438000000.0,0.255,4654000000.0,13000000.0,155620000000.0,148704250000.0,7286000000.0,21945000000.0,221000000.0,21724000000.0,85287000000.0,35220000000.0,50067000000.0,206736181300.0,3939000000.0,-838000000.0,-1334000000.0,-55000000.0,-5867000000.0,-7325000000.0,-25752000000.0,-1403000000.0,36738000000.0,278000000.0,23006000000.0,23006000000.0,23006000000.0,0.0,105000000.0,0.099,19457000000.0,39981000000.0,22764000000.0,0.255,1.788,8.986,8.919,114754000000.0,0.0,102.84,0.887,0.88,25727000000.0,130592000000.0,233034000000.0,233034000000.0,1345000000.0,0.121,0.212,0.268,0.171,0.0,4889000000.0,1.0,2010270141.0,1994007000,,116.867,197063000000.0,0.0,16857000000.0,20934000000.0,98.828,18786000000.0
41,CVX,MRT,2011-03-31,2011-03-31,2011-03-31,2021-09-09,-4253000000.0,194736000000.0,182112500000.0,50851000000.0,143885000000.0,1.192,55.195,-20290000000.0,16729000000.0,16729000000.0,162466000000.0,20795000000.0,1.526,0.762,11575000000.0,1817000000.0,9758000000.0,11575000000.0,0.0,13107000000.0,0.0,0.027,2.88,35445000000.0,48552000000.0,0.224,48552000000.0,35445000000.0,35415000000.0,10.36,10.3,10.36,110100000000.0,104248250000.0,110100000000.0,210341755677.0,6.0,4.332,13361000000.0,6.698,1.0,54624000000.0,0.252,4655000000.0,30000000.0,151614000000.0,144409000000.0,6232000000.0,22148000000.0,145000000.0,22003000000.0,83886000000.0,33313000000.0,50573000000.0,215780755677.0,5773000000.0,-1039000000.0,-404000000.0,61000000.0,-5748000000.0,-6159000000.0,-21927000000.0,-598000000.0,33651000000.0,208000000.0,20683000000.0,20683000000.0,20683000000.0,0.0,112000000.0,0.095,19067000000.0,35557000000.0,21011000000.0,0.278,1.96,10.433,10.375,111075000000.0,0.0,107.49,0.994,0.988,24149000000.0,124417000000.0,217090000000.0,217090000000.0,1135000000.0,0.114,0.198,0.245,0.163,0.0,4825000000.0,1.0,2007449583.0,1994735000,,108.831,190081000000.0,0.0,14732000000.0,20547000000.0,95.291,17538000000.0
42,CVX,MRT,2010-12-31,2010-12-31,2010-12-31,2021-09-09,-4466000000.0,184769000000.0,175661500000.0,48841000000.0,135928000000.0,1.167,52.216,-19612000000.0,16915000000.0,16915000000.0,153846000000.0,19136000000.0,1.683,0.751,11476000000.0,187000000.0,11289000000.0,11476000000.0,0.0,13063000000.0,0.0,0.031,2.84,31993000000.0,45056000000.0,0.22,45056000000.0,31993000000.0,31943000000.0,9.53,9.48,9.53,105081000000.0,100560500000.0,105081000000.0,179785100078.0,6.0,3.99,11742000000.0,5.835,1.0,51082000000.0,0.249,4617000000.0,50000000.0,145701000000.0,140521000000.0,5493000000.0,21675000000.0,155000000.0,21520000000.0,78958000000.0,29012000000.0,49946000000.0,183634100078.0,5344000000.0,2333000000.0,-306000000.0,882000000.0,-5669000000.0,-5165000000.0,-20915000000.0,-3636000000.0,31354000000.0,70000000.0,19024000000.0,19024000000.0,19024000000.0,0.0,112000000.0,0.093,18977000000.0,32105000000.0,19259000000.0,0.298,1.748,9.653,9.575,104504000000.0,0.0,91.25,0.896,0.896,22836000000.0,119641000000.0,204928000000.0,204928000000.0,1147000000.0,0.108,0.189,0.228,0.156,0.0,4767000000.0,1.0,2012428494.0,2012428494,,101.831,180152000000.0,0.0,12919000000.0,16939000000.0,89.52,19829000000.0
43,CVX,MRT,2010-09-30,2010-09-30,2010-09-30,2021-09-09,-3940000000.0,177199000000.0,170624500000.0,44483000000.0,132716000000.0,1.17,51.18,-19463000000.0,14468000000.0,14468000000.0,151859000000.0,16918000000.0,1.657,0.726,10619000000.0,170000000.0,10449000000.0,10619000000.0,0.0,12780000000.0,0.0,0.035,2.8,29037000000.0,41817000000.0,0.21,41817000000.0,29037000000.0,28991000000.0,8.42,8.37,8.42,102243000000.0,97268750000.0,102243000000.0,160282611199.0,6.0,3.833,10659000000.0,5.336,1.0,47718000000.0,0.239,4618000000.0,46000000.0,141882000000.0,137993250000.0,6137000000.0,21830000000.0,66000000.0,21764000000.0,74234000000.0,26850000000.0,47384000000.0,162958611199.0,3427000000.0,1313000000.0,327000000.0,113000000.0,-5590000000.0,-5240000000.0,-21540000000.0,-3390000000.0,30122000000.0,85000000.0,16799000000.0,16799000000.0,16799000000.0,0.0,119000000.0,0.084,18562000000.0,29156000000.0,17237000000.0,0.333,1.594,9.7,9.626,101732000000.0,0.0,81.05,0.817,0.811,20141000000.0,115784000000.0,199577000000.0,199577000000.0,1093000000.0,0.098,0.173,0.21,0.145,0.0,4689000000.0,1.0,2010593599.0,1997721000,,99.902,172581000000.0,0.0,12192000000.0,16242000000.0,86.389,17633000000.0
44,CVX,MRT,2010-06-30,2010-06-30,2010-06-30,2021-09-09,-4126000000.0,171746000000.0,166965000000.0,42394000000.0,129352000000.0,1.177,49.874,-17948000000.0,13149000000.0,13149000000.0,150041000000.0,16972000000.0,1.63,0.718,10473000000.0,375000000.0,10098000000.0,10473000000.0,0.0,12367000000.0,0.0,0.041,2.76,28366000000.0,40733000000.0,0.207,40733000000.0,28366000000.0,28315000000.0,8.45,8.42,8.45,99569000000.0,94369500000.0,99569000000.0,135620457520.0,5.0,3.329,10857000000.0,5.438,1.0,46443000000.0,0.236,4618000000.0,51000000.0,138439000000.0,136403500000.0,5911000000.0,21748000000.0,66000000.0,21682000000.0,71455000000.0,26013000000.0,45442000000.0,136306457520.0,2160000000.0,1767000000.0,263000000.0,-1512000000.0,-5506000000.0,-6830000000.0,-19755000000.0,-3574000000.0,28805000000.0,-60000000.0,16862000000.0,16862000000.0,16862000000.0,0.0,110000000.0,0.086,17967000000.0,28476000000.0,16370000000.0,0.327,1.369,8.084,8.031,98539000000.0,0.0,67.86,0.694,0.689,20101000000.0,113456000000.0,196484000000.0,196484000000.0,915000000.0,0.101,0.179,0.208,0.144,0.0,4685000000.0,1.0,2008642168.0,1996393000,,98.419,167128000000.0,0.0,11453000000.0,15594000000.0,83.715,16381000000.0
45,CVX,MRT,2010-03-31,2010-03-31,2010-03-31,2021-09-09,-4219000000.0,168932000000.0,164328750000.0,40826000000.0,128106000000.0,1.118,47.794,-17826000000.0,11071000000.0,11071000000.0,142582000000.0,13289000000.0,1.481,0.764,10385000000.0,302000000.0,10083000000.0,10385000000.0,0.0,12325000000.0,0.0,0.035,2.69,22954000000.0,35279000000.0,0.192,35279000000.0,22954000000.0,22914000000.0,6.62,6.59,6.62,95349000000.0,91466750000.0,95349000000.0,154091380540.0,7.0,4.368,6660000000.0,3.338,1.0,41103000000.0,0.224,4618000000.0,40000000.0,136062000000.0,135804250000.0,6078000000.0,21374000000.0,84000000.0,21290000000.0,72880000000.0,27566000000.0,45314000000.0,152293380540.0,-1774000000.0,1945000000.0,197000000.0,-1773000000.0,-5364000000.0,-7021000000.0,-19298000000.0,-3417000000.0,24486000000.0,59000000.0,13198000000.0,13198000000.0,13198000000.0,0.0,91000000.0,0.072,18058000000.0,23045000000.0,16787000000.0,0.406,1.597,11.539,11.455,97347000000.0,0.0,75.83,0.829,0.824,20320000000.0,109484000000.0,183685000000.0,183685000000.0,1141000000.0,0.08,0.144,0.169,0.125,0.0,4592000000.0,1.0,2008352638.0,1994983000,,92.073,164314000000.0,0.0,9716000000.0,16596000000.0,82.364,13260000000.0
46,CVX,MRT,2009-12-31,2009-12-31,2009-12-31,2021-09-09,-4321000000.0,164621000000.0,161952250000.0,37216000000.0,127405000000.0,1.06,45.813,-19843000000.0,8716000000.0,8716000000.0,135101000000.0,10563000000.0,1.42,0.784,10514000000.0,384000000.0,10130000000.0,10514000000.0,0.0,12110000000.0,0.0,0.035,2.66,18476000000.0,30586000000.0,0.178,30586000000.0,18476000000.0,18448000000.0,5.26,5.24,5.26,91914000000.0,89457750000.0,91914000000.0,157436561156.0,9.0,5.147,-470000000.0,-0.234,1.0,36535000000.0,0.213,4618000000.0,28000000.0,135590000000.0,135028250000.0,5529000000.0,21264000000.0,106000000.0,21158000000.0,72060000000.0,26211000000.0,45849000000.0,154462561156.0,-631000000.0,2900000000.0,168000000.0,1659000000.0,-5302000000.0,-3546000000.0,-16572000000.0,371000000.0,19373000000.0,114000000.0,10483000000.0,10483000000.0,10483000000.0,0.0,80000000.0,0.061,17979000000.0,18556000000.0,16437000000.0,0.506,1.681,14.735,14.637,96468000000.0,0.0,76.99,0.9,0.9,19985000000.0,106289000000.0,171636000000.0,171636000000.0,1342000000.0,0.065,0.117,0.137,0.108,0.0,4527000000.0,1.0,2006267842.0,2006267842,,85.55,160003000000.0,0.0,7965000000.0,15536000000.0,79.752,11005000000.0
47,CVX,MRT,2009-09-30,2009-09-30,2009-09-30,2021-09-09,-3676000000.0,162561000000.0,161088250000.0,35541000000.0,127020000000.0,1.044,45.495,-20522000000.0,7568000000.0,7568000000.0,130551000000.0,12362000000.0,1.4,0.787,10542000000.0,240000000.0,10302000000.0,10542000000.0,0.0,11543000000.0,0.0,0.037,2.63,19927000000.0,31470000000.0,0.187,31470000000.0,19927000000.0,19899000000.0,6.17,6.15,6.17,90646000000.0,88141250000.0,90646000000.0,146072252700.0,7.0,4.642,-2961000000.0,-1.486,1.0,37612000000.0,0.224,4619000000.0,28000000.0,135523000000.0,132150000000.0,6323000000.0,21685000000.0,121000000.0,21564000000.0,71339000000.0,25393000000.0,45946000000.0,141248252700.0,-3068000000.0,2416000000.0,-1205000000.0,3567000000.0,-5246000000.0,-2932000000.0,-17635000000.0,471000000.0,17561000000.0,-62000000.0,12308000000.0,12308000000.0,12308000000.0,0.0,54000000.0,0.073,17631000000.0,19981000000.0,15715000000.0,0.426,1.558,11.476,11.415,94257000000.0,0.0,70.43,0.84,0.834,19464000000.0,104575000000.0,168163000000.0,168163000000.0,1399000000.0,0.076,0.14,0.151,0.118,0.0,4689000000.0,1.0,2005512604.0,1992452000,,84.4,157942000000.0,0.0,7591000000.0,15675000000.0,79.27,10148000000.0
48,CVX,MRT,2009-06-30,2009-06-30,2009-06-30,2021-09-09,-3795000000.0,161201000000.0,161875500000.0,34716000000.0,126485000000.0,1.238,44.164,-21109000000.0,7236000000.0,7236000000.0,155063000000.0,16441000000.0,1.369,0.827,12060000000.0,868000000.0,11192000000.0,12060000000.0,0.0,11004000000.0,0.0,0.039,2.6,28049000000.0,39053000000.0,0.195,39053000000.0,28049000000.0,28035000000.0,8.13,8.08,8.13,87958000000.0,87218250000.0,87958000000.0,135853506551.0,5.0,3.479,-1100000000.0,-0.552,1.0,45342000000.0,0.226,4619000000.0,14000000.0,136042000000.0,127771750000.0,6484000000.0,21656000000.0,108000000.0,21548000000.0,72721000000.0,25364000000.0,47357000000.0,132809506551.0,-944000000.0,2785000000.0,-3213000000.0,5381000000.0,-5214000000.0,-3131000000.0,-17649000000.0,675000000.0,20009000000.0,-173000000.0,16370000000.0,16370000000.0,16370000000.0,0.0,71000000.0,0.082,17222000000.0,28120000000.0,15584000000.0,0.32,1.51,8.113,8.149,93673000000.0,0.0,66.25,0.663,0.658,19006000000.0,102097000000.0,200405000000.0,200405000000.0,1428000000.0,0.101,0.188,0.22,0.14,0.0,4790000000.0,1.0,2004671797.0,1991605000,,100.625,156582000000.0,0.0,11665000000.0,14875000000.0,78.621,9352000000.0
49,CVX,MRT,2009-03-31,2009-03-31,2009-03-31,2021-09-09,-3902000000.0,159426000000.0,162341750000.0,34074000000.0,125352000000.0,1.498,43.851,-21198000000.0,9150000000.0,9150000000.0,189793000000.0,20689000000.0,1.369,0.82,12194000000.0,1018000000.0,11176000000.0,12194000000.0,0.0,10180000000.0,0.0,0.039,2.6,36444000000.0,46624000000.0,0.192,46624000000.0,36444000000.0,36436000000.0,10.16,10.11,10.16,87313000000.0,85795750000.0,87313000000.0,134340565920.0,4.0,2.881,2731000000.0,1.372,1.0,53396000000.0,0.22,4619000000.0,8000000.0,132958000000.0,122369750000.0,6428000000.0,21596000000.0,154000000.0,21442000000.0,71610000000.0,24893000000.0,46717000000.0,134786565920.0,942000000.0,2607000000.0,-4911000000.0,5447000000.0,-5255000000.0,-4808000000.0,-17892000000.0,699000000.0,23929000000.0,-287000000.0,20600000000.0,20600000000.0,20600000000.0,0.0,89000000.0,0.085,16863000000.0,36533000000.0,13635000000.0,0.256,1.544,6.543,6.618,92548000000.0,0.0,67.24,0.554,0.551,16616000000.0,101647000000.0,243189000000.0,243189000000.0,1297000000.0,0.127,0.24,0.298,0.15,0.0,5386000000.0,1.0,2004559279.0,1991128000,,122.136,154807000000.0,0.0,15836000000.0,15449000000.0,77.748,9181000000.0
50,CVX,MRT,2008-12-31,2008-12-31,2008-12-31,2021-09-09,-3924000000.0,161165000000.0,160697000000.0,36470000000.0,124695000000.0,1.699,42.646,-19666000000.0,9347000000.0,9347000000.0,213495000000.0,24031000000.0,1.139,0.855,8901000000.0,2818000000.0,6083000000.0,8901000000.0,0.0,9528000000.0,0.0,0.034,2.53,42957000000.0,52485000000.0,0.192,52485000000.0,42957000000.0,42957000000.0,11.74,11.67,11.74,86648000000.0,83769000000.0,86648000000.0,146616558449.0,3.0,2.793,9966000000.0,4.905,1.0,59510000000.0,0.218,4619000000.0,0.0,124077000000.0,116971250000.0,6854000000.0,21133000000.0,213000000.0,20920000000.0,74048000000.0,32023000000.0,42025000000.0,150291558449.0,1985000000.0,1670000000.0,-6821000000.0,1682000000.0,-5162000000.0,-10400000000.0,-17081000000.0,915000000.0,29632000000.0,-166000000.0,23931000000.0,23931000000.0,23931000000.0,0.0,100000000.0,0.088,16453000000.0,43057000000.0,16580000000.0,0.216,1.735,6.28,6.301,91780000000.0,0.0,73.97,0.551,0.551,18269000000.0,101102000000.0,273005000000.0,273005000000.0,1169000000.0,0.149,0.286,0.367,0.157,0.0,5756000000.0,1.0,2031790705.0,2031790705,,134.367,156546000000.0,0.0,19026000000.0,16087000000.0,77.048,4447000000.0
51,CVX,MRT,2008-09-30,2008-09-30,2008-09-30,2021-09-09,-1950000000.0,165710000000.0,157602250000.0,47347000000.0,118363000000.0,1.835,42.783,-18929000000.0,10636000000.0,10636000000.0,228371000000.0,24112000000.0,1.201,0.906,6961000000.0,832000000.0,6129000000.0,6961000000.0,0.0,9033000000.0,0.0,0.03,2.46,44302000000.0,53335000000.0,0.184,53335000000.0,44302000000.0,44295000000.0,11.63,11.55,11.63,86954000000.0,81379000000.0,86954000000.0,167936802309.0,4.0,3.149,12578000000.0,6.189,1.0,60841000000.0,0.21,4600000000.0,7000000.0,118010000000.0,113507250000.0,6289000000.0,21657000000.0,347000000.0,21310000000.0,78756000000.0,39425000000.0,39331000000.0,169452802309.0,2686000000.0,4901000000.0,-7477000000.0,922000000.0,-5075000000.0,-11737000000.0,-17071000000.0,-27000000.0,31507000000.0,-13000000.0,23911000000.0,23911000000.0,23911000000.0,0.0,201000000.0,0.083,16410000000.0,44431000000.0,22107000000.0,0.212,1.949,7.087,7.092,85691000000.0,0.0,82.48,0.586,0.58,27180000000.0,97507000000.0,289212000000.0,289212000000.0,1280000000.0,0.152,0.294,0.39,0.153,0.0,6097000000.0,1.0,2054471415.0,2032433000,,142.298,161110000000.0,0.0,20384000000.0,19799000000.0,79.27,7922000000.0
52,CVX,MRT,2008-06-30,2008-06-30,2008-06-30,2021-09-09,-1992000000.0,163066000000.0,151063250000.0,49709000000.0,113357000000.0,1.758,40.116,-18692000000.0,8180000000.0,8180000000.0,211766000000.0,19905000000.0,1.17,0.982,6664000000.0,894000000.0,5770000000.0,6664000000.0,0.0,9080000000.0,0.0,0.024,2.39,36982000000.0,46062000000.0,0.173,46062000000.0,36982000000.0,36953000000.0,9.52,9.45,9.52,82268000000.0,78376500000.0,82268000000.0,203625170994.0,6.0,4.421,9407000000.0,4.587,1.0,53752000000.0,0.202,4629000000.0,29000000.0,114434000000.0,109889750000.0,6371000000.0,21220000000.0,427000000.0,20793000000.0,80798000000.0,42487000000.0,38311000000.0,205039170994.0,-3036000000.0,3929000000.0,-7371000000.0,-1543000000.0,-4977000000.0,-13961000000.0,-17268000000.0,-93000000.0,28099000000.0,94000000.0,19736000000.0,19736000000.0,19736000000.0,0.0,169000000.0,0.074,16648000000.0,37104000000.0,29240000000.0,0.251,2.492,10.389,10.413,82394000000.0,0.0,99.13,0.772,0.766,32851000000.0,90937000000.0,265518000000.0,265518000000.0,1304000000.0,0.131,0.252,0.337,0.139,0.0,6265000000.0,1.0,2068386674.0,2050773000,,129.472,158437000000.0,0.0,17217000000.0,19416000000.0,77.257,7222000000.0
53,CVX,MRT,2008-03-31,2008-03-31,2008-03-31,2021-09-09,-1988000000.0,152847000000.0,145198250000.0,41488000000.0,111359000000.0,1.643,38.33,-17870000000.0,8208000000.0,8208000000.0,187768000000.0,19276000000.0,1.171,0.93,6794000000.0,780000000.0,6014000000.0,6794000000.0,0.0,8960000000.0,0.0,0.027,2.32,34376000000.0,43336000000.0,0.182,43336000000.0,34376000000.0,34284000000.0,9.13,9.07,9.13,79206000000.0,76354250000.0,79206000000.0,177135415043.0,5.0,4.087,9524000000.0,4.609,1.0,50855000000.0,0.213,4630000000.0,92000000.0,111364000000.0,106633500000.0,5652000000.0,21290000000.0,473000000.0,20817000000.0,73641000000.0,35439000000.0,38202000000.0,177265415043.0,-3592000000.0,3616000000.0,-7141000000.0,-3399000000.0,-4876000000.0,-15487000000.0,-15686000000.0,-268000000.0,27394000000.0,187000000.0,19141000000.0,19141000000.0,19141000000.0,0.0,135000000.0,0.08,16372000000.0,34483000000.0,23490000000.0,0.254,2.238,9.261,9.349,80393000000.0,0.0,85.36,0.743,0.739,25999000000.0,86298000000.0,238623000000.0,238623000000.0,1270000000.0,0.132,0.251,0.322,0.144,0.0,6142000000.0,1.0,2076680120.0,2066420000,,115.477,148217000000.0,0.0,15143000000.0,18682000000.0,71.726,6049000000.0
54,CVX,MRT,2007-12-31,2007-12-31,2007-12-31,2021-09-09,-2015000000.0,148786000000.0,140988000000.0,39377000000.0,109409000000.0,1.567,36.51,-16678000000.0,7362000000.0,7362000000.0,172507000000.0,18795000000.0,1.165,0.93,7232000000.0,1162000000.0,6070000000.0,7232000000.0,0.0,8708000000.0,0.0,0.024,2.26,32333000000.0,41041000000.0,0.186,41041000000.0,32333000000.0,32167000000.0,8.83,8.77,8.83,77088000000.0,74417750000.0,77088000000.0,195159874487.0,6.0,4.755,8299000000.0,3.93,1.0,48397000000.0,0.219,4637000000.0,166000000.0,110221000000.0,103782750000.0,5310000000.0,21209000000.0,732000000.0,20477000000.0,71698000000.0,33798000000.0,37900000000.0,197060874487.0,-3131000000.0,3359000000.0,-6389000000.0,-3038000000.0,-4791000000.0,-14295000000.0,-13933000000.0,-614000000.0,24977000000.0,120000000.0,18688000000.0,18688000000.0,18688000000.0,0.0,107000000.0,0.085,15957000000.0,32440000000.0,21756000000.0,0.256,2.556,10.545,10.57,78610000000.0,0.0,93.33,0.892,0.892,24639000000.0,82329000000.0,220904000000.0,220904000000.0,1323000000.0,0.133,0.251,0.312,0.146,0.0,5926000000.0,1.0,2111441921.0,2111441921,,104.622,144149000000.0,0.0,13479000000.0,17775000000.0,68.27,5579000000.0
55,CVX,MRT,2007-09-30,2007-09-30,2007-09-30,2021-09-09,-2404000000.0,139554000000.0,136948500000.0,37509000000.0,102045000000.0,1.513,35.53,-15527000000.0,7950000000.0,7950000000.0,161376000000.0,17585000000.0,1.274,0.862,6049000000.0,902000000.0,5147000000.0,6049000000.0,0.0,8602000000.0,0.0,0.024,2.2,30471000000.0,39073000000.0,0.189,39073000000.0,30471000000.0,30220000000.0,8.24,8.19,8.24,74944000000.0,72379500000.0,74944000000.0,196458392884.0,6.0,5.028,8111000000.0,3.845,1.0,45864000000.0,0.221,4679000000.0,251000000.0,103540000000.0,100962750000.0,5659000000.0,20613000000.0,794000000.0,19819000000.0,64610000000.0,29434000000.0,35176000000.0,199485392884.0,-3276000000.0,21000000.0,-5582000000.0,-4777000000.0,-4699000000.0,-15136000000.0,-11924000000.0,217000000.0,23638000000.0,146000000.0,17585000000.0,17585000000.0,17585000000.0,0.0,0.0,0.085,15319000000.0,30545000000.0,19812000000.0,0.267,2.662,11.344,11.357,72898000000.0,0.0,93.58,0.963,0.952,22109000000.0,78668000000.0,207240000000.0,207240000000.0,1421000000.0,0.128,0.243,0.302,0.147,0.0,5296000000.0,1.0,2131709691.0,2109345000,,98.249,134875000000.0,0.0,12635000000.0,16305000000.0,63.942,8075000000.0
56,CVX,MRT,2007-06-30,2007-06-30,2007-06-30,2021-09-09,-2505000000.0,139606000000.0,135590250000.0,39823000000.0,99783000000.0,1.521,34.862,-14544000000.0,11216000000.0,11216000000.0,158582000000.0,18884000000.0,1.306,0.882,8189000000.0,2835000000.0,5354000000.0,8189000000.0,0.0,8029000000.0,0.0,0.025,2.14,32910000000.0,40939000000.0,0.198,40939000000.0,32910000000.0,32577000000.0,8.77,8.73,8.77,74179000000.0,71044000000.0,74179000000.0,179199727070.0,5.0,4.377,10115000000.0,4.754,1.0,47697000000.0,0.231,4681000000.0,333000000.0,101409000000.0,99974500000.0,5150000000.0,20058000000.0,887000000.0,19171000000.0,65427000000.0,30489000000.0,34938000000.0,181051727070.0,1136000000.0,20000000.0,-4955000000.0,-2582000000.0,-4608000000.0,-12237000000.0,-11449000000.0,145000000.0,24659000000.0,163000000.0,18884000000.0,18884000000.0,18884000000.0,0.0,0.0,0.092,14718000000.0,32979000000.0,18336000000.0,0.244,2.441,9.588,9.605,71117000000.0,0.0,84.24,0.878,0.869,21830000000.0,76175000000.0,206279000000.0,206279000000.0,1410000000.0,0.139,0.266,0.329,0.16,0.0,5278000000.0,1.0,2149237026.0,2127763000,,96.946,134925000000.0,0.0,13693000000.0,16950000000.0,63.412,9334000000.0
57,CVX,MRT,2007-03-31,2007-03-31,2007-03-31,2021-09-09,-2561000000.0,136006000000.0,133484500000.0,37997000000.0,98009000000.0,1.526,33.307,-14506000000.0,11800000000.0,11800000000.0,157312000000.0,17857000000.0,1.288,0.903,9948000000.0,3817000000.0,6131000000.0,9948000000.0,0.0,7681000000.0,0.0,0.028,2.08,32285000000.0,39966000000.0,0.196,39966000000.0,32285000000.0,31894000000.0,8.23,8.18,8.23,71460000000.0,69225750000.0,71460000000.0,158934482612.0,5.0,3.977,9737000000.0,4.538,1.0,46409000000.0,0.228,4691000000.0,391000000.0,99961000000.0,99607250000.0,4672000000.0,19967000000.0,903000000.0,19064000000.0,64546000000.0,29502000000.0,35044000000.0,159589482612.0,1097000000.0,451000000.0,-4682000000.0,-2244000000.0,-4517000000.0,-11513000000.0,-11796000000.0,160000000.0,24243000000.0,163000000.0,17857000000.0,17857000000.0,17857000000.0,0.0,0.0,0.088,14052000000.0,32357000000.0,16572000000.0,0.253,2.233,8.937,8.987,69897000000.0,0.0,73.96,0.783,0.779,19701000000.0,72030000000.0,203721000000.0,203721000000.0,1402000000.0,0.134,0.258,0.324,0.158,0.0,4969000000.0,1.0,2157780998.0,2145518000,,94.952,131315000000.0,0.0,14037000000.0,16709000000.0,61.204,8495000000.0
58,CVX,MRT,2006-12-31,2006-12-31,2006-12-31,2021-09-09,-2636000000.0,132628000000.0,131415750000.0,36304000000.0,96324000000.0,1.599,31.622,-13813000000.0,10493000000.0,10493000000.0,163658000000.0,17138000000.0,1.278,0.924,9838000000.0,2159000000.0,7679000000.0,9838000000.0,0.0,7506000000.0,0.0,0.027,2.01,32427000000.0,39933000000.0,0.19,39933000000.0,32427000000.0,31976000000.0,7.84,7.8,7.84,68935000000.0,67571000000.0,68935000000.0,159461116681.0,5.0,3.993,10510000000.0,4.821,1.0,46460000000.0,0.221,4623000000.0,451000000.0,98941000000.0,99569000000.0,4656000000.0,19505000000.0,953000000.0,18552000000.0,63693000000.0,28409000000.0,35284000000.0,160294116681.0,450000000.0,463000000.0,-4491000000.0,-2901000000.0,-4396000000.0,-11848000000.0,-12219000000.0,142000000.0,24323000000.0,194000000.0,17138000000.0,17138000000.0,17138000000.0,0.0,0.0,0.082,13963000000.0,32497000000.0,16675000000.0,0.256,2.325,9.353,9.379,68858000000.0,0.0,73.53,0.763,0.763,19829000000.0,68464000000.0,210118000000.0,210118000000.0,1364000000.0,0.13,0.254,0.326,0.154,0.0,5093000000.0,1.0,2179982547.0,2179982547,,96.385,128005000000.0,0.0,14838000000.0,16676000000.0,58.718,7895000000.0
59,CVX,MRT,2006-09-30,2006-09-30,2006-09-30,2021-09-09,-428000000.0,134121000000.0,129717000000.0,38424000000.0,95697000000.0,1.666,31.95,-12892000000.0,11226000000.0,11226000000.0,169503000000.0,17510000000.0,1.323,0.927,10393000000.0,2289000000.0,8104000000.0,10393000000.0,0.0,7243000000.0,0.0,0.03,1.94,32998000000.0,40241000000.0,0.186,40241000000.0,32998000000.0,32504000000.0,7.97,7.92,7.97,69602000000.0,66006250000.0,69602000000.0,142830483908.0,4.0,3.549,11625000000.0,5.336,1.0,46663000000.0,0.216,4659000000.0,494000000.0,99587000000.0,99587000000.0,5207000000.0,18684000000.0,1047000000.0,17637000000.0,64519000000.0,29042000000.0,35477000000.0,142561483908.0,1418000000.0,462000000.0,-4078000000.0,-3320000000.0,-4274000000.0,-11744000000.0,-11478000000.0,121000000.0,24517000000.0,123000000.0,17510000000.0,17510000000.0,17510000000.0,0.0,0.0,0.081,13564000000.0,33099000000.0,17065000000.0,0.243,2.048,8.142,8.138,66888000000.0,0.0,64.86,0.66,0.654,21041000000.0,65815000000.0,216166000000.0,216166000000.0,1091000000.0,0.135,0.265,0.331,0.153,0.0,5230000000.0,1.0,2197987726.0,2178472000,,99.228,129462000000.0,0.0,14994000000.0,18210000000.0,59.428,9382000000.0
60,CVX,MRT,2006-06-30,2006-06-30,2006-06-30,2021-09-09,-441000000.0,131183000000.0,127389000000.0,36554000000.0,94629000000.0,1.699,30.465,-11795000000.0,10080000000.0,10080000000.0,172947000000.0,16087000000.0,1.363,0.961,10349000000.0,49000000.0,10300000000.0,10349000000.0,0.0,6854000000.0,0.0,0.03,1.87,30381000000.0,37235000000.0,0.172,37235000000.0,30381000000.0,29855000000.0,7.32,7.27,7.32,66906000000.0,63652500000.0,66906000000.0,138965302294.0,5.0,3.732,11549000000.0,5.259,1.0,43463000000.0,0.201,4700000000.0,526000000.0,99940000000.0,99625250000.0,4832000000.0,18546000000.0,1053000000.0,17493000000.0,64277000000.0,26812000000.0,37465000000.0,137558302294.0,-2237000000.0,-5471000000.0,-3337000000.0,-3451000000.0,-4148000000.0,-11022000000.0,-14623000000.0,84000000.0,23344000000.0,64000000.0,16087000000.0,16087000000.0,16087000000.0,0.0,0.0,0.074,12977000000.0,30486000000.0,17068000000.0,0.255,2.056,8.551,8.478,65600000000.0,0.0,62.06,0.636,0.63,20686000000.0,61931000000.0,216410000000.0,216410000000.0,984000000.0,0.126,0.253,0.305,0.14,0.0,5139000000.0,1.0,2216537259.0,2196134000,,98.541,126483000000.0,0.0,13768000000.0,18008000000.0,57.593,9742000000.0
61,CVX,MRT,2006-03-31,2006-03-31,2006-03-31,2021-09-09,-352000000.0,127731000000.0,119353250000.0,35255000000.0,92476000000.0,1.77,29.287,-9964000000.0,10703000000.0,10703000000.0,170366000000.0,15418000000.0,1.428,0.97,12110000000.0,189000000.0,11921000000.0,12110000000.0,0.0,6367000000.0,0.0,0.031,1.8,28441000000.0,34808000000.0,0.165,34808000000.0,28441000000.0,27932000000.0,7.11,7.06,7.11,64841000000.0,59059750000.0,64841000000.0,131877483664.0,5.0,3.789,12171000000.0,5.497,1.0,40851000000.0,0.193,4644000000.0,509000000.0,99808000000.0,93981500000.0,4228000000.0,18422000000.0,1061000000.0,17361000000.0,62890000000.0,24686000000.0,38204000000.0,129050483664.0,16000000.0,-5902000000.0,-2985000000.0,-1697000000.0,-3938000000.0,-8705000000.0,-13346000000.0,82000000.0,22135000000.0,-68000000.0,15418000000.0,15418000000.0,15418000000.0,0.0,0.0,0.073,12309000000.0,28542000000.0,15658000000.0,0.253,1.99,8.37,8.153,64300000000.0,0.0,57.97,0.611,0.608,19226000000.0,58733000000.0,211217000000.0,211217000000.0,858000000.0,0.129,0.261,0.303,0.135,0.0,5084000000.0,1.0,2226159801.0,2213980000,,95.401,123087000000.0,0.0,12514000000.0,17191000000.0,55.595,10569000000.0
62,CVX,MRT,2005-12-31,2005-12-31,2005-12-31,2021-09-09,-429000000.0,125833000000.0,111371250000.0,34336000000.0,91497000000.0,1.78,27.918,-8701000000.0,10043000000.0,10043000000.0,160941000000.0,14099000000.0,1.373,1.008,12870000000.0,739000000.0,12131000000.0,12870000000.0,0.0,5913000000.0,0.0,0.031,1.75,25679000000.0,31592000000.0,0.159,31592000000.0,25679000000.0,25197000000.0,6.58,6.54,6.58,62676000000.0,54497500000.0,62676000000.0,131496724933.0,5.0,4.162,11404000000.0,5.08,1.0,37259000000.0,0.188,4636000000.0,482000000.0,99013000000.0,88151500000.0,4121000000.0,18158000000.0,1101000000.0,17057000000.0,63157000000.0,25011000000.0,38146000000.0,127447724933.0,752000000.0,-5877000000.0,-2597000000.0,-1055000000.0,-3778000000.0,-7668000000.0,-11561000000.0,336000000.0,20105000000.0,-124000000.0,14099000000.0,14099000000.0,14099000000.0,0.0,0.0,0.071,11484000000.0,25775000000.0,16074000000.0,0.266,2.033,9.039,8.628,63690000000.0,0.0,56.77,0.643,0.643,18867000000.0,55738000000.0,198200000000.0,198200000000.0,743000000.0,0.127,0.259,0.291,0.13,0.0,4828000000.0,1.0,2244983705.0,2244983705,,88.286,121197000000.0,0.0,11098000000.0,15770000000.0,53.986,9325000000.0
63,CVX,MRT,2005-09-30,2005-09-30,2005-09-30,2021-09-09,-494000000.0,124809000000.0,103215000000.0,34978000000.0,89831000000.0,1.813,27.591,-7420000000.0,9808000000.0,9808000000.0,152193000000.0,13395000000.0,1.37,1.074,13857000000.0,1280000000.0,12577000000.0,13857000000.0,0.0,5471000000.0,0.0,0.026,1.7,23799000000.0,29270000000.0,0.156,29270000000.0,23799000000.0,23340000000.0,6.34,6.31,6.34,60187000000.0,50136000000.0,60187000000.0,133847051278.0,6.0,4.573,10288000000.0,4.716,1.0,34905000000.0,0.187,3591000000.0,459000000.0,99740000000.0,82496750000.0,3555000000.0,17716000000.0,1172000000.0,16544000000.0,64622000000.0,25527000000.0,39095000000.0,134895051278.0,-229000000.0,-6455000000.0,-2460000000.0,-659000000.0,-3619000000.0,-6987000000.0,-10990000000.0,-183000000.0,17708000000.0,40000000.0,13395000000.0,13395000000.0,13395000000.0,0.0,0.0,0.072,11021000000.0,23884000000.0,15151000000.0,0.268,2.241,10.071,10.21,63982000000.0,0.0,64.73,0.721,0.755,19392000000.0,52595000000.0,187098000000.0,187098000000.0,743000000.0,0.13,0.267,0.288,0.127,0.0,4807000000.0,1.0,2083964951.0,2181387000,,85.77,121218000000.0,0.0,9945000000.0,17297000000.0,55.569,9451000000.0
64,CVX,MRT,2005-06-30,2005-06-30,2005-06-30,2021-09-09,-346000000.0,99040000000.0,94767750000.0,33943000000.0,65097000000.0,1.829,23.359,-6468000000.0,12317000000.0,12317000000.0,140775000000.0,13002000000.0,1.646,1.041,11269000000.0,647000000.0,10622000000.0,11269000000.0,0.0,5156000000.0,0.0,0.03,1.65,22171000000.0,27327000000.0,0.158,27327000000.0,22171000000.0,21741000000.0,6.2,6.05,6.2,48535000000.0,45799750000.0,48535000000.0,117691472130.0,5.0,4.307,8905000000.0,4.286,1.0,32587000000.0,0.188,0.0,430000000.0,77365000000.0,75880750000.0,3353000000.0,16016000000.0,1160000000.0,14856000000.0,50505000000.0,20627000000.0,29878000000.0,117332472130.0,3978000000.0,-438000000.0,-2597000000.0,-885000000.0,-3456000000.0,-7162000000.0,-4309000000.0,-167000000.0,15373000000.0,76000000.0,13002000000.0,13002000000.0,13002000000.0,-264000000.0,0.0,0.075,10596000000.0,21991000000.0,12424000000.0,0.266,2.417,9.024,9.019,44669000000.0,0.0,55.92,0.677,0.67,16244000000.0,50008000000.0,173362000000.0,173362000000.0,739000000.0,0.137,0.284,0.292,0.128,0.0,4701000000.0,1.0,2098220174.0,2077743000,,83.438,99040000000.0,0.0,8739000000.0,12307000000.0,47.667,13316000000.0
65,CVX,MRT,2005-03-31,2005-03-31,2005-03-31,2021-09-09,-346000000.0,95803000000.0,92148500000.0,31159000000.0,64644000000.0,1.772,22.286,-6260000000.0,10687000000.0,10687000000.0,131196000000.0,13443000000.0,1.584,1.056,11046000000.0,624000000.0,10422000000.0,11046000000.0,0.0,5079000000.0,0.0,0.027,1.565,21886000000.0,26965000000.0,0.165,26965000000.0,21886000000.0,21466000000.0,6.37,6.22,6.37,46592000000.0,43922500000.0,46592000000.0,124690912610.0,6.0,4.624,8693000000.0,4.158,1.0,32066000000.0,0.196,0.0,420000000.0,76488000000.0,74879000000.0,3096000000.0,15711000000.0,1164000000.0,14547000000.0,49211000000.0,19674000000.0,29537000000.0,122709912610.0,4829000000.0,-387000000.0,-2256000000.0,-1224000000.0,-3297000000.0,-7000000000.0,-3201000000.0,-141000000.0,14953000000.0,77000000.0,13443000000.0,13443000000.0,13443000000.0,-283000000.0,0.0,0.082,10379000000.0,21687000000.0,11821000000.0,0.246,2.634,9.128,9.154,44215000000.0,0.0,58.31,0.752,0.747,15056000000.0,47258000000.0,163262000000.0,163262000000.0,765000000.0,0.146,0.306,0.292,0.134,0.0,4535000000.0,1.0,2104440278.0,2090609000,,78.093,95803000000.0,0.0,8023000000.0,11878000000.0,45.825,11485000000.0
66,CVX,MRT,2004-12-31,2004-12-31,2004-12-31,2021-09-09,-319000000.0,93208000000.0,89474500000.0,28503000000.0,64705000000.0,1.736,21.349,-6310000000.0,9291000000.0,9291000000.0,124069000000.0,13328000000.0,1.517,1.061,11272000000.0,816000000.0,10456000000.0,11272000000.0,0.0,4935000000.0,0.0,0.029,1.53,21251000000.0,26186000000.0,0.169,26186000000.0,21251000000.0,20845000000.0,6.3,6.14,6.3,45230000000.0,41816000000.0,45230000000.0,113066326464.0,5.0,4.318,8380000000.0,3.955,1.0,31231000000.0,0.201,0.0,406000000.0,76394000000.0,74208750000.0,2983000000.0,15840000000.0,1451000000.0,14389000000.0,47978000000.0,18795000000.0,29183000000.0,111248326464.0,5025000000.0,-410000000.0,-1645000000.0,-1284000000.0,-3236000000.0,-6224000000.0,-3499000000.0,-450000000.0,14690000000.0,58000000.0,13328000000.0,13328000000.0,13328000000.0,-294000000.0,0.0,0.086,10189000000.0,21042000000.0,10747000000.0,0.243,2.46,8.347,8.335,44458000000.0,0.0,52.51,0.716,0.716,13848000000.0,45414000000.0,155300000000.0,155300000000.0,697000000.0,0.149,0.319,0.286,0.137,0.0,4557000000.0,1.0,2118612197.0,2118612197,,73.303,93208000000.0,0.0,7517000000.0,11090000000.0,43.995,9708000000.0
67,CVX,MRT,2004-09-30,2004-09-30,2004-09-30,2021-09-09,-764000000.0,91020000000.0,86540000000.0,28820000000.0,62200000000.0,1.653,20.273,-6080000000.0,10037000000.0,10037000000.0,114737000000.0,11623000000.0,1.473,1.125,11855000000.0,1037000000.0,10818000000.0,11855000000.0,0.0,4979000000.0,0.0,0.028,1.495,18529000000.0,23508000000.0,0.164,23508000000.0,18529000000.0,18124000000.0,5.48,5.34,5.48,42842000000.0,39582250000.0,42842000000.0,118047183348.0,6.0,5.022,7622000000.0,3.607,1.0,28272000000.0,0.198,0.0,405000000.0,73276000000.0,73532750000.0,2954000000.0,14761000000.0,1005000000.0,13756000000.0,48178000000.0,19562000000.0,28616000000.0,114261183348.0,5654000000.0,173000000.0,-1046000000.0,-1414000000.0,-3167000000.0,-5653000000.0,-2363000000.0,-165000000.0,13702000000.0,-32000000.0,11623000000.0,11623000000.0,11623000000.0,-287000000.0,0.0,0.081,9953000000.0,18319000000.0,10975000000.0,0.273,2.667,9.831,9.788,43882000000.0,0.0,53.64,0.799,0.793,13843000000.0,42814000000.0,143009000000.0,143009000000.0,563000000.0,0.134,0.294,0.252,0.13,0.0,4411000000.0,1.0,2130148832.0,2113243000,,67.673,91020000000.0,0.0,6501000000.0,10992000000.0,43.071,9258000000.0
68,CVX,MRT,2004-06-30,2004-06-30,2004-06-30,2021-09-09,-820000000.0,88563000000.0,84112750000.0,26045000000.0,62518000000.0,1.583,19.327,-5977000000.0,8339000000.0,8339000000.0,106248000000.0,10397000000.0,1.371,1.159,12125000000.0,1803000000.0,10322000000.0,12125000000.0,0.0,5156000000.0,0.0,0.031,1.46,16796000000.0,21952000000.0,0.165,21952000000.0,16796000000.0,16383000000.0,4.98,4.96,4.98,41026000000.0,37682750000.0,41026000000.0,107249714463.0,6.0,4.886,7182000000.0,3.383,1.0,26881000000.0,0.202,0.0,413000000.0,73358000000.0,73696500000.0,3201000000.0,14328000000.0,998000000.0,13330000000.0,47537000000.0,18991000000.0,28546000000.0,100702714463.0,5247000000.0,350000000.0,-405000000.0,-926000000.0,-3098000000.0,-4519000000.0,-3332000000.0,-147000000.0,13159000000.0,-61000000.0,10397000000.0,10397000000.0,10397000000.0,-37000000.0,0.0,0.078,10044000000.0,16837000000.0,10031000000.0,0.293,2.455,9.686,9.449,44193000000.0,0.0,47.055,0.756,0.75,13020000000.0,40455000000.0,133129000000.0,133129000000.0,517000000.0,0.124,0.276,0.228,0.126,0.0,4377000000.0,1.0,2140106566.0,2122715000,,62.716,88563000000.0,0.0,5986000000.0,11057000000.0,41.722,7054000000.0
69,CVX,MRT,2004-03-31,2004-03-31,2004-03-31,2021-09-09,-799000000.0,85107000000.0,82118500000.0,22845000000.0,62262000000.0,1.512,17.946,-5678000000.0,5858000000.0,5858000000.0,100280000000.0,7872000000.0,1.28,1.23,12405000000.0,1525000000.0,10880000000.0,12405000000.0,0.0,5274000000.0,0.0,0.033,1.445,13600000000.0,18874000000.0,0.152,18874000000.0,13600000000.0,13163000000.0,3.795,3.77,3.795,38166000000.0,35951500000.0,38166000000.0,102232502097.0,8.0,5.417,6782000000.0,3.189,1.0,23877000000.0,0.192,0.0,437000000.0,73807000000.0,73879500000.0,2902000000.0,13730000000.0,1023000000.0,12707000000.0,46941000000.0,17847000000.0,29094000000.0,93901502097.0,2054000000.0,307000000.0,96000000.0,-3154000000.0,-3065000000.0,-6234000000.0,-4209000000.0,-255000000.0,12460000000.0,37000000.0,7872000000.0,7872000000.0,7872000000.0,-38000000.0,0.0,0.063,10235000000.0,13642000000.0,9691000000.0,0.381,2.46,11.929,11.565,44233000000.0,0.0,43.89,0.756,0.752,12717000000.0,37105000000.0,124157000000.0,124157000000.0,499000000.0,0.096,0.219,0.184,0.11,0.0,4452000000.0,1.0,2139473732.0,2126735000,,58.379,85107000000.0,0.0,5291000000.0,10344000000.0,40.018,4998000000.0
70,CVX,MRT,2003-12-31,2003-12-31,2003-12-31,2021-09-09,-809000000.0,81470000000.0,81167250000.0,19426000000.0,62044000000.0,1.494,16.977,-5625000000.0,4266000000.0,4266000000.0,97711000000.0,7230000000.0,1.206,1.245,12597000000.0,1703000000.0,10894000000.0,12597000000.0,0.0,5326000000.0,0.0,0.033,1.43,12998000000.0,18324000000.0,0.151,18324000000.0,12998000000.0,12524000000.0,3.48,3.55,3.48,36295000000.0,34613250000.0,36295000000.0,101228366282.0,8.0,5.524,6690000000.0,3.129,1.0,23566000000.0,0.194,0.0,474000000.0,73690000000.0,73775500000.0,2648000000.0,13320000000.0,1001000000.0,12319000000.0,45175000000.0,16111000000.0,29064000000.0,92347366282.0,1309000000.0,293000000.0,57000000.0,-3941000000.0,-3033000000.0,-7029000000.0,-4072000000.0,153000000.0,12315000000.0,95000000.0,7230000000.0,7230000000.0,7230000000.0,-44000000.0,0.0,0.06,10336000000.0,13230000000.0,8675000000.0,0.411,2.544,12.773,12.412,44538000000.0,0.0,43.195,0.761,0.761,11215000000.0,35315000000.0,121277000000.0,121277000000.0,570000000.0,0.089,0.209,0.176,0.107,0.0,4440000000.0,1.0,2137917960.0,2137917960,,56.727,81470000000.0,0.0,5294000000.0,8978000000.0,38.107,3315000000.0
71,CVX,MRT,2003-09-30,2003-09-30,2003-09-30,2021-09-09,-884000000.0,81311000000.0,80139500000.0,19153000000.0,62158000000.0,1.467,16.582,-5950000000.0,4383000000.0,4383000000.0,94983000000.0,6399000000.0,1.178,1.307,13264000000.0,1853000000.0,11411000000.0,13264000000.0,0.0,5208000000.0,0.0,0.04,1.415,12011000000.0,17219000000.0,0.146,17219000000.0,12011000000.0,11507000000.0,3.09,3.13,3.09,35244000000.0,33440500000.0,35244000000.0,86382509968.0,7.0,5.017,7011000000.0,3.299,1.0,22572000000.0,0.192,0.0,504000000.0,73931000000.0,73051750000.0,2714000000.0,13275000000.0,844000000.0,12431000000.0,46067000000.0,16261000000.0,29806000000.0,76363509968.0,1616000000.0,279000000.0,51000000.0,-3491000000.0,-2999000000.0,-6547000000.0,-4843000000.0,299000000.0,12961000000.0,45000000.0,6399000000.0,6399000000.0,6399000000.0,-101000000.0,0.0,0.054,10378000000.0,12194000000.0,8067000000.0,0.458,2.167,11.934,11.561,45916000000.0,0.0,35.725,0.65,0.646,11035000000.0,34352000000.0,117555000000.0,117555000000.0,633000000.0,0.08,0.191,0.164,0.102,0.0,4374000000.0,1.0,2137537018.0,2125436000,,55.309,81311000000.0,0.0,5108000000.0,9143000000.0,38.256,2892000000.0
72,CVX,MRT,2003-06-30,2003-06-30,2003-06-30,2021-09-09,-642000000.0,80586000000.0,78923500000.0,18355000000.0,62231000000.0,1.42,16.051,-6638000000.0,3092000000.0,3092000000.0,91675000000.0,3520000000.0,1.111,1.363,13111000000.0,1534000000.0,11577000000.0,13111000000.0,0.0,5326000000.0,0.0,0.039,1.4,8640000000.0,13966000000.0,0.125,13966000000.0,8640000000.0,8134000000.0,1.655,1.705,1.655,34101000000.0,32659750000.0,34101000000.0,88622786711.0,10.0,6.346,6721000000.0,3.164,1.0,20407000000.0,0.182,0.0,506000000.0,74090000000.0,72447250000.0,2927000000.0,12908000000.0,835000000.0,12073000000.0,46485000000.0,16515000000.0,29970000000.0,77133786711.0,440000000.0,18000000.0,42000000.0,-3967000000.0,-2965000000.0,-6921000000.0,-6066000000.0,246000000.0,13359000000.0,68000000.0,3520000000.0,3520000000.0,3520000000.0,-87000000.0,0.0,0.031,10487000000.0,9920000000.0,8434000000.0,0.846,2.262,21.913,21.813,46414000000.0,0.0,36.1,0.688,0.684,11024000000.0,32981000000.0,112082000000.0,112082000000.0,672000000.0,0.045,0.108,0.119,0.077,0.0,4209000000.0,1.0,2136669992.0,2124512000,,52.757,80586000000.0,0.0,4614000000.0,9496000000.0,37.932,1840000000.0
73,CVX,MRT,2003-03-31,2003-03-31,2003-03-31,2021-09-09,-1025000000.0,81302000000.0,78187500000.0,19519000000.0,61783000000.0,1.383,15.448,-7053000000.0,3804000000.0,3804000000.0,88598000000.0,2327000000.0,1.006,1.478,15293000000.0,4114000000.0,11179000000.0,15293000000.0,0.0,5206000000.0,0.0,0.043,1.4,7004000000.0,12210000000.0,0.113,12210000000.0,7004000000.0,6456000000.0,1.095,1.16,1.095,32813000000.0,32573500000.0,32813000000.0,82378719587.0,12.0,6.747,5153000000.0,2.426,1.0,19546000000.0,0.181,0.0,548000000.0,73391000000.0,71853750000.0,2831000000.0,12244000000.0,760000000.0,11484000000.0,48489000000.0,19400000000.0,29089000000.0,69066719587.0,279000000.0,0.0,24000000.0,-2567000000.0,-2965000000.0,-5535000000.0,-6445000000.0,373000000.0,12206000000.0,53000000.0,2327000000.0,2327000000.0,2327000000.0,-67000000.0,0.0,0.022,10550000000.0,8996000000.0,8530000000.0,1.279,2.105,29.681,29.521,46598000000.0,0.0,32.325,0.639,0.635,11424000000.0,32123000000.0,108144000000.0,108144000000.0,660000000.0,0.03,0.071,0.097,0.065,0.0,4301000000.0,1.0,2136634790.0,2124034000,,50.914,81302000000.0,0.0,4129000000.0,9275000000.0,38.277,119000000.0
74,CVX,MRT,2002-12-31,2002-12-31,2002-12-31,2021-09-09,-998000000.0,77359000000.0,77529500000.0,17776000000.0,59583000000.0,1.271,14.794,-7597000000.0,2957000000.0,2957000000.0,81528000000.0,1132000000.0,0.894,1.448,16269000000.0,5358000000.0,10911000000.0,16269000000.0,0.0,5169000000.0,0.0,0.042,1.4,4695000000.0,9864000000.0,0.1,9864000000.0,4695000000.0,4130000000.0,0.53,0.52,0.53,31604000000.0,32901000000.0,31604000000.0,84761064662.0,18.0,8.593,2346000000.0,1.098,1.0,17009000000.0,0.173,0.0,565000000.0,70795000000.0,71230500000.0,2763000000.0,11921000000.0,824000000.0,11097000000.0,45755000000.0,19876000000.0,25879000000.0,71011064662.0,840000000.0,0.0,41000000.0,-1121000000.0,-2965000000.0,-4071000000.0,-5047000000.0,209000000.0,9943000000.0,15000000.0,1132000000.0,1132000000.0,1132000000.0,-30000000.0,0.0,0.011,10491000000.0,6518000000.0,8455000000.0,2.642,2.247,62.731,62.717,44155000000.0,0.0,33.24,0.721,0.721,10723000000.0,30942000000.0,98537000000.0,98537000000.0,591000000.0,0.015,0.034,0.066,0.048,0.0,4155000000.0,1.0,2136313618.0,2136313618,,46.125,77359000000.0,0.0,2998000000.0,8318000000.0,36.211,-2100000000.0
75,CVX,MRT,2002-09-30,2002-09-30,2002-09-30,2021-09-09,-292000000.0,76447000000.0,77582750000.0,17775000000.0,58672000000.0,1.203,15.128,-9477000000.0,2767000000.0,2767000000.0,76728000000.0,-2294000000.0,0.951,1.38,16517000000.0,5180000000.0,11337000000.0,16517000000.0,0.0,7522000000.0,0.0,0.04,1.4,107000000.0,7629000000.0,0.082,7629000000.0,107000000.0,-488000000.0,-1.08,-1.315,-1.08,32121000000.0,33489500000.0,32121000000.0,88080087174.0,823.0,11.545,-1536000000.0,-0.723,1.0,16587000000.0,0.178,0.0,595000000.0,71513000000.0,71586500000.0,3017000000.0,11785000000.0,811000000.0,10974000000.0,44326000000.0,18684000000.0,25642000000.0,73964087174.0,-1165000000.0,0.0,-12000000.0,471000000.0,-2970000000.0,-2993000000.0,-6122000000.0,1058000000.0,7941000000.0,9000000.0,-2294000000.0,-2294000000.0,-2294000000.0,0.0,0.0,-0.025,14471000000.0,2116000000.0,7527000000.0,-1.296,2.303,-32.242,-32.06,43862000000.0,0.0,34.625,0.793,0.788,10340000000.0,30761000000.0,93315000000.0,93315000000.0,846000000.0,-0.03,-0.068,0.001,0.001,0.0,4283000000.0,1.0,2136146922.0,2123266000,,43.949,76447000000.0,0.0,1806000000.0,9023000000.0,36.004,-909000000.0
76,CVX,MRT,2002-06-30,2002-06-30,2002-06-30,2021-09-09,-298000000.0,77642000000.0,69603250000.0,17704000000.0,59938000000.0,1.349,15.916,-9317000000.0,2652000000.0,2652000000.0,75763000000.0,-121000000.0,0.883,1.3,16768000000.0,7070000000.0,9698000000.0,16768000000.0,0.0,7180000000.0,0.0,0.031,1.375,2701000000.0,9881000000.0,0.105,9881000000.0,2701000000.0,2037000000.0,-0.06,-0.06,-0.06,33756000000.0,31210000000.0,33756000000.0,108780946497.0,40.0,11.009,-1251000000.0,-0.59,1.0,18152000000.0,0.193,0.0,664000000.0,71716000000.0,63596250000.0,2944000000.0,12902000000.0,763000000.0,12139000000.0,43886000000.0,20042000000.0,23844000000.0,94470946497.0,-668000000.0,0.0,25000000.0,640000000.0,-2893000000.0,-2744000000.0,-5976000000.0,918000000.0,8066000000.0,-14000000.0,-121000000.0,-121000000.0,-121000000.0,0.0,0.0,-0.001,14035000000.0,4117000000.0,7010000000.0,-22.917,2.799,-780.752,-737.5,43779000000.0,0.0,44.25,1.006,0.999,10323000000.0,32409000000.0,93915000000.0,93915000000.0,848000000.0,-0.002,-0.004,0.042,0.029,0.0,4215000000.0,1.0,2134936644.0,2120868000,,44.281,77642000000.0,0.0,2158000000.0,8950000000.0,36.609,-2338000000.0
77,CVX,MRT,2002-03-31,2002-03-31,2002-03-31,2021-09-09,-255000000.0,78670000000.0,61206500000.0,18512000000.0,60158000000.0,1.606,16.095,-9565000000.0,3525000000.0,3525000000.0,78305000000.0,1580000000.0,0.838,1.305,17835000000.0,9163000000.0,8672000000.0,17835000000.0,0.0,7107000000.0,0.0,0.03,1.35,5494000000.0,12601000000.0,0.128,12601000000.0,5494000000.0,4773000000.0,0.74,0.74,0.74,34123000000.0,28327000000.0,34123000000.0,111637228583.0,20.0,8.859,-981000000.0,-0.463,1.0,19971000000.0,0.203,0.0,721000000.0,70898000000.0,55426000000.0,3029000000.0,13475000000.0,811000000.0,12664000000.0,44547000000.0,22082000000.0,22465000000.0,96336228583.0,674000000.0,0.0,74000000.0,1983000000.0,-2814000000.0,-1581000000.0,-6305000000.0,849000000.0,8584000000.0,-24000000.0,1580000000.0,1580000000.0,1580000000.0,0.0,0.0,0.016,13739000000.0,6232000000.0,7375000000.0,1.824,2.823,60.972,60.993,43446000000.0,0.0,45.135,0.98,0.974,10274000000.0,32750000000.0,98276000000.0,98276000000.0,962000000.0,0.026,0.056,0.099,0.056,0.0,3949000000.0,1.0,2134401874.0,2120160000,,46.353,78670000000.0,0.0,3193000000.0,8593000000.0,37.106,-3570000000.0
78,CVX,MRT,2001-12-31,2001-12-31,2001-12-31,2021-09-09,-306000000.0,77572000000.0,52243250000.0,18327000000.0,59245000000.0,2.034,26.427,-9713000000.0,2117000000.0,2117000000.0,83355000000.0,3288000000.0,0.887,1.284,17418000000.0,8429000000.0,8989000000.0,17418000000.0,0.0,7059000000.0,0.0,0.03,1.325,8481000000.0,15540000000.0,0.146,15540000000.0,8481000000.0,7648000000.0,1.55,1.545,1.55,33958000000.0,25108750000.0,33958000000.0,60739843204.0,7.0,3.909,1762000000.0,1.371,1.0,22890000000.0,0.215,0.0,833000000.0,72219000000.0,47381250000.0,2948000000.0,13285000000.0,1033000000.0,12252000000.0,43614000000.0,20654000000.0,22960000000.0,57572843204.0,-211000000.0,0.0,110000000.0,1386000000.0,-2733000000.0,-2113000000.0,-9542000000.0,-127000000.0,11475000000.0,-31000000.0,3288000000.0,3288000000.0,3288000000.0,0.0,0.0,0.031,13645000000.0,9245000000.0,6427000000.0,0.855,1.695,17.51,28.906,42882000000.0,0.0,44.805,0.542,0.542,9504000000.0,32767000000.0,106245000000.0,106245000000.0,1039000000.0,0.063,0.131,0.179,0.08,0.0,3984000000.0,1.0,1284964696.0,1284964696,,82.683,77572000000.0,0.0,4360000000.0,8531000000.0,60.369,-2327000000.0
79,CVX,MRT,2001-09-30,2001-09-30,2001-09-30,2021-09-09,-143000000.0,44529000000.0,52255500000.0,9937000000.0,34592000000.0,3.17,10.841,-10525000000.0,3417000000.0,3417000000.0,132212000000.0,9846000000.0,1.22,0.936,6584000000.0,1519000000.0,5065000000.0,6584000000.0,0.0,6667000000.0,0.0,0.031,1.3,19508000000.0,26175000000.0,0.158,26175000000.0,19508000000.0,18092000000.0,3.525,3.75,3.525,23003000000.0,24961500000.0,23003000000.0,58262267362.0,3.0,2.226,6668000000.0,3.142,1.0,33452000000.0,0.202,0.0,1416000000.0,39552000000.0,47963250000.0,1053000000.0,11215000000.0,1691000000.0,9524000000.0,21526000000.0,8144000000.0,13382000000.0,54448267362.0,1938000000.0,0.0,-79000000.0,-1329000000.0,-3382000000.0,-5329000000.0,-9893000000.0,410000000.0,17193000000.0,-33000000.0,9846000000.0,9846000000.0,9846000000.0,0.0,0.0,0.059,13247000000.0,20205000000.0,2840000000.0,0.369,2.367,5.53,12.021,23041000000.0,0.0,42.375,0.329,0.543,3852000000.0,23757000000.0,165664000000.0,165664000000.0,1211000000.0,0.188,0.394,0.407,0.118,0.0,5213000000.0,1.0,1284914864.0,2121910000,,78.073,44529000000.0,0.0,8246000000.0,7311000000.0,20.985,1793000000.0
80,CVX,MRT,2001-06-30,2001-06-30,2001-06-30,2021-09-09,-170000000.0,44055000000.0,51534750000.0,9657000000.0,34398000000.0,2.975,10.483,-9728000000.0,2895000000.0,2895000000.0,121371000000.0,10108000000.0,1.093,0.982,6709000000.0,2074000000.0,4635000000.0,6709000000.0,0.0,6296000000.0,0.0,0.029,1.3,19606000000.0,25902000000.0,0.169,25902000000.0,19606000000.0,18275000000.0,4.11,4.095,4.11,22224000000.0,23939750000.0,22224000000.0,62420658504.0,3.0,2.41,6981000000.0,3.293,1.0,31947000000.0,0.208,0.0,1331000000.0,39035000000.0,47854500000.0,1042000000.0,10889000000.0,1521000000.0,9368000000.0,21831000000.0,8834000000.0,12997000000.0,58055658504.0,1566000000.0,0.0,-1037000000.0,-1645000000.0,-3138000000.0,-6325000000.0,-8800000000.0,-20000000.0,16709000000.0,-18000000.0,10108000000.0,10108000000.0,10108000000.0,0.0,0.0,0.066,12158000000.0,19789000000.0,3124000000.0,0.316,2.612,5.744,11.01,23020000000.0,0.0,45.25,0.379,0.626,4286000000.0,23004000000.0,153318000000.0,153318000000.0,1141000000.0,0.196,0.422,0.41,0.128,0.0,4648000000.0,1.0,1282997978.0,2120046000,,72.318,44055000000.0,0.0,8167000000.0,7180000000.0,20.78,823000000.0
81,CVX,MRT,2001-03-31,2001-03-31,2001-03-31,2021-09-09,-169000000.0,42817000000.0,50865500000.0,9211000000.0,33606000000.0,2.69,10.037,-8710000000.0,2315000000.0,2315000000.0,108055000000.0,9116000000.0,1.088,1.015,6680000000.0,1876000000.0,4804000000.0,6680000000.0,0.0,5827000000.0,0.0,0.03,1.3,17630000000.0,23457000000.0,0.171,23457000000.0,17630000000.0,16390000000.0,3.97,3.955,3.97,21250000000.0,23071250000.0,21250000000.0,60624099119.0,3.0,2.584,7390000000.0,3.49,1.0,28793000000.0,0.21,0.0,1240000000.0,38719000000.0,47951500000.0,1133000000.0,10206000000.0,1471000000.0,8735000000.0,21567000000.0,8463000000.0,13104000000.0,56288099119.0,1014000000.0,0.0,-1071000000.0,-3291000000.0,-2899000000.0,-7440000000.0,-7629000000.0,2000000.0,16100000000.0,-17000000.0,9116000000.0,9116000000.0,9116000000.0,0.0,0.0,0.067,11014000000.0,17779000000.0,3100000000.0,0.327,2.649,6.175,11.058,22857000000.0,0.0,43.9,0.411,0.679,4156000000.0,22098000000.0,136848000000.0,136848000000.0,1015000000.0,0.179,0.395,0.368,0.129,0.0,4147000000.0,1.0,1282189046.0,2117270000,,64.634,42817000000.0,0.0,7274000000.0,6986000000.0,20.223,748000000.0
82,CVX,MRT,2000-12-31,2000-12-31,2000-12-31,2021-09-09,-310000000.0,77621000000.0,50473500000.0,17913000000.0,59708000000.0,2.36,25.996,-7629000000.0,2328000000.0,2328000000.0,93964000000.0,7727000000.0,1.075,1.326,15915000000.0,3094000000.0,12821000000.0,15915000000.0,0.0,5321000000.0,0.0,0.031,1.3,15159000000.0,20480000000.0,0.172,20480000000.0,15159000000.0,14049000000.0,3.615,3.605,3.615,33369000000.0,22260000000.0,33369000000.0,59926007637.0,4.0,2.926,5838000000.0,4.548,1.0,25166000000.0,0.211,0.0,1110000000.0,74547000000.0,48245000000.0,2654000000.0,12677000000.0,913000000.0,11764000000.0,44252000000.0,16661000000.0,27591000000.0,54195007637.0,331000000.0,0.0,-1498000000.0,-3202000000.0,-2664000000.0,-7489000000.0,-5642000000.0,831000000.0,13467000000.0,-5000000.0,7727000000.0,7727000000.0,7727000000.0,0.0,0.0,0.065,9896000000.0,15270000000.0,7563000000.0,0.36,1.624,7.014,11.679,44319000000.0,0.0,42.22,0.455,0.455,11981000000.0,32206000000.0,119130000000.0,119130000000.0,949000000.0,0.153,0.347,0.314,0.127,0.0,3626000000.0,1.0,1283633530.0,1283633530,,92.807,77621000000.0,0.0,6322000000.0,9677000000.0,60.47,1252000000.0
83,CVX,MRT,2000-09-30,2000-09-30,2000-09-30,2021-09-09,-173000000.0,41646000000.0,41235250000.0,8671000000.0,32975000000.0,2.393,14.584,-7304000000.0,1342000000.0,1342000000.0,77886000000.0,5677000000.0,1.05,1.202,7073000000.0,1714000000.0,5359000000.0,7073000000.0,0.0,5119000000.0,0.0,0.03,1.3,11421000000.0,16540000000.0,0.168,16540000000.0,11421000000.0,10267000000.0,3.375,3.37,3.375,18916000000.0,18355000000.0,18916000000.0,62080920999.0,5.0,3.753,3385000000.0,2.61,1.0,20792000000.0,0.211,0.0,1154000000.0,39117000000.0,39446500000.0,1057000000.0,9322000000.0,1318000000.0,8004000000.0,22730000000.0,8260000000.0,14470000000.0,55639920999.0,864000000.0,101000000.0,-1256000000.0,-776000000.0,-2662000000.0,-4777000000.0,-5016000000.0,-15000000.0,10689000000.0,-32000000.0,5677000000.0,5677000000.0,5677000000.0,0.0,0.0,0.058,9300000000.0,11492000000.0,3350000000.0,0.385,2.941,9.801,12.63,22945000000.0,0.0,42.625,0.564,0.56,4562000000.0,19825000000.0,98678000000.0,98678000000.0,1000000000.0,0.138,0.309,0.29,0.116,0.0,3181000000.0,1.0,1305335390.0,1297040000,,76.079,41646000000.0,0.0,4590000000.0,7264000000.0,32.108,411000000.0
84,CVX,MRT,2000-06-30,2000-06-30,2000-06-30,2021-09-09,-129000000.0,41378000000.0,40862000000.0,8566000000.0,32812000000.0,2.331,14.35,-8132000000.0,1102000000.0,1102000000.0,75959000000.0,4728000000.0,1.02,1.207,7543000000.0,2177000000.0,5366000000.0,7543000000.0,0.0,5085000000.0,0.0,0.03,1.28,9873000000.0,14958000000.0,0.157,14958000000.0,9873000000.0,8704000000.0,2.635,2.635,2.635,18750000000.0,17956000000.0,18750000000.0,63020546695.0,6.0,4.213,1487000000.0,1.138,1.0,19275000000.0,0.202,0.0,1169000000.0,39423000000.0,39148750000.0,1512000000.0,6397000000.0,622000000.0,5775000000.0,22628000000.0,8396000000.0,14232000000.0,55293546695.0,575000000.0,101000000.0,-325000000.0,-178000000.0,-2640000000.0,-3226000000.0,-5788000000.0,790000000.0,9619000000.0,-30000000.0,4728000000.0,4728000000.0,4728000000.0,0.0,0.0,0.05,9331000000.0,9944000000.0,3382000000.0,0.486,2.949,11.695,16.093,25093000000.0,0.0,42.405,0.581,0.582,4991000000.0,18715000000.0,95234000000.0,95234000000.0,1107000000.0,0.116,0.263,0.252,0.104,0.0,3139000000.0,1.0,1303939316.0,1306634000,,72.885,41378000000.0,0.0,3976000000.0,7013000000.0,31.668,170000000.0
85,CVX,MRT,2000-03-31,2000-03-31,2000-03-31,2021-09-09,-120000000.0,41249000000.0,40118000000.0,8517000000.0,32732000000.0,2.262,13.721,-8010000000.0,1185000000.0,1185000000.0,73076000000.0,3962000000.0,0.938,1.291,8912000000.0,3512000000.0,5400000000.0,8912000000.0,0.0,5019000000.0,0.0,0.027,1.26,8303000000.0,13322000000.0,0.147,13322000000.0,8303000000.0,7147000000.0,2.05,2.045,2.05,18005000000.0,17555000000.0,18005000000.0,68110253886.0,8.0,5.113,297000000.0,0.226,1.0,17675000000.0,0.195,0.0,1156000000.0,39893000000.0,38398750000.0,1448000000.0,6270000000.0,627000000.0,5643000000.0,23244000000.0,9083000000.0,14161000000.0,60536253886.0,872000000.0,101000000.0,-332000000.0,1159000000.0,-2617000000.0,-1873000000.0,-5530000000.0,774000000.0,8307000000.0,-32000000.0,3962000000.0,3962000000.0,3962000000.0,0.0,0.0,0.044,9301000000.0,8374000000.0,3064000000.0,0.615,3.362,15.279,22.546,25182000000.0,0.0,46.22,0.667,0.668,4837000000.0,18024000000.0,90751000000.0,90751000000.0,1080000000.0,0.099,0.226,0.216,0.091,0.0,3202000000.0,1.0,1309741538.0,1312264000,,69.156,41249000000.0,0.0,3185000000.0,6543000000.0,31.433,-566000000.0
86,CVX,MRT,1999-12-31,1999-12-31,1999-12-31,2021-09-09,-115000000.0,40668000000.0,39247250000.0,8297000000.0,32371000000.0,2.184,13.523,-7895000000.0,1345000000.0,1345000000.0,69470000000.0,3247000000.0,0.933,1.291,8919000000.0,3434000000.0,5485000000.0,8919000000.0,0.0,4934000000.0,0.0,0.029,1.24,6944000000.0,11878000000.0,0.139,11878000000.0,6944000000.0,5812000000.0,1.505,1.5,1.505,17749000000.0,17351250000.0,17749000000.0,64466289968.0,9.0,5.427,-124000000.0,-0.094,1.0,16243000000.0,0.19,0.0,1132000000.0,39353000000.0,37768000000.0,1402000000.0,5918000000.0,687000000.0,5231000000.0,22919000000.0,8889000000.0,14030000000.0,56852289968.0,1001000000.0,101000000.0,108000000.0,1434000000.0,-2589000000.0,-1130000000.0,-5610000000.0,597000000.0,7771000000.0,-30000000.0,3247000000.0,3247000000.0,3247000000.0,0.0,0.0,0.038,9228000000.0,7015000000.0,3103000000.0,0.824,3.203,17.509,28.781,25317000000.0,0.0,43.315,0.663,0.663,4503000000.0,17400000000.0,85713000000.0,85713000000.0,1072000000.0,0.083,0.187,0.184,0.081,0.0,3222000000.0,1.0,1312531224.0,1312531224,,65.304,40668000000.0,0.0,2565000000.0,6152000000.0,30.984,-592000000.0
87,CVX,MRT,1999-09-30,1999-09-30,1999-09-30,2021-09-09,-156000000.0,40153000000.0,38215250000.0,7335000000.0,32818000000.0,0.861,13.177,-4590000000.0,703000000.0,703000000.0,25150000000.0,1055000000.0,0.745,1.318,8317000000.0,3460000000.0,4857000000.0,8317000000.0,0.0,2612000000.0,0.0,0.027,1.22,2075000000.0,4687000000.0,0.143,4687000000.0,2075000000.0,1632000000.0,0.805,0.8,0.805,17320000000.0,17172500000.0,17320000000.0,65586693156.0,32.0,13.993,-305000000.0,-0.232,1.0,7739000000.0,0.235,0.0,443000000.0,37926000000.0,37020500000.0,1472000000.0,5867000000.0,762000000.0,5105000000.0,22833000000.0,9841000000.0,12992000000.0,58218693156.0,-449000000.0,0.0,142000000.0,773000000.0,-1597000000.0,-682000000.0,-4044000000.0,-158000000.0,4285000000.0,-8000000.0,1055000000.0,1055000000.0,1055000000.0,0.0,0.0,0.032,5664000000.0,2075000000.0,2790000000.0,1.516,3.361,55.184,55.124,25691000000.0,0.0,44.375,1.77,1.773,4202000000.0,17016000000.0,32889000000.0,32889000000.0,506000000.0,0.028,0.061,0.056,0.063,0.0,2546000000.0,1.0,1311970550.0,1314380000,1314380000.0,25.022,40153000000.0,0.0,577000000.0,6064000000.0,30.549,-2506000000.0
88,CVX,MRT,1999-06-30,1999-06-30,1999-06-30,2021-09-09,-122000000.0,38402000000.0,37319500000.0,7157000000.0,31245000000.0,0.814,13.05,-3816000000.0,752000000.0,752000000.0,23277000000.0,934000000.0,0.766,1.24,8120000000.0,3801000000.0,4319000000.0,8120000000.0,0.0,2408000000.0,0.0,0.026,1.22,1722000000.0,4130000000.0,0.136,4130000000.0,1722000000.0,1292000000.0,0.715,0.71,0.715,17146000000.0,17240000000.0,17146000000.0,69892546284.0,41.0,16.923,443000000.0,0.337,1.0,7113000000.0,0.234,0.0,430000000.0,36423000000.0,36271500000.0,1416000000.0,5871000000.0,955000000.0,4916000000.0,21256000000.0,9347000000.0,11909000000.0,62297546284.0,-433000000.0,0.0,-27000000.0,540000000.0,-1598000000.0,-1085000000.0,-3599000000.0,-434000000.0,4259000000.0,-8000000.0,934000000.0,934000000.0,934000000.0,0.0,0.0,0.031,5391000000.0,1722000000.0,2384000000.0,1.706,3.633,66.7,66.476,24430000000.0,0.0,47.53,2.05,2.055,3890000000.0,16828000000.0,30390000000.0,30390000000.0,427000000.0,0.025,0.054,0.047,0.057,0.0,2556000000.0,1.0,1310699480.0,1313820000,1313820000.0,23.131,38402000000.0,0.0,358000000.0,5055000000.0,29.229,-2190000000.0
89,CVX,MRT,1999-03-31,1999-03-31,1999-03-31,2021-09-09,-107000000.0,37766000000.0,36763000000.0,6459000000.0,31307000000.0,0.806,13.129,-3947000000.0,538000000.0,538000000.0,22448000000.0,1161000000.0,0.808,1.197,8133000000.0,3795000000.0,4338000000.0,8133000000.0,0.0,2332000000.0,0.0,0.027,1.22,1990000000.0,4322000000.0,0.146,4322000000.0,1990000000.0,1574000000.0,0.885,0.885,0.885,17190000000.0,17372000000.0,17190000000.0,64972459151.0,33.0,15.033,198000000.0,0.151,1.0,7170000000.0,0.242,0.0,416000000.0,37370000000.0,35903000000.0,1429000000.0,5741000000.0,947000000.0,4794000000.0,20576000000.0,7991000000.0,12585000000.0,57983459151.0,-727000000.0,0.0,-27000000.0,770000000.0,-1596000000.0,-853000000.0,-4013000000.0,-438000000.0,4145000000.0,-6000000.0,1161000000.0,1161000000.0,1161000000.0,0.0,0.0,0.039,5180000000.0,1990000000.0,2282000000.0,1.379,3.373,49.943,50.141,24399000000.0,0.0,44.375,1.958,1.962,3718000000.0,16878000000.0,29618000000.0,29618000000.0,465000000.0,0.032,0.067,0.055,0.067,0.0,2383000000.0,1.0,1306669502.0,1309354000,1309354000.0,22.62,37766000000.0,0.0,413000000.0,4668000000.0,28.843,-1532000000.0
90,CVX,MRT,1998-12-31,1998-12-31,1998-12-31,2021-09-09,-90000000.0,36540000000.0,36284000000.0,6297000000.0,30243000000.0,0.842,13.03,-3880000000.0,569000000.0,569000000.0,23281000000.0,1339000000.0,0.879,1.145,7558000000.0,3165000000.0,4393000000.0,7558000000.0,0.0,2320000000.0,0.0,0.029,1.22,2239000000.0,4559000000.0,0.149,4559000000.0,2239000000.0,1834000000.0,1.025,1.02,1.025,17034000000.0,17443750000.0,17034000000.0,60137720372.0,27.0,13.191,-149000000.0,-0.114,1.0,7276000000.0,0.238,0.0,405000000.0,36363000000.0,35166500000.0,1455000000.0,5448000000.0,844000000.0,4604000000.0,19506000000.0,7166000000.0,12340000000.0,54113720372.0,-446000000.0,0.0,-261000000.0,1549000000.0,-1596000000.0,-308000000.0,-3859000000.0,-183000000.0,3731000000.0,-10000000.0,1339000000.0,1339000000.0,1339000000.0,0.0,0.0,0.044,5037000000.0,2239000000.0,2170000000.0,1.19,3.177,40.414,40.459,23729000000.0,0.0,41.47,1.771,1.774,3685000000.0,16942000000.0,30557000000.0,30557000000.0,478000000.0,0.037,0.077,0.064,0.073,0.0,2239000000.0,1.0,1304888362.0,1307333718,1307333718.0,23.374,36540000000.0,0.0,495000000.0,4274000000.0,27.95,-869000000.0
91,CVX,MRT,1998-09-30,1998-09-30,1998-09-30,2021-09-09,-88000000.0,36570000000.0,36017250000.0,6839000000.0,29731000000.0,0.931,13.427,-4009000000.0,1152000000.0,1152000000.0,25075000000.0,2420000000.0,0.892,1.079,7176000000.0,2867000000.0,4309000000.0,7176000000.0,0.0,2331000000.0,0.0,0.029,1.205,4179000000.0,6510000000.0,0.194,6510000000.0,4179000000.0,3798000000.0,1.845,1.84,1.845,17590000000.0,17553250000.0,17590000000.0,61089592419.0,15.0,9.384,424000000.0,0.324,1.0,8468000000.0,0.252,0.0,381000000.0,34930000000.0,34470750000.0,1364000000.0,5228000000.0,616000000.0,4612000000.0,18980000000.0,7664000000.0,11316000000.0,55011592419.0,161000000.0,0.0,-365000000.0,1024000000.0,-1580000000.0,-921000000.0,-3360000000.0,-33000000.0,4433000000.0,9000000.0,2420000000.0,2420000000.0,2420000000.0,0.0,0.0,0.072,4289000000.0,4179000000.0,2187000000.0,0.653,3.127,22.732,22.78,23515000000.0,0.0,42.03,1.64,1.642,3713000000.0,17539000000.0,33543000000.0,33543000000.0,566000000.0,0.067,0.138,0.121,0.125,0.0,1392000000.0,1.0,1308864916.0,1310066000,1310066000.0,25.604,36570000000.0,0.0,1378000000.0,5091000000.0,27.915,-825000000.0
92,CVX,MRT,1998-06-30,1998-06-30,1998-06-30,2021-09-09,-95000000.0,36176000000.0,35742500000.0,6879000000.0,29297000000.0,1.013,13.482,-3944000000.0,1185000000.0,1185000000.0,27375000000.0,2686000000.0,0.942,1.047,7263000000.0,2914000000.0,4349000000.0,7263000000.0,0.0,2316000000.0,0.0,0.028,1.19,4627000000.0,6943000000.0,0.192,6943000000.0,4627000000.0,4280000000.0,2.05,2.04,2.05,17674000000.0,17419000000.0,17674000000.0,60580634989.0,13.0,8.725,121000000.0,0.092,1.0,8818000000.0,0.244,0.0,347000000.0,34949000000.0,34081250000.0,1445000000.0,5258000000.0,525000000.0,4733000000.0,18502000000.0,7305000000.0,11197000000.0,54776634989.0,-95000000.0,0.0,-58000000.0,883000000.0,-1559000000.0,-734000000.0,-3411000000.0,-75000000.0,4065000000.0,-15000000.0,2686000000.0,2686000000.0,2686000000.0,0.0,0.0,0.074,4191000000.0,4627000000.0,2207000000.0,0.58,3.099,20.393,20.427,23104000000.0,0.0,41.875,1.513,1.517,3527000000.0,17472000000.0,36193000000.0,36193000000.0,549000000.0,0.075,0.154,0.136,0.128,0.0,1326000000.0,1.0,1308098746.0,1310918000,1310918000.0,27.609,36176000000.0,0.0,1594000000.0,4549000000.0,27.596,-426000000.0
93,CVX,MRT,1998-03-31,1998-03-31,1998-03-31,2021-09-09,-91000000.0,35850000000.0,35437750000.0,7064000000.0,28786000000.0,1.086,13.344,-3917000000.0,1265000000.0,1265000000.0,29095000000.0,2932000000.0,0.977,1.051,7069000000.0,2707000000.0,4362000000.0,7069000000.0,0.0,2308000000.0,0.0,0.029,1.175,5141000000.0,7449000000.0,0.193,7449000000.0,5141000000.0,4817000000.0,2.24,2.225,2.24,17477000000.0,17137000000.0,17477000000.0,57527757184.0,11.0,7.723,310000000.0,0.237,1.0,9403000000.0,0.244,0.0,324000000.0,34424000000.0,33306000000.0,1439000000.0,5119000000.0,501000000.0,4618000000.0,18373000000.0,7230000000.0,11143000000.0,52474757184.0,-120000000.0,0.0,11000000.0,350000000.0,-1539000000.0,-1178000000.0,-3156000000.0,-74000000.0,4227000000.0,-13000000.0,2932000000.0,2932000000.0,2932000000.0,0.0,0.0,0.076,4262000000.0,5141000000.0,2319000000.0,0.525,3.003,17.897,17.926,22813000000.0,0.0,40.155,1.363,1.366,3621000000.0,17294000000.0,38498000000.0,38498000000.0,513000000.0,0.083,0.171,0.154,0.134,0.0,1441000000.0,1.0,1306805060.0,1309742000,1309742000.0,29.394,35850000000.0,0.0,1885000000.0,4447000000.0,27.372,-166000000.0
94,CVX,MRT,1997-12-31,1997-12-31,1997-12-31,2021-09-09,-77000000.0,35473000000.0,35204500000.0,7006000000.0,28467000000.0,1.192,13.338,-3899000000.0,1015000000.0,1015000000.0,31823000000.0,3256000000.0,1.009,1.03,6068000000.0,1637000000.0,4431000000.0,6068000000.0,0.0,2300000000.0,0.0,0.03,1.14,5814000000.0,8114000000.0,0.193,8114000000.0,5814000000.0,5502000000.0,2.485,2.475,2.485,17472000000.0,16803500000.0,17472000000.0,55795953203.0,10.0,6.877,981000000.0,0.749,1.0,10140000000.0,0.242,0.0,312000000.0,33580000000.0,32690750000.0,1378000000.0,5151000000.0,655000000.0,4496000000.0,18001000000.0,6946000000.0,11055000000.0,50569953203.0,123000000.0,0.0,173000000.0,-558000000.0,-1493000000.0,-1878000000.0,-2860000000.0,101000000.0,4880000000.0,-19000000.0,3256000000.0,3256000000.0,3256000000.0,0.0,0.0,0.078,4326000000.0,5814000000.0,2735000000.0,0.459,2.894,15.531,15.493,22671000000.0,0.0,38.5,1.205,1.202,3845000000.0,17185000000.0,41963000000.0,41963000000.0,493000000.0,0.092,0.194,0.178,0.139,0.0,1533000000.0,1.0,1313505278.0,1309981842,1309981842.0,32.033,35473000000.0,0.0,2246000000.0,4339000000.0,27.079,60000000.0
95,CVX,MRT,1997-09-30,1997-09-30,1997-09-30,2021-09-09,-68000000.0,35471000000.0,35049750000.0,7241000000.0,28230000000.0,1.233,12.972,-3729000000.0,991000000.0,991000000.0,33774000000.0,2845000000.0,0.989,1.08,6217000000.0,1753000000.0,4464000000.0,6217000000.0,0.0,2246000000.0,0.0,0.027,1.12,5401000000.0,7647000000.0,0.177,7647000000.0,5401000000.0,5084000000.0,2.175,,2.175,17053000000.0,16341250000.0,17053000000.0,59585879644.0,11.0,7.792,1958000000.0,1.489,1.0,9432000000.0,0.218,0.0,317000000.0,33372000000.0,32233000000.0,1409000000.0,5125000000.0,573000000.0,4552000000.0,18418000000.0,7325000000.0,11093000000.0,54424879644.0,-100000000.0,0.0,297000000.0,-1223000000.0,-1464000000.0,-2390000000.0,-3373000000.0,-110000000.0,5687000000.0,-24000000.0,2845000000.0,2845000000.0,2845000000.0,0.0,0.0,0.066,4031000000.0,5401000000.0,2795000000.0,0.515,3.192,19.13,19.11,22377000000.0,0.0,41.565,1.26,1.265,3884000000.0,16692000000.0,43206000000.0,43206000000.0,414000000.0,0.081,0.174,0.168,0.125,0.0,1371000000.0,1.0,1309392028.0,1314580000,,32.867,35471000000.0,0.0,2239000000.0,4528000000.0,26.983,-84000000.0
96,CVX,MRT,1997-06-30,1997-06-30,1997-06-30,2021-09-09,-70000000.0,34957000000.0,,7425000000.0,27532000000.0,,12.631,-3551000000.0,1280000000.0,1280000000.0,34447000000.0,2773000000.0,0.898,1.113,6441000000.0,2888000000.0,3553000000.0,6441000000.0,0.0,2256000000.0,0.0,0.03,1.1,5427000000.0,7683000000.0,0.175,7683000000.0,5427000000.0,5086000000.0,2.12,,2.12,16546000000.0,,16546000000.0,53754409630.0,10.0,6.997,1906000000.0,1.455,1.0,9480000000.0,0.216,0.0,341000000.0,31848000000.0,,1458000000.0,4826000000.0,447000000.0,4379000000.0,18411000000.0,8270000000.0,10141000000.0,48356409630.0,228000000.0,0.0,118000000.0,-931000000.0,-1437000000.0,-2250000000.0,-2975000000.0,16000000.0,5457000000.0,-4000000.0,2773000000.0,2773000000.0,2773000000.0,0.0,0.0,0.063,4053000000.0,5427000000.0,2614000000.0,0.519,2.923,17.438,17.453,22045000000.0,0.0,37.0,1.101,1.103,3784000000.0,16338000000.0,43927000000.0,43927000000.0,424000000.0,,,,0.124,0.0,1373000000.0,1.0,1306929990.0,1309930000,,33.534,34957000000.0,0.0,2313000000.0,4413000000.0,26.686,-845000000.0
97,CVX,MRT,1997-03-31,1997-03-31,1997-03-31,2021-09-09,63000000.0,34917000000.0,,7701000000.0,27216000000.0,,12.355,-3480000000.0,1385000000.0,1385000000.0,35147000000.0,2822000000.0,0.922,1.163,6783000000.0,2865000000.0,3918000000.0,6783000000.0,0.0,2231000000.0,0.0,0.03,1.06,5460000000.0,7691000000.0,0.172,7691000000.0,5460000000.0,5110000000.0,2.16,,2.16,16143000000.0,,16143000000.0,51295313989.0,9.0,6.67,2394000000.0,1.832,1.0,9503000000.0,0.213,0.0,350000000.0,31963000000.0,,1335000000.0,4945000000.0,421000000.0,4524000000.0,18774000000.0,8352000000.0,10422000000.0,45493313989.0,405000000.0,0.0,23000000.0,-1135000000.0,-1385000000.0,-2497000000.0,-2965000000.0,46000000.0,5874000000.0,-7000000.0,2822000000.0,2822000000.0,2822000000.0,0.0,0.0,0.063,4043000000.0,5460000000.0,2817000000.0,0.491,2.818,16.121,16.118,21684000000.0,0.0,34.815,1.019,1.019,3988000000.0,15893000000.0,44650000000.0,44650000000.0,444000000.0,,,,0.122,0.0,1368000000.0,1.0,1306715898.0,1306646000,,34.171,34917000000.0,0.0,2288000000.0,4311000000.0,26.723,-651000000.0
98,CVX,MRT,1996-12-31,1996-12-31,1996-12-31,2021-09-09,96000000.0,34854000000.0,34592000000.0,7942000000.0,26912000000.0,1.269,11.967,-3424000000.0,892000000.0,892000000.0,34741000000.0,2607000000.0,0.892,1.231,6694000000.0,2706000000.0,3988000000.0,6694000000.0,0.0,2216000000.0,0.0,0.032,1.04,5104000000.0,7320000000.0,0.167,7320000000.0,5104000000.0,4740000000.0,1.995,1.99,1.995,15623000000.0,14989000000.0,15623000000.0,,,,2523000000.0,1.933,1.0,9152000000.0,0.209,0.0,364000000.0,31749000000.0,32170000000.0,1431000000.0,5208000000.0,745000000.0,4463000000.0,19231000000.0,8907000000.0,10324000000.0,42468266685.0,271000000.0,0.0,23000000.0,-1560000000.0,-1358000000.0,-2895000000.0,-2779000000.0,44000000.0,5947000000.0,-2000000.0,2607000000.0,2607000000.0,2607000000.0,0.0,0.0,0.059,4048000000.0,5104000000.0,3502000000.0,0.521,2.718,16.29,16.291,21496000000.0,0.0,32.5,0.968,0.967,4296000000.0,15408000000.0,43893000000.0,43893000000.0,455000000.0,0.075,0.174,0.159,0.116,0.0,1377000000.0,1.0,1306715898.0,1305538500,1305538500.0,33.621,34854000000.0,0.0,2133000000.0,4130000000.0,26.697,-965000000.0
99,CVX,MRT,1996-09-30,1996-09-30,1996-09-30,2021-09-09,,,,,,,,,,,,,,,,,,,,,,0.033,1.02,,,,,,,,,,,,,,,,,,1.0,,,,,,,,,,,,,,,,,,,,,,,,,,,,,,,,,,,,,,,,31.315,,,,,,,,,,,,,,1.0,,1305342000,,,,,,,,
100,CVX,MRT,1996-06-30,1996-06-30,1996-06-30,2021-09-09,,,,,,,,,,,,,,,,,,,,,,0.034,1.0,,,,,,,,,,,,,,,,,,1.0,,,,,,,,,,,,,,,,,,,,,,,,,,,,,,,,,,,,,,,,29.5,,,,,,,,,,,,,,1.0,,1305428000,,,,,,,,
101,CVX,MRT,1996-03-31,1996-03-31,1996-03-31,2021-09-09,,,,,,,,,,,,,,,,,,,,,,0.035,0.982,,,,,,,,,,,,,,,,,,1.0,,,,,,,,,,,,,,,,,,,,,,,,,,,,,,,,,,,,,,,,28.065,,,,,,,,,,,,,,1.0,,1305126000,,,,,,,,
102,CVX,MRT,1995-12-31,1995-12-31,1995-12-31,2021-09-09,174000000.0,34330000000.0,,7867000000.0,26463000000.0,,11.007,-3529000000.0,621000000.0,621000000.0,29755000000.0,930000000.0,0.833,1.392,8327000000.0,3806000000.0,4521000000.0,8327000000.0,0.0,3381000000.0,0.0,0.037,0.963,2190000000.0,5571000000.0,0.15,5571000000.0,2190000000.0,1789000000.0,0.715,0.715,0.715,14355000000.0,,14355000000.0,,,,528000000.0,0.405,1.0,7327000000.0,0.198,0.0,401000000.0,32591000000.0,,1598000000.0,4860000000.0,773000000.0,4087000000.0,19975000000.0,9445000000.0,10530000000.0,,208000000.0,0.0,14000000.0,206000000.0,-1255000000.0,-1035000000.0,-2804000000.0,144000000.0,4057000000.0,-10000000.0,930000000.0,930000000.0,930000000.0,0.0,0.0,0.025,5137000000.0,2190000000.0,3294000000.0,1.347,,,36.629,21696000000.0,0.0,26.19,,0.921,4163000000.0,14146000000.0,37082000000.0,37082000000.0,372000000.0,,,,0.059,0.0,1384000000.0,1.0,,1304167608,1304167608.0,28.433,34330000000.0,0.0,859000000.0,3521000000.0,26.323,-1578000000.0
103,CVX,MRT,1994-12-31,1994-12-31,1994-12-31,2021-09-09,,,,,,,,-3405000000.0,,,28932000000.0,1693000000.0,,,,,,,,2431000000.0,,0.041,0.925,3149000000.0,5580000000.0,0.156,5580000000.0,3149000000.0,2803000000.0,1.3,,1.3,,,,,,,-509000000.0,-0.391,1.0,6922000000.0,0.193,,346000000.0,,,,,,,,,,,-1231000000.0,0.0,-5000000.0,314000000.0,-1206000000.0,-897000000.0,-3219000000.0,-545000000.0,2896000000.0,-11000000.0,1693000000.0,1693000000.0,1693000000.0,0.0,0.0,0.047,3773000000.0,3149000000.0,,0.712,,,17.165,,0.0,22.315,,0.811,,,35854000000.0,35854000000.0,379000000.0,,,,0.088,0.0,963000000.0,1.0,,1303344476,,27.509,,,1110000000.0,,,
