None,ticker,dimension,calendardate,datekey,reportperiod,lastupdated,accoci,assets,assetsavg,assetsc,assetsnc,assetturnover,bvps,capex,cashneq,cashnequsd,cor,consolinc,currentratio,de,debt,debtc,debtnc,debtusd,deferredrev,depamor,deposits,divyield,dps,ebit,ebitda,ebitdamargin,ebitdausd,ebitusd,ebt,eps,epsdil,epsusd,equity,equityavg,equityusd,ev,evebit,evebitda,fcf,fcfps,fxusd,gp,grossmargin,intangibles,intexp,invcap,invcapavg,inventory,investments,investmentsc,investmentsnc,liabilities,liabilitiesc,liabilitiesnc,marketcap,ncf,ncfbus,ncfcommon,ncfdebt,ncfdiv,ncff,ncfi,ncfinv,ncfo,ncfx,netinc,netinccmn,netinccmnusd,netincdis,netincnci,netmargin,opex,opinc,payables,payoutratio,pb,pe,pe1,ppnenet,prefdivis,price,ps,ps1,receivables,retearn,revenue,revenueusd,rnd,roa,roe,roic,ros,sbcomp,sgna,sharefactor,sharesbas,shareswa,shareswadil,sps,tangibles,taxassets,taxexp,taxliabilities,tbvps,workingcapital
0,RRD,MRY,2020-12-31,2020-12-31,2020-12-31,2021-09-07,-153900000.0,3130900000.0,3299950000.0,1756600000.0,1374300000.0,1.444,-3.564,-85600000.0,288800000.0,288800000.0,3789200000.0,99000000.0,1.361,-13.095,1733400000.0,134500000.0,1598900000.0,1733400000.0,0.0,150300000.0,0.0,0.013,0.03,243600000.0,393900000.0,0.083,393900000.0,243600000.0,108500000.0,1.36,1.36,1.36,-257700000.0,-408350000.0,-257700000.0,1992164000.0,8.0,5.058,64200000.0,0.888,1.0,977100000.0,0.205,479400000.0,135100000.0,2805900000.0,3315200000.0,302100000.0,0.0,0.0,0.0,3374700000.0,1290200000.0,2084500000.0,161364000.0,133800000.0,247600000.0,0.0,-323000000.0,-2100000.0,-329300000.0,305000000.0,43000000.0,149800000.0,8300000.0,98500000.0,98500000.0,98500000.0,-124900000.0,500000.0,0.021,869000000.0,108100000.0,804500000.0,0.022,-0.626,1.638,1.662,662600000.0,0.0,2.26,0.034,0.034,1009200000.0,-2240700000.0,4766300000.0,4766300000.0,0.0,0.03,-0.241,0.073,0.051,8100000.0,597500000.0,1.0,71400000.0,72300000.0,72300000.0,65.924,2651500000.0,78500000.0,10000000.0,68300000.0,36.674,466400000.0
1,RRD,MRY,2019-12-31,2019-12-31,2019-12-31,2021-09-07,-176200000.0,3330100000.0,3524850000.0,1830900000.0,1499200000.0,1.553,-5.389,-138800000.0,191900000.0,191900000.0,4389300000.0,-92700000.0,1.368,-9.644,2019400000.0,135800000.0,1883600000.0,2019400000.0,0.0,169200000.0,0.0,0.03,0.12,112300000.0,281500000.0,0.051,281500000.0,112300000.0,-38300000.0,-1.31,-1.31,-1.31,-383700000.0,-305950000.0,-383700000.0,2365355000.0,21.0,8.403,500000.0,0.007,1.0,1083900000.0,0.198,493300000.0,150600000.0,3326200000.0,3663075000.0,301800000.0,0.0,0.0,0.0,3700400000.0,1338100000.0,2362300000.0,280055000.0,-179800000.0,47600000.0,0.0,-278200000.0,-8500000.0,-289400000.0,-25800000.0,65400000.0,139300000.0,-3900000.0,-93200000.0,-93200000.0,-93200000.0,88400000.0,500000.0,-0.017,898600000.0,185300000.0,798900000.0,-0.092,-0.73,-3.005,-3.015,696100000.0,0.0,3.95,0.051,0.051,1041000000.0,-2336800000.0,5473200000.0,5473200000.0,0.0,-0.026,0.305,0.031,0.021,10900000.0,687700000.0,1.0,70900000.0,71200000.0,71200000.0,76.871,2836800000.0,57800000.0,54900000.0,75800000.0,39.843,492800000.0
2,RRD,MRY,2018-12-31,2018-12-31,2018-12-31,2021-09-07,-153800000.0,3640800000.0,3668300000.0,2099700000.0,1541100000.0,1.555,-3.684,-104400000.0,370600000.0,370600000.0,4580300000.0,-9600000.0,1.354,-14.941,2091500000.0,216200000.0,1875300000.0,2091500000.0,0.0,181400000.0,0.0,0.086,0.34,188800000.0,370200000.0,0.065,370200000.0,188800000.0,20500000.0,-0.16,-0.16,-0.16,-260100000.0,-239650000.0,-260100000.0,2209084000.0,12.0,5.967,99100000.0,1.404,1.0,1122100000.0,0.197,666700000.0,168300000.0,3144100000.0,3406025000.0,329700000.0,0.0,0.0,0.0,3886200000.0,1550900000.0,2335300000.0,278784000.0,102100000.0,44100000.0,0.0,-51700000.0,-23900000.0,-77200000.0,-7400000.0,54500000.0,203500000.0,-16800000.0,-11000000.0,-11000000.0,-11000000.0,-20600000.0,1400000.0,-0.002,940500000.0,181600000.0,987300000.0,-2.125,-1.072,-25.344,-24.75,531300000.0,0.0,3.96,0.049,0.049,1298300000.0,-2225700000.0,5702400000.0,5702400000.0,0.0,-0.003,0.046,0.055,0.033,8600000.0,729500000.0,1.0,70400000.0,70600000.0,70600000.0,80.771,2974100000.0,66900000.0,31500000.0,91100000.0,42.126,548800000.0
3,RRD,MRY,2017-12-31,2017-12-31,2017-12-31,2021-09-07,-103700000.0,3904500000.0,3900075000.0,2216900000.0,1687600000.0,1.779,-3.1,-108500000.0,273400000.0,273400000.0,5623400000.0,-33200000.0,1.427,-18.876,2109700000.0,10800000.0,2098900000.0,2109700000.0,0.0,191400000.0,0.0,0.06,0.56,253900000.0,445300000.0,0.064,445300000.0,253900000.0,74300000.0,-0.49,-0.49,-0.49,-217600000.0,-189425000.0,-217600000.0,2676230000.0,11.0,6.01,109400000.0,1.558,1.0,1316200000.0,0.19,731800000.0,179600000.0,3456000000.0,3676575000.0,416800000.0,0.0,0.0,0.0,4107400000.0,1553000000.0,2554400000.0,651930000.0,-34400000.0,0.0,0.0,-172800000.0,-39200000.0,-294300000.0,24700000.0,140400000.0,217900000.0,17300000.0,-34400000.0,-34400000.0,-34400000.0,0.0,1200000.0,-0.005,1104800000.0,211400000.0,1094700000.0,-1.143,-2.996,-18.951,-18.98,615100000.0,0.0,9.3,0.094,0.094,1417600000.0,-2225700000.0,6939600000.0,6939600000.0,0.0,-0.009,0.182,0.069,0.037,8400000.0,860400000.0,1.0,70100000.0,70200000.0,70200000.0,98.855,3172700000.0,81700000.0,108700000.0,59400000.0,45.195,663900000.0
4,RRD,MRY,2016-12-31,2016-12-31,2016-12-31,2021-09-07,-55700000.0,4268800000.0,6478900000.0,2501000000.0,1767800000.0,1.055,-1.51,-172100000.0,317500000.0,317500000.0,5484300000.0,-494600000.0,1.629,-41.258,2387400000.0,8200000.0,2379200000.0,2387400000.0,0.0,363200000.0,0.0,0.152,2.48,-309500000.0,53700000.0,0.008,53700000.0,-309500000.0,-508200000.0,-7.09,-7.09,-7.09,-105700000.0,427075000.0,-105700000.0,4618236000.0,-15.0,86.001,-44900000.0,-0.641,1.0,1348700000.0,0.197,773900000.0,198700000.0,4029600000.0,5550275000.0,386800000.0,328700000.0,328700000.0,0.0,4361000000.0,1535200000.0,2825800000.0,1139136000.0,-70000000.0,-34400000.0,0.0,280800000.0,-173000000.0,19900000.0,-200600000.0,3800000.0,127200000.0,-16500000.0,-495900000.0,-495900000.0,-495900000.0,9700000.0,1300000.0,-0.073,1673600000.0,-324900000.0,985300000.0,-0.35,-10.777,-2.297,-2.302,650300000.0,0.0,16.32,0.167,0.167,1331300000.0,-2155400000.0,6833000000.0,6833000000.0,0.0,-0.077,-1.161,-0.056,-0.045,12900000.0,897000000.0,1.0,69800000.0,70000000.0,70000000.0,97.614,3494900000.0,108900000.0,-12300000.0,0.0,49.927,965800000.0
5,RRD,MRY,2015-12-31,2015-12-31,2015-12-31,2021-09-07,-793200000.0,7279300000.0,7361900000.0,3101700000.0,4177600000.0,0.935,9.966,-207600000.0,288700000.0,288700000.0,5475600000.0,138400000.0,1.327,9.642,2418700000.0,231900000.0,2186800000.0,2418700000.0,0.0,454000000.0,0.0,0.071,3.12,376200000.0,830200000.0,0.121,830200000.0,376200000.0,172100000.0,2.2,2.2,2.2,682700000.0,648450000.0,682700000.0,6491064000.0,17.0,7.819,458400000.0,6.692,1.0,1405100000.0,0.204,1306700000.0,204100000.0,5765300000.0,6246200000.0,352800000.0,0.0,0.0,0.0,6582700000.0,2337300000.0,4245400000.0,3072064000.0,-140200000.0,-117600000.0,0.0,-260800000.0,-212600000.0,-444800000.0,-322300000.0,27100000.0,666000000.0,-39100000.0,151100000.0,151100000.0,151100000.0,-170100000.0,-12700000.0,0.022,1167800000.0,237300000.0,993900000.0,1.418,4.5,20.331,20.073,696600000.0,0.0,44.16,0.446,0.44,1237200000.0,-620600000.0,6880700000.0,6880700000.0,0.0,0.021,0.233,0.06,0.055,17300000.0,872600000.0,1.0,69566667.0,68500000.0,68500000.0,100.448,5972600000.0,93100000.0,21000000.0,0.0,87.191,764400000.0
6,RRD,MRY,2014-12-31,2014-12-31,2014-12-31,2021-09-07,-773600000.0,7608800000.0,7579250000.0,3373300000.0,4235500000.0,0.946,8.97,-223600000.0,527900000.0,527900000.0,5698800000.0,120800000.0,1.425,11.769,3602000000.0,203400000.0,3398600000.0,3602000000.0,0.0,474000000.0,0.0,0.062,3.12,272400000.0,746400000.0,0.104,746400000.0,272400000.0,61200000.0,1.77,1.77,1.77,593800000.0,812375000.0,593800000.0,6849239000.0,25.0,9.176,499100000.0,7.539,1.0,1473900000.0,0.205,2130300000.0,211200000.0,6185300000.0,6480675000.0,586200000.0,0.0,0.0,0.0,6988400000.0,2367300000.0,4621100000.0,3357639000.0,-500500000.0,-382400000.0,0.0,-425600000.0,-203100000.0,-605100000.0,-577200000.0,42700000.0,722700000.0,-40900000.0,117400000.0,117400000.0,117400000.0,-161100000.0,3400000.0,0.016,1260000000.0,213900000.0,1296600000.0,1.763,5.654,28.6,28.483,1515500000.0,0.0,50.415,0.468,0.465,2033800000.0,-559100000.0,7172700000.0,7172700000.0,0.0,0.015,0.145,0.042,0.038,17700000.0,933100000.0,1.0,66600000.0,66200000.0,66200000.0,108.349,5478500000.0,234100000.0,-56200000.0,0.0,82.757,1006000000.0
7,RRD,MRY,2013-12-31,2013-12-31,2013-12-31,2021-09-07,-488100000.0,7238200000.0,7062150000.0,3561600000.0,3676600000.0,1.484,10.42,-216600000.0,1028400000.0,1028400000.0,8149800000.0,218200000.0,1.598,10.422,3857900000.0,270900000.0,3587000000.0,3857900000.0,0.0,435800000.0,0.0,0.051,3.12,463400000.0,899200000.0,0.086,899200000.0,463400000.0,202000000.0,3.48,3.45,3.48,631800000.0,182175000.0,631800000.0,6738076000.0,15.0,7.493,478200000.0,7.887,1.0,2330500000.0,0.222,1752200000.0,261400000.0,6086800000.0,6337400000.0,501200000.0,0.0,0.0,0.0,6584500000.0,2228700000.0,4355800000.0,3684876000.0,597700000.0,-11600000.0,0.0,343800000.0,-188500000.0,122800000.0,-212400000.0,13000000.0,694800000.0,-7500000.0,211200000.0,211200000.0,211200000.0,0.0,7000000.0,0.02,1750800000.0,579700000.0,1143000000.0,0.897,5.832,17.447,17.483,1430100000.0,0.0,60.84,0.352,0.352,1832300000.0,-473400000.0,10480300000.0,10480300000.0,0.0,0.03,1.159,0.073,0.044,19900000.0,1181500000.0,1.0,60566667.0,60633000.0,61167000.0,172.848,5486000000.0,118800000.0,-9200000.0,0.0,90.479,1332900000.0
8,RRD,MRY,2012-12-31,2012-12-31,2012-12-31,2021-09-07,-1029200000.0,7262700000.0,7969800000.0,2977400000.0,4285300000.0,1.283,0.878,-205900000.0,430700000.0,430700000.0,7889000000.0,-653600000.0,1.45,136.25,3438600000.0,18400000.0,3420200000.0,3438600000.0,0.0,481600000.0,0.0,0.116,3.12,-386000000.0,95600000.0,0.009,95600000.0,-386000000.0,-637800000.0,-10.83,-10.83,-10.83,52800000.0,829300000.0,52800000.0,5014397000.0,-13.0,52.452,486000000.0,8.082,1.0,2332900000.0,0.228,1819300000.0,251800000.0,6397400000.0,6585875000.0,510200000.0,0.0,0.0,0.0,7194000000.0,2053900000.0,5140100000.0,1620897000.0,-19000000.0,-126900000.0,0.0,-265200000.0,-187100000.0,-438000000.0,-284800000.0,50700000.0,691900000.0,11900000.0,-651400000.0,-651400000.0,-651400000.0,0.0,-2200000.0,-0.064,2702700000.0,-369800000.0,1210300000.0,-0.288,30.699,-2.488,-2.49,1616600000.0,0.0,26.97,0.159,0.159,1878800000.0,-496100000.0,10221900000.0,10221900000.0,0.0,-0.082,-0.785,-0.059,-0.038,25400000.0,1102600000.0,1.0,60100000.0,60133000.0,60133000.0,169.988,5443400000.0,445100000.0,13600000.0,0.0,90.523,923500000.0
9,RRD,MRY,2011-12-31,2011-12-31,2011-12-31,2021-09-07,-863300000.0,8281700000.0,8795050000.0,2968600000.0,5313100000.0,1.206,16.141,-250900000.0,449700000.0,449700000.0,8091800000.0,-121100000.0,1.398,6.924,3660500000.0,243700000.0,3416800000.0,3660500000.0,0.0,549900000.0,0.0,0.072,3.12,4400000.0,554300000.0,0.052,554300000.0,4400000.0,-238900000.0,-1.89,-1.89,-1.89,1042700000.0,1718125000.0,1042700000.0,6281054000.0,1428.0,11.332,695400000.0,10.765,1.0,2519200000.0,0.237,2812400000.0,243300000.0,6556100000.0,6772600000.0,510900000.0,0.0,0.0,0.0,7219500000.0,2124000000.0,5095500000.0,2709954000.0,-69400000.0,-142400000.0,-500000000.0,50600000.0,-205200000.0,-651000000.0,-375400000.0,27200000.0,946300000.0,10700000.0,-122600000.0,-122600000.0,-122600000.0,0.0,1500000.0,-0.012,2454000000.0,65200000.0,1063300000.0,-1.651,2.599,-22.104,-22.905,1854600000.0,0.0,43.29,0.255,0.264,1844200000.0,342400000.0,10611000000.0,10611000000.0,0.0,-0.014,-0.071,0.001,0.0,28300000.0,1236300000.0,1.0,62600000.0,64600000.0,64600000.0,164.257,5469300000.0,273800000.0,-116300000.0,0.0,84.664,844600000.0
10,RRD,MRY,2010-12-31,2010-12-31,2010-12-31,2021-09-07,-490400000.0,9083200000.0,8771075000.0,3167300000.0,5915900000.0,1.142,32.33,-229400000.0,519100000.0,519100000.0,7642900000.0,217100000.0,1.605,3.074,3530000000.0,131400000.0,3398600000.0,3530000000.0,0.0,539200000.0,0.0,0.06,3.12,550200000.0,1089400000.0,0.109,1089400000.0,550200000.0,327600000.0,3.21,3.18,3.21,2224300000.0,2169375000.0,2224300000.0,6237461000.0,11.0,5.726,523100000.0,7.603,1.0,2376000000.0,0.237,3301800000.0,222600000.0,6818900000.0,6682775000.0,560600000.0,0.0,0.0,0.0,6837800000.0,1973400000.0,4864400000.0,3604061000.0,19900000.0,-439800000.0,9200000.0,148800000.0,-214400000.0,-58000000.0,-674500000.0,-5600000.0,752500000.0,-100000.0,221700000.0,221700000.0,221700000.0,0.0,-4600000.0,0.022,1820500000.0,555500000.0,939800000.0,0.972,1.62,16.256,16.327,2138700000.0,0.0,52.41,0.36,0.36,1922900000.0,670200000.0,10018900000.0,10018900000.0,0.0,0.025,0.102,0.082,0.055,28600000.0,1123400000.0,1.0,68766667.0,68800000.0,69900000.0,145.624,5781400000.0,49300000.0,105900000.0,174500000.0,84.032,1193900000.0
11,RRD,MRY,2009-12-31,2009-12-31,2009-12-31,2021-09-07,-545000000.0,8747600000.0,9048125000.0,2960900000.0,5786700000.0,1.089,31.199,-195000000.0,499200000.0,499200000.0,7462900000.0,-21400000.0,1.452,3.087,3322400000.0,339900000.0,2982500000.0,3322400000.0,0.0,579000000.0,0.0,0.047,3.12,321800000.0,900800000.0,0.091,900800000.0,321800000.0,87200000.0,-0.39,-0.39,-0.39,2134000000.0,2237500000.0,2134000000.0,7571431000.0,24.0,8.405,1230800000.0,17.994,1.0,2394500000.0,0.243,3080700000.0,234600000.0,6450400000.0,6808300000.0,561800000.0,0.0,0.0,0.0,6586600000.0,2039700000.0,4546900000.0,4572031000.0,175200000.0,-26600000.0,1500000.0,-813500000.0,-213600000.0,-1028000000.0,-260900000.0,-1800000.0,1425800000.0,38300000.0,-27300000.0,-27300000.0,-27300000.0,0.0,5900000.0,-0.003,2050200000.0,344300000.0,886400000.0,-8.0,2.142,-167.474,-171.308,2271400000.0,0.0,66.81,0.464,0.464,1675900000.0,662900000.0,9857400000.0,9857400000.0,0.0,-0.003,-0.012,0.047,0.033,24000000.0,1088500000.0,1.0,68433333.0,68400000.0,68400000.0,144.114,5666900000.0,63200000.0,114500000.0,205500000.0,82.849,921200000.0
12,RRD,MRY,2008-12-31,2008-12-31,2008-12-31,2021-09-07,-580700000.0,9494300000.0,11462375000.0,3281000000.0,6213300000.0,1.01,33.09,-322900000.0,331900000.0,331900000.0,8576300000.0,-183600000.0,1.319,3.085,4126800000.0,923500000.0,3203300000.0,4126800000.0,0.0,640600000.0,0.0,0.077,3.12,-47400000.0,593200000.0,0.051,593200000.0,-47400000.0,-273800000.0,-2.7,-2.7,-2.7,2318500000.0,3614800000.0,2318500000.0,6732900000.0,-142.0,11.35,695100000.0,9.921,1.0,3005300000.0,0.259,3257000000.0,226400000.0,7545400000.0,8325800000.0,695700000.0,0.0,0.0,0.0,7152400000.0,2486800000.0,4665600000.0,2783900000.0,-55000000.0,-122100000.0,-276900000.0,-203200000.0,-219200000.0,-678900000.0,-351200000.0,53200000.0,1018000000.0,-42900000.0,-189900000.0,-189900000.0,-189900000.0,-1800000.0,6300000.0,-0.016,3045800000.0,-40500000.0,767600000.0,-1.156,1.201,-14.66,-15.089,2564000000.0,0.0,40.74,0.24,0.246,1903200000.0,903800000.0,11581600000.0,11581600000.0,0.0,-0.017,-0.053,-0.006,-0.004,21900000.0,1220500000.0,1.0,68333333.0,70067000.0,70067000.0,165.293,6237300000.0,245600000.0,-83900000.0,260900000.0,89.019,794200000.0
13,RRD,MRY,2007-12-31,2007-12-31,2007-12-31,2021-09-07,341300000.0,12086700000.0,12187525000.0,3521300000.0,8565400000.0,0.951,53.77,-482000000.0,442900000.0,442900000.0,8532400000.0,-45600000.0,1.273,2.093,4326900000.0,725000000.0,3601900000.0,4326900000.0,0.0,598300000.0,0.0,0.028,3.12,314900000.0,913200000.0,0.079,913200000.0,314900000.0,87600000.0,-0.66,-0.66,-0.66,3907300000.0,4131450000.0,3907300000.0,11992204000.0,38.0,13.132,699000000.0,9.619,1.0,3054700000.0,0.264,4588100000.0,227300000.0,8617400000.0,8470475000.0,709500000.0,0.0,0.0,0.0,8179400000.0,2765200000.0,5414200000.0,8099004000.0,167600000.0,-2052400000.0,-204400000.0,1907400000.0,-226800000.0,1471300000.0,-2510900000.0,8300000.0,1181000000.0,26200000.0,-48900000.0,-48900000.0,-48900000.0,500000.0,3300000.0,-0.004,2739600000.0,315100000.0,954900000.0,-4.727,2.073,-165.624,-171.545,2726000000.0,0.0,113.22,0.699,0.71,2180700000.0,1312900000.0,11587100000.0,11587100000.0,0.0,-0.004,-0.012,0.037,0.027,27900000.0,1302300000.0,1.0,71533333.0,72667000.0,72667000.0,159.455,7498600000.0,102700000.0,136500000.0,872300000.0,103.191,756100000.0
14,RRD,MRY,2006-12-31,2006-12-31,2006-12-31,2021-09-07,62100000.0,9635800000.0,9595800000.0,2517000000.0,7118800000.0,0.971,57.182,-374300000.0,211400000.0,211400000.0,6798900000.0,400600000.0,1.562,1.336,2382100000.0,23500000.0,2358600000.0,2382100000.0,0.0,463300000.0,0.0,0.029,3.12,735600000.0,1198900000.0,0.129,1198900000.0,735600000.0,596600000.0,5.55,5.49,5.55,4124700000.0,3960400000.0,4124700000.0,10067772000.0,14.0,8.398,529200000.0,7.336,1.0,2517700000.0,0.27,4006600000.0,139000000.0,6188100000.0,6157925000.0,501800000.0,0.0,0.0,0.0,5511100000.0,1611800000.0,3899300000.0,7705072000.0,-155300000.0,-244300000.0,35500000.0,-268300000.0,-225000000.0,-457800000.0,-608400000.0,10200000.0,903500000.0,7400000.0,400600000.0,400600000.0,400600000.0,2000000.0,0.0,0.043,1767000000.0,750700000.0,749100000.0,0.562,1.868,19.234,19.211,2142300000.0,0.0,106.62,0.827,0.825,1638600000.0,1615000000.0,9316600000.0,9316600000.0,0.0,0.042,0.101,0.119,0.079,34600000.0,1097600000.0,1.0,72266667.0,72133000.0,72967000.0,129.159,5629200000.0,94800000.0,196000000.0,604100000.0,78.039,905200000.0
15,RRD,MRY,2005-12-31,2005-12-31,2005-12-31,2021-09-07,-90200000.0,9373700000.0,9224175000.0,2621700000.0,6752000000.0,0.914,51.965,-471000000.0,366700000.0,366700000.0,6090300000.0,137100000.0,1.445,1.517,2634500000.0,269100000.0,2365400000.0,2634500000.0,0.0,425000000.0,0.0,0.03,3.12,485200000.0,910200000.0,0.108,910200000.0,485200000.0,374500000.0,1.92,1.89,1.92,3724200000.0,3806600000.0,3724200000.0,9693455000.0,20.0,10.65,476500000.0,6.649,1.0,2339900000.0,0.278,3845000000.0,110700000.0,5982400000.0,5848725000.0,481400000.0,0.0,0.0,0.0,5649500000.0,1814100000.0,3835400000.0,7372255000.0,-275100000.0,-1194300000.0,-203900000.0,805800000.0,-223400000.0,378500000.0,-1602500000.0,43400000.0,947500000.0,1400000.0,137100000.0,137100000.0,137100000.0,-41500000.0,0.0,0.016,1889500000.0,450400000.0,718100000.0,1.625,1.98,53.773,53.453,2138600000.0,0.0,102.63,0.875,0.872,1529100000.0,1439400000.0,8430200000.0,8430200000.0,0.0,0.015,0.036,0.083,0.058,42600000.0,1044700000.0,1.0,71833333.0,71667000.0,72233000.0,117.63,5528700000.0,177000000.0,237400000.0,596800000.0,77.144,807600000.0
16,RRD,MRY,2004-12-31,2004-12-31,2004-12-31,2021-09-07,-72200000.0,8553700000.0,8392767000.0,2600600000.0,5953100000.0,0.853,59.119,-265200000.0,641800000.0,641800000.0,5269600000.0,178300000.0,1.749,1.146,1785700000.0,204500000.0,1581200000.0,1785700000.0,0.0,385500000.0,0.0,0.029,3.12,356800000.0,742300000.0,0.104,742300000.0,356800000.0,270900000.0,2.64,2.64,2.64,3986600000.0,3794669250.0,3986600000.0,9115584000.0,26.0,12.28,557000000.0,8.26,1.0,1886800000.0,0.264,3138800000.0,85900000.0,5071500000.0,5089380000.0,422000000.0,0.0,0.0,0.0,4567100000.0,1487300000.0,3079800000.0,7749684000.0,581000000.0,66100000.0,119400000.0,-110400000.0,-200800000.0,-194600000.0,-63900000.0,79600000.0,822200000.0,17300000.0,178300000.0,178300000.0,178300000.0,80000000.0,0.0,0.025,1427600000.0,459200000.0,517800000.0,1.182,1.944,43.464,40.102,1924500000.0,0.0,105.87,1.083,0.998,1252800000.0,1536900000.0,7156400000.0,7156400000.0,0.0,0.021,0.047,0.07,0.05,15900000.0,934700000.0,1.0,73200000.0,67433000.0,68067000.0,106.126,5414900000.0,239900000.0,92600000.0,576300000.0,80.3,1113300000.0
17,RRD,MRY,2003-12-31,2003-12-31,2003-12-31,2021-09-07,-123700000.0,3203300000.0,3153986500.0,951500000.0,2251800000.0,1.326,26.033,-192800000.0,60800000.0,60800000.0,3085600000.0,176500000.0,1.109,2.258,925500000.0,175100000.0,750400000.0,925500000.0,0.0,270300000.0,0.0,0.034,3.06,267700000.0,538000000.0,0.129,538000000.0,267700000.0,216300000.0,4.68,4.62,4.68,983200000.0,907773250.0,983200000.0,4330631129.0,16.0,8.05,161300000.0,4.271,1.0,1097000000.0,0.262,173200000.0,51400000.0,3036600000.0,2814202500.0,154300000.0,0.0,0.0,0.0,2220100000.0,858200000.0,1361900000.0,3425689129.0,300000.0,0.0,16000000.0,-70600000.0,-115700000.0,-170900000.0,-185000000.0,34200000.0,354100000.0,2100000.0,176500000.0,176500000.0,176500000.0,12000000.0,0.0,0.042,804300000.0,292700000.0,282700000.0,0.654,3.484,19.409,19.327,1279100000.0,0.0,90.45,0.819,0.817,691500000.0,1641700000.0,4182600000.0,4182600000.0,0.0,0.056,0.194,0.095,0.064,4300000.0,521500000.0,1.0,37873843.0,37767000.0,38100000.0,110.747,3030100000.0,22500000.0,39800000.0,221800000.0,80.231,93300000.0
18,RRD,MRY,2002-12-31,2002-12-31,2002-12-31,2021-09-07,-115456000.0,3181963000.0,3252948500.0,866439000.0,2315524000.0,1.306,24.26,-239700000.0,60543000.0,60543000.0,3131100000.0,142200000.0,0.908,2.479,998652000.0,245782000.0,752870000.0,998652000.0,0.0,286500000.0,0.0,0.045,2.94,234800000.0,521300000.0,0.123,521300000.0,234800000.0,172100000.0,3.78,3.72,3.78,914594000.0,867179000.0,914594000.0,3480716136.0,15.0,6.677,169200000.0,4.488,1.0,1116100000.0,0.263,404836000.0,62700000.0,2760506000.0,2773135750.0,116191000.0,0.0,0.0,0.0,2267369000.0,954730000.0,1312639000.0,2467158136.0,11900000.0,0.0,-3400000.0,-64100000.0,-111000000.0,-178500000.0,-216200000.0,24400000.0,408900000.0,-2300000.0,142200000.0,142200000.0,142200000.0,-5400000.0,0.0,0.033,870900000.0,245200000.0,267690000.0,0.778,2.698,17.35,17.278,1411016000.0,0.0,65.31,0.581,0.58,601184000.0,1593107000.0,4247200000.0,4247200000.0,0.0,0.044,0.164,0.085,0.055,0.0,497000000.0,1.0,37776116.0,37700000.0,38133000.0,112.658,2777127000.0,0.0,29900000.0,215509000.0,73.664,-88291000.0
19,RRD,MRY,2001-12-31,2001-12-31,2001-12-31,2021-09-07,-109002000.0,3385617000.0,3622340500.0,940194000.0,2445423000.0,1.463,22.833,-273340000.0,48615000.0,48615000.0,4387309000.0,24988000.0,0.955,2.811,1049815000.0,168497000.0,881318000.0,1049815000.0,0.0,378723000.0,0.0,0.032,2.82,146077000.0,524800000.0,0.099,524800000.0,146077000.0,74894000.0,0.63,0.63,0.63,888407000.0,1012596250.0,888407000.0,4456846478.0,31.0,8.492,275054000.0,7.069,1.0,910451000.0,0.172,440549000.0,71183000.0,2961978000.0,3063610750.0,126718000.0,0.0,0.0,0.0,2497210000.0,984290000.0,1512920000.0,3399656478.0,-12258000.0,16930000.0,-249735000.0,56985000.0,-109987000.0,-302737000.0,-256410000.0,0.0,548394000.0,-1505000.0,24988000.0,24988000.0,24988000.0,0.0,0.0,0.005,763180000.0,147271000.0,295444000.0,4.476,3.827,136.052,141.381,1490118000.0,0.0,89.07,0.642,0.654,681459000.0,1569596000.0,5297760000.0,5297760000.0,0.0,0.007,0.025,0.048,0.028,0.0,567635000.0,1.0,38168367.0,38909333.0,39499333.0,136.157,2945068000.0,0.0,49906000.0,258948000.0,75.691,-44096000.0
20,RRD,MRY,2000-12-31,2000-12-31,2000-12-31,2021-09-07,-74126000.0,3914202000.0,4006077250.0,1206449000.0,2707753000.0,1.439,30.229,-237107000.0,60873000.0,60873000.0,4665472000.0,266900000.0,1.013,2.176,1010830000.0,271640000.0,739190000.0,1010830000.0,0.0,390402000.0,0.0,0.033,2.7,523623000.0,914025000.0,0.159,914025000.0,523623000.0,433984000.0,6.54,6.51,6.54,1232548000.0,1176161250.0,1232548000.0,4391375152.0,8.0,4.804,503478000.0,12.348,1.0,1098863000.0,0.191,520242000.0,89639000.0,3153356000.0,3300580750.0,188745000.0,0.0,0.0,0.0,2681654000.0,1190561000.0,1491093000.0,3295117152.0,19000000.0,-201110000.0,-22107000.0,-152946000.0,-110268000.0,-285321000.0,-438217000.0,0.0,740585000.0,1953000.0,266900000.0,266900000.0,266900000.0,0.0,0.0,0.046,597823000.0,501040000.0,387495000.0,0.413,2.673,12.346,12.385,1620592000.0,0.0,81.0,0.572,0.573,882486000.0,1666936000.0,5764335000.0,5764335000.0,0.0,0.067,0.227,0.159,0.091,0.0,597823000.0,1.0,40680459.0,40774333.0,41031000.0,141.372,3393960000.0,0.0,167084000.0,276989000.0,83.238,15888000.0
21,RRD,MRY,1999-12-31,1999-12-31,1999-12-31,2021-09-07,-64154000.0,3853464000.0,3881028000.0,1229850000.0,2623614000.0,1.395,27.007,-275826000.0,41873000.0,41873000.0,4256635000.0,308314000.0,1.022,2.385,1168053000.0,419555000.0,748498000.0,1168053000.0,0.0,374382000.0,0.0,0.035,2.58,591492000.0,965874000.0,0.178,965874000.0,591492000.0,503328000.0,7.17,7.14,7.17,1138258000.0,1123248250.0,1138258000.0,4430460853.0,7.0,4.587,359491000.0,8.529,1.0,1159007000.0,0.214,397983000.0,88164000.0,3378198000.0,3765340500.0,194312000.0,0.0,0.0,0.0,2715206000.0,1203463000.0,1511743000.0,3137011853.0,-24353000.0,-78565000.0,-349812000.0,116621000.0,-111133000.0,-344324000.0,-354391000.0,0.0,635317000.0,-1460000.0,308314000.0,308314000.0,308314000.0,3201000.0,0.0,0.057,628580000.0,530427000.0,334389000.0,0.36,2.756,10.175,10.381,1710669000.0,0.0,74.43,0.579,0.579,865305000.0,1521474000.0,5415642000.0,5415642000.0,0.0,0.079,0.274,0.157,0.109,0.0,628580000.0,1.0,42147143.0,42147143.0,,128.494,3455481000.0,76579000.0,195014000.0,263778000.0,81.986,26387000.0
22,RRD,MRY,1998-12-31,1998-12-31,1998-12-31,2021-09-07,-55050000.0,3798117000.0,3872507250.0,1155291000.0,2642826000.0,1.347,28.737,-225222000.0,66226000.0,66226000.0,4159756000.0,294580000.0,1.101,1.92,1058978000.0,285429000.0,773549000.0,1058978000.0,0.0,376071000.0,0.0,0.019,2.46,587471000.0,963542000.0,0.185,963542000.0,587471000.0,509305000.0,6.33,6.24,6.33,1300878000.0,1359014000.0,1300878000.0,6994789807.0,12.0,7.259,507613000.0,11.213,1.0,1058197000.0,0.203,381394000.0,78166000.0,3360088000.0,3669441250.0,182931000.0,0.0,0.0,0.0,2497239000.0,1049387000.0,1447852000.0,5949722807.0,18412000.0,209393000.0,-456724000.0,-155545000.0,-114898000.0,-727167000.0,-15829000.0,0.0,732835000.0,-592000.0,294580000.0,294580000.0,294580000.0,80067000.0,0.0,0.056,569779000.0,488418000.0,331257000.0,0.389,4.574,20.197,20.763,1700927000.0,0.0,131.43,1.14,1.14,843094000.0,1325634000.0,5217953000.0,5217953000.0,0.0,0.076,0.217,0.16,0.113,0.0,569779000.0,1.0,45269138.0,45269138.0,,115.265,3416723000.0,0.0,214725000.0,262955000.0,75.476,105904000.0
23,RRD,MRY,1997-12-31,1997-12-31,1997-12-31,2021-09-07,-45782000.0,4134166000.0,4578890750.0,1146571000.0,2987595000.0,1.069,32.732,-360195000.0,47814000.0,47814000.0,3942339000.0,130631000.0,1.411,1.598,1198226000.0,45000000.0,1153226000.0,1198226000.0,0.0,371111000.0,0.0,0.021,2.34,318636000.0,689747000.0,0.141,689747000.0,318636000.0,227871000.0,2.7,2.67,2.7,1591497000.0,1635122000.0,1591497000.0,6731314879.0,21.0,9.759,382043000.0,7.857,1.0,950605000.0,0.194,396604000.0,90765000.0,4075352000.0,4377253500.0,201402000.0,0.0,0.0,0.0,2542669000.0,812622000.0,1730047000.0,5433561879.0,26497000.0,3750000.0,-36279000.0,-225967000.0,-114934000.0,-377180000.0,-356445000.0,0.0,742238000.0,-775000.0,130631000.0,130631000.0,130631000.0,15894000.0,0.0,0.027,581817000.0,368788000.0,291666000.0,0.867,3.414,41.595,41.389,1788116000.0,0.0,111.75,1.11,1.11,814664000.0,1528406000.0,4892944000.0,4892944000.0,0.0,0.029,0.08,0.073,0.065,0.0,511115000.0,1.0,48622478.0,48622478.0,,100.631,3737562000.0,0.0,97240000.0,288426000.0,76.869,333949000.0
24,RRD,MRY,1996-12-31,1996-12-31,1996-12-31,2021-09-07,0.0,4443828000.0,4914319000.0,1226071000.0,3217757000.0,1.03,33.6,-370906000.0,21317000.0,21317000.0,4092895000.0,-157625000.0,1.597,1.724,1463967000.0,33296000.0,1430671000.0,1463967000.0,0.0,365276000.0,0.0,0.024,2.22,-14998000.0,350278000.0,0.069,350278000.0,-14998000.0,-110480000.0,-3.12,-3.12,-3.12,1631281000.0,1902225500.0,1631281000.0,,,,197061000.0,4.059,1.0,970926000.0,0.192,436306000.0,95482000.0,4682443000.0,4744881500.0,197905000.0,0.0,0.0,0.0,2812547000.0,767729000.0,2044818000.0,4570476729.0,-926000.0,307903000.0,-274072000.0,-160329000.0,-112645000.0,-547046000.0,-63003000.0,0.0,567967000.0,-395000.0,-157625000.0,-157625000.0,-157625000.0,0.0,0.0,-0.031,1082786000.0,-111860000.0,285416000.0,-0.712,2.802,-28.996,-30.173,1836620000.0,0.0,94.14,0.903,0.903,919042000.0,1486215000.0,5063821000.0,5063821000.0,0.0,-0.032,-0.083,-0.003,-0.003,0.0,518288000.0,1.0,48549785.0,48549785.0,,104.302,4007522000.0,0.0,47145000.0,310585000.0,82.545,458342000.0
25,RRD,MRY,1995-12-31,1995-12-31,1995-12-31,2021-09-07,0.0,5384810000.0,,1907959000.0,3476851000.0,,,-436730000.0,33122000.0,33122000.0,4037525000.0,298793000.0,1.688,1.478,1610960000.0,50000000.0,1560960000.0,1610960000.0,0.0,356677000.0,0.0,0.017,2.04,531640000.0,888317000.0,0.176,888317000.0,531640000.0,421881000.0,5.85,5.76,5.85,2173170000.0,,2173170000.0,,,,-25778000.0,,1.0,1012072000.0,0.2,1024954000.0,109759000.0,4807320000.0,,380078000.0,0.0,0.0,0.0,3211640000.0,1130374000.0,2081266000.0,,-3463000.0,-68216000.0,11168000.0,195637000.0,-104364000.0,102441000.0,-504946000.0,0.0,410952000.0,-230000.0,298793000.0,298793000.0,298793000.0,-22841000.0,0.0,0.059,497402000.0,514670000.0,601814000.0,0.349,,,20.195,2008988000.0,0.0,118.14,,,1466159000.0,1994098000.0,5049597000.0,5049597000.0,0.0,,,,0.105,0.0,497402000.0,1.0,,,,,4359856000.0,0.0,123088000.0,387577000.0,,777585000.0
26,RRD,MRY,1994-12-31,1994-12-31,1994-12-31,2021-09-07,,,,,,,,-425190000.0,,,3938494000.0,268603000.0,,,,,,,,313463000.0,,0.02,1.8,448497000.0,761960000.0,0.156,761960000.0,448497000.0,395004000.0,5.25,,5.25,,,,,,,-237644000.0,,1.0,950292000.0,0.194,,53493000.0,,,,,,,,,,,9853000.0,-120461000.0,-36778000.0,500951000.0,-92352000.0,371821000.0,-545651000.0,0.0,187546000.0,-3863000.0,268603000.0,268603000.0,268603000.0,0.0,0.0,0.055,490861000.0,459431000.0,,0.343,,,16.857,,0.0,88.5,,,,,4888786000.0,4888786000.0,0.0,,,,0.092,0.0,490861000.0,1.0,,,,,,,126401000.0,,,
0,RRD,MRQ,2021-06-30,2021-06-30,2021-06-30,2021-09-07,-142900000.0,3000900000.0,,1689700000.0,1311200000.0,,-3.51,-9400000.0,237200000.0,237200000.0,928100000.0,-9200000.0,1.424,-12.611,1758600000.0,148200000.0,1610400000.0,1758600000.0,0.0,32900000.0,0.0,0.0,0.0,26700000.0,59600000.0,0.052,59600000.0,26700000.0,-11800000.0,-0.13,-0.13,-0.13,-257300000.0,,-257300000.0,1915816000.0,6.0,4.379,-55300000.0,-0.754,1.0,217500000.0,0.19,467600000.0,38500000.0,2867700000.0,,348700000.0,0.0,0.0,0.0,3244700000.0,1187000000.0,2057700000.0,453416000.0,-24400000.0,-600000.0,0.0,30300000.0,0.0,29900000.0,-12400000.0,-2400000.0,-45900000.0,4000000.0,-9400000.0,-9400000.0,-9400000.0,0.0,200000.0,-0.008,189300000.0,28200000.0,734400000.0,0.0,-1.762,2.87,2.868,630200000.0,0.0,6.28,0.093,0.095,926300000.0,-2251400000.0,1145600000.0,1145600000.0,0.0,,,,,2400000.0,143800000.0,1.0,72200000.0,73300000.0,73300000.0,15.629,2533300000.0,73500000.0,-2400000.0,60300000.0,34.561,502700000.0
1,RRD,MRQ,2021-03-31,2021-03-31,2021-03-31,2021-09-07,-160300000.0,2980400000.0,,1639000000.0,1341400000.0,,-3.681,-13000000.0,261600000.0,261600000.0,949000000.0,-1100000.0,1.303,-12.088,1724000000.0,210400000.0,1513600000.0,1724000000.0,0.0,33800000.0,0.0,0.0,0.0,30300000.0,64100000.0,0.055,64100000.0,30300000.0,-200000.0,-0.02,-0.02,-0.02,-267600000.0,,-267600000.0,1734530950.0,7.0,4.335,-31900000.0,-0.439,1.0,224100000.0,0.191,471400000.0,30500000.0,2713500000.0,,300800000.0,0.0,0.0,0.0,3234800000.0,1257900000.0,1976900000.0,289930950.0,-37000000.0,-800000.0,0.0,-1400000.0,0.0,-4700000.0,-11300000.0,2400000.0,-18900000.0,-2100000.0,-1300000.0,-1300000.0,-1300000.0,-600000.0,200000.0,-0.001,199000000.0,25100000.0,716200000.0,0.0,-1.083,2.631,2.654,644300000.0,0.0,4.06,0.061,0.062,927400000.0,-2242000000.0,1173100000.0,1173100000.0,0.0,,,,,200000.0,153300000.0,1.0,71411564.0,72700000.0,72700000.0,16.136,2509000000.0,78000000.0,1100000.0,68300000.0,34.512,381100000.0
2,RRD,MRQ,2020-12-31,2020-12-31,2020-12-31,2021-09-07,-153900000.0,3130900000.0,,1756600000.0,1374300000.0,,-3.535,-31200000.0,288800000.0,288800000.0,1059800000.0,177800000.0,1.361,-13.095,1733400000.0,134500000.0,1598900000.0,1733400000.0,0.0,33700000.0,0.0,0.013,0.0,223000000.0,256700000.0,0.19,256700000.0,223000000.0,190600000.0,2.46,2.46,2.46,-257700000.0,,-257700000.0,1992164000.0,8.0,5.058,93400000.0,1.281,1.0,288800000.0,0.214,479400000.0,32400000.0,2805900000.0,,302100000.0,0.0,0.0,0.0,3374700000.0,1290200000.0,2084500000.0,161364000.0,-84800000.0,230800000.0,0.0,-522200000.0,0.0,-524100000.0,308500000.0,13300000.0,124600000.0,6200000.0,177600000.0,177600000.0,177600000.0,-144400000.0,200000.0,0.132,210700000.0,78100000.0,804500000.0,0.0,-0.626,1.638,1.662,662600000.0,0.0,2.26,0.034,0.034,1009200000.0,-2240700000.0,1348600000.0,1348600000.0,0.0,,,,,3600000.0,160800000.0,1.0,71400000.0,72900000.0,72900000.0,18.499,2651500000.0,78500000.0,13000000.0,68300000.0,36.372,466400000.0
3,RRD,MRQ,2020-09-30,2020-09-30,2020-09-30,2021-09-07,-182900000.0,3427900000.0,,2003200000.0,1424700000.0,,-6.464,-16300000.0,414800000.0,414800000.0,943600000.0,-8700000.0,1.498,-8.296,2245600000.0,215700000.0,2029900000.0,2245600000.0,0.0,37600000.0,0.0,0.041,0.0,19500000.0,57100000.0,0.048,57100000.0,19500000.0,-14800000.0,-0.12,-0.12,-0.12,-468000000.0,,-468000000.0,2016444000.0,178.0,11.799,53100000.0,0.733,1.0,247700000.0,0.208,481300000.0,34300000.0,3440400000.0,,323700000.0,0.0,0.0,0.0,3882700000.0,1337000000.0,2545700000.0,104244000.0,70200000.0,700000.0,0.0,-16100000.0,0.0,-16300000.0,10700000.0,25000000.0,69400000.0,6400000.0,-8900000.0,-8900000.0,-8900000.0,-400000.0,200000.0,-0.007,231800000.0,15900000.0,707000000.0,0.0,-0.223,-0.616,-0.619,656100000.0,0.0,1.46,0.022,0.022,971100000.0,-2418300000.0,1191300000.0,1191300000.0,0.0,,,,,1300000.0,138000000.0,1.0,71400000.0,72400000.0,72400000.0,16.454,2946600000.0,67000000.0,-5900000.0,68200000.0,40.699,666200000.0
4,RRD,MRQ,2020-06-30,2020-06-30,2020-06-30,2021-09-07,-201000000.0,3203500000.0,,1723800000.0,1479700000.0,,-6.627,-15700000.0,341900000.0,341900000.0,817300000.0,-57200000.0,1.488,-7.669,2254100000.0,226200000.0,2027900000.0,2254100000.0,0.0,38200000.0,0.0,0.076,0.0,-16000000.0,22200000.0,0.022,22200000.0,-16000000.0,-50600000.0,-0.79,-0.79,-0.79,-478500000.0,,-478500000.0,2018347000.0,23.0,8.022,19700000.0,0.273,1.0,192300000.0,0.19,521600000.0,34600000.0,3435900000.0,,307700000.0,0.0,0.0,0.0,3669400000.0,1158200000.0,2511200000.0,84847000.0,-111600000.0,3200000.0,0.0,-134000000.0,0.0,-134800000.0,-13900000.0,-2900000.0,35400000.0,1700000.0,-57200000.0,-57200000.0,-57200000.0,0.0,0.0,-0.057,211300000.0,-19000000.0,648100000.0,0.0,-0.177,-0.575,-0.578,672300000.0,0.0,1.19,0.017,0.017,950400000.0,-2409400000.0,1009600000.0,1009600000.0,0.0,,,,,1800000.0,138800000.0,1.0,71300000.0,72200000.0,72200000.0,13.983,2681900000.0,65000000.0,6600000.0,68300000.0,37.145,565600000.0
5,RRD,MRQ,2020-03-31,2020-03-31,2020-03-31,2021-09-07,-207200000.0,3437500000.0,,1919700000.0,1517800000.0,,-5.994,-17700000.0,450700000.0,450700000.0,968600000.0,-12900000.0,1.516,-8.98,2384200000.0,273900000.0,2110300000.0,2384200000.0,0.0,40800000.0,0.0,0.125,0.03,17100000.0,57900000.0,0.048,57900000.0,17100000.0,-16800000.0,-0.18,-0.18,-0.18,-429200000.0,,-429200000.0,1905268723.0,15.0,6.505,-97300000.0,-1.359,1.0,248300000.0,0.204,525800000.0,33900000.0,3578600000.0,,300700000.0,0.0,0.0,0.0,3854100000.0,1266600000.0,2587500000.0,67968723.0,260000000.0,12900000.0,0.0,349300000.0,-2100000.0,345900000.0,-300000.0,2900000.0,-79600000.0,-6000000.0,-13000000.0,-13000000.0,-13000000.0,19900000.0,100000.0,-0.011,215200000.0,33100000.0,690500000.0,-0.167,-0.158,-0.698,-0.7,686800000.0,0.0,0.959,0.012,0.012,1063200000.0,-2352200000.0,1216900000.0,1216900000.0,0.0,,,,,1400000.0,159900000.0,1.0,70911552.0,71600000.0,71600000.0,16.996,2911700000.0,62100000.0,-3800000.0,75800000.0,40.666,653100000.0
6,RRD,MRQ,2019-12-31,2019-12-31,2019-12-31,2021-09-07,-176200000.0,3330100000.0,,1830900000.0,1499200000.0,,-5.389,-31400000.0,191900000.0,191900000.0,1129900000.0,-89700000.0,1.368,-9.644,2019400000.0,135800000.0,1883600000.0,2019400000.0,0.0,43000000.0,0.0,0.03,0.03,-9300000.0,33700000.0,0.024,33700000.0,-9300000.0,-44300000.0,-1.27,-1.27,-1.27,-383700000.0,,-383700000.0,2365355000.0,21.0,8.403,195700000.0,2.749,1.0,299300000.0,0.209,493300000.0,35000000.0,3326200000.0,,301800000.0,0.0,0.0,0.0,3700400000.0,1338100000.0,2362300000.0,280055000.0,56700000.0,40200000.0,0.0,-212600000.0,-2100000.0,-215500000.0,42700000.0,32600000.0,227100000.0,2400000.0,-90000000.0,-90000000.0,-90000000.0,93300000.0,300000.0,-0.063,220400000.0,78900000.0,798900000.0,-0.024,-0.73,-3.005,-3.015,696100000.0,0.0,3.95,0.051,0.051,1041000000.0,-2336800000.0,1429200000.0,1429200000.0,0.0,,,,,1600000.0,165000000.0,1.0,70900000.0,71200000.0,71200000.0,20.073,2836800000.0,57800000.0,45700000.0,75800000.0,39.843,492800000.0
7,RRD,MRQ,2019-09-30,2019-09-30,2019-09-30,2021-09-07,-173900000.0,3540500000.0,,1844000000.0,1696500000.0,,-4.073,-31000000.0,144700000.0,144700000.0,1132900000.0,12900000.0,1.397,-13.127,2230000000.0,168400000.0,2061600000.0,2230000000.0,0.0,43500000.0,0.0,0.032,0.03,94300000.0,137800000.0,0.097,137800000.0,94300000.0,56900000.0,0.18,0.18,0.18,-290800000.0,,-290800000.0,2377016000.0,12.0,6.386,-1700000.0,-0.024,1.0,284300000.0,0.201,660500000.0,37400000.0,3644900000.0,,338700000.0,0.0,0.0,0.0,3817400000.0,1320400000.0,2497000000.0,266916000.0,-73800000.0,-3000000.0,0.0,-93500000.0,-2100000.0,-95600000.0,-1000000.0,31400000.0,29300000.0,-6500000.0,12600000.0,12600000.0,12600000.0,-19800000.0,300000.0,0.009,213300000.0,71000000.0,803200000.0,0.167,-0.918,-10.306,-10.189,710700000.0,0.0,3.77,0.052,0.053,1248900000.0,-2244700000.0,1417200000.0,1417200000.0,0.0,,,,,2600000.0,168200000.0,1.0,70800000.0,71400000.0,71400000.0,19.849,2880000000.0,57400000.0,44300000.0,76200000.0,40.336,523600000.0
8,RRD,MRQ,2019-06-30,2019-06-30,2019-06-30,2021-09-07,-154800000.0,3561400000.0,,1839900000.0,1721500000.0,,-3.994,-39000000.0,220500000.0,220500000.0,1230500000.0,-7400000.0,1.47,-13.456,2330600000.0,169700000.0,2160900000.0,2330600000.0,0.0,40000000.0,0.0,0.061,0.03,23500000.0,63500000.0,0.042,63500000.0,23500000.0,-14600000.0,-0.1,-0.1,-0.1,-284800000.0,,-284800000.0,2252676000.0,13.0,6.539,-26100000.0,-0.366,1.0,278200000.0,0.184,654100000.0,38100000.0,3765700000.0,,335500000.0,0.0,0.0,0.0,3832200000.0,1251700000.0,2580500000.0,139476000.0,-71900000.0,11100000.0,0.0,-50900000.0,-2200000.0,-53100000.0,-29400000.0,1100000.0,12900000.0,-2300000.0,-7000000.0,-7000000.0,-7000000.0,0.0,-400000.0,-0.005,257300000.0,20900000.0,779200000.0,-0.3,-0.49,-33.209,-32.833,725800000.0,0.0,1.97,0.026,0.026,1156600000.0,-2255200000.0,1508700000.0,1508700000.0,0.0,,,,,3300000.0,199000000.0,1.0,70800000.0,71300000.0,71300000.0,21.16,2907300000.0,65100000.0,-7600000.0,82500000.0,40.776,588200000.0
9,RRD,MRQ,2019-03-31,2019-03-31,2019-03-31,2021-09-07,-152400000.0,3667400000.0,,1926200000.0,1741200000.0,,-3.736,-37400000.0,274300000.0,274300000.0,1243600000.0,-8500000.0,1.597,-14.811,2387500000.0,107600000.0,2279900000.0,2387500000.0,0.0,42700000.0,0.0,0.049,0.03,27500000.0,70200000.0,0.046,70200000.0,27500000.0,-12600000.0,-0.12,-0.12,-0.12,-264500000.0,,-264500000.0,2053397341.0,11.0,5.771,-167400000.0,-2.364,1.0,278300000.0,0.183,659300000.0,40100000.0,3915500000.0,,326100000.0,0.0,0.0,0.0,3917400000.0,1205800000.0,2711600000.0,332497341.0,-90800000.0,-700000.0,0.0,78800000.0,-2100000.0,74800000.0,-38100000.0,300000.0,-130000000.0,2500000.0,-8800000.0,-8800000.0,-8800000.0,0.0,300000.0,-0.006,255000000.0,23300000.0,771800000.0,-0.25,-1.257,-32.598,-33.714,745200000.0,0.0,4.72,0.06,0.061,1203600000.0,-2234000000.0,1521900000.0,1521900000.0,0.0,,,,,3400000.0,199600000.0,1.0,70444352.0,70800000.0,70800000.0,21.496,3008100000.0,65900000.0,-3800000.0,91100000.0,42.487,720400000.0
10,RRD,MRQ,2018-12-31,2018-12-31,2018-12-31,2021-09-07,-153800000.0,3640800000.0,,2099700000.0,1541100000.0,,-3.669,-31700000.0,370600000.0,370600000.0,444200000.0,-22500000.0,1.354,-14.941,2091500000.0,216200000.0,1875300000.0,2091500000.0,0.0,43900000.0,0.0,0.086,0.03,56800000.0,100700000.0,0.151,100700000.0,56800000.0,14200000.0,-0.33,-0.33,-0.33,-260100000.0,,-260100000.0,2209084000.0,12.0,5.967,235700000.0,3.324,1.0,221400000.0,0.333,666700000.0,42600000.0,3144100000.0,,329700000.0,0.0,0.0,0.0,3886200000.0,1550900000.0,2335300000.0,278784000.0,107400000.0,-6400000.0,0.0,-121800000.0,-2100000.0,-123900000.0,-33300000.0,4600000.0,267400000.0,-2800000.0,-22700000.0,-22700000.0,-22700000.0,-20600000.0,200000.0,-0.034,158400000.0,63000000.0,987300000.0,-0.091,-1.072,-25.344,-24.75,531300000.0,0.0,3.96,0.049,0.049,1298300000.0,-2225700000.0,665600000.0,665600000.0,0.0,,,,,2200000.0,103100000.0,1.0,70400000.0,70900000.0,70000000.0,9.388,2974100000.0,66900000.0,36900000.0,91100000.0,41.948,548800000.0
11,RRD,MRQ,2018-09-30,2018-09-30,2018-09-30,2021-09-07,-150500000.0,3698000000.0,,2145200000.0,1552800000.0,,-3.313,-24700000.0,247000000.0,247000000.0,1334100000.0,34800000.0,1.421,-16.749,2177300000.0,222000000.0,1955300000.0,2177300000.0,0.0,44200000.0,0.0,0.083,0.03,65900000.0,110100000.0,0.067,110100000.0,65900000.0,23900000.0,0.49,0.49,0.49,-233900000.0,,-233900000.0,2378560000.0,10.0,5.618,39400000.0,0.558,1.0,315400000.0,0.191,674500000.0,42000000.0,3443700000.0,,361800000.0,0.0,0.0,0.0,3917500000.0,1510100000.0,2407400000.0,380160000.0,9700000.0,50200000.0,0.0,-77300000.0,-2200000.0,-79600000.0,29000000.0,1800000.0,64100000.0,-3800000.0,34300000.0,34300000.0,34300000.0,0.0,500000.0,0.021,254500000.0,60900000.0,897600000.0,0.061,-1.625,-9.25,-9.31,545700000.0,0.0,5.4,0.055,0.055,1359500000.0,-2200800000.0,1649500000.0,1649500000.0,0.0,,,,,2200000.0,203800000.0,1.0,70400000.0,70600000.0,70700000.0,23.364,3023500000.0,66100000.0,-10400000.0,69700000.0,42.826,635100000.0
12,RRD,MRQ,2018-06-30,2018-06-30,2018-06-30,2021-09-07,-122000000.0,3653800000.0,,2085800000.0,1568000000.0,,-3.708,-26500000.0,257000000.0,257000000.0,1388900000.0,-12600000.0,1.477,-14.902,2255400000.0,221300000.0,2034100000.0,2255400000.0,0.0,46100000.0,0.0,0.097,0.14,28700000.0,74800000.0,0.045,74800000.0,28700000.0,-13300000.0,-0.18,-0.18,-0.18,-261800000.0,,-261800000.0,2358228000.0,12.0,6.011,-14200000.0,-0.201,1.0,290600000.0,0.173,681400000.0,42000000.0,3558500000.0,,324400000.0,0.0,0.0,0.0,3901300000.0,1412300000.0,2489000000.0,404928000.0,27100000.0,0.0,0.0,70100000.0,-9800000.0,60200000.0,-30800000.0,400000.0,12300000.0,-14600000.0,-13000000.0,-13000000.0,-13000000.0,0.0,400000.0,-0.008,265100000.0,25500000.0,812300000.0,-0.778,-1.547,-4.855,-4.881,559200000.0,0.0,5.76,0.057,0.058,1303400000.0,-2255000000.0,1679500000.0,1679500000.0,0.0,,,,,3000000.0,208000000.0,1.0,70300000.0,70600000.0,70600000.0,23.789,2972400000.0,70000000.0,-300000.0,54300000.0,42.102,673500000.0
13,RRD,MRQ,2018-03-31,2018-03-31,2018-03-31,2021-09-07,-82700000.0,3680600000.0,,2036300000.0,1644300000.0,,-2.885,-21500000.0,235200000.0,235200000.0,1413100000.0,-9300000.0,1.425,-19.077,2188500000.0,219100000.0,1969400000.0,2188500000.0,0.0,47200000.0,0.0,0.064,0.14,37400000.0,84600000.0,0.05,84600000.0,37400000.0,-4300000.0,-0.14,-0.14,-0.14,-202800000.0,,-202800000.0,2448132578.0,8.0,5.07,-161800000.0,-2.302,1.0,294700000.0,0.173,727000000.0,41700000.0,3477800000.0,,339900000.0,0.0,0.0,0.0,3868900000.0,1429100000.0,2439800000.0,611832578.0,-42100000.0,300000.0,0.0,77300000.0,-9800000.0,66100000.0,27700000.0,47700000.0,-140300000.0,4400000.0,-9600000.0,-9600000.0,-9600000.0,0.0,300000.0,-0.006,262500000.0,32200000.0,860800000.0,-1.0,-3.017,100.3,97.0,588700000.0,0.0,8.73,0.088,0.088,1345400000.0,-2232300000.0,1707800000.0,1707800000.0,0.0,,,,,1200000.0,214600000.0,1.0,70083915.0,70300000.0,70300000.0,24.293,2953600000.0,73300000.0,5300000.0,59400000.0,42.014,607200000.0
14,RRD,MRQ,2017-12-31,2017-12-31,2017-12-31,2021-09-07,-103700000.0,3904500000.0,,2216900000.0,1687600000.0,,-3.087,-31300000.0,273400000.0,273400000.0,1561900000.0,-52300000.0,1.427,-18.876,2109700000.0,10800000.0,2098900000.0,2109700000.0,0.0,48300000.0,0.0,0.06,0.14,105600000.0,153900000.0,0.08,153900000.0,105600000.0,63300000.0,-0.75,-0.75,-0.75,-217600000.0,,-217600000.0,2676230000.0,11.0,6.01,189800000.0,2.692,1.0,363900000.0,0.189,731800000.0,42300000.0,3456000000.0,,416800000.0,0.0,0.0,0.0,4107400000.0,1553000000.0,2554400000.0,651930000.0,53700000.0,0.0,0.0,-147100000.0,-9800000.0,-153300000.0,-18200000.0,12800000.0,221100000.0,4100000.0,-52800000.0,-52800000.0,-52800000.0,0.0,500000.0,-0.027,262000000.0,101900000.0,1094700000.0,-0.187,-2.996,-18.951,-18.98,615100000.0,0.0,9.3,0.094,0.094,1417600000.0,-2225700000.0,1925800000.0,1925800000.0,0.0,,,,,2000000.0,207400000.0,1.0,70100000.0,70500000.0,69900000.0,27.316,3172700000.0,81700000.0,116100000.0,59400000.0,45.003,663900000.0
15,RRD,MRQ,2017-09-30,2017-09-30,2017-09-30,2021-09-07,-126500000.0,3956700000.0,,2218600000.0,1738100000.0,,-2.52,-23000000.0,225800000.0,225800000.0,1411400000.0,-7800000.0,1.501,-23.288,2250100000.0,17900000.0,2232200000.0,2250100000.0,0.0,47000000.0,0.0,0.054,0.14,32000000.0,79000000.0,0.046,79000000.0,32000000.0,-11500000.0,-0.11,-0.11,-0.11,-176900000.0,,-176900000.0,2749500000.0,-8.0,-18.441,14700000.0,0.209,1.0,323500000.0,0.186,738100000.0,43500000.0,3764600000.0,,457100000.0,0.0,0.0,0.0,4119700000.0,1478300000.0,2641400000.0,721000000.0,5600000.0,0.0,0.0,-2600000.0,-9800000.0,-16800000.0,-20600000.0,900000.0,37700000.0,5300000.0,-8000000.0,-8000000.0,-8000000.0,0.0,200000.0,-0.005,291700000.0,31800000.0,996500000.0,-1.273,-4.076,-1.455,-1.455,624600000.0,0.0,10.3,0.105,0.105,1382900000.0,-2160600000.0,1734900000.0,1734900000.0,0.0,,,,,2100000.0,210900000.0,1.0,70000000.0,70200000.0,70200000.0,24.714,3218600000.0,123200000.0,-3500000.0,0.0,45.849,740300000.0
16,RRD,MRQ,2017-06-30,2017-06-30,2017-06-30,2021-09-07,-143000000.0,3831800000.0,,2062500000.0,1769300000.0,,-2.498,-28100000.0,224000000.0,224000000.0,1318000000.0,76700000.0,1.539,-22.806,2252500000.0,19100000.0,2233400000.0,2252500000.0,0.0,47500000.0,0.0,0.096,0.14,117900000.0,165400000.0,0.102,165400000.0,117900000.0,72400000.0,1.09,1.09,1.09,-175100000.0,,-175100000.0,2880800000.0,-9.0,-40.575,-64000000.0,-0.913,1.0,302000000.0,0.186,764600000.0,45500000.0,3755300000.0,,392400000.0,2300000.0,2300000.0,0.0,3993300000.0,1340400000.0,2652900000.0,877800000.0,-22300000.0,0.0,0.0,117200000.0,-9800000.0,29100000.0,-21900000.0,3500000.0,-35900000.0,6400000.0,76500000.0,76500000.0,76500000.0,0.0,200000.0,0.047,267600000.0,34400000.0,911600000.0,0.128,-5.013,-1.774,-1.774,633200000.0,0.0,12.54,0.128,0.128,1301500000.0,-2140100000.0,1620000000.0,1620000000.0,0.0,,,,,2400000.0,216300000.0,1.0,70000000.0,70100000.0,70200000.0,23.11,3067200000.0,119700000.0,-4100000.0,0.0,43.755,722100000.0
17,RRD,MRQ,2017-03-31,2017-03-31,2017-03-31,2021-09-07,-78500000.0,3907300000.0,,2138000000.0,1769300000.0,,-2.683,-26100000.0,244300000.0,244300000.0,1332100000.0,-49800000.0,1.514,-21.698,2247300000.0,12400000.0,2234900000.0,2247300000.0,0.0,48600000.0,0.0,0.152,0.14,-1600000.0,47000000.0,0.028,47000000.0,-1600000.0,-49900000.0,-0.71,-0.71,-0.71,-188100000.0,,-188100000.0,2916219375.0,-7.0,-29.191,-31100000.0,-0.444,1.0,326800000.0,0.197,767600000.0,48300000.0,3730400000.0,,375900000.0,120400000.0,120400000.0,0.0,4081400000.0,1412300000.0,2669100000.0,846319375.0,-71400000.0,0.0,0.0,-140300000.0,-9800000.0,-153300000.0,85400000.0,123200000.0,-5000000.0,1500000.0,-50100000.0,-50100000.0,-50100000.0,0.0,300000.0,-0.03,283500000.0,43300000.0,884800000.0,-0.197,-4.499,-1.445,-1.447,637000000.0,0.0,12.11,0.123,0.123,1268900000.0,-2215200000.0,1658900000.0,1658900000.0,0.0,,,,,1900000.0,225800000.0,1.0,69885993.0,70100000.0,70100000.0,23.665,3139700000.0,114200000.0,200000.0,0.0,44.789,725700000.0
18,RRD,MRQ,2016-12-31,2016-12-31,2016-12-31,2021-09-07,-55700000.0,4268800000.0,,2501000000.0,1767800000.0,,-1.51,-24200000.0,317500000.0,317500000.0,1523300000.0,-513600000.0,1.629,-41.258,2387400000.0,8200000.0,2379200000.0,2387400000.0,0.0,50700000.0,0.0,0.152,0.14,-491200000.0,-440500000.0,-0.237,-440500000.0,-491200000.0,-539300000.0,-7.35,-7.35,-7.35,-105700000.0,,-105700000.0,4618236000.0,-15.0,86.001,95200000.0,1.36,1.0,335600000.0,0.181,773900000.0,48100000.0,4029600000.0,,386800000.0,328700000.0,328700000.0,0.0,4361000000.0,1535200000.0,2825800000.0,1139136000.0,-92200000.0,-600000.0,0.0,-64800000.0,-9800000.0,-167500000.0,-32700000.0,100000.0,119400000.0,-11400000.0,-514100000.0,-514100000.0,-514100000.0,25500000.0,500000.0,-0.277,826800000.0,-491200000.0,985300000.0,-0.019,-10.777,-2.297,-2.302,650300000.0,0.0,16.32,0.167,0.167,1331300000.0,-2155400000.0,1858900000.0,1858900000.0,0.0,,,,,-500000.0,216000000.0,1.0,69800000.0,70000000.0,68500000.0,26.556,3494900000.0,108900000.0,-25200000.0,0.0,49.927,965800000.0
19,RRD,MRQ,2016-09-30,2016-09-30,2016-09-30,2021-09-07,-815700000.0,7472500000.0,,3312500000.0,4160000000.0,,7.491,-46500000.0,411800000.0,411800000.0,1361400000.0,-6800000.0,1.491,13.223,3890900000.0,255600000.0,3635300000.0,3890900000.0,0.0,101500000.0,0.0,0.066,0.78,55600000.0,157100000.0,0.091,157100000.0,55600000.0,6800000.0,-0.1,-0.1,-0.1,524400000.0,,524400000.0,6622140000.0,35.0,10.742,61600000.0,0.88,1.0,364200000.0,0.211,2190600000.0,48800000.0,6539400000.0,,651100000.0,0.0,0.0,0.0,6934100000.0,2221600000.0,4712500000.0,3293340000.0,121200000.0,-47200000.0,0.0,162600000.0,-54500000.0,111200000.0,-95800000.0,600000.0,108100000.0,-2300000.0,-7100000.0,-7100000.0,-7100000.0,29100000.0,300000.0,-0.004,280200000.0,84000000.0,1172700000.0,-7.8,6.28,36.921,36.844,1342300000.0,0.0,47.16,0.924,0.927,2109300000.0,-765600000.0,1725600000.0,1725600000.0,0.0,,,,,3400000.0,218100000.0,1.0,69833333.0,70000000.0,70500000.0,24.651,5281900000.0,211100000.0,13900000.0,0.0,75.456,1090900000.0
20,RRD,MRQ,2016-06-30,2016-06-30,2016-06-30,2021-09-07,-791900000.0,7088200000.0,,2974300000.0,4113900000.0,,8.654,-53300000.0,290600000.0,290600000.0,1316200000.0,-14300000.0,1.217,10.678,3619400000.0,675600000.0,2943800000.0,3619400000.0,0.0,104000000.0,0.0,0.061,0.78,32500000.0,136500000.0,0.084,136500000.0,32500000.0,-18900000.0,-0.21,-0.21,-0.21,605800000.0,,605800000.0,6856648000.0,26.0,9.828,39200000.0,0.56,1.0,316400000.0,0.194,2150700000.0,51400000.0,5823000000.0,,596800000.0,0.0,0.0,0.0,6468700000.0,2443300000.0,4025400000.0,3543048000.0,26900000.0,0.0,0.0,38400000.0,-54400000.0,-15800000.0,-42600000.0,800000.0,92500000.0,-7200000.0,-14500000.0,-14500000.0,-14500000.0,-8700000.0,200000.0,-0.009,291700000.0,24700000.0,1047700000.0,-3.714,5.849,32.035,31.925,1375000000.0,0.0,50.76,0.76,0.762,1968400000.0,-704000000.0,1632600000.0,1632600000.0,0.0,,,,,6500000.0,233600000.0,1.0,69800000.0,70000000.0,70000000.0,23.323,4937500000.0,192600000.0,-4400000.0,0.0,70.536,531000000.0
21,RRD,MRQ,2016-03-31,2016-03-31,2016-03-31,2021-09-07,-776100000.0,7086100000.0,,2937000000.0,4149100000.0,,9.783,-48100000.0,263700000.0,263700000.0,1313100000.0,40100000.0,1.212,9.343,3577300000.0,634400000.0,2942900000.0,3577300000.0,0.0,107000000.0,0.0,0.063,0.78,93600000.0,200600000.0,0.122,200600000.0,93600000.0,43200000.0,0.57,0.57,0.57,683800000.0,,683800000.0,6457073765.0,17.0,7.877,-240900000.0,-3.446,1.0,332500000.0,0.202,2167500000.0,50400000.0,5809100000.0,,607300000.0,0.0,0.0,0.0,6388600000.0,2423100000.0,3965500000.0,3423773765.0,-125900000.0,13400000.0,0.0,144600000.0,-54300000.0,92000000.0,-29500000.0,2300000.0,-192800000.0,4400000.0,39800000.0,39800000.0,39800000.0,-36200000.0,300000.0,0.024,274900000.0,57600000.0,1009200000.0,1.368,5.007,20.307,20.247,1412400000.0,0.0,49.2,0.592,0.595,1948600000.0,-635100000.0,1645600000.0,1645600000.0,0.0,,,,,3500000.0,229300000.0,1.0,69588898.0,69900000.0,70300000.0,23.542,4918600000.0,177000000.0,3400000.0,0.0,70.366,513900000.0
22,RRD,MRQ,2015-12-31,2015-12-31,2015-12-31,2021-09-07,-793200000.0,7279300000.0,,3101700000.0,4177600000.0,,9.795,-54800000.0,288700000.0,288700000.0,-1031200000.0,71300000.0,1.327,9.642,2418700000.0,231900000.0,2186800000.0,2418700000.0,0.0,112500000.0,0.0,0.071,0.78,9800000.0,122300000.0,-0.085,122300000.0,9800000.0,12900000.0,1.02,1.03,1.02,682700000.0,,682700000.0,6491064000.0,17.0,7.819,407000000.0,5.839,1.0,-410300000.0,0.285,1306700000.0,-3100000.0,5765300000.0,,352800000.0,0.0,0.0,0.0,6582700000.0,2337300000.0,4245400000.0,3072064000.0,130400000.0,100000.0,0.0,-226900000.0,-54200000.0,-256000000.0,-61300000.0,9700000.0,461800000.0,-14100000.0,71000000.0,71000000.0,71000000.0,-170100000.0,300000.0,-0.049,-251000000.0,-159300000.0,993900000.0,0.765,4.5,20.331,20.073,696600000.0,0.0,44.16,0.446,0.44,1237200000.0,-620600000.0,-1441500000.0,-1441500000.0,0.0,,,,,3700000.0,-99800000.0,1.0,69566667.0,69700000.0,68500000.0,-20.681,5972600000.0,93100000.0,-58100000.0,0.0,85.69,764400000.0
23,RRD,MRQ,2015-09-30,2015-09-30,2015-09-30,2021-09-07,-804600000.0,7470600000.0,,3184500000.0,4286100000.0,,9.31,-51700000.0,257300000.0,257300000.0,2208100000.0,11600000.0,1.3,10.491,3676300000.0,460200000.0,3216100000.0,3676300000.0,0.0,115300000.0,0.0,0.071,0.78,123000000.0,238300000.0,0.084,238300000.0,123000000.0,54000000.0,0.21,0.2,0.21,648900000.0,,648900000.0,6490072000.0,23.0,8.834,91500000.0,1.313,1.0,619900000.0,0.219,2203500000.0,69000000.0,6235800000.0,,639900000.0,0.0,0.0,0.0,6807900000.0,2450300000.0,4357600000.0,3038672000.0,-38100000.0,200000.0,0.0,-70200000.0,-54300000.0,-124500000.0,-50700000.0,2600000.0,143200000.0,-6100000.0,14300000.0,14300000.0,14300000.0,0.0,-2700000.0,0.005,496600000.0,123300000.0,1196400000.0,3.714,4.683,30.509,29.714,1504000000.0,0.0,43.68,0.437,0.437,2059000000.0,-637400000.0,2828000000.0,2828000000.0,0.0,,,,,3800000.0,328400000.0,1.0,69566667.0,69700000.0,70100000.0,40.574,5267100000.0,179500000.0,39700000.0,0.0,75.568,734200000.0
24,RRD,MRQ,2015-06-30,2015-06-30,2015-06-30,2021-09-07,-770400000.0,7492400000.0,,3108100000.0,4384300000.0,,10.625,-52600000.0,295400000.0,295400000.0,2132300000.0,43600000.0,1.445,9.391,3746800000.0,312700000.0,3434100000.0,3746800000.0,0.0,112800000.0,0.0,0.06,0.78,145700000.0,258500000.0,0.094,258500000.0,145700000.0,76500000.0,0.63,0.63,0.63,719300000.0,,719300000.0,6862058000.0,21.0,8.74,152700000.0,2.256,1.0,615800000.0,0.224,2248500000.0,69200000.0,6544100000.0,,617100000.0,0.0,0.0,0.0,6754800000.0,2151200000.0,4603600000.0,3496458000.0,26700000.0,-115700000.0,0.0,34900000.0,-52100000.0,-16700000.0,-164600000.0,9400000.0,205300000.0,2700000.0,43500000.0,43500000.0,43500000.0,0.0,100000.0,0.016,458100000.0,157700000.0,1115800000.0,1.238,4.861,23.705,23.877,1575200000.0,0.0,52.29,0.493,0.499,1976900000.0,-597400000.0,2748100000.0,2748100000.0,0.0,,,,,6300000.0,313100000.0,1.0,66866667.0,67700000.0,68067000.0,40.592,5243900000.0,167100000.0,33000000.0,0.0,77.458,956900000.0
25,RRD,MRQ,2015-03-31,2015-03-31,2015-03-31,2021-09-07,-794200000.0,7205300000.0,,3043700000.0,4161600000.0,,8.119,-48500000.0,268700000.0,268700000.0,2166400000.0,11900000.0,1.499,12.243,3634300000.0,203300000.0,3431000000.0,3634300000.0,0.0,113400000.0,0.0,0.054,0.78,97700000.0,211100000.0,0.077,211100000.0,97700000.0,28700000.0,0.33,0.33,0.33,542900000.0,,542900000.0,6938988845.0,20.0,8.426,-192800000.0,-2.883,1.0,579700000.0,0.211,2100400000.0,69000000.0,6439600000.0,,560200000.0,0.0,0.0,0.0,6646700000.0,2030900000.0,4615800000.0,3834388845.0,-259200000.0,-2200000.0,0.0,1400000.0,-52000000.0,-47600000.0,-45700000.0,5400000.0,-144300000.0,-21600000.0,22300000.0,22300000.0,22300000.0,0.0,-10400000.0,0.008,464100000.0,115600000.0,1100100000.0,2.364,7.063,22.729,22.845,1455500000.0,0.0,57.57,0.529,0.531,1981600000.0,-588800000.0,2746100000.0,2746100000.0,0.0,,,,,3500000.0,330900000.0,1.0,66603940.0,66867000.0,67367000.0,41.068,5104900000.0,227200000.0,6400000.0,0.0,76.344,1012800000.0
26,RRD,MRQ,2014-12-31,2014-12-31,2014-12-31,2021-09-07,-773600000.0,7608800000.0,,3373300000.0,4235500000.0,,8.876,-59100000.0,527900000.0,527900000.0,-952300000.0,23600000.0,1.425,11.769,3602000000.0,203400000.0,3398600000.0,3602000000.0,0.0,117000000.0,0.0,0.062,0.78,-90200000.0,26800000.0,-0.02,26800000.0,-90200000.0,-88400000.0,0.3,0.3,0.3,593800000.0,,593800000.0,6849239000.0,25.0,9.176,409700000.0,6.124,1.0,-409100000.0,0.3,2130300000.0,-1800000.0,6185300000.0,,586200000.0,0.0,0.0,0.0,6988400000.0,2367300000.0,4621100000.0,3357639000.0,258700000.0,1400000.0,0.0,-143900000.0,-52000000.0,-158400000.0,-36400000.0,21800000.0,468800000.0,-15300000.0,19500000.0,19500000.0,19500000.0,-161100000.0,4100000.0,-0.014,-175100000.0,-234000000.0,1296600000.0,2.6,5.654,28.6,28.483,1515500000.0,0.0,50.415,0.468,0.465,2033800000.0,-559100000.0,-1361400000.0,-1361400000.0,0.0,,,,,3900000.0,-57100000.0,1.0,66600000.0,66899000.0,65399000.0,-20.35,5478500000.0,234100000.0,-107900000.0,0.0,81.892,1006000000.0
27,RRD,MRQ,2014-09-30,2014-09-30,2014-09-30,2021-09-07,-499800000.0,7566900000.0,,3323400000.0,4243500000.0,,13.411,-58200000.0,269200000.0,269200000.0,2310200000.0,64800000.0,1.376,7.425,3760800000.0,333500000.0,3427300000.0,3760800000.0,0.0,119600000.0,0.0,0.063,0.78,169100000.0,288700000.0,0.098,288700000.0,169100000.0,97900000.0,0.93,0.93,0.93,895400000.0,,895400000.0,6835108000.0,14.0,7.318,126000000.0,1.887,1.0,647600000.0,0.219,2187700000.0,71200000.0,6455100000.0,,652800000.0,0.0,0.0,0.0,6648500000.0,2415700000.0,4232800000.0,3288708000.0,-19700000.0,-9900000.0,0.0,-59900000.0,-51900000.0,-124900000.0,-69100000.0,11300000.0,184200000.0,-9900000.0,62200000.0,62200000.0,62200000.0,0.0,2600000.0,0.021,473900000.0,173700000.0,1219800000.0,0.839,3.673,16.289,15.676,1579900000.0,0.0,49.38,0.291,0.292,2169600000.0,-526600000.0,2957800000.0,2957800000.0,0.0,,,,,3900000.0,334400000.0,1.0,66600000.0,66767000.0,67200000.0,44.3,5379200000.0,83300000.0,35700000.0,0.0,80.567,907700000.0
28,RRD,MRQ,2014-06-30,2014-06-30,2014-06-30,2021-09-07,-485800000.0,7546900000.0,,3202900000.0,4344000000.0,,13.403,-57300000.0,288900000.0,288900000.0,2240300000.0,65600000.0,1.364,7.415,3835300000.0,406400000.0,3428900000.0,3835300000.0,0.0,121900000.0,0.0,0.061,0.78,175000000.0,296900000.0,0.102,296900000.0,175000000.0,104200000.0,0.96,0.96,0.96,894400000.0,,894400000.0,6982316000.0,18.0,8.343,92800000.0,1.391,1.0,662200000.0,0.228,2218000000.0,70800000.0,6526900000.0,,586400000.0,0.0,0.0,0.0,6632100000.0,2348400000.0,4283700000.0,3385216000.0,-19500000.0,6000000.0,0.0,-73200000.0,-51900000.0,-125000000.0,-44300000.0,8100000.0,150100000.0,-300000.0,64700000.0,64700000.0,64700000.0,0.0,900000.0,0.022,484000000.0,178200000.0,1124500000.0,0.812,3.785,21.925,20.683,1650000000.0,0.0,50.88,0.309,0.31,2083300000.0,-536900000.0,2902500000.0,2902500000.0,0.0,,,,,6100000.0,339300000.0,1.0,66533333.0,66733000.0,67133000.0,43.494,5328900000.0,86700000.0,39500000.0,0.0,79.854,854500000.0
29,RRD,MRQ,2014-03-31,2014-03-31,2014-03-31,2021-09-07,-496100000.0,7594400000.0,,3178300000.0,4416100000.0,,13.453,-49000000.0,308400000.0,308400000.0,2100600000.0,-33200000.0,1.446,7.748,3905500000.0,278300000.0,3627200000.0,3905500000.0,0.0,115500000.0,0.0,0.058,0.78,18500000.0,134000000.0,0.05,134000000.0,18500000.0,-52500000.0,-0.45,-0.45,-0.45,865900000.0,,865900000.0,6369966704.0,17.0,7.796,-129400000.0,-2.01,1.0,573200000.0,0.214,2237800000.0,71000000.0,6755400000.0,,581700000.0,0.0,0.0,0.0,6708900000.0,2198300000.0,4510600000.0,3540466704.0,-720000000.0,-379900000.0,0.0,-148600000.0,-47300000.0,-196800000.0,-427400000.0,1500000.0,-80400000.0,-15400000.0,-29000000.0,-29000000.0,-29000000.0,0.0,-4200000.0,-0.011,477200000.0,96000000.0,1104900000.0,-1.733,4.089,22.827,20.814,1699600000.0,0.0,53.7,0.334,0.326,2018900000.0,-549700000.0,2673800000.0,2673800000.0,0.0,,,,,3800000.0,316500000.0,1.0,65930479.0,64367000.0,64367000.0,41.54,5356600000.0,87500000.0,-23500000.0,0.0,83.22,980000000.0
30,RRD,MRQ,2013-12-31,2013-12-31,2013-12-31,2021-09-07,-488100000.0,7238200000.0,,3561600000.0,3676600000.0,,10.403,-77000000.0,1028400000.0,1028400000.0,2151700000.0,108400000.0,1.598,10.422,3857900000.0,270900000.0,3587000000.0,3857900000.0,0.0,104900000.0,0.0,0.051,0.78,109500000.0,214400000.0,0.078,214400000.0,109500000.0,42000000.0,1.71,1.71,1.71,631800000.0,,631800000.0,6738076000.0,15.0,7.493,310700000.0,5.116,1.0,603600000.0,0.219,1752200000.0,67500000.0,6086800000.0,,501200000.0,0.0,0.0,0.0,6584500000.0,2228700000.0,4355800000.0,3684876000.0,565600000.0,-12000000.0,0.0,338700000.0,-47200000.0,263700000.0,-86300000.0,3000000.0,387700000.0,500000.0,104000000.0,104000000.0,104000000.0,0.0,4400000.0,0.038,471500000.0,132100000.0,1143000000.0,0.456,5.832,17.447,17.483,1430100000.0,0.0,60.84,0.352,0.352,1832300000.0,-473400000.0,2755300000.0,2755300000.0,0.0,,,,,4300000.0,313700000.0,1.0,60566667.0,60732000.0,61368000.0,45.368,5486000000.0,118800000.0,-62000000.0,0.0,90.331,1332900000.0
31,RRD,MRQ,2013-09-30,2013-09-30,2013-09-30,2021-09-07,-1039300000.0,7102000000.0,,3058600000.0,4043400000.0,,0.311,-55300000.0,462800000.0,462800000.0,2044500000.0,18000000.0,1.418,373.841,3516000000.0,275900000.0,3240100000.0,3516000000.0,0.0,106300000.0,0.0,0.066,0.78,85300000.0,191600000.0,0.073,191600000.0,85300000.0,19700000.0,0.24,0.24,0.24,18900000.0,,18900000.0,6028126000.0,-12.0,-148.111,193900000.0,3.191,1.0,570400000.0,0.218,1770000000.0,65600000.0,6228200000.0,,538600000.0,0.0,0.0,0.0,7065600000.0,2157000000.0,4908600000.0,2867226000.0,108400000.0,100000.0,0.0,-50100000.0,-47300000.0,-96000000.0,-47500000.0,7800000.0,249200000.0,2700000.0,14700000.0,14700000.0,14700000.0,0.0,3300000.0,0.006,435800000.0,134600000.0,1100300000.0,3.25,151.705,-3.865,-3.83,1450900000.0,0.0,47.34,0.276,0.277,1916100000.0,-530200000.0,2614900000.0,2614900000.0,0.0,,,,,4500000.0,291400000.0,1.0,60566667.0,60767000.0,61300000.0,43.032,5332000000.0,449400000.0,5000000.0,0.0,87.745,901600000.0
32,RRD,MRQ,2013-06-30,2013-06-30,2013-06-30,2021-09-07,-1044000000.0,6901600000.0,,2807400000.0,4094200000.0,,0.674,-46400000.0,354400000.0,354400000.0,1973400000.0,66500000.0,1.452,167.396,3515300000.0,277600000.0,3237700000.0,3515300000.0,0.0,111000000.0,0.0,0.074,0.78,166100000.0,277100000.0,0.108,277100000.0,166100000.0,100600000.0,1.08,1.08,1.08,40900000.0,,40900000.0,5773715000.0,-15.0,78.023,107300000.0,1.769,1.0,598200000.0,0.233,1782300000.0,65500000.0,6346100000.0,,493300000.0,0.0,0.0,0.0,6846500000.0,1934100000.0,4912400000.0,2542815000.0,51500000.0,0.0,0.0,-2100000.0,-47100000.0,-48600000.0,-45500000.0,1100000.0,153700000.0,-8100000.0,65400000.0,65400000.0,65400000.0,0.0,1100000.0,0.025,425000000.0,173200000.0,961100000.0,0.722,62.172,-3.712,-3.677,1487600000.0,0.0,42.03,0.247,0.248,1804700000.0,-497600000.0,2571600000.0,2571600000.0,0.0,,,,,7100000.0,294200000.0,1.0,60500000.0,60667000.0,61067000.0,42.389,5119300000.0,448200000.0,35200000.0,0.0,84.384,873300000.0
33,RRD,MRQ,2013-03-31,2013-03-31,2013-03-31,2021-09-07,-1022900000.0,7006800000.0,,2814400000.0,4192400000.0,,0.614,-37900000.0,302900000.0,302900000.0,1980200000.0,25300000.0,1.607,187.504,3533800000.0,21600000.0,3512200000.0,3533800000.0,0.0,113600000.0,0.0,0.086,0.78,102500000.0,216100000.0,0.085,216100000.0,102500000.0,39700000.0,0.45,0.45,0.45,37100000.0,,37100000.0,5181047586.0,-13.0,67.55,-133700000.0,-2.214,1.0,558300000.0,0.22,1798300000.0,62800000.0,6688500000.0,,504400000.0,0.0,0.0,0.0,6956400000.0,1750900000.0,5205500000.0,2173147586.0,-127800000.0,300000.0,0.0,57300000.0,-46900000.0,3700000.0,-33100000.0,1100000.0,-95800000.0,-2600000.0,27100000.0,27100000.0,27100000.0,0.0,-1800000.0,0.011,418500000.0,139800000.0,1030900000.0,1.733,58.575,-3.284,-3.274,1544900000.0,0.0,36.15,0.212,0.213,1851800000.0,-515900000.0,2538500000.0,2538500000.0,0.0,,,,,4000000.0,282200000.0,1.0,60114733.0,60400000.0,60967000.0,42.028,5208500000.0,447900000.0,12600000.0,0.0,86.233,1063500000.0
34,RRD,MRQ,2012-12-31,2012-12-31,2012-12-31,2021-09-07,-1029200000.0,7262700000.0,,2977400000.0,4285300000.0,,0.877,-46000000.0,430700000.0,430700000.0,2074300000.0,-851700000.0,1.45,136.25,3438600000.0,18400000.0,3420200000.0,3438600000.0,0.0,116700000.0,0.0,0.116,0.78,-842200000.0,-725500000.0,-0.273,-725500000.0,-842200000.0,-906000000.0,-14.13,-14.1,-14.13,52800000.0,,52800000.0,5014397000.0,-13.0,52.452,476500000.0,7.911,1.0,585300000.0,0.22,1819300000.0,63800000.0,6397400000.0,,510200000.0,0.0,0.0,0.0,7194000000.0,2053900000.0,5140100000.0,1620897000.0,37800000.0,-37500000.0,0.0,-363300000.0,-46900000.0,-410600000.0,-75000000.0,8600000.0,522500000.0,900000.0,-849000000.0,-849000000.0,-849000000.0,0.0,-2700000.0,-0.319,1427100000.0,-841800000.0,1210300000.0,-0.055,30.699,-2.488,-2.49,1616600000.0,0.0,26.97,0.159,0.159,1878800000.0,-496100000.0,2659600000.0,2659600000.0,0.0,,,,,6800000.0,289800000.0,1.0,60100000.0,60232000.0,58432000.0,44.156,5443400000.0,445100000.0,-57000000.0,0.0,90.374,923500000.0
35,RRD,MRQ,2012-09-30,2012-09-30,2012-09-30,2021-09-07,-839000000.0,8303900000.0,,3138900000.0,5165000000.0,,18.771,-66200000.0,392900000.0,392900000.0,1935800000.0,71200000.0,1.372,6.323,3786400000.0,364100000.0,3422300000.0,3786400000.0,0.0,119000000.0,0.0,0.098,0.78,187300000.0,306300000.0,0.122,306300000.0,187300000.0,123600000.0,1.17,1.17,1.17,1131300000.0,,1131300000.0,5303580000.0,38.0,8.375,93300000.0,1.548,1.0,573000000.0,0.228,2816500000.0,63700000.0,6592300000.0,,546500000.0,0.0,0.0,0.0,7153700000.0,2288600000.0,4865100000.0,1911180000.0,23900000.0,-89900000.0,0.0,17900000.0,-46900000.0,-29000000.0,-119900000.0,36200000.0,159500000.0,13300000.0,71400000.0,71400000.0,71400000.0,0.0,-200000.0,0.028,386300000.0,186700000.0,1094500000.0,0.667,1.689,-14.804,-18.596,1668400000.0,0.0,31.8,0.186,0.186,2035900000.0,399800000.0,2508800000.0,2508800000.0,0.0,,,,,3800000.0,253400000.0,1.0,60100000.0,60267000.0,60800000.0,41.628,5487400000.0,14200000.0,52200000.0,0.0,91.051,850300000.0
36,RRD,MRQ,2012-06-30,2012-06-30,2012-06-30,2021-09-07,-881200000.0,8099800000.0,,2981200000.0,5118600000.0,,17.61,-48400000.0,369000000.0,369000000.0,1933900000.0,89000000.0,1.451,6.618,3761400000.0,343000000.0,3418400000.0,3761400000.0,0.0,120900000.0,0.0,0.088,0.78,158900000.0,279800000.0,0.111,279800000.0,158900000.0,95300000.0,1.47,1.47,1.47,1060700000.0,,1060700000.0,5462431000.0,51.0,8.779,13500000.0,0.224,1.0,594700000.0,0.235,2760900000.0,63600000.0,6676200000.0,,505000000.0,0.0,0.0,0.0,7020100000.0,2055100000.0,4965000000.0,2122131000.0,-46000000.0,0.0,0.0,-3000000.0,-46900000.0,-50400000.0,-43600000.0,4800000.0,61900000.0,-13900000.0,88800000.0,88800000.0,88800000.0,0.0,200000.0,0.035,430800000.0,163900000.0,946900000.0,0.531,2.001,-49.932,-98.083,1718900000.0,0.0,35.31,0.203,0.203,1944900000.0,375300000.0,2528600000.0,2528600000.0,0.0,,,,,7400000.0,275900000.0,1.0,60100000.0,60233000.0,60600000.0,41.98,5338900000.0,25900000.0,6500000.0,0.0,88.637,926100000.0
37,RRD,MRQ,2012-03-31,2012-03-31,2012-03-31,2021-09-07,-820600000.0,8212800000.0,,2974700000.0,5238100000.0,,17.933,-45300000.0,415000000.0,415000000.0,1945000000.0,37900000.0,1.431,6.64,3755300000.0,346800000.0,3408500000.0,3755300000.0,0.0,125000000.0,0.0,0.084,0.78,110000000.0,235000000.0,0.093,235000000.0,110000000.0,49300000.0,0.63,0.63,0.63,1072400000.0,,1072400000.0,5422406984.0,968.0,10.036,-97300000.0,-1.627,1.0,579900000.0,0.23,2796500000.0,60700000.0,6677600000.0,,518900000.0,0.0,0.0,0.0,7121000000.0,2079000000.0,5042000000.0,2211606984.0,-34700000.0,500000.0,0.0,83200000.0,-46400000.0,52000000.0,-46300000.0,1100000.0,-52000000.0,11600000.0,37400000.0,37400000.0,37400000.0,0.0,500000.0,0.015,458500000.0,121400000.0,973800000.0,1.238,2.062,-18.569,-22.527,1802800000.0,0.0,37.17,0.21,0.211,1858800000.0,333400000.0,2524900000.0,2524900000.0,0.0,,,,,7400000.0,283500000.0,1.0,59499784.0,59800000.0,60133000.0,42.222,5416300000.0,44300000.0,11900000.0,0.0,90.574,895700000.0
38,RRD,MRQ,2011-12-31,2011-12-31,2011-12-31,2021-09-07,-863300000.0,8281700000.0,,2968600000.0,5313100000.0,,17.037,-57100000.0,449700000.0,449700000.0,2097700000.0,-326600000.0,1.398,6.924,3660500000.0,243700000.0,3416800000.0,3660500000.0,0.0,129900000.0,0.0,0.072,0.78,-317700000.0,-187800000.0,-0.069,-187800000.0,-317700000.0,-378900000.0,-4.98,-4.95,-4.98,1042700000.0,,1042700000.0,6281054000.0,1428.0,11.332,417400000.0,6.82,1.0,623100000.0,0.229,2812400000.0,61200000.0,6556100000.0,,510900000.0,0.0,0.0,0.0,7219500000.0,2124000000.0,5095500000.0,2709954000.0,81600000.0,-29000000.0,-7100000.0,-276200000.0,-48700000.0,-325200000.0,-70900000.0,24700000.0,474500000.0,3200000.0,-326700000.0,-326700000.0,-326700000.0,0.0,100000.0,-0.12,940200000.0,-317100000.0,1063300000.0,-0.157,2.599,-22.104,-22.905,1854600000.0,0.0,43.29,0.255,0.264,1844200000.0,342400000.0,2720800000.0,2720800000.0,0.0,,,,,5800000.0,303200000.0,1.0,62600000.0,61201000.0,58600000.0,44.457,5469300000.0,273800000.0,-52200000.0,0.0,89.366,844600000.0
39,RRD,MRQ,2011-09-30,2011-09-30,2011-09-30,2021-09-07,-474100000.0,8905900000.0,,3182900000.0,5723000000.0,,28.777,-65600000.0,368100000.0,368100000.0,2056300000.0,158700000.0,1.34,3.925,3939200000.0,519000000.0,3420200000.0,3939200000.0,0.0,139100000.0,0.0,0.074,0.78,156100000.0,295200000.0,0.11,295200000.0,156100000.0,93200000.0,2.52,2.49,2.52,1804300000.0,,1804300000.0,6366036000.0,16.0,6.608,238100000.0,3.797,1.0,627000000.0,0.234,3325500000.0,62900000.0,6776100000.0,,571800000.0,0.0,0.0,0.0,7082000000.0,2375400000.0,4706600000.0,2651736000.0,5100000.0,-38000000.0,0.0,-141600000.0,-48800000.0,-191400000.0,-96100000.0,7400000.0,303700000.0,-11100000.0,158000000.0,158000000.0,158000000.0,0.0,700000.0,0.059,470200000.0,156800000.0,1024000000.0,0.31,1.47,11.474,11.866,1930100000.0,0.0,42.36,0.25,0.251,2041100000.0,717900000.0,2683300000.0,2683300000.0,0.0,,,,,6100000.0,296900000.0,1.0,62600000.0,62700000.0,63600000.0,42.796,5580400000.0,49800000.0,-64800000.0,181800000.0,89.002,807500000.0
40,RRD,MRQ,2011-06-30,2011-06-30,2011-06-30,2021-09-07,-375700000.0,9026200000.0,,3167700000.0,5858500000.0,,27.261,-81100000.0,363000000.0,363000000.0,1981600000.0,12500000.0,1.325,4.039,4077300000.0,649600000.0,3427700000.0,4077300000.0,0.0,140700000.0,0.0,0.053,0.78,57200000.0,197900000.0,0.075,197900000.0,57200000.0,-4100000.0,0.18,0.18,0.18,1787400000.0,,1787400000.0,7187975000.0,18.0,7.579,94200000.0,1.437,1.0,641800000.0,0.245,3346800000.0,61300000.0,7003600000.0,,580000000.0,0.0,0.0,0.0,7219500000.0,2390100000.0,4829400000.0,4069075000.0,-36300000.0,-55800000.0,-499200000.0,476700000.0,-54000000.0,-78000000.0,-144100000.0,-7200000.0,175300000.0,10500000.0,12200000.0,12200000.0,12200000.0,0.0,300000.0,0.005,525700000.0,116100000.0,924700000.0,4.333,2.277,32.192,32.148,2031500000.0,0.0,58.83,0.391,0.371,2011000000.0,608700000.0,2623400000.0,2623400000.0,0.0,,,,,9900000.0,309300000.0,1.0,69166667.0,65567000.0,66500000.0,40.011,5679400000.0,68000000.0,-16300000.0,190700000.0,86.62,777600000.0
41,RRD,MRQ,2011-03-31,2011-03-31,2011-03-31,2021-09-07,-457400000.0,8966400000.0,,3112300000.0,5854100000.0,,32.405,-47100000.0,399300000.0,399300000.0,1956200000.0,34300000.0,1.539,2.997,3518200000.0,281800000.0,3236400000.0,3518200000.0,0.0,140200000.0,0.0,0.055,0.78,108800000.0,249000000.0,0.096,249000000.0,108800000.0,50900000.0,0.48,0.48,0.48,2238100000.0,,2238100000.0,6918436097.0,13.0,6.532,-54300000.0,-0.786,1.0,627300000.0,0.243,3308200000.0,57900000.0,6754600000.0,,581300000.0,0.0,0.0,0.0,6708700000.0,2022500000.0,4686200000.0,3907536097.0,-119800000.0,-19600000.0,6300000.0,-8300000.0,-53700000.0,-56400000.0,-64300000.0,2300000.0,-7200000.0,8100000.0,33900000.0,33900000.0,33900000.0,0.0,400000.0,0.013,517900000.0,109400000.0,930600000.0,1.625,1.746,19.249,19.306,2080900000.0,0.0,56.76,0.384,0.385,1961100000.0,650400000.0,2583500000.0,2583500000.0,0.0,,,,,6500000.0,326900000.0,1.0,68843131.0,69067000.0,69933000.0,37.406,5658200000.0,33000000.0,17000000.0,171000000.0,81.923,1089800000.0
42,RRD,MRQ,2010-12-31,2010-12-31,2010-12-31,2021-09-07,-490400000.0,9083200000.0,,3167300000.0,5915900000.0,,32.19,-84500000.0,519100000.0,519100000.0,2082900000.0,26100000.0,1.605,3.074,3530000000.0,131400000.0,3398600000.0,3530000000.0,0.0,135500000.0,0.0,0.06,0.78,85800000.0,221300000.0,0.082,221300000.0,85800000.0,29300000.0,0.39,0.39,0.39,2224300000.0,,2224300000.0,6237461000.0,11.0,5.726,186900000.0,2.705,1.0,624200000.0,0.231,3301800000.0,56500000.0,6818900000.0,,560600000.0,0.0,0.0,0.0,6837800000.0,1973400000.0,4864400000.0,3604061000.0,-212500000.0,-442000000.0,1400000.0,84000000.0,-53700000.0,31700000.0,-522200000.0,4200000.0,271400000.0,6600000.0,27000000.0,27000000.0,27000000.0,0.0,-900000.0,0.01,538500000.0,85700000.0,939800000.0,2.0,1.62,16.256,16.327,2138700000.0,0.0,52.41,0.36,0.36,1922900000.0,670200000.0,2707100000.0,2707100000.0,0.0,,,,,6200000.0,320000000.0,1.0,68766667.0,69100000.0,69999000.0,39.177,5781400000.0,49300000.0,2300000.0,174500000.0,83.667,1193900000.0
43,RRD,MRQ,2010-09-30,2010-09-30,2010-09-30,2021-09-07,-532000000.0,8824800000.0,,3347800000.0,5477000000.0,,32.018,-50400000.0,782000000.0,782000000.0,1898700000.0,52800000.0,1.934,2.998,3415400000.0,8000000.0,3407400000.0,3415400000.0,0.0,130300000.0,0.0,0.061,0.78,149900000.0,280200000.0,0.113,280200000.0,149900000.0,92300000.0,0.78,0.75,0.78,2201800000.0,,2201800000.0,6243048000.0,13.0,6.024,161600000.0,2.35,1.0,589400000.0,0.237,2971300000.0,57600000.0,6755500000.0,,565900000.0,0.0,0.0,0.0,6601100000.0,1731400000.0,4869700000.0,3498848000.0,115800000.0,400000.0,1200000.0,-2000000.0,-53600000.0,-54400000.0,-50300000.0,-400000.0,212000000.0,8500000.0,53300000.0,53300000.0,53300000.0,0.0,-500000.0,0.021,440700000.0,148700000.0,894700000.0,1.0,1.589,30.372,29.754,2071900000.0,0.0,50.88,0.354,0.354,1805000000.0,696900000.0,2488100000.0,2488100000.0,0.0,,,,,6400000.0,261700000.0,1.0,68766667.0,68767000.0,69967000.0,36.182,5853500000.0,36200000.0,39000000.0,165200000.0,85.121,1616400000.0
44,RRD,MRQ,2010-06-30,2010-06-30,2010-06-30,2021-09-07,-611800000.0,8605800000.0,,3085800000.0,5520000000.0,,30.765,-54600000.0,661700000.0,661700000.0,1819600000.0,89500000.0,1.91,3.057,3405900000.0,9900000.0,3396000000.0,3405900000.0,0.0,134800000.0,0.0,0.064,0.78,173800000.0,308600000.0,0.128,308600000.0,173800000.0,121000000.0,1.29,1.26,1.29,2115600000.0,,2115600000.0,6205631000.0,15.0,6.336,138900000.0,2.02,1.0,589000000.0,0.245,2994500000.0,52800000.0,6739900000.0,,535000000.0,0.0,0.0,0.0,6468100000.0,1615600000.0,4852500000.0,3377131000.0,164500000.0,1800000.0,0.0,70900000.0,-53700000.0,16300000.0,-38700000.0,14000000.0,193500000.0,-6600000.0,88800000.0,88800000.0,88800000.0,0.0,700000.0,0.037,413700000.0,175300000.0,821300000.0,0.605,1.596,45.028,44.243,2110800000.0,0.0,49.11,0.342,0.342,1686100000.0,697200000.0,2408600000.0,2408600000.0,0.0,,,,,7800000.0,268200000.0,1.0,68766667.0,68767000.0,69967000.0,35.026,5611300000.0,36400000.0,32200000.0,169700000.0,81.599,1470200000.0
45,RRD,MRQ,2010-03-31,2010-03-31,2010-03-31,2021-09-07,-548700000.0,8570500000.0,,2907800000.0,5662700000.0,,31.165,-39900000.0,490200000.0,490200000.0,1841700000.0,48700000.0,1.501,3.002,3318700000.0,336100000.0,2982600000.0,3318700000.0,0.0,138600000.0,0.0,0.049,0.78,140700000.0,279300000.0,0.116,279300000.0,140700000.0,85000000.0,0.78,0.75,0.78,2135800000.0,,2135800000.0,7210074875.0,19.0,7.61,35700000.0,0.521,1.0,573400000.0,0.237,3044700000.0,55700000.0,6416800000.0,,526100000.0,0.0,0.0,0.0,6412400000.0,1937500000.0,4474900000.0,4386874875.0,-47900000.0,0.0,6600000.0,-4100000.0,-53400000.0,-51600000.0,-63300000.0,-23400000.0,75600000.0,-8600000.0,52600000.0,52600000.0,52600000.0,0.0,-3900000.0,0.022,427600000.0,145800000.0,850300000.0,1.0,2.054,384.814,355.833,2193200000.0,0.0,64.05,0.447,0.447,1659300000.0,662000000.0,2415100000.0,2415100000.0,0.0,,,,,8200000.0,273500000.0,1.0,68491411.0,68533000.0,69667000.0,35.24,5525800000.0,48000000.0,32400000.0,201000000.0,80.63,970300000.0
46,RRD,MRQ,2009-12-31,2009-12-31,2009-12-31,2021-09-07,-545000000.0,8747600000.0,,2960900000.0,5786700000.0,,31.199,-62100000.0,499200000.0,499200000.0,1982400000.0,-78600000.0,1.452,3.087,3322400000.0,339900000.0,2982500000.0,3322400000.0,0.0,142300000.0,0.0,0.047,0.78,25900000.0,168200000.0,0.065,168200000.0,25900000.0,-30000000.0,-1.14,-1.14,-1.14,2134000000.0,,2134000000.0,7571431000.0,24.0,8.405,265200000.0,3.877,1.0,600700000.0,0.233,3080700000.0,55900000.0,6450400000.0,,561800000.0,0.0,0.0,0.0,6586600000.0,2039700000.0,4546900000.0,4572031000.0,84300000.0,0.0,1500000.0,-91400000.0,-53500000.0,-143600000.0,-103900000.0,1800000.0,327300000.0,4500000.0,-79500000.0,-79500000.0,-79500000.0,0.0,900000.0,-0.031,572200000.0,28500000.0,886400000.0,-0.684,2.142,-167.474,-171.308,2271400000.0,0.0,66.81,0.464,0.464,1675900000.0,662900000.0,2583100000.0,2583100000.0,0.0,,,,,4700000.0,281300000.0,1.0,68433333.0,68400000.0,65901000.0,37.765,5666900000.0,63200000.0,49500000.0,205500000.0,82.849,921200000.0
47,RRD,MRQ,2009-09-30,2009-09-30,2009-09-30,2021-09-07,-506800000.0,8920800000.0,,2966400000.0,5954400000.0,,33.642,-40800000.0,414900000.0,414900000.0,1841400000.0,14600000.0,1.387,2.864,3414300000.0,431900000.0,2982400000.0,3414300000.0,0.0,145000000.0,0.0,0.049,0.78,78300000.0,223300000.0,0.091,223300000.0,78300000.0,18700000.0,0.18,0.18,0.18,2302200000.0,,2302200000.0,7514478000.0,-12.0,-412.883,207000000.0,3.025,1.0,621700000.0,0.252,3230900000.0,59600000.0,6550400000.0,,563100000.0,0.0,0.0,0.0,6592400000.0,2138900000.0,4453500000.0,4364678000.0,-56000000.0,0.0,0.0,-214600000.0,-53400000.0,-268600000.0,-44600000.0,-3900000.0,247800000.0,9400000.0,13100000.0,13100000.0,13100000.0,0.0,1500000.0,0.005,528300000.0,93400000.0,863400000.0,4.333,1.896,-6.877,-7.11,2332700000.0,0.0,63.78,0.433,0.433,1772400000.0,795900000.0,2463100000.0,2463100000.0,0.0,,,,,5500000.0,251600000.0,1.0,68433333.0,68433000.0,69500000.0,35.993,5689900000.0,111300000.0,5600000.0,242800000.0,83.146,827500000.0
48,RRD,MRQ,2009-06-30,2009-06-30,2009-06-30,2021-09-07,-547800000.0,8928800000.0,,2890400000.0,6038400000.0,,33.57,-37200000.0,471100000.0,471100000.0,1756300000.0,26200000.0,1.412,2.877,3620900000.0,517400000.0,3103500000.0,3620900000.0,0.0,143700000.0,0.0,0.09,0.78,133000000.0,276700000.0,0.117,276700000.0,133000000.0,73000000.0,0.36,0.36,0.36,2296200000.0,,2296200000.0,5786624000.0,-15.0,25.458,274800000.0,4.018,1.0,599300000.0,0.254,3244800000.0,60000000.0,6787200000.0,,524900000.0,0.0,0.0,0.0,6607200000.0,2046600000.0,4560600000.0,2384424000.0,-556700000.0,-3000000.0,0.0,-810800000.0,-53600000.0,-865100000.0,-40200000.0,0.0,312000000.0,36600000.0,25200000.0,25200000.0,25200000.0,0.0,1000000.0,0.011,464300000.0,135000000.0,768700000.0,2.167,1.038,-4.972,-5.164,2398400000.0,0.0,34.86,0.228,0.228,1694700000.0,836200000.0,2355600000.0,2355600000.0,0.0,,,,,7400000.0,272400000.0,1.0,68400000.0,68400000.0,69233000.0,34.439,5684000000.0,93700000.0,47800000.0,256400000.0,83.099,843800000.0
49,RRD,MRQ,2009-03-31,2009-03-31,2009-03-31,2021-09-07,-647200000.0,9595300000.0,,3498100000.0,6097200000.0,,32.421,-54900000.0,1027800000.0,1027800000.0,1882800000.0,16400000.0,1.514,3.316,4430000000.0,826700000.0,3603300000.0,4430000000.0,0.0,148000000.0,0.0,0.142,0.78,84600000.0,232600000.0,0.095,232600000.0,84600000.0,25500000.0,0.21,0.21,0.21,2217600000.0,,2217600000.0,5299075608.0,-22.0,13.473,483800000.0,7.073,1.0,572800000.0,0.233,3242200000.0,59100000.0,7445200000.0,,592200000.0,0.0,0.0,0.0,7352700000.0,2310100000.0,5042600000.0,1504175608.0,703600000.0,-23600000.0,0.0,303300000.0,-53100000.0,249300000.0,-72200000.0,300000.0,538700000.0,-12200000.0,13900000.0,13900000.0,13900000.0,0.0,2500000.0,0.006,485400000.0,87400000.0,718900000.0,3.714,0.678,-4.196,-4.363,2462800000.0,0.0,21.99,0.136,0.136,1706300000.0,864600000.0,2455600000.0,2455600000.0,0.0,,,,,6400000.0,283200000.0,1.0,68402711.0,68400000.0,68900000.0,35.901,6353100000.0,83200000.0,11600000.0,255900000.0,92.882,1188000000.0
50,RRD,MRQ,2008-12-31,2008-12-31,2008-12-31,2021-09-07,-580700000.0,9494300000.0,,3281000000.0,6213300000.0,,33.962,-84200000.0,331900000.0,331900000.0,2124300000.0,-684200000.0,1.319,3.085,4126800000.0,923500000.0,3203300000.0,4126800000.0,0.0,154100000.0,0.0,0.077,0.78,-904900000.0,-750800000.0,-0.268,-750800000.0,-904900000.0,-960300000.0,-9.72,-9.72,-9.72,2318500000.0,,2318500000.0,6732900000.0,-142.0,11.35,242100000.0,3.546,1.0,672000000.0,0.24,3257000000.0,55400000.0,7545400000.0,,695700000.0,0.0,0.0,0.0,7152400000.0,2486800000.0,4665600000.0,2783900000.0,-111700000.0,-600000.0,-33700000.0,-264800000.0,-53400000.0,-329400000.0,-74400000.0,10300000.0,326300000.0,-34200000.0,-686900000.0,-686900000.0,-686900000.0,-100000.0,2700000.0,-0.246,1564900000.0,-892900000.0,767600000.0,-0.08,1.201,-14.66,-15.089,2564000000.0,0.0,40.74,0.24,0.246,1903200000.0,903800000.0,2796300000.0,2796300000.0,0.0,,,,,1700000.0,272600000.0,1.0,68333333.0,68267000.0,67769000.0,40.961,6237300000.0,245600000.0,-273400000.0,260900000.0,91.366,794200000.0
51,RRD,MRQ,2008-09-30,2008-09-30,2008-09-30,2021-09-07,363400000.0,11937100000.0,,3547100000.0,8390000000.0,,57.366,-81300000.0,440800000.0,440800000.0,2090300000.0,169400000.0,1.153,1.985,4389800000.0,1191700000.0,3198100000.0,4389800000.0,0.0,164700000.0,0.0,0.042,0.78,304100000.0,468800000.0,0.164,468800000.0,304100000.0,247900000.0,2.4,2.4,2.4,3998400000.0,,3998400000.0,9117000000.0,14.0,6.929,237700000.0,3.41,1.0,774300000.0,0.27,4445500000.0,56200000.0,8364600000.0,,791400000.0,0.0,0.0,0.0,7938700000.0,3076000000.0,4862700000.0,5151300000.0,400000.0,700000.0,-139900000.0,-18400000.0,-54600000.0,-213200000.0,-79800000.0,700000.0,319000000.0,-25600000.0,168200000.0,168200000.0,168200000.0,0.0,1200000.0,0.059,467900000.0,306400000.0,889800000.0,0.325,1.288,25.289,24.53,2671900000.0,0.0,73.59,0.434,0.432,2115700000.0,1643900000.0,2864600000.0,2864600000.0,0.0,,,,,6400000.0,279800000.0,1.0,70000000.0,69700000.0,69900000.0,41.099,7491600000.0,115500000.0,79700000.0,847600000.0,107.484,471100000.0
52,RRD,MRQ,2008-06-30,2008-06-30,2008-06-30,2021-09-07,423100000.0,12170900000.0,,3561900000.0,8609000000.0,,57.838,-85500000.0,443700000.0,443700000.0,2143500000.0,148800000.0,1.159,1.974,4409400000.0,1211100000.0,3198300000.0,4409400000.0,0.0,164200000.0,0.0,0.035,0.78,278500000.0,442700000.0,0.151,442700000.0,278500000.0,220700000.0,2.07,2.07,2.07,4093000000.0,,4093000000.0,10389087000.0,16.0,8.034,161500000.0,2.282,1.0,780100000.0,0.267,4570700000.0,57800000.0,8492700000.0,,748500000.0,0.0,0.0,0.0,8077900000.0,3073200000.0,5004700000.0,6303187000.0,37600000.0,-900000.0,-45200000.0,-83100000.0,-55300000.0,-184700000.0,-27000000.0,27700000.0,247000000.0,2300000.0,146300000.0,146300000.0,146300000.0,-1200000.0,2500000.0,0.05,503700000.0,276400000.0,875500000.0,0.377,1.54,29.944,29.69,2758500000.0,0.0,89.07,0.529,0.529,2165400000.0,1530400000.0,2923600000.0,2923600000.0,0.0,,,,,6300000.0,323300000.0,1.0,70766667.0,70767000.0,70967000.0,41.313,7600200000.0,119800000.0,74400000.0,900300000.0,107.398,488700000.0
53,RRD,MRQ,2008-03-31,2008-03-31,2008-03-31,2021-09-07,413100000.0,12247200000.0,,3589400000.0,8657800000.0,,56.634,-71900000.0,405000000.0,405000000.0,2218200000.0,182400000.0,1.272,2.025,4490900000.0,893100000.0,3597800000.0,4490900000.0,0.0,157600000.0,0.0,0.034,0.78,274900000.0,432500000.0,0.144,432500000.0,274900000.0,217900000.0,2.55,2.55,2.55,4049300000.0,,4049300000.0,10396412086.0,32.0,11.02,53800000.0,0.752,1.0,778900000.0,0.26,4609900000.0,57000000.0,8900500000.0,,733900000.0,0.0,0.0,0.0,8197900000.0,2822700000.0,5375200000.0,6512412086.0,18700000.0,-121300000.0,-58100000.0,163100000.0,-55900000.0,48400000.0,-170000000.0,14500000.0,125700000.0,14600000.0,182500000.0,182500000.0,182500000.0,-500000.0,-100000.0,0.061,509200000.0,269700000.0,950600000.0,0.306,1.608,-1252.387,-3031.0,2788300000.0,0.0,90.93,0.552,0.551,2255300000.0,1439300000.0,2997100000.0,2997100000.0,0.0,,,,,7500000.0,344700000.0,1.0,71620060.0,71500000.0,71667000.0,41.917,7637300000.0,111400000.0,35400000.0,898400000.0,106.815,766700000.0
54,RRD,MRQ,2007-12-31,2007-12-31,2007-12-31,2021-09-07,341300000.0,12086700000.0,,3521300000.0,8565400000.0,,54.595,-160900000.0,442900000.0,442900000.0,2314200000.0,-290000000.0,1.273,2.093,4326900000.0,725000000.0,3601900000.0,4326900000.0,0.0,154600000.0,0.0,0.028,0.78,-182900000.0,-28300000.0,-0.009,-28300000.0,-182900000.0,-242300000.0,-4.02,-3.99,-4.02,3907300000.0,,3907300000.0,11992204000.0,38.0,13.132,237900000.0,3.324,1.0,774000000.0,0.251,4588100000.0,59400000.0,8617400000.0,,709500000.0,0.0,0.0,0.0,8179400000.0,2765200000.0,5414200000.0,8099004000.0,36000000.0,-123300000.0,-55700000.0,28700000.0,-55800000.0,-87700000.0,-282700000.0,1300000.0,398800000.0,7600000.0,-293300000.0,-293300000.0,-293300000.0,400000.0,3300000.0,-0.095,957400000.0,-183400000.0,954900000.0,-0.194,2.073,-165.624,-171.545,2726000000.0,0.0,113.22,0.699,0.71,2180700000.0,1312900000.0,3088200000.0,3088200000.0,0.0,,,,,5900000.0,325600000.0,1.0,71533333.0,71569000.0,70369000.0,43.15,7498600000.0,102700000.0,51000000.0,872300000.0,104.774,756100000.0
55,RRD,MRQ,2007-09-30,2007-09-30,2007-09-30,2021-09-07,202500000.0,12402900000.0,,3494000000.0,8908900000.0,,57.16,-84300000.0,402600000.0,402600000.0,2122400000.0,175000000.0,1.253,1.989,4295800000.0,693300000.0,3602500000.0,4295800000.0,0.0,152800000.0,0.0,0.028,0.78,293400000.0,446200000.0,0.153,446200000.0,293400000.0,234300000.0,2.4,2.4,2.4,4149800000.0,,4149800000.0,11878480000.0,22.0,10.742,262000000.0,3.609,1.0,787600000.0,0.271,5070800000.0,59100000.0,8437800000.0,,710200000.0,0.0,0.0,0.0,8253100000.0,2787500000.0,5465600000.0,7970080000.0,41900000.0,7400000.0,-219000000.0,28600000.0,-56700000.0,-247100000.0,-64700000.0,1600000.0,346300000.0,7400000.0,175000000.0,175000000.0,175000000.0,0.0,0.0,0.06,493200000.0,294400000.0,968400000.0,0.325,1.921,32.772,32.937,2646900000.0,0.0,109.68,0.727,0.726,2160600000.0,1662000000.0,2910000000.0,2910000000.0,0.0,,,,,6400000.0,320500000.0,1.0,72666667.0,72600000.0,72833000.0,40.083,7332100000.0,126100000.0,59300000.0,779300000.0,100.993,706500000.0
56,RRD,MRQ,2007-06-30,2007-06-30,2007-06-30,2021-09-07,168300000.0,12264600000.0,,3273400000.0,8991200000.0,,56.939,-127400000.0,356000000.0,356000000.0,2039800000.0,-69400000.0,1.273,1.925,4264400000.0,662200000.0,3602200000.0,4264400000.0,0.0,148700000.0,0.0,0.024,0.78,-55700000.0,93000000.0,0.033,93000000.0,-55700000.0,-111100000.0,-0.96,-0.96,-0.96,4192600000.0,,4192600000.0,13192451000.0,26.0,12.723,87100000.0,1.183,1.0,756500000.0,0.271,5103800000.0,55400000.0,8498400000.0,,633400000.0,0.0,0.0,0.0,8072000000.0,2570800000.0,5501200000.0,9576551000.0,1500000.0,-390100000.0,46200000.0,298300000.0,-57600000.0,286900000.0,-508600000.0,4500000.0,214500000.0,8700000.0,-69400000.0,-69400000.0,-69400000.0,0.0,0.0,-0.025,810900000.0,-54400000.0,868800000.0,-0.812,2.284,41.119,40.664,2692000000.0,0.0,130.53,0.924,0.927,2067500000.0,1544000000.0,2796300000.0,2796300000.0,0.0,,,,,6700000.0,331700000.0,1.0,73366667.0,73633000.0,73633000.0,37.976,7160800000.0,124500000.0,-41700000.0,816500000.0,97.25,702600000.0
57,RRD,MRQ,2007-03-31,2007-03-31,2007-03-31,2021-09-07,140700000.0,11995900000.0,,3185200000.0,8810700000.0,,58.711,-109400000.0,334400000.0,334400000.0,2056000000.0,138800000.0,1.427,1.805,3950300000.0,348500000.0,3601800000.0,3950300000.0,0.0,142200000.0,0.0,0.028,0.78,260100000.0,402300000.0,0.144,402300000.0,260100000.0,206700000.0,1.92,1.89,1.92,4276100000.0,,4276100000.0,10161928740.0,13.0,7.957,112000000.0,1.538,1.0,736600000.0,0.264,5051300000.0,53400000.0,8328300000.0,,626000000.0,0.0,0.0,0.0,7719800000.0,2232200000.0,5487600000.0,7991228740.0,88200000.0,-1546400000.0,24100000.0,1551800000.0,-56700000.0,1519200000.0,-1654900000.0,900000.0,221400000.0,2500000.0,138800000.0,138800000.0,138800000.0,100000.0,0.0,0.05,478100000.0,258500000.0,918700000.0,0.406,1.869,18.693,18.668,2556800000.0,0.0,109.77,0.812,0.812,2010900000.0,1669000000.0,2792600000.0,2792600000.0,0.0,,,,,8900000.0,324500000.0,1.0,72799752.0,72833000.0,73500000.0,38.343,6944600000.0,124400000.0,67900000.0,860000000.0,95.35,953000000.0
58,RRD,MRQ,2006-12-31,2006-12-31,2006-12-31,2021-09-07,62100000.0,9635800000.0,,2517000000.0,7118800000.0,,56.945,-116100000.0,211400000.0,211400000.0,1832700000.0,-1200000.0,1.562,1.336,2382100000.0,23500000.0,2358600000.0,2382100000.0,0.0,118300000.0,0.0,0.029,0.78,46000000.0,164300000.0,0.067,164300000.0,46000000.0,12700000.0,-0.03,-0.03,-0.03,4124700000.0,,4124700000.0,10067772000.0,14.0,8.398,221300000.0,3.055,1.0,634600000.0,0.257,4006600000.0,33300000.0,6188100000.0,,501800000.0,0.0,0.0,0.0,5511100000.0,1611800000.0,3899300000.0,7705072000.0,-39300000.0,0.0,18900000.0,-232100000.0,-56700000.0,-269900000.0,-108100000.0,8000000.0,337400000.0,1300000.0,-1200000.0,-1200000.0,-1200000.0,100000.0,0.0,0.0,578400000.0,56200000.0,749100000.0,-26.0,1.868,19.234,19.211,2142300000.0,0.0,106.62,0.827,0.825,1638600000.0,1615000000.0,2467300000.0,2467300000.0,0.0,,,,,7200000.0,291800000.0,1.0,72266667.0,72433000.0,73168000.0,34.063,5629200000.0,94800000.0,13900000.0,604100000.0,77.716,905200000.0
59,RRD,MRQ,2006-09-30,2006-09-30,2006-09-30,2021-09-07,-39900000.0,9764400000.0,,2683600000.0,7080800000.0,,56.102,-80500000.0,250700000.0,250700000.0,1656800000.0,164700000.0,1.466,1.413,2613400000.0,255400000.0,2358000000.0,2613400000.0,0.0,116000000.0,0.0,0.032,0.78,261300000.0,377300000.0,0.163,377300000.0,261300000.0,226100000.0,2.28,2.25,2.28,4046800000.0,,4046800000.0,9678848000.0,16.0,9.062,242800000.0,3.366,1.0,651900000.0,0.282,4130800000.0,35200000.0,6165500000.0,,552600000.0,0.0,0.0,0.0,5717600000.0,1830800000.0,3886800000.0,7129248000.0,112200000.0,-8800000.0,7800000.0,-76900000.0,-56100000.0,-125200000.0,-88000000.0,1300000.0,323300000.0,2100000.0,164700000.0,164700000.0,164700000.0,400000.0,0.0,0.071,391100000.0,260800000.0,721400000.0,0.342,1.762,29.805,30.239,2126300000.0,0.0,98.88,0.772,0.772,1654900000.0,1672700000.0,2308700000.0,2308700000.0,0.0,,,,,9600000.0,268500000.0,1.0,72100000.0,72133000.0,72933000.0,32.006,5633600000.0,144800000.0,61400000.0,584900000.0,78.1,852800000.0
60,RRD,MRQ,2006-06-30,2006-06-30,2006-06-30,2021-09-07,-71100000.0,9600600000.0,,2492100000.0,7108500000.0,,53.793,-86800000.0,138500000.0,138500000.0,1648000000.0,125200000.0,1.383,1.469,2688100000.0,330200000.0,2357900000.0,2688100000.0,0.0,114200000.0,0.0,0.033,0.78,219000000.0,333200000.0,0.147,333200000.0,219000000.0,183400000.0,1.71,1.71,1.71,3889200000.0,,3889200000.0,9204995000.0,17.0,9.139,47000000.0,0.65,1.0,625700000.0,0.275,4140800000.0,35600000.0,6206800000.0,,522600000.0,0.0,0.0,0.0,5711400000.0,1802600000.0,3908800000.0,6904395000.0,-182200000.0,-235500000.0,4700000.0,54500000.0,-56100000.0,3100000.0,-322200000.0,100000.0,133800000.0,3100000.0,125200000.0,125200000.0,125200000.0,-800000.0,0.0,0.055,404000000.0,221700000.0,661600000.0,0.456,1.775,39.096,39.938,2138900000.0,0.0,95.85,0.758,0.761,1570900000.0,1564100000.0,2273700000.0,2273700000.0,0.0,,,,,8900000.0,275200000.0,1.0,72033333.0,72300000.0,72967000.0,31.448,5459800000.0,168700000.0,58200000.0,586700000.0,75.516,689500000.0
61,RRD,MRQ,2006-03-31,2006-03-31,2006-03-31,2021-09-07,-95400000.0,9382400000.0,,2587000000.0,6795400000.0,,52.391,-90900000.0,320700000.0,320700000.0,1661500000.0,111900000.0,1.466,1.482,2621300000.0,269800000.0,2351500000.0,2621300000.0,0.0,114800000.0,0.0,0.032,0.78,209300000.0,324100000.0,0.143,324100000.0,209300000.0,174500000.0,1.56,1.53,1.56,3780900000.0,,3780900000.0,9334090775.0,19.0,9.918,18100000.0,0.251,1.0,605400000.0,0.267,3846600000.0,34800000.0,6071300000.0,,506500000.0,0.0,0.0,0.0,5601500000.0,1765100000.0,3836400000.0,7066290775.0,-46000000.0,0.0,4100000.0,-13800000.0,-56100000.0,-65800000.0,-90100000.0,800000.0,109000000.0,900000.0,111900000.0,111900000.0,111900000.0,2300000.0,0.0,0.049,393500000.0,211900000.0,665700000.0,0.5,1.869,49.728,50.338,2138800000.0,0.0,98.16,0.806,0.808,1505400000.0,1495100000.0,2266900000.0,2266900000.0,0.0,,,,,8900000.0,262100000.0,1.0,71987477.0,72167000.0,72600000.0,31.412,5535800000.0,167000000.0,62600000.0,589300000.0,76.708,821900000.0
62,RRD,MRQ,2005-12-31,2005-12-31,2005-12-31,2021-09-07,-90200000.0,9373700000.0,,2621700000.0,6752000000.0,,51.749,-167500000.0,366700000.0,366700000.0,1761200000.0,-162600000.0,1.445,1.517,2634500000.0,269100000.0,2365400000.0,2634500000.0,0.0,113600000.0,0.0,0.03,0.78,-80100000.0,33500000.0,0.014,33500000.0,-80100000.0,-114000000.0,-2.28,-2.25,-2.28,3724200000.0,,3724200000.0,9693455000.0,20.0,10.65,137600000.0,1.912,1.0,626700000.0,0.262,3845000000.0,33900000.0,5982400000.0,,481400000.0,0.0,0.0,0.0,5649500000.0,1814100000.0,3835400000.0,7372255000.0,62400000.0,-83200000.0,900000.0,1000000.0,-56000000.0,-54100000.0,-187300000.0,43400000.0,305100000.0,-1300000.0,-162600000.0,-162600000.0,-162600000.0,-73600000.0,0.0,-0.068,785100000.0,-158400000.0,718100000.0,-0.342,1.98,53.773,53.453,2138600000.0,0.0,102.63,0.875,0.872,1529100000.0,1439400000.0,2387900000.0,2387900000.0,0.0,,,,,8900000.0,293800000.0,1.0,71833333.0,71967000.0,72533000.0,33.18,5528700000.0,177000000.0,48600000.0,596800000.0,76.823,807600000.0
63,RRD,MRQ,2005-09-30,2005-09-30,2005-09-30,2021-09-07,-72100000.0,9728200000.0,,2611000000.0,7117200000.0,,55.107,-79300000.0,304300000.0,304300000.0,1562900000.0,102100000.0,1.625,1.462,2625500000.0,35100000.0,2590400000.0,2625500000.0,0.0,113100000.0,0.0,0.028,0.78,203300000.0,316400000.0,0.145,316400000.0,203300000.0,171300000.0,1.41,1.41,1.41,3951200000.0,,3951200000.0,10216229000.0,14.0,8.76,142500000.0,1.987,1.0,620800000.0,0.284,4181300000.0,32000000.0,6260900000.0,,544300000.0,0.0,0.0,0.0,5777000000.0,1607200000.0,4169800000.0,7958929000.0,-147300000.0,-174600000.0,51400000.0,-99000000.0,-55900000.0,-103500000.0,-272200000.0,-18200000.0,221800000.0,6600000.0,102100000.0,102100000.0,102100000.0,25200000.0,0.0,0.047,384700000.0,236100000.0,672400000.0,0.553,2.014,18.238,17.995,2089600000.0,0.0,111.21,0.976,0.978,1515000000.0,1659100000.0,2183700000.0,2183700000.0,0.0,,,,,11300000.0,266200000.0,1.0,71566667.0,71700000.0,72333000.0,30.456,5546900000.0,180500000.0,69200000.0,681000000.0,77.363,1003800000.0
64,RRD,MRQ,2005-06-30,2005-06-30,2005-06-30,2021-09-07,-82800000.0,9510000000.0,,2524900000.0,6985100000.0,,53.762,-130400000.0,451600000.0,451600000.0,1399200000.0,90700000.0,1.668,1.486,2708900000.0,133600000.0,2575300000.0,2708900000.0,0.0,99600000.0,0.0,0.03,0.78,167500000.0,267100000.0,0.138,267100000.0,167500000.0,143800000.0,1.26,1.26,1.26,3826100000.0,,3826100000.0,8762583000.0,12.0,7.714,136300000.0,1.915,1.0,532900000.0,0.276,4117000000.0,23700000.0,6136400000.0,,483100000.0,0.0,0.0,0.0,5683900000.0,1513900000.0,4170000000.0,7360983000.0,79800000.0,-936500000.0,10000000.0,913700000.0,-55500000.0,868200000.0,-1058200000.0,9200000.0,266700000.0,3100000.0,90700000.0,90700000.0,90700000.0,4600000.0,0.0,0.047,357200000.0,175700000.0,577300000.0,0.619,1.924,16.464,16.433,1986600000.0,0.0,103.53,0.934,0.935,1310300000.0,1620400000.0,1932100000.0,1932100000.0,0.0,,,,,12200000.0,233200000.0,1.0,71100000.0,71167000.0,71700000.0,27.149,5393000000.0,212400000.0,53100000.0,699200000.0,75.78,1011000000.0
65,RRD,MRQ,2005-03-31,2005-03-31,2005-03-31,2021-09-07,-69600000.0,8284800000.0,,2364600000.0,5920200000.0,,51.903,-93800000.0,371800000.0,371800000.0,1367000000.0,106900000.0,1.529,1.224,1773400000.0,195900000.0,1577500000.0,1773400000.0,0.0,98700000.0,0.0,0.033,0.78,194500000.0,293200000.0,0.152,293200000.0,194500000.0,173400000.0,1.5,1.47,1.5,3724900000.0,,3724900000.0,7954730374.0,13.0,7.86,60100000.0,0.837,1.0,559500000.0,0.29,3124500000.0,21100000.0,5015200000.0,,459900000.0,0.0,0.0,0.0,4559900000.0,1546700000.0,3013200000.0,6810830374.0,-270000000.0,0.0,-266200000.0,-9900000.0,-56000000.0,-332100000.0,-84800000.0,9000000.0,153900000.0,-7000000.0,106900000.0,106900000.0,106900000.0,2300000.0,0.0,0.055,362400000.0,197100000.0,504300000.0,0.52,1.828,19.805,19.519,1902700000.0,0.0,94.86,0.874,0.873,1226600000.0,1531900000.0,1926500000.0,1926500000.0,0.0,,,,,10200000.0,251500000.0,1.0,71798760.0,71767000.0,72333000.0,26.844,5160300000.0,223100000.0,66500000.0,576500000.0,71.904,817900000.0
66,RRD,MRQ,2004-12-31,2004-12-31,2004-12-31,2021-09-07,-72200000.0,8553700000.0,,2600600000.0,5953100000.0,,54.216,-120200000.0,641800000.0,641800000.0,1534100000.0,136700000.0,1.749,1.146,1785700000.0,204500000.0,1581200000.0,1785700000.0,0.0,101500000.0,0.0,0.029,0.78,188100000.0,289600000.0,0.137,289600000.0,188100000.0,165300000.0,2.01,2.01,2.01,3986600000.0,,3986600000.0,9115584000.0,26.0,12.28,171800000.0,2.336,1.0,577700000.0,0.274,3138800000.0,22800000.0,5071500000.0,,422000000.0,0.0,0.0,0.0,4567100000.0,1487300000.0,3079800000.0,7749684000.0,225000000.0,0.0,41000000.0,5100000.0,-57400000.0,-11300000.0,-68000000.0,-2200000.0,292000000.0,12300000.0,136700000.0,136700000.0,136700000.0,12100000.0,0.0,0.065,357600000.0,220100000.0,517800000.0,0.388,1.944,43.464,40.102,1924500000.0,0.0,105.87,1.083,0.998,1252800000.0,1536900000.0,2111800000.0,2111800000.0,0.0,,,,,5200000.0,240500000.0,1.0,73200000.0,73532000.0,74067000.0,28.719,5414900000.0,239900000.0,28600000.0,576300000.0,73.64,1113300000.0
67,RRD,MRQ,2004-09-30,2004-09-30,2004-09-30,2021-09-07,-105000000.0,8518200000.0,,2510000000.0,6008200000.0,,51.566,-53500000.0,416500000.0,416500000.0,1358900000.0,112800000.0,1.513,1.26,1782400000.0,199200000.0,1583200000.0,1782400000.0,0.0,100700000.0,0.0,0.033,0.78,185300000.0,286000000.0,0.15,286000000.0,185300000.0,162800000.0,1.53,1.53,1.53,3769500000.0,,3769500000.0,8374512000.0,31.0,13.414,147700000.0,2.021,1.0,554100000.0,0.29,3244600000.0,22500000.0,4980000000.0,,517000000.0,0.0,0.0,0.0,4748700000.0,1659500000.0,3089200000.0,6862212000.0,141000000.0,0.0,15100000.0,-2000000.0,-56900000.0,-43900000.0,-21800000.0,30300000.0,201200000.0,5500000.0,112800000.0,112800000.0,112800000.0,3900000.0,0.0,0.059,363900000.0,190200000.0,518900000.0,0.51,1.82,49.333,34.043,1854300000.0,0.0,93.96,1.1,1.101,1332100000.0,1414000000.0,1913000000.0,1913000000.0,0.0,,,,,10700000.0,245900000.0,1.0,73033333.0,73100000.0,73833000.0,26.17,5273600000.0,200200000.0,50000000.0,594400000.0,72.142,850500000.0
68,RRD,MRQ,2004-06-30,2004-06-30,2004-06-30,2021-09-07,-125100000.0,8274700000.0,,2258800000.0,6015900000.0,,51.399,-64800000.0,275400000.0,275400000.0,1351500000.0,-12500000.0,1.645,1.215,1787700000.0,39200000.0,1748500000.0,1787700000.0,0.0,104100000.0,0.0,0.031,0.78,39100000.0,143200000.0,0.078,143200000.0,39100000.0,15400000.0,-0.18,-0.18,-0.18,3735000000.0,,3735000000.0,9646174981.0,52.0,19.215,120800000.0,1.662,1.0,491400000.0,0.267,3325500000.0,23700000.0,5088600000.0,,460800000.0,0.0,0.0,0.0,4539700000.0,1372900000.0,3166800000.0,8022484981.0,101100000.0,-2300000.0,39000000.0,-10900000.0,-56700000.0,-28700000.0,-54400000.0,13200000.0,185600000.0,-1400000.0,-12500000.0,-12500000.0,-12500000.0,53200000.0,0.0,-0.007,393900000.0,97500000.0,501400000.0,-4.333,2.148,100.156,37.523,1899500000.0,0.0,99.06,1.491,1.338,1249700000.0,1414400000.0,1842900000.0,1842900000.0,0.0,,,,,0.0,249500000.0,1.0,80986119.0,72667000.0,72667000.0,25.361,4949200000.0,227200000.0,27900000.0,540600000.0,68.108,885900000.0
69,RRD,MRQ,2004-03-31,2004-03-31,2004-03-31,2021-09-07,-132145000.0,8224468000.0,,2142940000.0,6081528000.0,,73.118,-26700000.0,174258000.0,174258000.0,1025100000.0,-58900000.0,1.57,1.23,1797948000.0,41198000.0,1756750000.0,1797948000.0,0.0,79200000.0,0.0,0.034,0.78,-55900000.0,23300000.0,0.018,23300000.0,-55900000.0,-72800000.0,-1.17,-1.17,-1.17,3687577000.0,,3687577000.0,4327915472.0,23.0,9.182,116700000.0,2.314,1.0,263600000.0,0.205,3266080000.0,16900000.0,5217420000.0,,455588000.0,0.0,0.0,0.0,4536891000.0,1364658000.0,3172233000.0,3460382472.0,113900000.0,68400000.0,24300000.0,-102600000.0,-29800000.0,-110700000.0,80300000.0,38300000.0,143400000.0,900000.0,-58900000.0,-58900000.0,-58900000.0,10900000.0,0.0,-0.046,312200000.0,-48600000.0,508199000.0,-0.667,0.938,30.924,27.252,1981608000.0,0.0,90.75,0.739,0.978,1256760000.0,1458107000.0,1288700000.0,1288700000.0,0.0,,,,,0.0,198800000.0,1.0,38130936.0,50433000.0,50433000.0,25.553,4958388000.0,195649000.0,-13900000.0,546641000.0,98.316,778282000.0
70,RRD,MRQ,2003-12-31,2003-12-31,2003-12-31,2021-09-07,-123700000.0,3203300000.0,,951500000.0,2251800000.0,,25.963,-60500000.0,60800000.0,60800000.0,869600000.0,97700000.0,1.109,2.258,925500000.0,175100000.0,750400000.0,925500000.0,0.0,66700000.0,0.0,0.034,0.78,105100000.0,171800000.0,0.144,171800000.0,105100000.0,90500000.0,2.58,2.55,2.58,983200000.0,,983200000.0,4330631129.0,16.0,8.05,42200000.0,1.114,1.0,325300000.0,0.272,173200000.0,14600000.0,3036600000.0,,154300000.0,0.0,0.0,0.0,2220100000.0,858200000.0,1361900000.0,3425689129.0,-4800000.0,0.0,9500000.0,-38700000.0,-29400000.0,-59200000.0,-84400000.0,2500000.0,102700000.0,800000.0,97700000.0,97700000.0,97700000.0,8000000.0,0.0,0.082,204600000.0,120700000.0,282700000.0,0.302,3.484,19.409,19.327,1279100000.0,0.0,90.45,0.819,0.817,691500000.0,1641700000.0,1194900000.0,1194900000.0,0.0,,,,,4300000.0,134700000.0,1.0,37873843.0,37869000.0,38400000.0,31.554,3030100000.0,22500000.0,-7200000.0,221800000.0,80.015,93300000.0
71,RRD,MRQ,2003-09-30,2003-09-30,2003-09-30,2021-09-07,-109172000.0,3193690000.0,,970607000.0,2223083000.0,,23.575,-32000000.0,65618000.0,65618000.0,760800000.0,53800000.0,1.007,2.587,970560000.0,196725000.0,773835000.0,970560000.0,0.0,65900000.0,0.0,0.041,0.78,97800000.0,163700000.0,0.155,163700000.0,97800000.0,85500000.0,1.41,1.41,1.41,890362000.0,,890362000.0,3775736070.0,15.0,7.686,64900000.0,1.718,1.0,292500000.0,0.278,387673000.0,12300000.0,2747000000.0,,174481000.0,0.0,0.0,0.0,2303328000.0,963959000.0,1339369000.0,2820321070.0,15900000.0,17000000.0,4300000.0,-31900000.0,-29700000.0,-58400000.0,11800000.0,26800000.0,96900000.0,900000.0,53800000.0,53800000.0,53800000.0,4100000.0,0.0,0.051,195400000.0,97100000.0,297509000.0,0.553,3.168,22.238,22.205,1343900000.0,0.0,74.61,0.688,0.688,663049000.0,1549114000.0,1053300000.0,1053300000.0,0.0,,,,,0.0,125900000.0,1.0,37800845.0,37767000.0,38200000.0,27.889,2806017000.0,0.0,31700000.0,230746000.0,74.298,6648000.0
72,RRD,MRQ,2003-06-30,2003-06-30,2003-06-30,2021-09-07,-106747000.0,3111613000.0,,841830000.0,2269783000.0,,23.744,-50278000.0,49720000.0,49720000.0,887300000.0,19300000.0,0.926,2.476,1005135000.0,231207000.0,773928000.0,1005135000.0,0.0,69253000.0,0.0,0.038,0.75,43300000.0,112553000.0,0.099,112553000.0,43300000.0,31100000.0,0.51,0.51,0.51,895159000.0,,895159000.0,3925318641.0,16.0,7.858,35786000.0,0.949,1.0,255200000.0,0.223,396908000.0,12200000.0,2760759000.0,,144686000.0,0.0,0.0,0.0,2216454000.0,909361000.0,1307093000.0,2961656641.0,9260000.0,0.0,2200000.0,-3736000.0,-28274000.0,-28913000.0,-48474000.0,1804000.0,86064000.0,583000.0,19300000.0,19300000.0,19300000.0,0.0,0.0,0.017,206300000.0,48900000.0,254981000.0,1.471,3.309,24.524,24.43,1375782000.0,0.0,78.42,0.702,0.7,579323000.0,1557314000.0,1142500000.0,1142500000.0,0.0,,,,,0.0,131700000.0,1.0,37766598.0,37700000.0,38067000.0,30.305,2714705000.0,0.0,11800000.0,223430000.0,72.008,-67531000.0
73,RRD,MRQ,2003-03-31,2003-03-31,2003-03-31,2021-09-07,-116927000.0,3107343000.0,,824822000.0,2282521000.0,,22.874,-50022000.0,40483000.0,40483000.0,841026000.0,5702000.0,0.86,2.603,1004145000.0,246151000.0,757994000.0,1004145000.0,0.0,68447000.0,0.0,0.054,0.75,21672000.0,90119000.0,0.084,90119000.0,21672000.0,9273000.0,0.15,0.15,0.15,862372000.0,,862372000.0,3014132756.0,12.0,5.733,18414000.0,0.488,1.0,232791000.0,0.217,399566000.0,12399000.0,2712451000.0,,147264000.0,0.0,0.0,0.0,2244971000.0,958988000.0,1285983000.0,2076023756.0,-20060000.0,-17000000.0,0.0,3736000.0,-28326000.0,-24387000.0,-63926000.0,3096000.0,68436000.0,-183000.0,5702000.0,5702000.0,5702000.0,0.0,0.0,0.005,206473000.0,26318000.0,252397000.0,5.0,2.407,16.576,16.505,1390222000.0,0.0,54.96,0.491,0.49,567471000.0,1540268000.0,1073817000.0,1073817000.0,0.0,,,,,0.0,135417000.0,1.0,37773358.0,37700333.0,37898667.0,28.483,2707777000.0,0.0,3571000.0,216655000.0,71.824,-134166000.0
74,RRD,MRQ,2002-12-31,2002-12-31,2002-12-31,2021-09-07,-115456000.0,3181963000.0,,866439000.0,2315524000.0,,24.221,-81890000.0,60543000.0,60543000.0,315616000.0,48022000.0,0.908,2.479,998652000.0,245782000.0,752870000.0,998652000.0,0.0,39858000.0,0.0,0.045,0.75,85005000.0,124863000.0,0.151,124863000.0,85005000.0,71988000.0,1.29,1.26,1.29,914594000.0,,914594000.0,3480716136.0,15.0,6.677,82014000.0,2.172,1.0,511762000.0,0.619,404836000.0,13017000.0,2760506000.0,,116191000.0,0.0,0.0,0.0,2267369000.0,954730000.0,1312639000.0,2467158136.0,-11633000.0,-182000.0,2945000.0,-92073000.0,-28367000.0,-117495000.0,-58572000.0,24400000.0,163904000.0,530000.0,48022000.0,48022000.0,48022000.0,-5400000.0,0.0,0.058,403910000.0,107852000.0,267690000.0,0.581,2.698,17.35,17.278,1411016000.0,0.0,65.31,0.581,0.58,601184000.0,1593107000.0,827378000.0,827378000.0,0.0,,,,,0.0,95436000.0,1.0,37776116.0,37760999.0,37862001.0,21.911,2777127000.0,0.0,23966000.0,215509000.0,73.545,-88291000.0
75,RRD,MRQ,2002-09-30,2002-09-30,2002-09-30,2021-09-07,-129486000.0,3269342000.0,,912633000.0,2356709000.0,,22.526,-49524000.0,72148000.0,72148000.0,935101000.0,47742000.0,0.827,2.848,1085706000.0,310410000.0,775296000.0,1085706000.0,0.0,80344000.0,0.0,0.041,0.75,91638000.0,171982000.0,0.146,171982000.0,91638000.0,74701000.0,1.26,1.26,1.26,849568000.0,,849568000.0,3733242947.0,27.0,7.749,97016000.0,2.572,1.0,242179000.0,0.206,415283000.0,16937000.0,2764572000.0,,132418000.0,0.0,0.0,0.0,2419774000.0,1103045000.0,1316729000.0,2663989947.0,38196000.0,95000.0,429000.0,-29975000.0,-28331000.0,-57877000.0,-49429000.0,0.0,146540000.0,-1038000.0,47742000.0,47742000.0,47742000.0,0.0,0.0,0.041,156932000.0,85247000.0,265786000.0,0.595,3.136,47.174,46.098,1428298000.0,0.0,70.53,0.551,0.55,647739000.0,1543281000.0,1177280000.0,1177280000.0,0.0,,,,,0.0,134223000.0,1.0,37771019.0,37714333.0,38099667.0,31.216,2854059000.0,0.0,26959000.0,249005000.0,75.676,-190412000.0
76,RRD,MRQ,2002-06-30,2002-06-30,2002-06-30,2021-09-07,-122284000.0,3230423000.0,,862664000.0,2367759000.0,,22.959,-43425000.0,33952000.0,33952000.0,954639000.0,23777000.0,0.815,2.733,1103205000.0,335174000.0,768031000.0,1103205000.0,0.0,84431000.0,0.0,0.035,0.72,54357000.0,138788000.0,0.121,138788000.0,54357000.0,37064000.0,0.63,0.63,0.63,865279000.0,,865279000.0,4153903656.0,31.0,8.512,-17765000.0,-0.471,1.0,194253000.0,0.169,428208000.0,17293000.0,2812873000.0,,126638000.0,0.0,0.0,0.0,2365144000.0,1058595000.0,1306549000.0,3120569656.0,-15278000.0,0.0,6812000.0,24302000.0,-27194000.0,3920000.0,-43425000.0,0.0,25660000.0,-1433000.0,23777000.0,23777000.0,23777000.0,0.0,0.0,0.021,152844000.0,41409000.0,246555000.0,1.143,3.606,61.462,61.222,1446769000.0,0.0,82.65,0.631,0.63,633343000.0,1552650000.0,1148892000.0,1148892000.0,0.0,,,,,0.0,136819000.0,1.0,37756439.0,37688000.0,38334333.0,30.484,2802215000.0,0.0,13287000.0,258559000.0,74.353,-195931000.0
77,RRD,MRQ,2002-03-31,2002-03-31,2002-03-31,2021-09-07,-117793000.0,3330066000.0,,911955000.0,2418111000.0,,22.303,-64861000.0,49230000.0,49230000.0,925745000.0,22659000.0,0.778,2.968,1082564000.0,308953000.0,773611000.0,1082564000.0,0.0,81867000.0,0.0,0.031,0.72,3800000.0,85667000.0,0.078,85667000.0,3800000.0,-11653000.0,0.6,0.6,0.6,839275000.0,,839275000.0,4513913776.0,42.0,9.577,7935000.0,0.211,1.0,167905000.0,0.154,437250000.0,15453000.0,2754592000.0,,123138000.0,0.0,0.0,0.0,2490791000.0,1171558000.0,1319233000.0,3512713776.0,615000.0,87000.0,-13586000.0,33646000.0,-27108000.0,-7048000.0,-64774000.0,0.0,72796000.0,-359000.0,22659000.0,22659000.0,22659000.0,0.0,0.0,0.021,157214000.0,10691000.0,248985000.0,1.2,4.185,105.99,107.241,1473980000.0,0.0,93.3,0.69,0.69,645381000.0,1534994000.0,1093650000.0,1093650000.0,0.0,,,,,0.0,130522000.0,1.0,37649665.0,37631333.0,38274667.0,29.062,2892816000.0,0.0,-34312000.0,388249000.0,76.873,-259603000.0
78,RRD,MRQ,2001-12-31,2001-12-31,2001-12-31,2021-09-07,-109002000.0,3385617000.0,,940194000.0,2445423000.0,,22.833,-110534000.0,48615000.0,48615000.0,1163848000.0,-37706000.0,0.955,2.811,1049815000.0,168497000.0,881318000.0,1049815000.0,0.0,96307000.0,0.0,0.032,0.72,-10997000.0,85310000.0,0.06,85310000.0,-10997000.0,-27048000.0,-0.96,-0.96,-0.96,888407000.0,,888407000.0,4456846478.0,31.0,8.492,117032000.0,3.008,1.0,250975000.0,0.177,440549000.0,16051000.0,2961978000.0,,126718000.0,0.0,0.0,0.0,2497210000.0,984290000.0,1512920000.0,3399656478.0,7908000.0,11645000.0,-52632000.0,-39705000.0,-27482000.0,-119819000.0,-98889000.0,0.0,227566000.0,-950000.0,-37706000.0,-37706000.0,-37706000.0,0.0,0.0,-0.027,253458000.0,-2483000.0,295444000.0,-0.75,3.827,136.052,141.381,1490118000.0,0.0,89.07,0.642,0.654,681459000.0,1569596000.0,1414823000.0,1414823000.0,0.0,,,,,0.0,149808000.0,1.0,38168367.0,38909333.0,,36.362,2945068000.0,0.0,10658000.0,258948000.0,75.691,-44096000.0
79,RRD,MRQ,2001-09-30,2001-09-30,2001-09-30,2021-09-07,-91325000.0,3653903000.0,,1110760000.0,2543143000.0,,25.807,-67751000.0,40707000.0,40707000.0,1050616000.0,42042000.0,0.892,2.66,1097897000.0,422753000.0,675144000.0,1097897000.0,0.0,91054000.0,0.0,0.034,0.72,87193000.0,178247000.0,0.138,178247000.0,87193000.0,68362000.0,1.08,1.08,1.08,998212000.0,,998212000.0,4162844162.0,14.0,6.129,32557000.0,0.842,1.0,237621000.0,0.184,471451000.0,18831000.0,2994356000.0,,169883000.0,0.0,0.0,0.0,2655691000.0,1245286000.0,1410405000.0,3138850162.0,-46592000.0,-1738000.0,-41955000.0,-7246000.0,-27866000.0,-77067000.0,-69489000.0,0.0,100308000.0,-344000.0,42042000.0,42042000.0,42042000.0,0.0,0.0,0.033,155298000.0,82323000.0,290187000.0,0.667,3.144,23.382,24.369,1507007000.0,0.0,81.15,0.573,0.573,832658000.0,1605479000.0,1288237000.0,1288237000.0,0.0,,,,,0.0,135438000.0,1.0,38679608.0,38679608.0,,33.305,3182452000.0,0.0,26320000.0,268641000.0,82.277,-134526000.0
80,RRD,MRQ,2001-06-30,2001-06-30,2001-06-30,2021-09-07,-82181000.0,3655918000.0,,1081294000.0,2574624000.0,,27.136,-62509000.0,87299000.0,87299000.0,1069568000.0,6147000.0,0.967,2.443,1111293000.0,370986000.0,740307000.0,1111293000.0,0.0,93450000.0,0.0,0.031,0.69,28671000.0,122121000.0,0.095,122121000.0,28671000.0,9995000.0,0.15,0.15,0.15,1061764000.0,,1061764000.0,4630543344.0,12.0,6.009,182754000.0,4.671,1.0,222482000.0,0.172,495584000.0,18676000.0,3065898000.0,,172886000.0,0.0,0.0,0.0,2594154000.0,1118430000.0,1475724000.0,3486306344.0,32485000.0,7349000.0,-47658000.0,-82073000.0,-26999000.0,-156730000.0,-55160000.0,0.0,245263000.0,-888000.0,6147000.0,6147000.0,6147000.0,0.0,0.0,0.005,196940000.0,25542000.0,277322000.0,4.6,3.284,18.895,19.669,1525523000.0,0.0,89.1,0.62,0.62,716098000.0,1623799000.0,1292050000.0,1292050000.0,0.0,,,,,0.0,144607000.0,1.0,39128017.0,39128017.0,,33.021,3160334000.0,0.0,3848000.0,250364000.0,80.769,-37136000.0
81,RRD,MRQ,2001-03-31,2001-03-31,2001-03-31,2021-09-07,-82906000.0,3793924000.0,,1161697000.0,2632227000.0,,27.772,-32546000.0,54814000.0,54814000.0,1103277000.0,14505000.0,0.968,2.443,1199051000.0,449027000.0,750024000.0,1199051000.0,0.0,97912000.0,0.0,0.035,0.69,41209000.0,139121000.0,0.107,139121000.0,41209000.0,23585000.0,0.36,0.36,0.36,1102002000.0,,1102002000.0,4071187426.0,9.0,4.733,-57289000.0,-1.444,1.0,199373000.0,0.153,505256000.0,17624000.0,3232211000.0,,190034000.0,0.0,0.0,0.0,2691922000.0,1200694000.0,1491228000.0,3121230426.0,-6059000.0,-326000.0,-107490000.0,186009000.0,-27640000.0,50879000.0,-32872000.0,0.0,-24743000.0,677000.0,14505000.0,14505000.0,14505000.0,0.0,0.0,0.011,157483000.0,41890000.0,303420000.0,1.917,2.832,13.299,13.656,1559528000.0,0.0,78.66,0.545,0.545,778630000.0,1622067000.0,1302650000.0,1302650000.0,0.0,,,,,0.0,137781000.0,1.0,39680021.0,39680021.0,,32.829,3288668000.0,0.0,9080000.0,254488000.0,82.88,-38997000.0
82,RRD,MRQ,2000-12-31,2000-12-31,2000-12-31,2021-09-07,-74126000.0,3914202000.0,,1206449000.0,2707753000.0,,30.229,-55956000.0,60873000.0,60873000.0,1311999000.0,71551000.0,1.013,2.176,1010830000.0,271640000.0,739190000.0,1010830000.0,0.0,103631000.0,0.0,0.033,0.69,136070000.0,239701000.0,0.15,239701000.0,136070000.0,116343000.0,1.74,1.74,1.74,1232548000.0,,1232548000.0,4391375152.0,8.0,4.804,175303000.0,4.299,1.0,287561000.0,0.18,520242000.0,19727000.0,3153356000.0,,188745000.0,0.0,0.0,0.0,2681654000.0,1190561000.0,1491093000.0,3295117152.0,12081000.0,-2720000.0,-5221000.0,-135932000.0,-23210000.0,-164363000.0,-58676000.0,0.0,231259000.0,3861000.0,71551000.0,71551000.0,71551000.0,0.0,0.0,0.045,151233000.0,136328000.0,387495000.0,0.397,2.673,12.346,12.385,1620592000.0,0.0,81.0,0.572,0.573,882486000.0,1666936000.0,1599560000.0,1599560000.0,0.0,,,,,0.0,151233000.0,1.0,40680459.0,40774333.0,,39.23,3393960000.0,0.0,44792000.0,276989000.0,83.238,15888000.0
83,RRD,MRQ,2000-09-30,2000-09-30,2000-09-30,2021-09-07,-75805000.0,4001203000.0,,1265012000.0,2736191000.0,,29.403,-58616000.0,48792000.0,48792000.0,1128854000.0,92308000.0,0.959,2.349,1145050000.0,391957000.0,753093000.0,1145050000.0,0.0,96810000.0,0.0,0.036,0.69,172905000.0,269715000.0,0.188,269715000.0,172905000.0,150095000.0,2.28,2.25,2.28,1194808000.0,,1194808000.0,4202908594.0,7.0,4.215,152717000.0,3.758,1.0,304146000.0,0.212,537253000.0,22810000.0,3241242000.0,,220951000.0,0.0,0.0,0.0,2806395000.0,1318966000.0,1487429000.0,2994027594.0,-7471000.0,-9150000.0,3035000.0,-117579000.0,-33179000.0,-147723000.0,-67766000.0,0.0,211333000.0,-3315000.0,92308000.0,92308000.0,92308000.0,0.0,0.0,0.064,147221000.0,156925000.0,323991000.0,0.303,2.506,9.309,9.483,1642817000.0,0.0,73.68,0.525,0.525,926431000.0,1599409000.0,1433000000.0,1433000000.0,0.0,,,,,0.0,147221000.0,1.0,40635554.0,40635554.0,,35.265,3463950000.0,0.0,57787000.0,321636000.0,85.244,-53954000.0
84,RRD,MRQ,2000-06-30,2000-06-30,2000-06-30,2021-09-07,-70012000.0,3996245000.0,,1221204000.0,2775041000.0,,28.587,-66434000.0,56263000.0,56263000.0,1121085000.0,56340000.0,0.932,2.44,1265144000.0,511189000.0,753955000.0,1265144000.0,0.0,95074000.0,0.0,0.039,0.66,116569000.0,211643000.0,0.152,211643000.0,116569000.0,91609000.0,1.38,1.38,1.38,1161642000.0,,1161642000.0,4129011558.0,7.0,4.187,175712000.0,4.324,1.0,267720000.0,0.193,547780000.0,24960000.0,3346809000.0,,209667000.0,0.0,0.0,0.0,2834603000.0,1310537000.0,1524066000.0,2750215558.0,7993000.0,12881000.0,580000.0,-155477000.0,-26953000.0,-181850000.0,-53553000.0,0.0,242146000.0,1250000.0,56340000.0,56340000.0,56340000.0,0.0,0.0,0.041,155073000.0,112647000.0,297888000.0,0.478,2.368,8.734,9.024,1667572000.0,0.0,67.68,0.485,0.485,795771000.0,1566960000.0,1388805000.0,1388805000.0,0.0,,,,,0.0,155073000.0,1.0,40635573.0,40635573.0,,34.177,3448465000.0,76579000.0,35269000.0,293014000.0,84.863,-89333000.0
85,RRD,MRQ,2000-03-31,2000-03-31,2000-03-31,2021-09-07,-59181000.0,4112659000.0,,1292716000.0,2819943000.0,,27.356,-56101000.0,48270000.0,48270000.0,1103535000.0,46701000.0,0.876,2.686,1427066000.0,674835000.0,752231000.0,1427066000.0,0.0,94887000.0,0.0,0.042,0.66,98078000.0,192965000.0,0.144,192965000.0,98078000.0,75937000.0,1.14,1.14,1.14,1115647000.0,,1115647000.0,3688167913.0,6.0,3.784,-254000.0,-0.006,1.0,239435000.0,0.178,555637000.0,22141000.0,3460916000.0,,211229000.0,0.0,0.0,0.0,2997012000.0,1474902000.0,1522110000.0,2561987913.0,6397000.0,-202121000.0,-20501000.0,256042000.0,-26926000.0,208615000.0,-258222000.0,0.0,55847000.0,157000.0,46701000.0,46701000.0,46701000.0,0.0,0.0,0.035,144294000.0,95141000.0,326239000.0,0.579,2.296,8.237,8.547,1706141000.0,0.0,62.82,0.464,0.464,842854000.0,1510896000.0,1342970000.0,1342970000.0,0.0,,,,,0.0,144294000.0,1.0,40782998.0,40782998.0,,32.93,3557022000.0,76579000.0,29236000.0,270696000.0,87.218,-182186000.0
86,RRD,MRQ,1999-12-31,1999-12-31,1999-12-31,2021-09-07,-64154000.0,3853464000.0,,1229850000.0,2623614000.0,,27.007,-77559000.0,41873000.0,41873000.0,1202188000.0,126261000.0,1.022,2.385,1168053000.0,419555000.0,748498000.0,1168053000.0,0.0,95866000.0,0.0,0.035,0.66,226883000.0,322749000.0,0.21,322749000.0,226883000.0,205424000.0,2.97,2.97,2.97,1138258000.0,,1138258000.0,4430460853.0,7.0,4.587,158756000.0,3.767,1.0,335167000.0,0.218,397983000.0,21459000.0,3378198000.0,,194312000.0,0.0,0.0,0.0,2715206000.0,1203463000.0,1511743000.0,3137011853.0,-24800000.0,86199000.0,-99854000.0,-182595000.0,-27704000.0,-310153000.0,8640000.0,0.0,236315000.0,-107000.0,126261000.0,126261000.0,126261000.0,194000.0,0.0,0.082,156909000.0,178258000.0,334389000.0,0.222,2.756,10.175,10.381,1710669000.0,0.0,74.43,0.579,0.579,865305000.0,1521474000.0,1537355000.0,1537355000.0,0.0,,,,,0.0,156909000.0,1.0,42147143.0,42147143.0,,36.476,3455481000.0,76579000.0,79163000.0,263778000.0,81.986,26387000.0
87,RRD,MRQ,1999-09-30,1999-09-30,1999-09-30,2021-09-07,-67414000.0,3979414000.0,,1264969000.0,2714445000.0,,26.067,-65094000.0,66673000.0,66673000.0,1077745000.0,85587000.0,1.365,2.589,1360122000.0,60000000.0,1300122000.0,1360122000.0,0.0,96658000.0,0.0,0.029,0.66,162249000.0,258907000.0,0.185,258907000.0,162249000.0,139165000.0,2.01,2.01,2.01,1108783000.0,,1108783000.0,4988787436.0,9.0,5.543,54129000.0,1.273,1.0,321655000.0,0.23,384429000.0,23084000.0,3961455000.0,,224566000.0,0.0,0.0,0.0,2870631000.0,926979000.0,1943652000.0,3687158436.0,16299000.0,-8798000.0,-9712000.0,8119000.0,-28089000.0,-29682000.0,-73892000.0,0.0,119223000.0,650000.0,85587000.0,85587000.0,85587000.0,0.0,0.0,0.061,163965000.0,157690000.0,334592000.0,0.328,3.325,13.435,13.818,1744824000.0,0.0,86.64,0.671,0.671,924308000.0,1390463000.0,1399400000.0,1399400000.0,0.0,,,,,0.0,163965000.0,1.0,42557230.0,42536000.0,42802667.0,32.899,3594985000.0,0.0,53578000.0,299666000.0,84.516,337990000.0
88,RRD,MRQ,1999-06-30,1999-06-30,1999-06-30,2021-09-07,-63184000.0,3865239000.0,,1123693000.0,2741546000.0,,25.31,-68780000.0,50374000.0,50374000.0,988234000.0,52487000.0,1.386,2.539,1352003000.0,60000000.0,1292003000.0,1352003000.0,0.0,90296000.0,0.0,0.023,0.63,109814000.0,200110000.0,0.16,200110000.0,109814000.0,86088000.0,1.23,1.2,1.23,1092117000.0,,1092117000.0,5998095765.0,11.0,6.589,100072000.0,2.319,1.0,259249000.0,0.208,388062000.0,23726000.0,3968254000.0,,194299000.0,0.0,0.0,0.0,2773122000.0,810552000.0,1962570000.0,4847665765.0,-24624000.0,-103501000.0,-118151000.0,124647000.0,-27323000.0,-20827000.0,-172281000.0,0.0,168852000.0,-368000.0,52487000.0,52487000.0,52487000.0,1187000.0,0.0,0.042,156346000.0,102903000.0,284475000.0,0.512,4.439,16.826,17.318,1770794000.0,0.0,111.18,0.903,0.894,800276000.0,1361847000.0,1247483000.0,1247483000.0,0.0,,,,,0.0,156346000.0,1.0,43601959.0,43150000.0,43533667.0,28.91,3477177000.0,0.0,33601000.0,286561000.0,80.583,313141000.0
89,RRD,MRQ,1999-03-31,1999-03-31,1999-03-31,2021-09-07,-62338000.0,3825995000.0,,1176223000.0,2649772000.0,,26.07,-64393000.0,74998000.0,74998000.0,988468000.0,43980000.0,1.412,2.316,1225428000.0,60000000.0,1165428000.0,1225428000.0,0.0,91562000.0,0.0,0.026,0.63,92547000.0,184109000.0,0.15,184109000.0,92547000.0,72651000.0,0.99,0.99,0.99,1153835000.0,,1153835000.0,5295170991.0,9.0,5.473,46534000.0,1.051,1.0,242936000.0,0.197,389947000.0,19896000.0,3753455000.0,,189344000.0,0.0,0.0,0.0,2672160000.0,833023000.0,1839137000.0,4302418991.0,8772000.0,-52465000.0,-122095000.0,166450000.0,-28017000.0,16338000.0,-116858000.0,0.0,110927000.0,-1635000.0,43980000.0,43980000.0,43980000.0,1820000.0,0.0,0.036,151361000.0,91575000.0,303083000.0,0.636,3.729,14.617,14.972,1682503000.0,0.0,96.57,0.816,0.81,799531000.0,1313055000.0,1231404000.0,1231404000.0,0.0,,,,,0.0,151361000.0,1.0,44552335.0,44259000.0,44786333.0,27.823,3436048000.0,0.0,28671000.0,276702000.0,77.635,343200000.0
90,RRD,MRQ,1998-12-31,1998-12-31,1998-12-31,2021-09-07,-55050000.0,3798117000.0,,1155291000.0,2642826000.0,,28.737,-81796000.0,66226000.0,66226000.0,1308543000.0,92393000.0,1.101,1.92,1058978000.0,285429000.0,773549000.0,1058978000.0,0.0,95637000.0,0.0,0.019,0.63,161273000.0,256910000.0,0.159,256910000.0,161273000.0,142143000.0,2.04,2.01,2.04,1300878000.0,,1300878000.0,6994789807.0,12.0,7.259,189521000.0,4.187,1.0,305370000.0,0.189,381394000.0,19130000.0,3360088000.0,,182931000.0,0.0,0.0,0.0,2497239000.0,1049387000.0,1447852000.0,5949722807.0,-19946000.0,-14692000.0,-77374000.0,-88558000.0,-28421000.0,-194353000.0,-96488000.0,0.0,271317000.0,-418000.0,92393000.0,92393000.0,92393000.0,80067000.0,0.0,0.057,70287000.0,235083000.0,331257000.0,0.309,4.574,20.197,20.763,1700927000.0,0.0,131.43,1.14,1.14,843094000.0,1325634000.0,1613913000.0,1613913000.0,0.0,,,,,0.0,150354000.0,1.0,45269138.0,45269138.0,,35.652,3416723000.0,0.0,49750000.0,262955000.0,75.476,105904000.0
91,RRD,MRQ,1998-09-30,1998-09-30,1998-09-30,2021-09-07,0.0,3860390000.0,,1233533000.0,2626857000.0,,27.989,-51020000.0,86172000.0,86172000.0,980459000.0,99243000.0,1.357,1.997,1131239000.0,45000000.0,1086239000.0,1131239000.0,0.0,95610000.0,0.0,0.023,0.63,173570000.0,269180000.0,0.211,269180000.0,173570000.0,154170000.0,2.16,2.13,2.16,1288199000.0,,1288199000.0,5837535928.0,13.0,6.954,54328000.0,1.18,1.0,294020000.0,0.231,368503000.0,19400000.0,3628032000.0,,208540000.0,0.0,0.0,0.0,2572191000.0,908922000.0,1663269000.0,4896702928.0,24331000.0,7881000.0,-138804000.0,128565000.0,-29361000.0,-39600000.0,-43139000.0,0.0,105348000.0,651000.0,99243000.0,99243000.0,99243000.0,0.0,0.0,0.078,145776000.0,148244000.0,299554000.0,0.292,3.801,25.287,25.136,1700280000.0,0.0,105.57,0.976,0.968,868092000.0,1555506000.0,1274479000.0,1274479000.0,0.0,,,,,0.0,145776000.0,1.0,46383470.0,46025000.0,46748333.0,27.691,3491887000.0,0.0,54927000.0,334001000.0,75.869,324611000.0
92,RRD,MRQ,1998-06-30,1998-06-30,1998-06-30,2021-09-07,0.0,3746972000.0,,1067818000.0,2679154000.0,,29.362,-39150000.0,61841000.0,61841000.0,915216000.0,58737000.0,1.292,1.718,1002674000.0,45000000.0,957674000.0,1002674000.0,0.0,92553000.0,0.0,0.017,0.6,164672000.0,257225000.0,0.223,257225000.0,164672000.0,144983000.0,1.26,1.23,1.26,1378403000.0,,1378403000.0,7754877994.0,19.0,9.727,217865000.0,4.641,1.0,240748000.0,0.208,375290000.0,19689000.0,3485760000.0,,189295000.0,0.0,0.0,0.0,2368569000.0,826755000.0,1541814000.0,6491923994.0,4921000.0,234813000.0,-107353000.0,-317200000.0,-28141000.0,-452694000.0,195663000.0,0.0,257015000.0,-566000.0,58737000.0,58737000.0,58737000.0,0.0,0.0,0.051,223496000.0,17252000.0,238157000.0,0.476,4.71,38.977,38.771,1731807000.0,0.0,137.25,1.308,1.298,713290000.0,1508684000.0,1155964000.0,1155964000.0,0.0,,,,,0.0,143429000.0,1.0,47299993.0,46945000.0,47941333.0,24.624,3371682000.0,0.0,86246000.0,369024000.0,71.822,241063000.0
93,RRD,MRQ,1998-03-31,1998-03-31,1998-03-31,2021-09-07,0.0,4084550000.0,,1130462000.0,2954088000.0,,30.611,-53256000.0,56920000.0,56920000.0,955539000.0,44206000.0,1.493,1.781,1319874000.0,45000000.0,1274874000.0,1319874000.0,0.0,92271000.0,0.0,0.019,0.6,87956000.0,180227000.0,0.154,180227000.0,87956000.0,68009000.0,0.93,0.9,0.93,1468576000.0,,1468576000.0,7098793129.0,21.0,9.862,45899000.0,0.957,1.0,218059000.0,0.186,386597000.0,19947000.0,4203885000.0,,194227000.0,0.0,0.0,0.0,2615974000.0,757022000.0,1858952000.0,5948381129.0,9106000.0,-18609000.0,-133193000.0,121648000.0,-28975000.0,-40520000.0,-71865000.0,0.0,99155000.0,-259000.0,44206000.0,44206000.0,44206000.0,0.0,0.0,0.038,130220000.0,87839000.0,249072000.0,0.645,4.05,40.883,40.255,1760156000.0,0.0,123.18,1.203,1.195,754155000.0,1489719000.0,1173598000.0,1173598000.0,0.0,,,,,0.0,130220000.0,1.0,48290154.0,47976000.0,48740000.0,24.462,3697953000.0,0.0,23803000.0,292631000.0,77.079,373440000.0
94,RRD,MRQ,1997-12-31,1997-12-31,1997-12-31,2021-09-07,-45782000.0,4134166000.0,,1146571000.0,2987595000.0,,32.732,-109466000.0,47814000.0,47814000.0,1125106000.0,-8542000.0,1.411,1.598,1198226000.0,45000000.0,1153226000.0,1198226000.0,0.0,96960000.0,0.0,0.021,0.6,35856000.0,132816000.0,0.094,132816000.0,35856000.0,12353000.0,-0.15,-0.15,-0.15,1591497000.0,,1591497000.0,6731314879.0,21.0,9.759,130708000.0,2.688,1.0,288136000.0,0.204,396604000.0,23503000.0,4075352000.0,,201402000.0,0.0,0.0,0.0,2542669000.0,812622000.0,1730047000.0,5433561879.0,191000.0,3750000.0,-21939000.0,-127689000.0,-29063000.0,-178691000.0,-70545000.0,35171000.0,240174000.0,-536000.0,-8542000.0,-8542000.0,-8542000.0,-6274000.0,0.0,-0.006,205610000.0,82526000.0,291666000.0,-4.0,3.414,41.595,41.389,1788116000.0,0.0,111.75,1.11,1.11,814664000.0,1528406000.0,1413242000.0,1413242000.0,0.0,,,,,0.0,134908000.0,1.0,48622478.0,48622478.0,,29.066,3737562000.0,0.0,20895000.0,288426000.0,76.869,333949000.0
95,RRD,MRQ,1997-09-30,1997-09-30,1997-09-30,2021-09-07,0.0,4757629000.0,,1629538000.0,3128091000.0,,34.038,-53298000.0,66462000.0,66462000.0,961214000.0,72157000.0,1.475,1.868,1364215000.0,33296000.0,1330919000.0,1364215000.0,0.0,97508000.0,0.0,0.022,0.6,129462000.0,226970000.0,0.186,226970000.0,129462000.0,107383000.0,1.5,1.47,1.5,1658685000.0,,1658685000.0,6518639080.0,14.0,8.154,69020000.0,1.416,1.0,260529000.0,0.213,498361000.0,22079000.0,4451917000.0,,299571000.0,0.0,0.0,0.0,3098944000.0,1105104000.0,1993840000.0,5221330080.0,834000.0,0.0,-25345000.0,-1496000.0,-29268000.0,-56109000.0,-52998000.0,300000.0,122318000.0,-686000.0,72157000.0,72157000.0,72157000.0,9148000.0,0.0,0.059,126275000.0,134254000.0,459551000.0,0.4,3.148,22.094,22.589,1967204000.0,0.0,107.07,1.364,1.363,1145852000.0,1523941000.0,1221743000.0,1221743000.0,0.0,,,,,0.0,126275000.0,1.0,48765575.0,48730667.0,49502333.0,25.071,4259268000.0,0.0,35226000.0,333792000.0,87.404,524434000.0
96,RRD,MRQ,1997-06-30,1997-06-30,1997-06-30,2021-09-07,0.0,4673992000.0,,1532638000.0,3141354000.0,,33.805,-116590000.0,70669000.0,70669000.0,927938000.0,37676000.0,1.466,1.833,1367978000.0,33296000.0,1334682000.0,1367978000.0,0.0,97801000.0,0.0,0.021,0.57,82025000.0,179826000.0,0.158,179826000.0,82025000.0,59403000.0,0.78,0.75,0.78,1650061000.0,,1650061000.0,6750571458.0,15.0,8.547,70579000.0,1.446,1.0,208837000.0,0.184,513232000.0,22622000.0,4412521000.0,,257983000.0,0.0,0.0,0.0,3023931000.0,1045548000.0,1978383000.0,5359485458.0,5732000.0,24768000.0,-586000.0,-72609000.0,-28938000.0,-102133000.0,-127293000.0,-35471000.0,187169000.0,462000.0,37676000.0,37676000.0,37676000.0,7282000.0,0.0,0.033,129154000.0,79683000.0,388001000.0,0.731,3.248,23.098,23.935,1994374000.0,0.0,109.86,1.276,1.277,1058241000.0,1489146000.0,1136775000.0,1136775000.0,0.0,,,,,0.0,129154000.0,1.0,48784685.0,48810636.0,,23.289,4160760000.0,0.0,21727000.0,308958000.0,85.243,487090000.0
97,RRD,MRQ,1997-03-31,1997-03-31,1997-03-31,2021-09-07,0.0,4749776000.0,,1643166000.0,3106610000.0,,33.753,-80841000.0,59939000.0,59939000.0,909544000.0,29341000.0,1.563,1.896,1451025000.0,33296000.0,1417729000.0,1451025000.0,0.0,78842000.0,0.0,0.022,0.57,71294000.0,150136000.0,0.136,150136000.0,71294000.0,48733000.0,0.6,0.6,0.6,1640245000.0,,1640245000.0,6513074468.0,14.0,7.992,111736000.0,2.299,1.0,193103000.0,0.175,520122000.0,22561000.0,4569224000.0,,282026000.0,0.0,0.0,0.0,3109531000.0,1051516000.0,2058015000.0,5080249468.0,19740000.0,-24768000.0,11591000.0,-24173000.0,-27665000.0,-40247000.0,-105609000.0,0.0,192577000.0,-15000.0,29341000.0,29341000.0,29341000.0,5737000.0,0.0,0.027,120778000.0,72325000.0,457679000.0,0.95,3.097,20.433,21.531,1939544000.0,0.0,104.64,1.097,1.098,1152302000.0,1481100000.0,1102647000.0,1102647000.0,0.0,,,,,0.0,120778000.0,1.0,48549785.0,48595000.0,48984333.0,22.691,4229654000.0,0.0,19392000.0,293350000.0,87.039,591650000.0
98,RRD,MRQ,1996-12-31,1996-12-31,1996-12-31,2021-09-07,0.0,4443828000.0,,1226071000.0,3217757000.0,,33.6,-67299000.0,21317000.0,21317000.0,209646000.0,97149000.0,1.597,1.724,1463967000.0,33296000.0,1430671000.0,1463967000.0,0.0,65169000.0,0.0,0.024,0.57,177344000.0,242513000.0,0.662,242513000.0,177344000.0,153476000.0,1.86,,1.86,1631281000.0,,1631281000.0,,,,-21717000.0,-0.447,1.0,156859000.0,0.428,436306000.0,23868000.0,4682443000.0,,197905000.0,0.0,0.0,0.0,2812547000.0,767729000.0,2044818000.0,4570476729.0,10629000.0,81671000.0,-148605000.0,86274000.0,-28048000.0,-90379000.0,14372000.0,0.0,45582000.0,-497000.0,97149000.0,97149000.0,97149000.0,0.0,0.0,0.265,1462000.0,155397000.0,285416000.0,0.306,2.802,-28.996,-30.173,1836620000.0,0.0,94.14,0.903,0.903,919042000.0,1486215000.0,366505000.0,366505000.0,0.0,,,,,0.0,-2404000.0,1.0,48549785.0,48549785.0,,7.549,4007522000.0,0.0,56327000.0,310585000.0,82.545,458342000.0
99,RRD,MRQ,1996-09-30,1996-09-30,1996-09-30,2021-09-07,,,,,,,,-85678000.0,,,1309608000.0,67868000.0,,,,,,,,90344000.0,,0.023,0.57,126961000.0,217305000.0,0.136,217305000.0,126961000.0,105143000.0,1.35,,1.35,,,,,,,59693000.0,1.175,1.0,283182000.0,0.178,,21818000.0,,,,,,,,,,,-9126000.0,90000.0,-125485000.0,86013000.0,-29083000.0,-68555000.0,-85588000.0,0.0,145371000.0,-353000.0,67868000.0,67868000.0,67868000.0,0.0,0.0,0.043,157419000.0,125763000.0,,0.422,,,,,0.0,96.75,,,,,1592790000.0,1592790000.0,0.0,,,,,0.0,157419000.0,1.0,,50814667.0,,31.345,,,37275000.0,,,
100,RRD,MRQ,1996-06-30,1996-06-30,1996-06-30,2021-09-07,,,,,,,,-89690000.0,,,1279052000.0,54277000.0,,,,,,,,100686000.0,,0.021,0.54,104326000.0,205012000.0,0.131,205012000.0,104326000.0,79613000.0,1.05,,1.05,,,,,,,86186000.0,1.678,1.0,290062000.0,0.185,,24713000.0,,,,,,,,,,,-11055000.0,245179000.0,-1989000.0,-310849000.0,-27790000.0,-340628000.0,155489000.0,0.0,175876000.0,-1793000.0,54277000.0,54277000.0,54277000.0,0.0,0.0,0.035,232876000.0,57186000.0,,0.514,,,,,0.0,104.64,,,,,1569114000.0,1569114000.0,0.0,,,,,0.0,184792000.0,1.0,,51371098.0,,30.545,,,25336000.0,,,
101,RRD,MRQ,1996-03-31,1996-03-31,1996-03-31,2021-09-07,,,,,,,,-128239000.0,,,1294590000.0,-376918000.0,,,,,,,,109077000.0,,0.02,0.54,-423629000.0,-314552000.0,-0.205,-314552000.0,-423629000.0,-448712000.0,-7.35,,-7.35,,,,,,,72899000.0,1.42,1.0,240822000.0,0.157,,25083000.0,,,,,,,,,,,8626000.0,-19037000.0,2007000.0,-21767000.0,-27724000.0,-47484000.0,-147276000.0,0.0,201138000.0,2248000.0,-376918000.0,-376918000.0,-376918000.0,0.0,0.0,-0.245,691027000.0,-450205000.0,,-0.073,,,,,0.0,103.5,,,,,1535412000.0,1535412000.0,0.0,,,,,0.0,178479000.0,1.0,,51339000.0,,29.907,,,-71794000.0,,,
102,RRD,MRQ,1995-12-31,1995-12-31,1995-12-31,2021-09-07,0.0,5384810000.0,,1907959000.0,3476851000.0,,,,33122000.0,33122000.0,,,1.688,1.478,1610960000.0,50000000.0,1560960000.0,1610960000.0,0.0,,0.0,0.017,0.54,,,,,,,,,,2173170000.0,,2173170000.0,,,,,,1.0,,,1024954000.0,,4807320000.0,,380078000.0,0.0,0.0,0.0,3211640000.0,1130374000.0,2081266000.0,,,,,,,,,,,,,,,,,,,,601814000.0,,,,20.195,2008988000.0,,118.14,,,1466159000.0,1994098000.0,,,,,,,,,,1.0,,,,,4359856000.0,0.0,,387577000.0,,777585000.0
0,RRD,MRT,2021-06-30,2021-06-30,2021-06-30,2021-09-07,-142900000.0,3000900000.0,3135025000.0,1689700000.0,1311200000.0,1.55,-3.51,-69900000.0,237200000.0,237200000.0,3880500000.0,158800000.0,1.424,-12.611,1758600000.0,148200000.0,1610400000.0,1758600000.0,0.0,138000000.0,0.0,0.0,0.0,299500000.0,437500000.0,0.09,437500000.0,299500000.0,163800000.0,2.19,2.19,2.19,-257300000.0,-312650000.0,-257300000.0,1915816000.0,6.0,4.379,59300000.0,0.809,1.0,978100000.0,0.201,467600000.0,135700000.0,2867700000.0,2956875000.0,348700000.0,0.0,0.0,0.0,3244700000.0,1187000000.0,2057700000.0,453416000.0,-76000000.0,230100000.0,0.0,-509400000.0,0.0,-515200000.0,295500000.0,38300000.0,129200000.0,14500000.0,158000000.0,158000000.0,158000000.0,-145400000.0,800000.0,0.033,830800000.0,147300000.0,734400000.0,0.0,-1.762,2.87,2.868,630200000.0,0.0,6.28,0.093,0.095,926300000.0,-2251400000.0,4858600000.0,4858600000.0,0.0,0.05,-0.505,0.101,0.062,7500000.0,595900000.0,1.0,72200000.0,73300000.0,73300000.0,66.284,2533300000.0,73500000.0,5800000.0,60300000.0,34.561,502700000.0
1,RRD,MRT,2021-03-31,2021-03-31,2021-03-31,2021-09-07,-160300000.0,2980400000.0,3185675000.0,1639000000.0,1341400000.0,1.482,-3.681,-76200000.0,261600000.0,261600000.0,3769700000.0,110800000.0,1.303,-12.088,1724000000.0,210400000.0,1513600000.0,1724000000.0,0.0,143300000.0,0.0,0.0,0.0,256800000.0,400100000.0,0.085,400100000.0,256800000.0,125000000.0,1.53,1.53,1.53,-267600000.0,-367950000.0,-267600000.0,1734530950.0,7.0,4.335,134300000.0,1.847,1.0,952900000.0,0.202,471400000.0,131800000.0,2713500000.0,3098925000.0,300800000.0,0.0,0.0,0.0,3234800000.0,1257900000.0,1976900000.0,289930950.0,-163200000.0,233900000.0,0.0,-673700000.0,0.0,-679900000.0,294000000.0,37800000.0,210500000.0,12200000.0,110200000.0,110200000.0,110200000.0,-145400000.0,600000.0,0.023,852800000.0,100100000.0,716200000.0,0.0,-1.083,2.631,2.654,644300000.0,0.0,4.06,0.061,0.062,927400000.0,-2242000000.0,4722600000.0,4722600000.0,0.0,0.035,-0.299,0.083,0.054,6900000.0,590900000.0,1.0,71411564.0,72700000.0,72700000.0,64.96,2509000000.0,78000000.0,14800000.0,68300000.0,34.512,381100000.0
2,RRD,MRT,2020-12-31,2020-12-31,2020-12-31,2021-09-07,-153900000.0,3130900000.0,3299950000.0,1756600000.0,1374300000.0,1.444,-3.564,-85600000.0,288800000.0,288800000.0,3789200000.0,99000000.0,1.361,-13.095,1733400000.0,134500000.0,1598900000.0,1733400000.0,0.0,150300000.0,0.0,0.013,0.03,243600000.0,393900000.0,0.083,393900000.0,243600000.0,108500000.0,1.36,1.36,1.36,-257700000.0,-408350000.0,-257700000.0,1992164000.0,8.0,5.058,64200000.0,0.888,1.0,977100000.0,0.205,479400000.0,135100000.0,2805900000.0,3315200000.0,302100000.0,0.0,0.0,0.0,3374700000.0,1290200000.0,2084500000.0,161364000.0,133800000.0,247600000.0,0.0,-323000000.0,-2100000.0,-329300000.0,305000000.0,43000000.0,149800000.0,8300000.0,98500000.0,98500000.0,98500000.0,-124900000.0,500000.0,0.021,869000000.0,108100000.0,804500000.0,0.022,-0.626,1.638,1.662,662600000.0,0.0,2.26,0.034,0.034,1009200000.0,-2240700000.0,4766300000.0,4766300000.0,0.0,0.03,-0.241,0.073,0.051,8100000.0,597500000.0,1.0,71400000.0,72300000.0,72300000.0,65.924,2651500000.0,78500000.0,10000000.0,68300000.0,36.674,466400000.0
3,RRD,MRT,2020-09-30,2020-09-30,2020-09-30,2021-09-07,-182900000.0,3427900000.0,3349750000.0,2003200000.0,1424700000.0,1.447,-6.464,-81100000.0,414800000.0,414800000.0,3859400000.0,-168500000.0,1.498,-8.296,2245600000.0,215700000.0,2029900000.0,2245600000.0,0.0,159600000.0,0.0,0.041,0.06,11300000.0,170900000.0,0.035,170900000.0,11300000.0,-126500000.0,-2.36,-2.36,-2.36,-468000000.0,-439850000.0,-468000000.0,2016444000.0,178.0,11.799,171200000.0,2.365,1.0,987600000.0,0.204,481300000.0,137800000.0,3440400000.0,3445275000.0,323700000.0,0.0,0.0,0.0,3882700000.0,1337000000.0,2545700000.0,104244000.0,275300000.0,57000000.0,0.0,-13400000.0,-4200000.0,-20700000.0,39200000.0,57600000.0,252300000.0,4500000.0,-169100000.0,-169100000.0,-169100000.0,112800000.0,600000.0,-0.035,878700000.0,108900000.0,707000000.0,-0.025,-0.223,-0.616,-0.619,656100000.0,0.0,1.46,0.022,0.022,971100000.0,-2418300000.0,4847000000.0,4847000000.0,0.0,-0.05,0.384,0.003,0.002,6100000.0,601700000.0,1.0,71400000.0,72400000.0,72400000.0,66.948,2946600000.0,67000000.0,42600000.0,68200000.0,40.699,666200000.0
4,RRD,MRT,2020-06-30,2020-06-30,2020-06-30,2021-09-07,-201000000.0,3203500000.0,3377900000.0,1723800000.0,1479700000.0,1.502,-6.627,-95800000.0,341900000.0,341900000.0,4048700000.0,-146900000.0,1.488,-7.669,2254100000.0,226200000.0,2027900000.0,2254100000.0,0.0,165500000.0,0.0,0.076,0.09,86100000.0,251600000.0,0.05,251600000.0,86100000.0,-54800000.0,-2.06,-2.06,-2.06,-478500000.0,-395550000.0,-478500000.0,2018347000.0,23.0,8.022,116400000.0,1.612,1.0,1024200000.0,0.202,521600000.0,140900000.0,3435900000.0,3496400000.0,307700000.0,0.0,0.0,0.0,3669400000.0,1158200000.0,2511200000.0,84847000.0,131300000.0,53300000.0,0.0,-90800000.0,-6300000.0,-100000000.0,27500000.0,64000000.0,212200000.0,-8400000.0,-147600000.0,-147600000.0,-147600000.0,93400000.0,700000.0,-0.029,860200000.0,164000000.0,648100000.0,-0.044,-0.177,-0.575,-0.578,672300000.0,0.0,1.19,0.017,0.017,950400000.0,-2409400000.0,5072900000.0,5072900000.0,0.0,-0.044,0.373,0.025,0.017,7400000.0,631900000.0,1.0,71300000.0,72200000.0,72200000.0,70.262,2681900000.0,65000000.0,92800000.0,68300000.0,37.145,565600000.0
5,RRD,MRT,2020-03-31,2020-03-31,2020-03-31,2021-09-07,-207200000.0,3437500000.0,3467375000.0,1919700000.0,1517800000.0,1.607,-5.994,-119100000.0,450700000.0,450700000.0,4461900000.0,-97100000.0,1.516,-8.98,2384200000.0,273900000.0,2110300000.0,2384200000.0,0.0,167300000.0,0.0,0.125,0.12,125600000.0,292900000.0,0.053,292900000.0,125600000.0,-18800000.0,-1.37,-1.37,-1.37,-429200000.0,-347125000.0,-429200000.0,1905268723.0,15.0,6.505,70600000.0,0.986,1.0,1110100000.0,0.199,525800000.0,144400000.0,3578600000.0,3578850000.0,300700000.0,0.0,0.0,0.0,3854100000.0,1266600000.0,2587500000.0,67968723.0,171000000.0,61200000.0,0.0,-7700000.0,-8500000.0,-18300000.0,12000000.0,68000000.0,189700000.0,-12400000.0,-97400000.0,-97400000.0,-97400000.0,93400000.0,300000.0,-0.017,906200000.0,203900000.0,690500000.0,-0.088,-0.158,-0.698,-0.7,686800000.0,0.0,0.959,0.012,0.012,1063200000.0,-2352200000.0,5572000000.0,5572000000.0,0.0,-0.028,0.281,0.035,0.023,8900000.0,692100000.0,1.0,70911552.0,71600000.0,71600000.0,77.821,2911700000.0,62100000.0,78600000.0,75800000.0,40.666,653100000.0
6,RRD,MRT,2019-12-31,2019-12-31,2019-12-31,2021-09-07,-176200000.0,3330100000.0,3524850000.0,1830900000.0,1499200000.0,1.553,-5.389,-138800000.0,191900000.0,191900000.0,4389300000.0,-92700000.0,1.368,-9.644,2019400000.0,135800000.0,1883600000.0,2019400000.0,0.0,169200000.0,0.0,0.03,0.12,112300000.0,281500000.0,0.051,281500000.0,112300000.0,-38300000.0,-1.31,-1.31,-1.31,-383700000.0,-305950000.0,-383700000.0,2365355000.0,21.0,8.403,500000.0,0.007,1.0,1083900000.0,0.198,493300000.0,150600000.0,3326200000.0,3663075000.0,301800000.0,0.0,0.0,0.0,3700400000.0,1338100000.0,2362300000.0,280055000.0,-179800000.0,47600000.0,0.0,-278200000.0,-8500000.0,-289400000.0,-25800000.0,65400000.0,139300000.0,-3900000.0,-93200000.0,-93200000.0,-93200000.0,88400000.0,500000.0,-0.017,898600000.0,185300000.0,798900000.0,-0.092,-0.73,-3.005,-3.015,696100000.0,0.0,3.95,0.051,0.051,1041000000.0,-2336800000.0,5473200000.0,5473200000.0,0.0,-0.026,0.305,0.031,0.021,10900000.0,687700000.0,1.0,70900000.0,71200000.0,71200000.0,76.871,2836800000.0,57800000.0,54900000.0,75800000.0,39.843,492800000.0
7,RRD,MRT,2019-09-30,2019-09-30,2019-09-30,2021-09-07,-173900000.0,3540500000.0,3602525000.0,1844000000.0,1696500000.0,1.419,-4.073,-139100000.0,144700000.0,144700000.0,4051200000.0,-25500000.0,1.397,-13.127,2230000000.0,168400000.0,2061600000.0,2230000000.0,0.0,170100000.0,0.0,0.032,0.12,202100000.0,372200000.0,0.073,372200000.0,202100000.0,43900000.0,-0.37,-0.37,-0.37,-290800000.0,-275050000.0,-290800000.0,2377016000.0,12.0,6.386,40500000.0,0.567,1.0,1062200000.0,0.208,660500000.0,158200000.0,3644900000.0,3617550000.0,338700000.0,0.0,0.0,0.0,3817400000.0,1320400000.0,2497000000.0,266916000.0,-129100000.0,1000000.0,0.0,-187400000.0,-8500000.0,-197800000.0,-101800000.0,37400000.0,179600000.0,-9100000.0,-25900000.0,-25900000.0,-25900000.0,-40400000.0,400000.0,-0.005,884000000.0,178200000.0,803200000.0,-0.324,-0.918,-10.306,-10.189,710700000.0,0.0,3.77,0.052,0.053,1248900000.0,-2244700000.0,5113400000.0,5113400000.0,0.0,-0.007,0.094,0.056,0.04,11500000.0,669900000.0,1.0,70800000.0,71400000.0,71400000.0,71.616,2880000000.0,57400000.0,69800000.0,76200000.0,40.336,523600000.0
8,RRD,MRT,2019-06-30,2019-06-30,2019-06-30,2021-09-07,-154800000.0,3561400000.0,3641900000.0,1839900000.0,1721500000.0,1.468,-3.994,-132800000.0,220500000.0,220500000.0,4252400000.0,-3600000.0,1.47,-13.456,2330600000.0,169700000.0,2160900000.0,2330600000.0,0.0,170800000.0,0.0,0.061,0.12,173700000.0,344500000.0,0.064,344500000.0,173700000.0,10900000.0,-0.06,-0.06,-0.06,-284800000.0,-260825000.0,-284800000.0,2252676000.0,13.0,6.539,81600000.0,1.144,1.0,1093300000.0,0.205,654100000.0,162800000.0,3765700000.0,3567250000.0,335500000.0,0.0,0.0,0.0,3832200000.0,1251700000.0,2580500000.0,139476000.0,-45600000.0,54200000.0,0.0,-171200000.0,-8600000.0,-181800000.0,-71800000.0,7800000.0,214400000.0,-6400000.0,-4200000.0,-4200000.0,-4200000.0,-20600000.0,600000.0,-0.001,925200000.0,168100000.0,779200000.0,-2.0,-0.49,-33.209,-32.833,725800000.0,0.0,1.97,0.026,0.026,1156600000.0,-2255200000.0,5345700000.0,5345700000.0,0.0,-0.001,0.016,0.049,0.032,11100000.0,705500000.0,1.0,70800000.0,71300000.0,71300000.0,74.975,2907300000.0,65100000.0,15100000.0,82500000.0,40.776,588200000.0
9,RRD,MRT,2019-03-31,2019-03-31,2019-03-31,2021-09-07,-152400000.0,3667400000.0,3665000000.0,1926200000.0,1741200000.0,1.505,-3.736,-120300000.0,274300000.0,274300000.0,4410800000.0,-8800000.0,1.597,-14.811,2387500000.0,107600000.0,2279900000.0,2387500000.0,0.0,176900000.0,0.0,0.049,0.23,178900000.0,355800000.0,0.064,355800000.0,178900000.0,12200000.0,-0.14,-0.14,-0.14,-264500000.0,-255075000.0,-264500000.0,2053397341.0,11.0,5.771,93500000.0,1.321,1.0,1105700000.0,0.2,659300000.0,166700000.0,3915500000.0,3515450000.0,326100000.0,0.0,0.0,0.0,3917400000.0,1205800000.0,2711600000.0,332497341.0,53400000.0,43100000.0,0.0,-50200000.0,-16200000.0,-68500000.0,-73200000.0,7100000.0,213800000.0,-18700000.0,-10200000.0,-10200000.0,-10200000.0,-20600000.0,1400000.0,-0.002,933000000.0,172700000.0,771800000.0,-1.643,-1.257,-32.598,-33.714,745200000.0,0.0,4.72,0.06,0.061,1203600000.0,-2234000000.0,5516500000.0,5516500000.0,0.0,-0.003,0.04,0.051,0.032,10800000.0,714500000.0,1.0,70444352.0,70800000.0,70800000.0,77.917,3008100000.0,65900000.0,22400000.0,91100000.0,42.487,720400000.0
10,RRD,MRT,2018-12-31,2018-12-31,2018-12-31,2021-09-07,-153800000.0,3640800000.0,3668300000.0,2099700000.0,1541100000.0,1.555,-3.684,-104400000.0,370600000.0,370600000.0,4580300000.0,-9600000.0,1.354,-14.941,2091500000.0,216200000.0,1875300000.0,2091500000.0,0.0,181400000.0,0.0,0.086,0.34,188800000.0,370200000.0,0.065,370200000.0,188800000.0,20500000.0,-0.16,-0.16,-0.16,-260100000.0,-239650000.0,-260100000.0,2209084000.0,12.0,5.967,99100000.0,1.404,1.0,1122100000.0,0.197,666700000.0,168300000.0,3144100000.0,3406025000.0,329700000.0,0.0,0.0,0.0,3886200000.0,1550900000.0,2335300000.0,278784000.0,102100000.0,44100000.0,0.0,-51700000.0,-23900000.0,-77200000.0,-7400000.0,54500000.0,203500000.0,-16800000.0,-11000000.0,-11000000.0,-11000000.0,-20600000.0,1400000.0,-0.002,940500000.0,181600000.0,987300000.0,-2.125,-1.072,-25.344,-24.75,531300000.0,0.0,3.96,0.049,0.049,1298300000.0,-2225700000.0,5702400000.0,5702400000.0,0.0,-0.003,0.046,0.055,0.033,8600000.0,729500000.0,1.0,70400000.0,70600000.0,70600000.0,80.771,2974100000.0,66900000.0,31500000.0,91100000.0,42.126,548800000.0
11,RRD,MRT,2018-09-30,2018-09-30,2018-09-30,2021-09-07,-150500000.0,3698000000.0,3734225000.0,2145200000.0,1552800000.0,1.865,-3.313,-104000000.0,247000000.0,247000000.0,5698000000.0,-39400000.0,1.421,-16.749,2177300000.0,222000000.0,1955300000.0,2177300000.0,0.0,185800000.0,0.0,0.083,0.45,237600000.0,423400000.0,0.061,423400000.0,237600000.0,69600000.0,-0.58,-0.58,-0.58,-233900000.0,-229025000.0,-233900000.0,2378560000.0,10.0,5.618,53200000.0,0.754,1.0,1264600000.0,0.182,674500000.0,168000000.0,3443700000.0,3484000000.0,361800000.0,0.0,0.0,0.0,3917500000.0,1510100000.0,2407400000.0,380160000.0,48400000.0,50500000.0,0.0,-77000000.0,-31600000.0,-106600000.0,7700000.0,62700000.0,157200000.0,-9900000.0,-41100000.0,-41100000.0,-41100000.0,0.0,1700000.0,-0.006,1044100000.0,220500000.0,897600000.0,-0.776,-1.625,-9.25,-9.31,545700000.0,0.0,5.4,0.055,0.055,1359500000.0,-2200800000.0,6962600000.0,6962600000.0,0.0,-0.011,0.179,0.068,0.034,8400000.0,833800000.0,1.0,70400000.0,70600000.0,70700000.0,98.62,3023500000.0,66100000.0,110700000.0,69700000.0,42.826,635100000.0
12,RRD,MRT,2018-06-30,2018-06-30,2018-06-30,2021-09-07,-122000000.0,3653800000.0,3798900000.0,2085800000.0,1568000000.0,1.855,-3.708,-102300000.0,257000000.0,257000000.0,5775300000.0,-82000000.0,1.477,-14.902,2255400000.0,221300000.0,2034100000.0,2255400000.0,0.0,188600000.0,0.0,0.097,0.56,203700000.0,392300000.0,0.056,392300000.0,203700000.0,34200000.0,-1.18,-1.18,-1.18,-261800000.0,-214775000.0,-261800000.0,2358228000.0,12.0,6.011,28500000.0,0.404,1.0,1272700000.0,0.181,681400000.0,169500000.0,3558500000.0,3564225000.0,324400000.0,0.0,0.0,0.0,3901300000.0,1412300000.0,2489000000.0,404928000.0,44300000.0,300000.0,0.0,-2300000.0,-39200000.0,-43800000.0,-41900000.0,61800000.0,130800000.0,-800000.0,-83400000.0,-83400000.0,-83400000.0,0.0,1400000.0,-0.012,1081300000.0,191400000.0,812300000.0,-0.475,-1.547,-4.855,-4.881,559200000.0,0.0,5.76,0.057,0.058,1303400000.0,-2255000000.0,7048000000.0,7048000000.0,0.0,-0.022,0.388,0.057,0.029,8300000.0,840900000.0,1.0,70300000.0,70600000.0,70600000.0,99.83,2972400000.0,70000000.0,117600000.0,54300000.0,42.102,673500000.0
13,RRD,MRT,2018-03-31,2018-03-31,2018-03-31,2021-09-07,-82700000.0,3680600000.0,3843400000.0,2036300000.0,1644300000.0,1.818,-2.885,-103900000.0,235200000.0,235200000.0,5704400000.0,7300000.0,1.425,-19.077,2188500000.0,219100000.0,1969400000.0,2188500000.0,0.0,190000000.0,0.0,0.064,0.56,292900000.0,482900000.0,0.069,482900000.0,292900000.0,119900000.0,0.09,0.09,0.09,-202800000.0,-193100000.0,-202800000.0,2448132578.0,8.0,5.07,-21300000.0,-0.303,1.0,1284100000.0,0.184,727000000.0,173000000.0,3477800000.0,3613425000.0,339900000.0,0.0,0.0,0.0,3868900000.0,1429100000.0,2439800000.0,611832578.0,-5100000.0,300000.0,0.0,44800000.0,-39200000.0,-74900000.0,-33000000.0,64900000.0,82600000.0,20200000.0,6100000.0,6100000.0,6100000.0,0.0,1200000.0,0.001,1083800000.0,200300000.0,860800000.0,6.222,-3.017,100.3,97.0,588700000.0,0.0,8.73,0.088,0.088,1345400000.0,-2232300000.0,6988500000.0,6988500000.0,0.0,0.002,-0.032,0.081,0.042,7700000.0,849200000.0,1.0,70083915.0,70300000.0,70300000.0,99.41,2953600000.0,73300000.0,113800000.0,59400000.0,42.014,607200000.0
14,RRD,MRT,2017-12-31,2017-12-31,2017-12-31,2021-09-07,-103700000.0,3904500000.0,3900075000.0,2216900000.0,1687600000.0,1.779,-3.1,-108500000.0,273400000.0,273400000.0,5623400000.0,-33200000.0,1.427,-18.876,2109700000.0,10800000.0,2098900000.0,2109700000.0,0.0,191400000.0,0.0,0.06,0.56,253900000.0,445300000.0,0.064,445300000.0,253900000.0,74300000.0,-0.49,-0.49,-0.49,-217600000.0,-189425000.0,-217600000.0,2676230000.0,11.0,6.01,109400000.0,1.558,1.0,1316200000.0,0.19,731800000.0,179600000.0,3456000000.0,3676575000.0,416800000.0,0.0,0.0,0.0,4107400000.0,1553000000.0,2554400000.0,651930000.0,-34400000.0,0.0,0.0,-172800000.0,-39200000.0,-294300000.0,24700000.0,140400000.0,217900000.0,17300000.0,-34400000.0,-34400000.0,-34400000.0,0.0,1200000.0,-0.005,1104800000.0,211400000.0,1094700000.0,-1.143,-2.996,-18.951,-18.98,615100000.0,0.0,9.3,0.094,0.094,1417600000.0,-2225700000.0,6939600000.0,6939600000.0,0.0,-0.009,0.182,0.069,0.037,8400000.0,860400000.0,1.0,70100000.0,70200000.0,70200000.0,98.855,3172700000.0,81700000.0,108700000.0,59400000.0,45.195,663900000.0
15,RRD,MRT,2017-09-30,2017-09-30,2017-09-30,2021-09-07,-126500000.0,3956700000.0,3991150000.0,2218600000.0,1738100000.0,1.722,-2.52,-101400000.0,225800000.0,225800000.0,5584800000.0,-494500000.0,1.501,-23.288,2250100000.0,17900000.0,2232200000.0,2250100000.0,0.0,193800000.0,0.0,0.054,0.56,-342900000.0,-149100000.0,-0.022,-149100000.0,-342900000.0,-528300000.0,-7.08,-7.08,-7.08,-176900000.0,-161450000.0,-176900000.0,2749500000.0,-8.0,-18.441,14800000.0,0.211,1.0,1287900000.0,0.187,738100000.0,185400000.0,3764600000.0,3819975000.0,457100000.0,0.0,0.0,0.0,4119700000.0,1478300000.0,2641400000.0,721000000.0,-180300000.0,-600000.0,0.0,-90500000.0,-39200000.0,-308500000.0,10200000.0,127700000.0,116200000.0,1800000.0,-495700000.0,-495700000.0,-495700000.0,25500000.0,1200000.0,-0.072,1669600000.0,-381700000.0,996500000.0,-0.079,-4.076,-1.455,-1.455,624600000.0,0.0,10.3,0.105,0.105,1382900000.0,-2160600000.0,6872700000.0,6872700000.0,0.0,-0.124,3.07,-0.09,-0.05,5900000.0,869000000.0,1.0,70000000.0,70200000.0,70200000.0,97.902,3218600000.0,123200000.0,-32600000.0,0.0,45.849,740300000.0
16,RRD,MRT,2017-06-30,2017-06-30,2017-06-30,2021-09-07,-143000000.0,3831800000.0,4870100000.0,2062500000.0,1769300000.0,1.409,-2.498,-124900000.0,224000000.0,224000000.0,5534800000.0,-493500000.0,1.539,-22.806,2252500000.0,19100000.0,2233400000.0,2252500000.0,0.0,248300000.0,0.0,0.096,1.2,-319300000.0,-71000000.0,-0.01,-71000000.0,-319300000.0,-510000000.0,-7.07,-7.07,-7.07,-175100000.0,13875000.0,-175100000.0,2880800000.0,-9.0,-40.575,61700000.0,0.88,1.0,1328600000.0,0.194,764600000.0,190700000.0,3755300000.0,4513675000.0,392400000.0,2300000.0,2300000.0,0.0,3993300000.0,1340400000.0,2652900000.0,877800000.0,-64700000.0,-47800000.0,0.0,74700000.0,-83900000.0,-180500000.0,-65000000.0,127400000.0,186600000.0,-5800000.0,-494800000.0,-494800000.0,-494800000.0,54600000.0,1300000.0,-0.072,1658100000.0,-329500000.0,911600000.0,-0.17,-5.013,-1.774,-1.774,633200000.0,0.0,12.54,0.128,0.128,1301500000.0,-2140100000.0,6863400000.0,6863400000.0,0.0,-0.102,-35.661,-0.071,-0.047,7200000.0,876200000.0,1.0,70000000.0,70100000.0,70200000.0,97.909,3067200000.0,119700000.0,-15200000.0,0.0,43.755,722100000.0
17,RRD,MRT,2017-03-31,2017-03-31,2017-03-31,2021-09-07,-78500000.0,3907300000.0,5684200000.0,2138000000.0,1769300000.0,1.21,-2.683,-150100000.0,244300000.0,244300000.0,5533000000.0,-584500000.0,1.514,-21.698,2247300000.0,12400000.0,2234900000.0,2247300000.0,0.0,304800000.0,0.0,0.152,1.84,-404700000.0,-99900000.0,-0.015,-99900000.0,-404700000.0,-601300000.0,-8.37,-8.37,-8.37,-188100000.0,209100000.0,-188100000.0,2916219375.0,-7.0,-29.191,164900000.0,2.352,1.0,1343000000.0,0.195,767600000.0,196600000.0,3730400000.0,5030600000.0,375900000.0,120400000.0,120400000.0,0.0,4081400000.0,1412300000.0,2669100000.0,846319375.0,-15500000.0,-47800000.0,0.0,-4100000.0,-128500000.0,-225400000.0,-85700000.0,124700000.0,315000000.0,-19400000.0,-585800000.0,-585800000.0,-585800000.0,45900000.0,1300000.0,-0.085,1682200000.0,-339200000.0,884800000.0,-0.22,-4.499,-1.445,-1.447,637000000.0,0.0,12.11,0.123,0.123,1268900000.0,-2215200000.0,6876000000.0,6876000000.0,0.0,-0.103,-2.802,-0.08,-0.059,11300000.0,893500000.0,1.0,69885993.0,70100000.0,70100000.0,98.088,3139700000.0,114200000.0,-15500000.0,0.0,44.789,725700000.0
18,RRD,MRT,2016-12-31,2016-12-31,2016-12-31,2021-09-07,-55700000.0,4268800000.0,6478900000.0,2501000000.0,1767800000.0,1.055,-1.51,-172100000.0,317500000.0,317500000.0,5484300000.0,-494600000.0,1.629,-41.258,2387400000.0,8200000.0,2379200000.0,2387400000.0,0.0,363200000.0,0.0,0.152,2.48,-309500000.0,53700000.0,0.008,53700000.0,-309500000.0,-508200000.0,-7.09,-7.09,-7.09,-105700000.0,427075000.0,-105700000.0,4618236000.0,-15.0,86.001,-44900000.0,-0.641,1.0,1348700000.0,0.197,773900000.0,198700000.0,4029600000.0,5550275000.0,386800000.0,328700000.0,328700000.0,0.0,4361000000.0,1535200000.0,2825800000.0,1139136000.0,-70000000.0,-34400000.0,0.0,280800000.0,-173000000.0,19900000.0,-200600000.0,3800000.0,127200000.0,-16500000.0,-495900000.0,-495900000.0,-495900000.0,9700000.0,1300000.0,-0.073,1673600000.0,-324900000.0,985300000.0,-0.35,-10.777,-2.297,-2.302,650300000.0,0.0,16.32,0.167,0.167,1331300000.0,-2155400000.0,6833000000.0,6833000000.0,0.0,-0.077,-1.161,-0.056,-0.045,12900000.0,897000000.0,1.0,69800000.0,70000000.0,70000000.0,97.614,3494900000.0,108900000.0,-12300000.0,0.0,49.927,965800000.0
19,RRD,MRT,2016-09-30,2016-09-30,2016-09-30,2021-09-07,-815700000.0,7472500000.0,7231525000.0,3312500000.0,4160000000.0,0.493,7.491,-202700000.0,411800000.0,411800000.0,2959500000.0,90300000.0,1.491,13.223,3890900000.0,255600000.0,3635300000.0,3890900000.0,0.0,425000000.0,0.0,0.066,3.12,191500000.0,616500000.0,0.173,616500000.0,191500000.0,44000000.0,1.28,1.29,1.28,524400000.0,624175000.0,524400000.0,6622140000.0,35.0,10.742,266900000.0,3.813,1.0,602800000.0,0.169,2190600000.0,147500000.0,6539400000.0,5984200000.0,651100000.0,0.0,0.0,0.0,6934100000.0,2221600000.0,4712500000.0,3293340000.0,152600000.0,-33700000.0,0.0,118700000.0,-217400000.0,-68600000.0,-229200000.0,13400000.0,469600000.0,-19200000.0,89200000.0,89200000.0,89200000.0,-185900000.0,1100000.0,0.025,595800000.0,7000000.0,1172700000.0,2.438,6.28,36.921,36.844,1342300000.0,0.0,47.16,0.924,0.927,2109300000.0,-765600000.0,3562300000.0,3562300000.0,0.0,0.012,0.143,0.032,0.054,17100000.0,581200000.0,1.0,69833333.0,70000000.0,70500000.0,50.89,5281900000.0,211100000.0,-45200000.0,0.0,75.456,1090900000.0
20,RRD,MRT,2016-06-30,2016-06-30,2016-06-30,2021-09-07,-791900000.0,7088200000.0,7231050000.0,2974300000.0,4113900000.0,0.645,8.654,-207900000.0,290600000.0,290600000.0,3806200000.0,108700000.0,1.217,10.678,3619400000.0,675600000.0,2943800000.0,3619400000.0,0.0,438800000.0,0.0,0.061,3.12,258900000.0,697700000.0,0.15,697700000.0,258900000.0,91200000.0,1.59,1.59,1.59,605800000.0,655300000.0,605800000.0,6856648000.0,26.0,9.828,296800000.0,4.24,1.0,858500000.0,0.184,2150700000.0,167700000.0,5823000000.0,5908300000.0,596800000.0,0.0,0.0,0.0,6468700000.0,2443300000.0,4025400000.0,3543048000.0,-6700000.0,13700000.0,0.0,-114100000.0,-217200000.0,-304300000.0,-184100000.0,15400000.0,504700000.0,-23000000.0,110600000.0,110600000.0,110600000.0,-215000000.0,-1900000.0,0.024,812200000.0,46300000.0,1047700000.0,1.962,5.849,32.035,31.925,1375000000.0,0.0,50.76,0.76,0.762,1968400000.0,-704000000.0,4664700000.0,4664700000.0,0.0,0.015,0.169,0.044,0.056,17500000.0,691500000.0,1.0,69800000.0,70000000.0,70000000.0,66.639,4937500000.0,192600000.0,-19400000.0,0.0,70.536,531000000.0
21,RRD,MRT,2016-03-31,2016-03-31,2016-03-31,2021-09-07,-776100000.0,7086100000.0,7332100000.0,2937000000.0,4149100000.0,0.788,9.783,-207200000.0,263700000.0,263700000.0,4622300000.0,166600000.0,1.212,9.343,3577300000.0,634400000.0,2942900000.0,3577300000.0,0.0,447600000.0,0.0,0.063,3.12,372100000.0,819700000.0,0.142,819700000.0,372100000.0,186600000.0,2.43,2.43,2.43,683800000.0,683675000.0,683800000.0,6457073765.0,17.0,7.877,410300000.0,5.87,1.0,1157900000.0,0.2,2167500000.0,185500000.0,5809100000.0,6088575000.0,607300000.0,0.0,0.0,0.0,6388600000.0,2423100000.0,3965500000.0,3423773765.0,-6900000.0,-102000000.0,0.0,-117600000.0,-214900000.0,-305200000.0,-306100000.0,24000000.0,617500000.0,-13100000.0,168600000.0,168600000.0,168600000.0,-206300000.0,-2000000.0,0.029,978600000.0,179300000.0,1009200000.0,1.284,5.007,20.307,20.247,1412400000.0,0.0,49.2,0.592,0.595,1948600000.0,-635100000.0,5780200000.0,5780200000.0,0.0,0.023,0.247,0.061,0.064,17300000.0,771000000.0,1.0,69588898.0,69900000.0,70300000.0,82.692,4918600000.0,177000000.0,18000000.0,0.0,70.366,513900000.0
22,RRD,MRT,2015-12-31,2015-12-31,2015-12-31,2021-09-07,-793200000.0,7279300000.0,7361900000.0,3101700000.0,4177600000.0,0.935,9.966,-207600000.0,288700000.0,288700000.0,5475600000.0,138400000.0,1.327,9.642,2418700000.0,231900000.0,2186800000.0,2418700000.0,0.0,454000000.0,0.0,0.071,3.12,376200000.0,830200000.0,0.121,830200000.0,376200000.0,172100000.0,2.2,2.2,2.2,682700000.0,648450000.0,682700000.0,6491064000.0,17.0,7.819,458400000.0,6.692,1.0,1405100000.0,0.204,1306700000.0,204100000.0,5765300000.0,6246200000.0,352800000.0,0.0,0.0,0.0,6582700000.0,2337300000.0,4245400000.0,3072064000.0,-140200000.0,-117600000.0,0.0,-260800000.0,-212600000.0,-444800000.0,-322300000.0,27100000.0,666000000.0,-39100000.0,151100000.0,151100000.0,151100000.0,-170100000.0,-12700000.0,0.022,1167800000.0,237300000.0,993900000.0,1.418,4.5,20.331,20.073,696600000.0,0.0,44.16,0.446,0.44,1237200000.0,-620600000.0,6880700000.0,6880700000.0,0.0,0.021,0.233,0.06,0.055,17300000.0,872600000.0,1.0,69566667.0,68500000.0,68500000.0,100.448,5972600000.0,93100000.0,21000000.0,0.0,87.191,764400000.0
23,RRD,MRT,2015-09-30,2015-09-30,2015-09-30,2021-09-07,-804600000.0,7470600000.0,7444275000.0,3184500000.0,4286100000.0,0.935,9.31,-211900000.0,257300000.0,257300000.0,5554500000.0,90700000.0,1.3,10.491,3676300000.0,460200000.0,3216100000.0,3676300000.0,0.0,458500000.0,0.0,0.071,3.12,276200000.0,734700000.0,0.106,734700000.0,276200000.0,70800000.0,1.47,1.46,1.47,648900000.0,626225000.0,648900000.0,6490072000.0,23.0,8.834,461100000.0,6.615,1.0,1406300000.0,0.202,2203500000.0,205400000.0,6235800000.0,6351200000.0,639900000.0,0.0,0.0,0.0,6807900000.0,2450300000.0,4357600000.0,3038672000.0,-11900000.0,-116300000.0,0.0,-177800000.0,-210400000.0,-347200000.0,-297400000.0,39200000.0,673000000.0,-40300000.0,99600000.0,99600000.0,99600000.0,-161100000.0,-8900000.0,0.014,1243700000.0,162600000.0,1196400000.0,2.122,4.683,30.509,29.714,1504000000.0,0.0,43.68,0.437,0.437,2059000000.0,-637400000.0,6960800000.0,6960800000.0,0.0,0.013,0.159,0.043,0.04,17500000.0,915300000.0,1.0,69566667.0,69700000.0,70100000.0,99.868,5267100000.0,179500000.0,-28800000.0,0.0,75.568,734200000.0
24,RRD,MRT,2015-06-30,2015-06-30,2015-06-30,2021-09-07,-770400000.0,7492400000.0,7468350000.0,3108100000.0,4384300000.0,0.949,10.625,-218400000.0,295400000.0,295400000.0,5656600000.0,143900000.0,1.445,9.391,3746800000.0,312700000.0,3434100000.0,3746800000.0,0.0,462800000.0,0.0,0.06,3.12,322300000.0,785100000.0,0.111,785100000.0,322300000.0,114700000.0,2.19,2.19,2.19,719300000.0,687850000.0,719300000.0,6862058000.0,21.0,8.74,495600000.0,7.321,1.0,1434000000.0,0.202,2248500000.0,207600000.0,6544100000.0,6406025000.0,617100000.0,0.0,0.0,0.0,6754800000.0,2151200000.0,4603600000.0,3496458000.0,6500000.0,-126400000.0,0.0,-167500000.0,-208000000.0,-347600000.0,-315800000.0,47900000.0,714000000.0,-44100000.0,147500000.0,147500000.0,147500000.0,-161100000.0,-3600000.0,0.021,1221000000.0,213000000.0,1115800000.0,1.425,4.861,23.705,23.877,1575200000.0,0.0,52.29,0.493,0.499,1976900000.0,-597400000.0,7090600000.0,7090600000.0,0.0,0.02,0.214,0.05,0.045,17600000.0,921300000.0,1.0,66866667.0,67700000.0,68067000.0,104.736,5243900000.0,167100000.0,-32800000.0,0.0,77.458,956900000.0
25,RRD,MRT,2015-03-31,2015-03-31,2015-03-31,2021-09-07,-794200000.0,7205300000.0,7481975000.0,3043700000.0,4161600000.0,0.968,8.119,-223100000.0,268700000.0,268700000.0,5764600000.0,165900000.0,1.499,12.243,3634300000.0,203300000.0,3431000000.0,3634300000.0,0.0,471900000.0,0.0,0.054,3.12,351600000.0,823500000.0,0.114,823500000.0,351600000.0,142400000.0,2.52,2.52,2.52,542900000.0,731625000.0,542900000.0,6938988845.0,20.0,8.426,435700000.0,6.516,1.0,1480400000.0,0.204,2100400000.0,209200000.0,6439600000.0,6401725000.0,560200000.0,0.0,0.0,0.0,6646700000.0,2030900000.0,4615800000.0,3834388845.0,-39700000.0,-4700000.0,0.0,-275600000.0,-207800000.0,-455900000.0,-195500000.0,46600000.0,658800000.0,-47100000.0,168700000.0,168700000.0,168700000.0,-161100000.0,-2800000.0,0.023,1246900000.0,233500000.0,1100100000.0,1.238,7.063,22.729,22.845,1455500000.0,0.0,57.57,0.529,0.531,1981600000.0,-588800000.0,7245000000.0,7245000000.0,0.0,0.023,0.231,0.055,0.049,17400000.0,947500000.0,1.0,66603940.0,66867000.0,67367000.0,108.349,5104900000.0,227200000.0,-26300000.0,0.0,76.344,1012800000.0
26,RRD,MRT,2014-12-31,2014-12-31,2014-12-31,2021-09-07,-773600000.0,7608800000.0,7579250000.0,3373300000.0,4235500000.0,0.946,8.97,-223600000.0,527900000.0,527900000.0,5698800000.0,120800000.0,1.425,11.769,3602000000.0,203400000.0,3398600000.0,3602000000.0,0.0,474000000.0,0.0,0.062,3.12,272400000.0,746400000.0,0.104,746400000.0,272400000.0,61200000.0,1.77,1.77,1.77,593800000.0,812375000.0,593800000.0,6849239000.0,25.0,9.176,499100000.0,7.539,1.0,1473900000.0,0.205,2130300000.0,211200000.0,6185300000.0,6480675000.0,586200000.0,0.0,0.0,0.0,6988400000.0,2367300000.0,4621100000.0,3357639000.0,-500500000.0,-382400000.0,0.0,-425600000.0,-203100000.0,-605100000.0,-577200000.0,42700000.0,722700000.0,-40900000.0,117400000.0,117400000.0,117400000.0,-161100000.0,3400000.0,0.016,1260000000.0,213900000.0,1296600000.0,1.763,5.654,28.6,28.483,1515500000.0,0.0,50.415,0.468,0.465,2033800000.0,-559100000.0,7172700000.0,7172700000.0,0.0,0.015,0.145,0.042,0.038,17700000.0,933100000.0,1.0,66600000.0,66200000.0,66200000.0,108.349,5478500000.0,234100000.0,-56200000.0,0.0,82.757,1006000000.0
27,RRD,MRT,2014-09-30,2014-09-30,2014-09-30,2021-09-07,-499800000.0,7566900000.0,7486600000.0,3323400000.0,4243500000.0,1.508,13.411,-241500000.0,269200000.0,269200000.0,8802800000.0,205600000.0,1.376,7.425,3760800000.0,333500000.0,3427300000.0,3760800000.0,0.0,461900000.0,0.0,0.063,3.12,472100000.0,934000000.0,0.083,934000000.0,472100000.0,191600000.0,3.15,3.15,3.15,895400000.0,821875000.0,895400000.0,6835108000.0,14.0,7.318,400100000.0,5.992,1.0,2486600000.0,0.22,2187700000.0,280500000.0,6455100000.0,6456050000.0,652800000.0,0.0,0.0,0.0,6648500000.0,2415700000.0,4232800000.0,3288708000.0,-193600000.0,-395800000.0,0.0,57000000.0,-198300000.0,-183000000.0,-627100000.0,23900000.0,641600000.0,-25100000.0,201900000.0,201900000.0,201900000.0,0.0,3700000.0,0.018,1906600000.0,580000000.0,1219800000.0,0.99,3.673,16.289,15.676,1579900000.0,0.0,49.38,0.291,0.292,2169600000.0,-526600000.0,11289400000.0,11289400000.0,0.0,0.027,0.246,0.073,0.042,18100000.0,1303900000.0,1.0,66600000.0,66767000.0,67200000.0,169.087,5379200000.0,83300000.0,-10300000.0,0.0,80.567,907700000.0
28,RRD,MRT,2014-06-30,2014-06-30,2014-06-30,2021-09-07,-485800000.0,7546900000.0,7370375000.0,3202900000.0,4344000000.0,1.485,13.403,-238600000.0,288900000.0,288900000.0,8537100000.0,158800000.0,1.364,7.415,3835300000.0,406400000.0,3428900000.0,3835300000.0,0.0,448600000.0,0.0,0.061,3.12,388300000.0,836900000.0,0.076,836900000.0,388300000.0,113400000.0,2.46,2.46,2.46,894400000.0,602750000.0,894400000.0,6982316000.0,18.0,8.343,468000000.0,7.013,1.0,2409400000.0,0.22,2218000000.0,274900000.0,6526900000.0,6399325000.0,586400000.0,0.0,0.0,0.0,6632100000.0,2348400000.0,4283700000.0,3385216000.0,-65500000.0,-385800000.0,0.0,66800000.0,-193700000.0,-154100000.0,-605500000.0,20400000.0,706600000.0,-12500000.0,154400000.0,154400000.0,154400000.0,0.0,4400000.0,0.014,1868500000.0,540900000.0,1124500000.0,1.268,3.785,21.925,20.683,1650000000.0,0.0,50.88,0.309,0.31,2083300000.0,-536900000.0,10946500000.0,10946500000.0,0.0,0.021,0.256,0.061,0.035,18700000.0,1260900000.0,1.0,66533333.0,66733000.0,67133000.0,164.034,5328900000.0,86700000.0,-41000000.0,0.0,79.854,854500000.0
29,RRD,MRT,2014-03-31,2014-03-31,2014-03-31,2021-09-07,-496100000.0,7594400000.0,7209050000.0,3178300000.0,4416100000.0,1.473,13.453,-227700000.0,308400000.0,308400000.0,8270200000.0,159700000.0,1.446,7.748,3905500000.0,278300000.0,3627200000.0,3905500000.0,0.0,437700000.0,0.0,0.058,3.12,379400000.0,817100000.0,0.077,817100000.0,379400000.0,109800000.0,2.58,2.58,2.58,865900000.0,389375000.0,865900000.0,6369966704.0,17.0,7.796,482500000.0,7.496,1.0,2345400000.0,0.221,2237800000.0,269600000.0,6755400000.0,6354125000.0,581700000.0,0.0,0.0,0.0,6708900000.0,2198300000.0,4510600000.0,3540466704.0,5500000.0,-391800000.0,0.0,137900000.0,-188900000.0,-77700000.0,-606700000.0,13400000.0,710200000.0,-20300000.0,155100000.0,155100000.0,155100000.0,0.0,4600000.0,0.015,1809500000.0,535900000.0,1104900000.0,1.209,4.089,22.827,20.814,1699600000.0,0.0,53.7,0.334,0.326,2018900000.0,-549700000.0,10615600000.0,10615600000.0,0.0,0.022,0.398,0.06,0.036,19700000.0,1215800000.0,1.0,65930479.0,64367000.0,64367000.0,164.923,5356600000.0,87500000.0,-45300000.0,0.0,83.22,980000000.0
30,RRD,MRT,2013-12-31,2013-12-31,2013-12-31,2021-09-07,-488100000.0,7238200000.0,7062150000.0,3561600000.0,3676600000.0,1.484,10.42,-216600000.0,1028400000.0,1028400000.0,8149800000.0,218200000.0,1.598,10.422,3857900000.0,270900000.0,3587000000.0,3857900000.0,0.0,435800000.0,0.0,0.051,3.12,463400000.0,899200000.0,0.086,899200000.0,463400000.0,202000000.0,3.48,3.45,3.48,631800000.0,182175000.0,631800000.0,6738076000.0,15.0,7.493,478200000.0,7.887,1.0,2330500000.0,0.222,1752200000.0,261400000.0,6086800000.0,6337400000.0,501200000.0,0.0,0.0,0.0,6584500000.0,2228700000.0,4355800000.0,3684876000.0,597700000.0,-11600000.0,0.0,343800000.0,-188500000.0,122800000.0,-212400000.0,13000000.0,694800000.0,-7500000.0,211200000.0,211200000.0,211200000.0,0.0,7000000.0,0.02,1750800000.0,579700000.0,1143000000.0,0.897,5.832,17.447,17.483,1430100000.0,0.0,60.84,0.352,0.352,1832300000.0,-473400000.0,10480300000.0,10480300000.0,0.0,0.03,1.159,0.073,0.044,19900000.0,1181500000.0,1.0,60566667.0,60633000.0,61167000.0,172.848,5486000000.0,118800000.0,-9200000.0,0.0,90.479,1332900000.0
31,RRD,MRT,2013-09-30,2013-09-30,2013-09-30,2021-09-07,-1039300000.0,7102000000.0,7068275000.0,3058600000.0,4043400000.0,1.469,0.311,-185600000.0,462800000.0,462800000.0,8072400000.0,-741900000.0,1.418,373.841,3516000000.0,275900000.0,3240100000.0,3516000000.0,0.0,447600000.0,0.0,0.066,3.12,-488300000.0,-40700000.0,-0.004,-40700000.0,-488300000.0,-746000000.0,-12.36,-12.33,-12.36,18900000.0,37425000.0,18900000.0,6028126000.0,-12.0,-148.111,644000000.0,10.598,1.0,2312200000.0,0.223,1770000000.0,257700000.0,6228200000.0,6415050000.0,538600000.0,0.0,0.0,0.0,7065600000.0,2157000000.0,4908600000.0,2867226000.0,69900000.0,-37100000.0,0.0,-358200000.0,-188200000.0,-551500000.0,-201100000.0,18600000.0,829600000.0,-7100000.0,-741800000.0,-741800000.0,-741800000.0,0.0,-100000.0,-0.071,2706400000.0,-394200000.0,1100300000.0,-0.252,151.705,-3.865,-3.83,1450900000.0,0.0,47.34,0.276,0.277,1916100000.0,-530200000.0,10384600000.0,10384600000.0,0.0,-0.105,-19.821,-0.076,-0.047,22400000.0,1157600000.0,1.0,60566667.0,60767000.0,61300000.0,170.892,5332000000.0,449400000.0,-4200000.0,0.0,87.745,901600000.0
32,RRD,MRT,2013-06-30,2013-06-30,2013-06-30,2021-09-07,-1044000000.0,6901600000.0,7368750000.0,2807400000.0,4094200000.0,1.395,0.674,-196500000.0,354400000.0,354400000.0,7963700000.0,-688700000.0,1.452,167.396,3515300000.0,277600000.0,3237700000.0,3515300000.0,0.0,460300000.0,0.0,0.074,3.12,-386300000.0,74000000.0,0.007,74000000.0,-386300000.0,-642100000.0,-11.43,-11.4,-11.43,40900000.0,315525000.0,40900000.0,5773715000.0,-15.0,78.023,543400000.0,8.957,1.0,2314800000.0,0.225,1782300000.0,255800000.0,6346100000.0,6506075000.0,493300000.0,0.0,0.0,0.0,6846500000.0,1934100000.0,4912400000.0,2542815000.0,-14600000.0,-127100000.0,0.0,-290200000.0,-187800000.0,-484500000.0,-273500000.0,47000000.0,739900000.0,3500000.0,-685100000.0,-685100000.0,-685100000.0,0.0,-3600000.0,-0.067,2656900000.0,-342100000.0,961100000.0,-0.273,62.172,-3.712,-3.677,1487600000.0,0.0,42.03,0.247,0.248,1804700000.0,-497600000.0,10278500000.0,10278500000.0,0.0,-0.093,-2.171,-0.059,-0.038,21700000.0,1119600000.0,1.0,60500000.0,60667000.0,61067000.0,169.425,5119300000.0,448200000.0,43000000.0,0.0,84.384,873300000.0
33,RRD,MRT,2013-03-31,2013-03-31,2013-03-31,2021-09-07,-1022900000.0,7006800000.0,7668300000.0,2814400000.0,4192400000.0,1.335,0.614,-198500000.0,302900000.0,302900000.0,7924200000.0,-666200000.0,1.607,187.504,3533800000.0,21600000.0,3512200000.0,3533800000.0,0.0,470200000.0,0.0,0.086,3.12,-393500000.0,76700000.0,0.007,76700000.0,-393500000.0,-647400000.0,-11.04,-11.01,-11.04,37100000.0,570475000.0,37100000.0,5181047586.0,-13.0,67.55,449600000.0,7.444,1.0,2311300000.0,0.226,1798300000.0,253900000.0,6688500000.0,6588600000.0,504400000.0,0.0,0.0,0.0,6956400000.0,1750900000.0,5205500000.0,2173147586.0,-112100000.0,-127100000.0,0.0,-291100000.0,-187600000.0,-486300000.0,-271600000.0,50700000.0,648100000.0,-2300000.0,-661700000.0,-661700000.0,-661700000.0,0.0,-4500000.0,-0.065,2662700000.0,-351400000.0,1030900000.0,-0.283,58.575,-3.284,-3.274,1544900000.0,0.0,36.15,0.212,0.213,1851800000.0,-515900000.0,10235500000.0,10235500000.0,0.0,-0.086,-1.16,-0.06,-0.038,22000000.0,1101300000.0,1.0,60114733.0,60400000.0,60967000.0,169.462,5208500000.0,447900000.0,14300000.0,0.0,86.233,1063500000.0
34,RRD,MRT,2012-12-31,2012-12-31,2012-12-31,2021-09-07,-1029200000.0,7262700000.0,7969800000.0,2977400000.0,4285300000.0,1.283,0.878,-205900000.0,430700000.0,430700000.0,7889000000.0,-653600000.0,1.45,136.25,3438600000.0,18400000.0,3420200000.0,3438600000.0,0.0,481600000.0,0.0,0.116,3.12,-386000000.0,95600000.0,0.009,95600000.0,-386000000.0,-637800000.0,-10.83,-10.83,-10.83,52800000.0,829300000.0,52800000.0,5014397000.0,-13.0,52.452,486000000.0,8.082,1.0,2332900000.0,0.228,1819300000.0,251800000.0,6397400000.0,6585875000.0,510200000.0,0.0,0.0,0.0,7194000000.0,2053900000.0,5140100000.0,1620897000.0,-19000000.0,-126900000.0,0.0,-265200000.0,-187100000.0,-438000000.0,-284800000.0,50700000.0,691900000.0,11900000.0,-651400000.0,-651400000.0,-651400000.0,0.0,-2200000.0,-0.064,2702700000.0,-369800000.0,1210300000.0,-0.288,30.699,-2.488,-2.49,1616600000.0,0.0,26.97,0.159,0.159,1878800000.0,-496100000.0,10221900000.0,10221900000.0,0.0,-0.082,-0.785,-0.059,-0.038,25400000.0,1102600000.0,1.0,60100000.0,60133000.0,60133000.0,169.988,5443400000.0,445100000.0,13600000.0,0.0,90.523,923500000.0
35,RRD,MRT,2012-09-30,2012-09-30,2012-09-30,2021-09-07,-839000000.0,8303900000.0,8224550000.0,3138900000.0,5165000000.0,1.25,18.771,-217000000.0,392900000.0,392900000.0,7912400000.0,-128500000.0,1.372,6.323,3786400000.0,364100000.0,3422300000.0,3786400000.0,0.0,494800000.0,0.0,0.098,3.12,138500000.0,633300000.0,0.062,633300000.0,138500000.0,-110700000.0,-1.71,-1.68,-1.71,1131300000.0,1076775000.0,1131300000.0,5303580000.0,38.0,8.375,426900000.0,7.083,1.0,2370700000.0,0.231,2816500000.0,249200000.0,6592300000.0,6625550000.0,546500000.0,0.0,0.0,0.0,7153700000.0,2288600000.0,4865100000.0,1911180000.0,24800000.0,-118400000.0,-7100000.0,-178100000.0,-188900000.0,-352600000.0,-280700000.0,66800000.0,643900000.0,14200000.0,-129100000.0,-129100000.0,-129100000.0,0.0,600000.0,-0.013,2215800000.0,154900000.0,1094500000.0,-1.825,1.689,-14.804,-18.596,1668400000.0,0.0,31.8,0.186,0.186,2035900000.0,399800000.0,10283100000.0,10283100000.0,0.0,-0.016,-0.12,0.021,0.013,24400000.0,1116000000.0,1.0,60100000.0,60267000.0,60800000.0,170.626,5487400000.0,14200000.0,18400000.0,0.0,91.051,850300000.0
36,RRD,MRT,2012-06-30,2012-06-30,2012-06-30,2021-09-07,-881200000.0,8099800000.0,8375050000.0,2981200000.0,5118600000.0,1.249,17.61,-216400000.0,369000000.0,369000000.0,8032900000.0,-41000000.0,1.451,6.618,3761400000.0,343000000.0,3418400000.0,3761400000.0,0.0,514900000.0,0.0,0.088,3.12,107300000.0,622200000.0,0.059,622200000.0,107300000.0,-141100000.0,-0.36,-0.36,-0.36,1060700000.0,1245025000.0,1060700000.0,5462431000.0,51.0,8.779,571700000.0,9.491,1.0,2424700000.0,0.232,2760900000.0,248400000.0,6676200000.0,6671500000.0,505000000.0,0.0,0.0,0.0,7020100000.0,2055100000.0,4965000000.0,2122131000.0,6000000.0,-66500000.0,-7100000.0,-337600000.0,-190800000.0,-515000000.0,-256900000.0,38000000.0,788100000.0,-10200000.0,-42500000.0,-42500000.0,-42500000.0,0.0,1500000.0,-0.004,2299700000.0,125000000.0,946900000.0,-8.667,2.001,-49.932,-98.083,1718900000.0,0.0,35.31,0.203,0.203,1944900000.0,375300000.0,10457600000.0,10457600000.0,0.0,-0.005,-0.034,0.016,0.01,26700000.0,1159500000.0,1.0,60100000.0,60233000.0,60600000.0,173.619,5338900000.0,25900000.0,-98600000.0,0.0,88.637,926100000.0
37,RRD,MRT,2012-03-31,2012-03-31,2012-03-31,2021-09-07,-820600000.0,8212800000.0,8606650000.0,2974700000.0,5238100000.0,1.226,17.933,-249100000.0,415000000.0,415000000.0,8080600000.0,-117500000.0,1.431,6.64,3755300000.0,346800000.0,3408500000.0,3755300000.0,0.0,534700000.0,0.0,0.084,3.12,5600000.0,540300000.0,0.051,540300000.0,5600000.0,-240500000.0,-1.65,-1.65,-1.65,1072400000.0,1426700000.0,1072400000.0,5422406984.0,968.0,10.036,652400000.0,10.91,1.0,2471800000.0,0.234,2796500000.0,246100000.0,6677600000.0,6753350000.0,518900000.0,0.0,0.0,0.0,7121000000.0,2079000000.0,5042000000.0,2211606984.0,15700000.0,-122300000.0,-506300000.0,142100000.0,-197900000.0,-542600000.0,-357400000.0,26000000.0,901500000.0,14200000.0,-119100000.0,-119100000.0,-119100000.0,0.0,1600000.0,-0.011,2394600000.0,77200000.0,973800000.0,-1.891,2.062,-18.569,-22.527,1802800000.0,0.0,37.17,0.21,0.211,1858800000.0,333400000.0,10552400000.0,10552400000.0,0.0,-0.014,-0.083,0.001,0.001,29200000.0,1192900000.0,1.0,59499784.0,59800000.0,60133000.0,176.462,5416300000.0,44300000.0,-121400000.0,0.0,90.574,895700000.0
38,RRD,MRT,2011-12-31,2011-12-31,2011-12-31,2021-09-07,-863300000.0,8281700000.0,8795050000.0,2968600000.0,5313100000.0,1.206,16.141,-250900000.0,449700000.0,449700000.0,8091800000.0,-121100000.0,1.398,6.924,3660500000.0,243700000.0,3416800000.0,3660500000.0,0.0,549900000.0,0.0,0.072,3.12,4400000.0,554300000.0,0.052,554300000.0,4400000.0,-238900000.0,-1.89,-1.89,-1.89,1042700000.0,1718125000.0,1042700000.0,6281054000.0,1428.0,11.332,695400000.0,10.765,1.0,2519200000.0,0.237,2812400000.0,243300000.0,6556100000.0,6772600000.0,510900000.0,0.0,0.0,0.0,7219500000.0,2124000000.0,5095500000.0,2709954000.0,-69400000.0,-142400000.0,-500000000.0,50600000.0,-205200000.0,-651000000.0,-375400000.0,27200000.0,946300000.0,10700000.0,-122600000.0,-122600000.0,-122600000.0,0.0,1500000.0,-0.012,2454000000.0,65200000.0,1063300000.0,-1.651,2.599,-22.104,-22.905,1854600000.0,0.0,43.29,0.255,0.264,1844200000.0,342400000.0,10611000000.0,10611000000.0,0.0,-0.014,-0.071,0.001,0.0,28300000.0,1236300000.0,1.0,62600000.0,64600000.0,64600000.0,164.257,5469300000.0,273800000.0,-116300000.0,0.0,84.664,844600000.0
39,RRD,MRT,2011-09-30,2011-09-30,2011-09-30,2021-09-07,-474100000.0,8905900000.0,8995425000.0,3182900000.0,5723000000.0,1.178,28.777,-278300000.0,368100000.0,368100000.0,8077000000.0,231600000.0,1.34,3.925,3939200000.0,519000000.0,3420200000.0,3939200000.0,0.0,555500000.0,0.0,0.074,3.12,407900000.0,963400000.0,0.091,963400000.0,407900000.0,169300000.0,3.57,3.54,3.57,1804300000.0,2013525000.0,1804300000.0,6366036000.0,16.0,6.608,464900000.0,7.415,1.0,2520300000.0,0.238,3325500000.0,238600000.0,6776100000.0,6838300000.0,571800000.0,0.0,0.0,0.0,7082000000.0,2375400000.0,4706600000.0,2651736000.0,-363500000.0,-555400000.0,-491500000.0,410800000.0,-210200000.0,-294100000.0,-826700000.0,6700000.0,743200000.0,14100000.0,231100000.0,231100000.0,231100000.0,0.0,500000.0,0.022,2052300000.0,468000000.0,1024000000.0,0.874,1.47,11.474,11.866,1930100000.0,0.0,42.36,0.25,0.251,2041100000.0,717900000.0,10597300000.0,10597300000.0,0.0,0.026,0.115,0.06,0.038,28700000.0,1253100000.0,1.0,62600000.0,62700000.0,63600000.0,169.016,5580400000.0,49800000.0,-61800000.0,181800000.0,89.002,807500000.0
40,RRD,MRT,2011-06-30,2011-06-30,2011-06-30,2021-09-07,-375700000.0,9026200000.0,8975150000.0,3167700000.0,5858500000.0,1.159,27.261,-263100000.0,363000000.0,363000000.0,7919400000.0,125700000.0,1.325,4.039,4077300000.0,649600000.0,3427700000.0,4077300000.0,0.0,546700000.0,0.0,0.053,3.12,401700000.0,948400000.0,0.091,948400000.0,401700000.0,168400000.0,1.83,1.8,1.83,1787400000.0,2112900000.0,1787400000.0,7187975000.0,18.0,7.579,388400000.0,5.924,1.0,2482700000.0,0.239,3346800000.0,233300000.0,7003600000.0,6833150000.0,580000000.0,0.0,0.0,0.0,7219500000.0,2390100000.0,4829400000.0,4069075000.0,-252800000.0,-517000000.0,-490300000.0,550400000.0,-215000000.0,-157100000.0,-780900000.0,-1100000.0,651500000.0,33700000.0,126400000.0,126400000.0,126400000.0,0.0,-700000.0,0.012,2022800000.0,459900000.0,924700000.0,1.705,2.277,32.192,32.148,2031500000.0,0.0,58.83,0.391,0.371,2011000000.0,608700000.0,10402100000.0,10402100000.0,0.0,0.014,0.06,0.059,0.039,29000000.0,1217900000.0,1.0,69166667.0,65567000.0,66500000.0,158.648,5679400000.0,68000000.0,42000000.0,190700000.0,86.62,777600000.0
41,RRD,MRT,2011-03-31,2011-03-31,2011-03-31,2021-09-07,-457400000.0,8966400000.0,8870050000.0,3112300000.0,5854100000.0,1.149,32.405,-236600000.0,399300000.0,399300000.0,7757400000.0,202700000.0,1.539,2.997,3518200000.0,281800000.0,3236400000.0,3518200000.0,0.0,540800000.0,0.0,0.055,3.12,518300000.0,1059100000.0,0.104,1059100000.0,518300000.0,293500000.0,2.94,2.88,2.94,2238100000.0,2194950000.0,2238100000.0,6918436097.0,13.0,6.532,433100000.0,6.271,1.0,2429900000.0,0.239,3308200000.0,224800000.0,6754600000.0,6767225000.0,581300000.0,0.0,0.0,0.0,6708700000.0,2022500000.0,4686200000.0,3907536097.0,-52000000.0,-459400000.0,8900000.0,144600000.0,-214700000.0,-62800000.0,-675500000.0,20100000.0,669700000.0,16600000.0,203000000.0,203000000.0,203000000.0,0.0,-300000.0,0.02,1910800000.0,519100000.0,930600000.0,1.061,1.746,19.249,19.306,2080900000.0,0.0,56.76,0.384,0.385,1961100000.0,650400000.0,10187300000.0,10187300000.0,0.0,0.023,0.092,0.077,0.051,26900000.0,1176800000.0,1.0,68843131.0,69067000.0,69933000.0,147.499,5658200000.0,33000000.0,90500000.0,171000000.0,81.923,1089800000.0
42,RRD,MRT,2010-12-31,2010-12-31,2010-12-31,2021-09-07,-490400000.0,9083200000.0,8771075000.0,3167300000.0,5915900000.0,1.142,32.33,-229400000.0,519100000.0,519100000.0,7642900000.0,217100000.0,1.605,3.074,3530000000.0,131400000.0,3398600000.0,3530000000.0,0.0,539200000.0,0.0,0.06,3.12,550200000.0,1089400000.0,0.109,1089400000.0,550200000.0,327600000.0,3.21,3.18,3.21,2224300000.0,2169375000.0,2224300000.0,6237461000.0,11.0,5.726,523100000.0,7.603,1.0,2376000000.0,0.237,3301800000.0,222600000.0,6818900000.0,6682775000.0,560600000.0,0.0,0.0,0.0,6837800000.0,1973400000.0,4864400000.0,3604061000.0,19900000.0,-439800000.0,9200000.0,148800000.0,-214400000.0,-58000000.0,-674500000.0,-5600000.0,752500000.0,-100000.0,221700000.0,221700000.0,221700000.0,0.0,-4600000.0,0.022,1820500000.0,555500000.0,939800000.0,0.972,1.62,16.256,16.327,2138700000.0,0.0,52.41,0.36,0.36,1922900000.0,670200000.0,10018900000.0,10018900000.0,0.0,0.025,0.102,0.082,0.055,28600000.0,1123400000.0,1.0,68766667.0,68800000.0,69900000.0,145.624,5781400000.0,49300000.0,105900000.0,174500000.0,84.032,1193900000.0
43,RRD,MRT,2010-09-30,2010-09-30,2010-09-30,2021-09-07,-532000000.0,8824800000.0,8687175000.0,3347800000.0,5477000000.0,1.139,32.018,-207000000.0,782000000.0,782000000.0,7542400000.0,112400000.0,1.934,2.998,3415400000.0,8000000.0,3407400000.0,3415400000.0,0.0,546000000.0,0.0,0.061,3.12,490300000.0,1036300000.0,0.105,1036300000.0,490300000.0,268300000.0,1.71,1.62,1.71,2201800000.0,2146800000.0,2201800000.0,6243048000.0,13.0,6.024,601400000.0,8.745,1.0,2352500000.0,0.238,2971300000.0,222000000.0,6755500000.0,6590650000.0,565900000.0,0.0,0.0,0.0,6601100000.0,1731400000.0,4869700000.0,3498848000.0,316700000.0,2200000.0,9300000.0,-26600000.0,-214200000.0,-233300000.0,-256200000.0,-8000000.0,808400000.0,-2200000.0,115200000.0,115200000.0,115200000.0,0.0,-2800000.0,0.012,1854200000.0,498300000.0,894700000.0,1.825,1.589,30.372,29.754,2071900000.0,0.0,50.88,0.354,0.354,1805000000.0,696900000.0,9894900000.0,9894900000.0,0.0,0.013,0.054,0.074,0.05,27100000.0,1084700000.0,1.0,68766667.0,68767000.0,69967000.0,143.89,5853500000.0,36200000.0,153100000.0,165200000.0,85.121,1616400000.0
44,RRD,MRT,2010-06-30,2010-06-30,2010-06-30,2021-09-07,-611800000.0,8605800000.0,8711175000.0,3085800000.0,5520000000.0,1.133,30.765,-197400000.0,661700000.0,661700000.0,7485100000.0,74200000.0,1.91,3.057,3405900000.0,9900000.0,3396000000.0,3405900000.0,0.0,560700000.0,0.0,0.064,3.12,418700000.0,979400000.0,0.099,979400000.0,418700000.0,194700000.0,1.11,1.05,1.11,2115600000.0,2171900000.0,2115600000.0,6205631000.0,15.0,6.336,646800000.0,9.406,1.0,2384800000.0,0.242,2994500000.0,224000000.0,6739900000.0,6539375000.0,535000000.0,0.0,0.0,0.0,6468100000.0,1615600000.0,4852500000.0,3377131000.0,144900000.0,1800000.0,8100000.0,-239200000.0,-214000000.0,-447500000.0,-250500000.0,-11500000.0,844200000.0,-1300000.0,75000000.0,75000000.0,75000000.0,0.0,-800000.0,0.008,1941800000.0,443000000.0,821300000.0,2.811,1.596,45.028,44.243,2110800000.0,0.0,49.11,0.342,0.342,1686100000.0,697200000.0,9869900000.0,9869900000.0,0.0,0.009,0.035,0.064,0.042,26200000.0,1074600000.0,1.0,68766667.0,68767000.0,69967000.0,143.527,5611300000.0,36400000.0,119700000.0,169700000.0,81.599,1470200000.0
45,RRD,MRT,2010-03-31,2010-03-31,2010-03-31,2021-09-07,-548700000.0,8570500000.0,8791925000.0,2907800000.0,5662700000.0,1.117,31.165,-180000000.0,490200000.0,490200000.0,7421800000.0,10900000.0,1.501,3.002,3318700000.0,336100000.0,2982600000.0,3318700000.0,0.0,569600000.0,0.0,0.049,3.12,377900000.0,947500000.0,0.097,947500000.0,377900000.0,146700000.0,0.18,0.15,0.18,2135800000.0,2217050000.0,2135800000.0,7210074875.0,19.0,7.61,782700000.0,11.421,1.0,2395100000.0,0.244,3044700000.0,231200000.0,6416800000.0,6551200000.0,526100000.0,0.0,0.0,0.0,6412400000.0,1937500000.0,4474900000.0,4386874875.0,-576300000.0,-3000000.0,8100000.0,-1120900000.0,-213900000.0,-1328900000.0,-252000000.0,-25500000.0,962700000.0,41900000.0,11400000.0,11400000.0,11400000.0,0.0,-500000.0,0.001,1992400000.0,402700000.0,850300000.0,17.333,2.054,384.814,355.833,2193200000.0,0.0,64.05,0.447,0.447,1659300000.0,662000000.0,9816900000.0,9816900000.0,0.0,0.001,0.005,0.058,0.038,25800000.0,1078800000.0,1.0,68491411.0,68533000.0,69667000.0,143.243,5525800000.0,48000000.0,135300000.0,201000000.0,80.63,970300000.0
46,RRD,MRT,2009-12-31,2009-12-31,2009-12-31,2021-09-07,-545000000.0,8747600000.0,9048125000.0,2960900000.0,5786700000.0,1.089,31.199,-195000000.0,499200000.0,499200000.0,7462900000.0,-21400000.0,1.452,3.087,3322400000.0,339900000.0,2982500000.0,3322400000.0,0.0,579000000.0,0.0,0.047,3.12,321800000.0,900800000.0,0.091,900800000.0,321800000.0,87200000.0,-0.39,-0.39,-0.39,2134000000.0,2237500000.0,2134000000.0,7571431000.0,24.0,8.405,1230800000.0,17.994,1.0,2394500000.0,0.243,3080700000.0,234600000.0,6450400000.0,6808300000.0,561800000.0,0.0,0.0,0.0,6586600000.0,2039700000.0,4546900000.0,4572031000.0,175200000.0,-26600000.0,1500000.0,-813500000.0,-213600000.0,-1028000000.0,-260900000.0,-1800000.0,1425800000.0,38300000.0,-27300000.0,-27300000.0,-27300000.0,0.0,5900000.0,-0.003,2050200000.0,344300000.0,886400000.0,-8.0,2.142,-167.474,-171.308,2271400000.0,0.0,66.81,0.464,0.464,1675900000.0,662900000.0,9857400000.0,9857400000.0,0.0,-0.003,-0.012,0.047,0.033,24000000.0,1088500000.0,1.0,68433333.0,68400000.0,68400000.0,144.114,5666900000.0,63200000.0,114500000.0,205500000.0,82.849,921200000.0
47,RRD,MRT,2009-09-30,2009-09-30,2009-09-30,2021-09-07,-506800000.0,8920800000.0,9234800000.0,2966400000.0,5954400000.0,1.091,33.642,-217100000.0,414900000.0,414900000.0,7604800000.0,-627000000.0,1.387,2.864,3414300000.0,431900000.0,2982400000.0,3414300000.0,0.0,590800000.0,0.0,0.049,3.12,-609000000.0,-18200000.0,-0.002,-18200000.0,-609000000.0,-843100000.0,-8.97,-8.97,-8.97,2302200000.0,2283625000.0,2302200000.0,7514478000.0,-12.0,-412.883,1207700000.0,17.648,1.0,2465800000.0,0.245,3230900000.0,234100000.0,6550400000.0,7082050000.0,563100000.0,0.0,0.0,0.0,6592400000.0,2138900000.0,4453500000.0,4364678000.0,-20800000.0,-27200000.0,-33700000.0,-986900000.0,-213500000.0,-1213800000.0,-231400000.0,6700000.0,1424800000.0,-400000.0,-634700000.0,-634700000.0,-634700000.0,-100000.0,7700000.0,-0.063,3042900000.0,-577100000.0,863400000.0,-0.348,1.896,-6.877,-7.11,2332700000.0,0.0,63.78,0.433,0.433,1772400000.0,795900000.0,10070600000.0,10070600000.0,0.0,-0.069,-0.278,-0.086,-0.06,21000000.0,1079800000.0,1.0,68433333.0,68433000.0,69500000.0,147.16,5689900000.0,111300000.0,-208400000.0,242800000.0,83.146,827500000.0
48,RRD,MRT,2009-06-30,2009-06-30,2009-06-30,2021-09-07,-547800000.0,8928800000.0,9988875000.0,2890400000.0,6038400000.0,1.048,33.57,-257600000.0,471100000.0,471100000.0,7853700000.0,-472200000.0,1.412,2.877,3620900000.0,517400000.0,3103500000.0,3620900000.0,0.0,610500000.0,0.0,0.09,3.12,-383200000.0,227300000.0,0.022,227300000.0,-383200000.0,-613900000.0,-6.75,-6.75,-6.75,2296200000.0,2707675000.0,2296200000.0,5786624000.0,-15.0,25.458,1238400000.0,18.105,1.0,2618400000.0,0.25,3244800000.0,230700000.0,6787200000.0,7535600000.0,524900000.0,0.0,0.0,0.0,6607200000.0,2046600000.0,4560600000.0,2384424000.0,35600000.0,-26500000.0,-173600000.0,-790700000.0,-214700000.0,-1158400000.0,-266600000.0,11300000.0,1496000000.0,-35400000.0,-479600000.0,-479600000.0,-479600000.0,-100000.0,7400000.0,-0.046,2982500000.0,-364100000.0,768700000.0,-0.462,1.038,-4.972,-5.164,2398400000.0,0.0,34.86,0.228,0.228,1694700000.0,836200000.0,10472100000.0,10472100000.0,0.0,-0.048,-0.177,-0.051,-0.037,21900000.0,1108000000.0,1.0,68400000.0,68400000.0,69233000.0,153.101,5684000000.0,93700000.0,-134300000.0,256400000.0,83.099,843800000.0
49,RRD,MRT,2009-03-31,2009-03-31,2009-03-31,2021-09-07,-647200000.0,9595300000.0,10799400000.0,3498100000.0,6097200000.0,1.022,32.421,-305900000.0,1027800000.0,1027800000.0,8240900000.0,-349600000.0,1.514,3.316,4430000000.0,826700000.0,3603300000.0,4430000000.0,0.0,631000000.0,0.0,0.142,3.12,-237700000.0,393300000.0,0.036,393300000.0,-237700000.0,-466200000.0,-5.04,-5.04,-5.04,2217600000.0,3156875000.0,2217600000.0,5299075608.0,-22.0,13.473,1125100000.0,16.449,1.0,2799200000.0,0.254,3242200000.0,228500000.0,7445200000.0,7961975000.0,592200000.0,0.0,0.0,0.0,7352700000.0,2310100000.0,5042600000.0,1504175608.0,629900000.0,-24400000.0,-218800000.0,-63000000.0,-216400000.0,-478000000.0,-253400000.0,39000000.0,1431000000.0,-69700000.0,-358500000.0,-358500000.0,-358500000.0,-1300000.0,8900000.0,-0.032,3021900000.0,-222700000.0,718900000.0,-0.619,0.678,-4.196,-4.363,2462800000.0,0.0,21.99,0.136,0.136,1706300000.0,864600000.0,11040100000.0,11040100000.0,0.0,-0.033,-0.114,-0.03,-0.022,20800000.0,1158900000.0,1.0,68402711.0,68400000.0,68900000.0,161.405,6353100000.0,83200000.0,-107700000.0,255900000.0,92.882,1188000000.0
50,RRD,MRT,2008-12-31,2008-12-31,2008-12-31,2021-09-07,-580700000.0,9494300000.0,11462375000.0,3281000000.0,6213300000.0,1.01,33.09,-322900000.0,331900000.0,331900000.0,8576300000.0,-183600000.0,1.319,3.085,4126800000.0,923500000.0,3203300000.0,4126800000.0,0.0,640600000.0,0.0,0.077,3.12,-47400000.0,593200000.0,0.051,593200000.0,-47400000.0,-273800000.0,-2.7,-2.7,-2.7,2318500000.0,3614800000.0,2318500000.0,6732900000.0,-142.0,11.35,695100000.0,9.921,1.0,3005300000.0,0.259,3257000000.0,226400000.0,7545400000.0,8325800000.0,695700000.0,0.0,0.0,0.0,7152400000.0,2486800000.0,4665600000.0,2783900000.0,-55000000.0,-122100000.0,-276900000.0,-203200000.0,-219200000.0,-678900000.0,-351200000.0,53200000.0,1018000000.0,-42900000.0,-189900000.0,-189900000.0,-189900000.0,-1800000.0,6300000.0,-0.016,3045800000.0,-40500000.0,767600000.0,-1.156,1.201,-14.66,-15.089,2564000000.0,0.0,40.74,0.24,0.246,1903200000.0,903800000.0,11581600000.0,11581600000.0,0.0,-0.017,-0.053,-0.006,-0.004,21900000.0,1220500000.0,1.0,68333333.0,70067000.0,70067000.0,165.293,6237300000.0,245600000.0,-83900000.0,260900000.0,89.019,794200000.0
51,RRD,MRT,2008-09-30,2008-09-30,2008-09-30,2021-09-07,363400000.0,11937100000.0,12110475000.0,3547100000.0,8390000000.0,0.98,57.366,-399600000.0,440800000.0,440800000.0,8766200000.0,210600000.0,1.153,1.985,4389800000.0,1191700000.0,3198100000.0,4389800000.0,0.0,641100000.0,0.0,0.042,3.12,674600000.0,1315700000.0,0.111,1315700000.0,674600000.0,444200000.0,3.0,3.03,3.0,3998400000.0,4012000000.0,3998400000.0,9117000000.0,14.0,6.929,690900000.0,9.912,1.0,3107300000.0,0.262,4445500000.0,230400000.0,8364600000.0,8593800000.0,791400000.0,0.0,0.0,0.0,7938700000.0,3076000000.0,4862700000.0,5151300000.0,92700000.0,-244800000.0,-298900000.0,90300000.0,-221600000.0,-437200000.0,-559500000.0,44200000.0,1090500000.0,-1100000.0,203700000.0,203700000.0,203700000.0,-1300000.0,6900000.0,0.017,2438200000.0,669100000.0,889800000.0,1.04,1.288,25.289,24.53,2671900000.0,0.0,73.59,0.434,0.432,2115700000.0,1643900000.0,11873500000.0,11873500000.0,0.0,0.017,0.051,0.078,0.057,26100000.0,1273400000.0,1.0,70000000.0,69700000.0,69900000.0,170.352,7491600000.0,115500000.0,240500000.0,847600000.0,107.484,471100000.0
52,RRD,MRT,2008-06-30,2008-06-30,2008-06-30,2021-09-07,423100000.0,12170900000.0,12226925000.0,3561900000.0,8609000000.0,0.975,57.838,-402600000.0,443700000.0,443700000.0,8798300000.0,216200000.0,1.159,1.974,4409400000.0,1211100000.0,3198300000.0,4409400000.0,0.0,629200000.0,0.0,0.035,3.12,663900000.0,1293100000.0,0.108,1293100000.0,663900000.0,430600000.0,3.0,3.03,3.0,4093000000.0,4049850000.0,4093000000.0,10389087000.0,16.0,8.034,715200000.0,10.106,1.0,3120600000.0,0.262,4570700000.0,233300000.0,8492700000.0,8612100000.0,748500000.0,0.0,0.0,0.0,8077900000.0,3073200000.0,5004700000.0,6303187000.0,134200000.0,-238100000.0,-378000000.0,137300000.0,-223700000.0,-471100000.0,-544400000.0,45100000.0,1117800000.0,31900000.0,210500000.0,210500000.0,210500000.0,-1300000.0,5700000.0,0.018,2463500000.0,657100000.0,875500000.0,1.04,1.54,29.944,29.69,2758500000.0,0.0,89.07,0.529,0.529,2165400000.0,1530400000.0,11918900000.0,11918900000.0,0.0,0.017,0.052,0.077,0.056,26100000.0,1314100000.0,1.0,70766667.0,70767000.0,70967000.0,168.425,7600200000.0,119800000.0,220100000.0,900300000.0,107.398,488700000.0
53,RRD,MRT,2008-03-31,2008-03-31,2008-03-31,2021-09-07,413100000.0,12247200000.0,12250350000.0,3589400000.0,8657800000.0,0.963,56.634,-444500000.0,405000000.0,405000000.0,8694600000.0,-2000000.0,1.272,2.025,4490900000.0,893100000.0,3597800000.0,4490900000.0,0.0,613700000.0,0.0,0.034,3.12,329700000.0,943400000.0,0.08,943400000.0,329700000.0,98800000.0,-0.03,0.0,-0.03,4049300000.0,4074750000.0,4049300000.0,10396412086.0,32.0,11.02,640800000.0,8.962,1.0,3097000000.0,0.263,4609900000.0,230900000.0,8900500000.0,8613525000.0,733900000.0,0.0,0.0,0.0,8197900000.0,2822700000.0,5375200000.0,6512412086.0,98100000.0,-627300000.0,-286600000.0,518700000.0,-226000000.0,500000.0,-1026000000.0,21900000.0,1085300000.0,38300000.0,-5200000.0,-5200000.0,-5200000.0,-100000.0,3200000.0,0.0,2770700000.0,326300000.0,950600000.0,-104.0,1.608,-1252.387,-3031.0,2788300000.0,0.0,90.93,0.552,0.551,2255300000.0,1439300000.0,11791600000.0,11791600000.0,0.0,0.0,-0.001,0.038,0.028,26500000.0,1322500000.0,1.0,71620060.0,71500000.0,71667000.0,164.917,7637300000.0,111400000.0,104000000.0,898400000.0,106.815,766700000.0
54,RRD,MRT,2007-12-31,2007-12-31,2007-12-31,2021-09-07,341300000.0,12086700000.0,12187525000.0,3521300000.0,8565400000.0,0.951,53.77,-482000000.0,442900000.0,442900000.0,8532400000.0,-45600000.0,1.273,2.093,4326900000.0,725000000.0,3601900000.0,4326900000.0,0.0,598300000.0,0.0,0.028,3.12,314900000.0,913200000.0,0.079,913200000.0,314900000.0,87600000.0,-0.66,-0.66,-0.66,3907300000.0,4131450000.0,3907300000.0,11992204000.0,38.0,13.132,699000000.0,9.619,1.0,3054700000.0,0.264,4588100000.0,227300000.0,8617400000.0,8470475000.0,709500000.0,0.0,0.0,0.0,8179400000.0,2765200000.0,5414200000.0,8099004000.0,167600000.0,-2052400000.0,-204400000.0,1907400000.0,-226800000.0,1471300000.0,-2510900000.0,8300000.0,1181000000.0,26200000.0,-48900000.0,-48900000.0,-48900000.0,500000.0,3300000.0,-0.004,2739600000.0,315100000.0,954900000.0,-4.727,2.073,-165.624,-171.545,2726000000.0,0.0,113.22,0.699,0.71,2180700000.0,1312900000.0,11587100000.0,11587100000.0,0.0,-0.004,-0.012,0.037,0.027,27900000.0,1302300000.0,1.0,71533333.0,72667000.0,72667000.0,159.455,7498600000.0,102700000.0,136500000.0,872300000.0,103.191,756100000.0
55,RRD,MRT,2007-09-30,2007-09-30,2007-09-30,2021-09-07,202500000.0,12402900000.0,11574800000.0,3494000000.0,8908900000.0,0.947,57.16,-437200000.0,402600000.0,402600000.0,8050900000.0,243200000.0,1.253,1.989,4295800000.0,693300000.0,3602500000.0,4295800000.0,0.0,562000000.0,0.0,0.028,3.12,543800000.0,1105800000.0,0.101,1105800000.0,543800000.0,342600000.0,3.33,3.3,3.33,4149800000.0,4185800000.0,4149800000.0,11878480000.0,22.0,10.742,682400000.0,9.399,1.0,2915300000.0,0.266,5070800000.0,201200000.0,8437800000.0,7863150000.0,710200000.0,0.0,0.0,0.0,8253100000.0,2787500000.0,5465600000.0,7970080000.0,92300000.0,-1929100000.0,-129800000.0,1646600000.0,-227700000.0,1289100000.0,-2336300000.0,15000000.0,1119600000.0,19900000.0,243200000.0,243200000.0,243200000.0,200000.0,0.0,0.022,2360600000.0,554700000.0,968400000.0,0.937,1.921,32.772,32.937,2646900000.0,0.0,109.68,0.727,0.726,2160600000.0,1662000000.0,10966200000.0,10966200000.0,0.0,0.021,0.058,0.069,0.05,29200000.0,1268500000.0,1.0,72666667.0,72600000.0,72833000.0,151.05,7332100000.0,126100000.0,99400000.0,779300000.0,100.993,706500000.0
56,RRD,MRT,2007-06-30,2007-06-30,2007-06-30,2021-09-07,168300000.0,12264600000.0,10915175000.0,3273400000.0,8991200000.0,0.95,56.939,-433400000.0,356000000.0,356000000.0,7585300000.0,232900000.0,1.273,1.925,4264400000.0,662200000.0,3602200000.0,4264400000.0,0.0,525200000.0,0.0,0.024,3.12,511700000.0,1036900000.0,0.1,1036900000.0,511700000.0,334400000.0,3.21,3.15,3.21,4192600000.0,4160050000.0,4192600000.0,13192451000.0,26.0,12.723,663200000.0,9.007,1.0,2779600000.0,0.268,5103800000.0,177300000.0,8498400000.0,7295075000.0,633400000.0,0.0,0.0,0.0,8072000000.0,2570800000.0,5501200000.0,9576551000.0,162600000.0,-1945300000.0,97000000.0,1541100000.0,-227100000.0,1411000000.0,-2359600000.0,14700000.0,1096600000.0,14600000.0,232900000.0,232900000.0,232900000.0,600000.0,0.0,0.022,2258500000.0,521100000.0,868800000.0,0.972,2.284,41.119,40.664,2692000000.0,0.0,130.53,0.924,0.927,2067500000.0,1544000000.0,10364900000.0,10364900000.0,0.0,0.021,0.056,0.07,0.049,32400000.0,1216500000.0,1.0,73366667.0,73633000.0,73633000.0,140.764,7160800000.0,124500000.0,101500000.0,816500000.0,97.25,702600000.0
57,RRD,MRT,2007-03-31,2007-03-31,2007-03-31,2021-09-07,140700000.0,11995900000.0,10249175000.0,3185200000.0,8810700000.0,0.96,58.711,-392800000.0,334400000.0,334400000.0,7193500000.0,427500000.0,1.427,1.805,3950300000.0,348500000.0,3601800000.0,3950300000.0,0.0,490700000.0,0.0,0.028,3.12,786400000.0,1277100000.0,0.13,1277100000.0,786400000.0,628900000.0,5.88,5.82,5.88,4276100000.0,4084200000.0,4276100000.0,10161928740.0,13.0,7.957,623100000.0,8.555,1.0,2648800000.0,0.269,5051300000.0,157500000.0,8328300000.0,6722175000.0,626000000.0,0.0,0.0,0.0,7719800000.0,2232200000.0,5487600000.0,7991228740.0,-21100000.0,-1790700000.0,55500000.0,1297300000.0,-225600000.0,1127200000.0,-2173200000.0,10300000.0,1015900000.0,9000000.0,427500000.0,427500000.0,427500000.0,-200000.0,0.0,0.043,1851600000.0,797200000.0,918700000.0,0.531,1.869,18.693,18.668,2556800000.0,0.0,109.77,0.812,0.812,2010900000.0,1669000000.0,9842300000.0,9842300000.0,0.0,0.042,0.105,0.117,0.08,34600000.0,1160000000.0,1.0,72799752.0,72833000.0,73500000.0,135.135,6944600000.0,124400000.0,201400000.0,860000000.0,95.35,953000000.0
58,RRD,MRT,2006-12-31,2006-12-31,2006-12-31,2021-09-07,62100000.0,9635800000.0,9595800000.0,2517000000.0,7118800000.0,0.971,57.182,-374300000.0,211400000.0,211400000.0,6798900000.0,400600000.0,1.562,1.336,2382100000.0,23500000.0,2358600000.0,2382100000.0,0.0,463300000.0,0.0,0.029,3.12,735600000.0,1198900000.0,0.129,1198900000.0,735600000.0,596600000.0,5.55,5.49,5.55,4124700000.0,3960400000.0,4124700000.0,10067772000.0,14.0,8.398,529200000.0,7.336,1.0,2517700000.0,0.27,4006600000.0,139000000.0,6188100000.0,6157925000.0,501800000.0,0.0,0.0,0.0,5511100000.0,1611800000.0,3899300000.0,7705072000.0,-155300000.0,-244300000.0,35500000.0,-268300000.0,-225000000.0,-457800000.0,-608400000.0,10200000.0,903500000.0,7400000.0,400600000.0,400600000.0,400600000.0,2000000.0,0.0,0.043,1767000000.0,750700000.0,749100000.0,0.562,1.868,19.234,19.211,2142300000.0,0.0,106.62,0.827,0.825,1638600000.0,1615000000.0,9316600000.0,9316600000.0,0.0,0.042,0.101,0.119,0.079,34600000.0,1097600000.0,1.0,72266667.0,72133000.0,72967000.0,129.159,5629200000.0,94800000.0,196000000.0,604100000.0,78.039,905200000.0
59,RRD,MRT,2006-09-30,2006-09-30,2006-09-30,2021-09-07,-39900000.0,9764400000.0,9530275000.0,2683600000.0,7080800000.0,0.969,56.102,-425700000.0,250700000.0,250700000.0,6727500000.0,239200000.0,1.466,1.413,2613400000.0,255400000.0,2358000000.0,2613400000.0,0.0,458600000.0,0.0,0.032,3.12,609500000.0,1068100000.0,0.116,1068100000.0,609500000.0,470000000.0,3.27,3.24,3.27,4046800000.0,3860275000.0,4046800000.0,9678848000.0,16.0,9.062,445500000.0,6.176,1.0,2509700000.0,0.272,4130800000.0,139500000.0,6165500000.0,6106500000.0,552600000.0,0.0,0.0,0.0,5717600000.0,1830800000.0,3886800000.0,7129248000.0,-53600000.0,-327500000.0,17500000.0,-35200000.0,-224300000.0,-242000000.0,-687600000.0,45600000.0,871200000.0,4800000.0,239200000.0,239200000.0,239200000.0,-71700000.0,0.0,0.026,1973700000.0,536000000.0,721400000.0,0.954,1.762,29.805,30.239,2126300000.0,0.0,98.88,0.772,0.772,1654900000.0,1672700000.0,9237200000.0,9237200000.0,0.0,0.025,0.062,0.1,0.066,36300000.0,1099600000.0,1.0,72100000.0,72133000.0,72933000.0,128.058,5633600000.0,144800000.0,230800000.0,584900000.0,78.1,852800000.0
60,RRD,MRT,2006-06-30,2006-06-30,2006-06-30,2021-09-07,-71100000.0,9600600000.0,9521225000.0,2492100000.0,7108500000.0,0.957,53.793,-424500000.0,138500000.0,138500000.0,6633600000.0,176600000.0,1.383,1.469,2688100000.0,330200000.0,2357900000.0,2688100000.0,0.0,455700000.0,0.0,0.033,3.12,551500000.0,1007200000.0,0.111,1007200000.0,551500000.0,415200000.0,2.4,2.4,2.4,3889200000.0,3836375000.0,3889200000.0,9204995000.0,17.0,9.139,345200000.0,4.775,1.0,2478600000.0,0.272,4140800000.0,136300000.0,6206800000.0,6130350000.0,522600000.0,0.0,0.0,0.0,5711400000.0,1802600000.0,3908800000.0,6904395000.0,-313100000.0,-493300000.0,61100000.0,-57300000.0,-224100000.0,-220300000.0,-871800000.0,26100000.0,769700000.0,9300000.0,176600000.0,176600000.0,176600000.0,-46900000.0,0.0,0.019,1967300000.0,511300000.0,661600000.0,1.3,1.775,39.096,39.938,2138900000.0,0.0,95.85,0.758,0.761,1570900000.0,1564100000.0,9112200000.0,9112200000.0,0.0,0.019,0.046,0.09,0.061,38000000.0,1097300000.0,1.0,72033333.0,72300000.0,72967000.0,126.033,5459800000.0,168700000.0,238600000.0,586700000.0,75.516,689500000.0
61,RRD,MRT,2006-03-31,2006-03-31,2006-03-31,2021-09-07,-95400000.0,9382400000.0,9498575000.0,2587000000.0,6795400000.0,0.923,52.391,-468100000.0,320700000.0,320700000.0,6384800000.0,142100000.0,1.466,1.482,2621300000.0,269800000.0,2351500000.0,2621300000.0,0.0,441100000.0,0.0,0.032,3.12,500000000.0,941100000.0,0.107,941100000.0,500000000.0,375600000.0,1.95,1.95,1.95,3780900000.0,3820600000.0,3780900000.0,9334090775.0,19.0,9.918,434500000.0,6.021,1.0,2385800000.0,0.272,3846600000.0,124400000.0,6071300000.0,6112750000.0,506500000.0,0.0,0.0,0.0,5601500000.0,1765100000.0,3836400000.0,7066290775.0,-51100000.0,-1194300000.0,66400000.0,801900000.0,-223500000.0,644800000.0,-1607800000.0,35200000.0,902600000.0,9300000.0,142100000.0,142100000.0,142100000.0,-41500000.0,0.0,0.016,1920500000.0,465300000.0,665700000.0,1.6,1.869,49.728,50.338,2138800000.0,0.0,98.16,0.806,0.808,1505400000.0,1495100000.0,8770600000.0,8770600000.0,0.0,0.015,0.037,0.082,0.057,41300000.0,1055300000.0,1.0,71987477.0,72167000.0,72600000.0,121.532,5535800000.0,167000000.0,233500000.0,589300000.0,76.708,821900000.0
62,RRD,MRT,2005-12-31,2005-12-31,2005-12-31,2021-09-07,-90200000.0,9373700000.0,9224175000.0,2621700000.0,6752000000.0,0.914,51.965,-471000000.0,366700000.0,366700000.0,6090300000.0,137100000.0,1.445,1.517,2634500000.0,269100000.0,2365400000.0,2634500000.0,0.0,425000000.0,0.0,0.03,3.12,485200000.0,910200000.0,0.108,910200000.0,485200000.0,374500000.0,1.92,1.89,1.92,3724200000.0,3806600000.0,3724200000.0,9693455000.0,20.0,10.65,476500000.0,6.649,1.0,2339900000.0,0.278,3845000000.0,110700000.0,5982400000.0,5848725000.0,481400000.0,0.0,0.0,0.0,5649500000.0,1814100000.0,3835400000.0,7372255000.0,-275100000.0,-1194300000.0,-203900000.0,805800000.0,-223400000.0,378500000.0,-1602500000.0,43400000.0,947500000.0,1400000.0,137100000.0,137100000.0,137100000.0,-41500000.0,0.0,0.016,1889500000.0,450400000.0,718100000.0,1.625,1.98,53.773,53.453,2138600000.0,0.0,102.63,0.875,0.872,1529100000.0,1439400000.0,8430200000.0,8430200000.0,0.0,0.015,0.036,0.083,0.058,42600000.0,1044700000.0,1.0,71833333.0,71667000.0,72233000.0,117.63,5528700000.0,177000000.0,237400000.0,596800000.0,77.144,807600000.0
63,RRD,MRT,2005-09-30,2005-09-30,2005-09-30,2021-09-07,-72100000.0,9728200000.0,9019175000.0,2611000000.0,7117200000.0,0.904,55.107,-423700000.0,304300000.0,304300000.0,5863200000.0,436400000.0,1.625,1.462,2625500000.0,35100000.0,2590400000.0,2625500000.0,0.0,412900000.0,0.0,0.028,3.12,753400000.0,1166300000.0,0.143,1166300000.0,753400000.0,653800000.0,6.18,6.15,6.18,3951200000.0,3872200000.0,3951200000.0,10216229000.0,14.0,8.76,510700000.0,7.123,1.0,2290900000.0,0.281,4181300000.0,99600000.0,6260900000.0,5621000000.0,544300000.0,0.0,0.0,0.0,5777000000.0,1607200000.0,4169800000.0,7958929000.0,-112500000.0,-1111100000.0,-163800000.0,809900000.0,-224800000.0,421300000.0,-1483200000.0,-2200000.0,934400000.0,15000000.0,436400000.0,436400000.0,436400000.0,44200000.0,0.0,0.054,1461900000.0,829000000.0,672400000.0,0.505,2.014,18.238,17.995,2089600000.0,0.0,111.21,0.976,0.978,1515000000.0,1659100000.0,8154100000.0,8154100000.0,0.0,0.048,0.113,0.134,0.092,38900000.0,991400000.0,1.0,71566667.0,71700000.0,72333000.0,113.725,5546900000.0,180500000.0,217400000.0,681000000.0,77.363,1003800000.0
64,RRD,MRT,2005-06-30,2005-06-30,2005-06-30,2021-09-07,-82800000.0,9510000000.0,8716675000.0,2524900000.0,6985100000.0,0.904,53.762,-397900000.0,451600000.0,451600000.0,5659200000.0,447100000.0,1.668,1.486,2708900000.0,133600000.0,2575300000.0,2708900000.0,0.0,400500000.0,0.0,0.03,3.12,735400000.0,1135900000.0,0.144,1135900000.0,735400000.0,645300000.0,6.3,6.27,6.3,3826100000.0,3826775000.0,3826100000.0,8762583000.0,12.0,7.714,515900000.0,7.249,1.0,2224200000.0,0.282,4117000000.0,90100000.0,6136400000.0,5300775000.0,483100000.0,0.0,0.0,0.0,5683900000.0,1513900000.0,4170000000.0,7360983000.0,175800000.0,-936500000.0,-200100000.0,906900000.0,-225800000.0,480900000.0,-1232800000.0,46300000.0,913800000.0,13900000.0,447100000.0,447100000.0,447100000.0,22900000.0,0.0,0.057,1441100000.0,783100000.0,577300000.0,0.495,1.924,16.464,16.433,1986600000.0,0.0,103.53,0.934,0.935,1310300000.0,1620400000.0,7883400000.0,7883400000.0,0.0,0.051,0.117,0.139,0.093,38300000.0,971100000.0,1.0,71100000.0,71167000.0,71700000.0,110.773,5393000000.0,212400000.0,198200000.0,699200000.0,75.78,1011000000.0
65,RRD,MRT,2005-03-31,2005-03-31,2005-03-31,2021-09-07,-69600000.0,8284800000.0,8407850000.0,2364600000.0,5920200000.0,0.927,51.903,-332300000.0,371800000.0,371800000.0,5611500000.0,343900000.0,1.529,1.224,1773400000.0,195900000.0,1577500000.0,1773400000.0,0.0,405000000.0,0.0,0.033,3.12,607000000.0,1012000000.0,0.13,1012000000.0,607000000.0,516900000.0,4.86,4.83,4.86,3724900000.0,3804000000.0,3724900000.0,7954730374.0,13.0,7.86,500400000.0,6.973,1.0,2182700000.0,0.28,3124500000.0,90100000.0,5015200000.0,5038825000.0,459900000.0,0.0,0.0,0.0,4559900000.0,1546700000.0,3013200000.0,6810830374.0,197100000.0,-2300000.0,-171100000.0,-17700000.0,-227000000.0,-416000000.0,-229000000.0,50300000.0,832700000.0,9400000.0,343900000.0,343900000.0,343900000.0,71500000.0,0.0,0.044,1477800000.0,704900000.0,504300000.0,0.642,1.828,19.805,19.519,1902700000.0,0.0,94.86,0.874,0.873,1226600000.0,1531900000.0,7794200000.0,7794200000.0,0.0,0.041,0.09,0.12,0.078,26100000.0,987400000.0,1.0,71798760.0,71767000.0,72333000.0,108.604,5160300000.0,223100000.0,173000000.0,576500000.0,71.904,817900000.0
66,RRD,MRT,2004-12-31,2004-12-31,2004-12-31,2021-09-07,-72200000.0,8553700000.0,8392767000.0,2600600000.0,5953100000.0,0.853,59.119,-265200000.0,641800000.0,641800000.0,5269600000.0,178300000.0,1.749,1.146,1785700000.0,204500000.0,1581200000.0,1785700000.0,0.0,385500000.0,0.0,0.029,3.12,356800000.0,742300000.0,0.104,742300000.0,356800000.0,270900000.0,2.64,2.64,2.64,3986600000.0,3794669250.0,3986600000.0,9115584000.0,26.0,12.28,557000000.0,8.26,1.0,1886800000.0,0.264,3138800000.0,85900000.0,5071500000.0,5089380000.0,422000000.0,0.0,0.0,0.0,4567100000.0,1487300000.0,3079800000.0,7749684000.0,581000000.0,66100000.0,119400000.0,-110400000.0,-200800000.0,-194600000.0,-63900000.0,79600000.0,822200000.0,17300000.0,178300000.0,178300000.0,178300000.0,80000000.0,0.0,0.025,1427600000.0,459200000.0,517800000.0,1.182,1.944,43.464,40.102,1924500000.0,0.0,105.87,1.083,0.998,1252800000.0,1536900000.0,7156400000.0,7156400000.0,0.0,0.021,0.047,0.07,0.05,15900000.0,934700000.0,1.0,73200000.0,67433000.0,68067000.0,106.126,5414900000.0,239900000.0,92600000.0,576300000.0,80.3,1113300000.0
67,RRD,MRT,2004-09-30,2004-09-30,2004-09-30,2021-09-07,-105000000.0,8518200000.0,7055167000.0,2510000000.0,6008200000.0,0.884,51.566,-205500000.0,416500000.0,416500000.0,4605100000.0,139100000.0,1.513,1.26,1782400000.0,199200000.0,1583200000.0,1782400000.0,0.0,350700000.0,0.0,0.033,3.12,273600000.0,624300000.0,0.1,624300000.0,273600000.0,195900000.0,2.76,2.73,2.76,3769500000.0,3043819250.0,3769500000.0,8374512000.0,31.0,13.414,427400000.0,5.847,1.0,1634400000.0,0.262,3244600000.0,77700000.0,4980000000.0,4580655000.0,517000000.0,0.0,0.0,0.0,4748700000.0,1659500000.0,3089200000.0,6862212000.0,351200000.0,66100000.0,87900000.0,-154200000.0,-172800000.0,-242500000.0,-80300000.0,84300000.0,632900000.0,5800000.0,139100000.0,139100000.0,139100000.0,76000000.0,0.0,0.022,1274600000.0,359800000.0,518900000.0,1.13,1.82,49.333,34.043,1854300000.0,0.0,93.96,1.1,1.101,1332100000.0,1414000000.0,6239500000.0,6239500000.0,0.0,0.02,0.046,0.06,0.044,15000000.0,828900000.0,1.0,73033333.0,73100000.0,73833000.0,85.356,5273600000.0,200200000.0,56800000.0,594400000.0,72.142,850500000.0
68,RRD,MRT,2004-06-30,2004-06-30,2004-06-30,2021-09-07,-125100000.0,8274700000.0,5724039500.0,2258800000.0,6015900000.0,0.94,51.399,-184000000.0,275400000.0,275400000.0,4007000000.0,80100000.0,1.645,1.215,1787700000.0,39200000.0,1748500000.0,1787700000.0,0.0,315900000.0,0.0,0.031,3.12,186100000.0,502000000.0,0.093,502000000.0,186100000.0,118600000.0,2.64,2.61,2.64,3735000000.0,2324034750.0,3735000000.0,9646174981.0,52.0,19.215,344600000.0,4.742,1.0,1372800000.0,0.255,3325500000.0,67500000.0,5088600000.0,4022405000.0,460800000.0,0.0,0.0,0.0,4539700000.0,1372900000.0,3166800000.0,8022484981.0,226100000.0,83100000.0,77100000.0,-184100000.0,-145600000.0,-257000000.0,-46700000.0,80800000.0,528600000.0,1200000.0,80100000.0,80100000.0,80100000.0,76200000.0,0.0,0.015,1106100000.0,266700000.0,501400000.0,1.182,2.148,100.156,37.523,1899500000.0,0.0,99.06,1.491,1.338,1249700000.0,1414400000.0,5379800000.0,5379800000.0,0.0,0.014,0.034,0.046,0.035,4300000.0,708900000.0,1.0,80986119.0,72667000.0,72667000.0,74.034,4949200000.0,227200000.0,38500000.0,540600000.0,68.108,885900000.0
69,RRD,MRT,2004-03-31,2004-03-31,2004-03-31,2021-09-07,-132145000.0,8224468000.0,4433267750.0,2142940000.0,6081528000.0,1.056,73.118,-169478000.0,174258000.0,174258000.0,3542800000.0,111900000.0,1.57,1.23,1797948000.0,41198000.0,1756750000.0,1797948000.0,0.0,281053000.0,0.0,0.034,3.09,190300000.0,471353000.0,0.101,471353000.0,190300000.0,134300000.0,3.33,3.3,3.33,3687577000.0,1614074500.0,3687577000.0,4327915472.0,23.0,9.182,259586000.0,5.147,1.0,1136600000.0,0.243,3266080000.0,56000000.0,5217420000.0,3440444750.0,455588000.0,0.0,0.0,0.0,4536891000.0,1364658000.0,3172233000.0,3460382472.0,134260000.0,85400000.0,40300000.0,-176936000.0,-117174000.0,-257213000.0,-40774000.0,69404000.0,429064000.0,3183000.0,111900000.0,111900000.0,111900000.0,23000000.0,0.0,0.024,918500000.0,218100000.0,508199000.0,0.928,0.938,30.924,27.252,1981608000.0,0.0,90.75,0.739,0.978,1256760000.0,1458107000.0,4679400000.0,4679400000.0,0.0,0.025,0.069,0.055,0.041,4300000.0,591100000.0,1.0,38130936.0,50433000.0,50433000.0,92.784,4958388000.0,195649000.0,22400000.0,546641000.0,98.316,778282000.0
70,RRD,MRT,2003-12-31,2003-12-31,2003-12-31,2021-09-07,-123700000.0,3203300000.0,3153986500.0,951500000.0,2251800000.0,1.326,26.033,-192800000.0,60800000.0,60800000.0,3085600000.0,176500000.0,1.109,2.258,925500000.0,175100000.0,750400000.0,925500000.0,0.0,270300000.0,0.0,0.034,3.06,267700000.0,538000000.0,0.129,538000000.0,267700000.0,216300000.0,4.68,4.62,4.68,983200000.0,907773250.0,983200000.0,4330631129.0,16.0,8.05,161300000.0,4.271,1.0,1097000000.0,0.262,173200000.0,51400000.0,3036600000.0,2814202500.0,154300000.0,0.0,0.0,0.0,2220100000.0,858200000.0,1361900000.0,3425689129.0,300000.0,0.0,16000000.0,-70600000.0,-115700000.0,-170900000.0,-185000000.0,34200000.0,354100000.0,2100000.0,176500000.0,176500000.0,176500000.0,12000000.0,0.0,0.042,804300000.0,292700000.0,282700000.0,0.654,3.484,19.409,19.327,1279100000.0,0.0,90.45,0.819,0.817,691500000.0,1641700000.0,4182600000.0,4182600000.0,0.0,0.056,0.194,0.095,0.064,4300000.0,521500000.0,1.0,37873843.0,37767000.0,38100000.0,110.747,3030100000.0,22500000.0,39800000.0,221800000.0,80.231,93300000.0
71,RRD,MRT,2003-09-30,2003-09-30,2003-09-30,2021-09-07,-109172000.0,3193690000.0,3148652250.0,970607000.0,2223083000.0,1.301,23.575,-214190000.0,65618000.0,65618000.0,2804742000.0,126824000.0,1.007,2.587,970560000.0,196725000.0,773835000.0,970560000.0,0.0,243458000.0,0.0,0.041,3.03,247777000.0,491235000.0,0.12,491235000.0,247777000.0,197861000.0,3.36,3.33,3.36,890362000.0,890621750.0,890362000.0,3775736070.0,15.0,7.686,201114000.0,5.325,1.0,1292253000.0,0.315,387673000.0,49916000.0,2747000000.0,2745179000.0,174481000.0,0.0,0.0,0.0,2303328000.0,963959000.0,1339369000.0,2820321070.0,-6533000.0,-182000.0,9445000.0,-123973000.0,-114667000.0,-229195000.0,-159172000.0,56100000.0,415304000.0,1830000.0,126824000.0,126824000.0,126824000.0,-1300000.0,0.0,0.031,1012083000.0,280170000.0,297509000.0,0.902,3.168,22.238,22.205,1343900000.0,0.0,74.61,0.688,0.688,663049000.0,1549114000.0,4096995000.0,4096995000.0,0.0,0.04,0.142,0.09,0.06,0.0,488453000.0,1.0,37800845.0,37767000.0,38200000.0,108.481,2806017000.0,0.0,71037000.0,230746000.0,74.298,6648000.0
72,RRD,MRT,2003-06-30,2003-06-30,2003-06-30,2021-09-07,-106747000.0,3111613000.0,3167565250.0,841830000.0,2269783000.0,1.333,23.744,-231714000.0,49720000.0,49720000.0,2979043000.0,120766000.0,0.926,2.476,1005135000.0,231207000.0,773928000.0,1005135000.0,0.0,257902000.0,0.0,0.038,3.0,241615000.0,499517000.0,0.118,499517000.0,241615000.0,187062000.0,3.21,3.18,3.21,895159000.0,880423250.0,895159000.0,3925318641.0,16.0,7.858,233230000.0,6.186,1.0,1241932000.0,0.294,396908000.0,54553000.0,2760759000.0,2749572000.0,144686000.0,0.0,0.0,0.0,2216454000.0,909361000.0,1307093000.0,2961656641.0,15763000.0,-17087000.0,5574000.0,-122048000.0,-113298000.0,-228672000.0,-220401000.0,29300000.0,464944000.0,-108000.0,120766000.0,120766000.0,120766000.0,-5400000.0,0.0,0.029,973615000.0,268317000.0,254981000.0,0.935,3.309,24.524,24.43,1375782000.0,0.0,78.42,0.702,0.7,579323000.0,1557314000.0,4220975000.0,4220975000.0,0.0,0.038,0.137,0.088,0.057,0.0,496776000.0,1.0,37766598.0,37700000.0,38067000.0,111.962,2714705000.0,0.0,66296000.0,223430000.0,72.008,-67531000.0
73,RRD,MRT,2003-03-31,2003-03-31,2003-03-31,2021-09-07,-116927000.0,3107343000.0,3197267750.0,824822000.0,2282521000.0,1.322,22.874,-224861000.0,40483000.0,40483000.0,3046382000.0,125243000.0,0.86,2.603,1004145000.0,246151000.0,757994000.0,1004145000.0,0.0,273080000.0,0.0,0.054,2.97,252672000.0,525752000.0,0.124,525752000.0,252672000.0,193026000.0,3.33,3.3,3.33,862372000.0,872953250.0,862372000.0,3014132756.0,12.0,5.733,179679000.0,4.766,1.0,1180985000.0,0.279,399566000.0,59646000.0,2712451000.0,2762600500.0,147264000.0,0.0,0.0,0.0,2244971000.0,958988000.0,1285983000.0,2076023756.0,-8775000.0,-17087000.0,10186000.0,-94010000.0,-112218000.0,-195839000.0,-215352000.0,27496000.0,404540000.0,-2124000.0,125243000.0,125243000.0,125243000.0,-5400000.0,0.0,0.03,920159000.0,260826000.0,252397000.0,0.892,2.407,16.576,16.505,1390222000.0,0.0,54.96,0.491,0.49,567471000.0,1540268000.0,4227367000.0,4227367000.0,0.0,0.039,0.143,0.091,0.06,0.0,501895000.0,1.0,37773358.0,37700333.0,37898667.0,112.131,2707777000.0,0.0,67783000.0,216655000.0,71.824,-134166000.0
74,RRD,MRT,2002-12-31,2002-12-31,2002-12-31,2021-09-07,-115456000.0,3181963000.0,3252948500.0,866439000.0,2315524000.0,1.306,24.26,-239700000.0,60543000.0,60543000.0,3131100000.0,142200000.0,0.908,2.479,998652000.0,245782000.0,752870000.0,998652000.0,0.0,286500000.0,0.0,0.045,2.94,234800000.0,521300000.0,0.123,521300000.0,234800000.0,172100000.0,3.78,3.72,3.78,914594000.0,867179000.0,914594000.0,3480716136.0,15.0,6.677,169200000.0,4.488,1.0,1116100000.0,0.263,404836000.0,62700000.0,2760506000.0,2773135750.0,116191000.0,0.0,0.0,0.0,2267369000.0,954730000.0,1312639000.0,2467158136.0,11900000.0,0.0,-3400000.0,-64100000.0,-111000000.0,-178500000.0,-216200000.0,24400000.0,408900000.0,-2300000.0,142200000.0,142200000.0,142200000.0,-5400000.0,0.0,0.033,870900000.0,245200000.0,267690000.0,0.778,2.698,17.35,17.278,1411016000.0,0.0,65.31,0.581,0.58,601184000.0,1593107000.0,4247200000.0,4247200000.0,0.0,0.044,0.164,0.085,0.055,0.0,497000000.0,1.0,37776116.0,37700000.0,38133000.0,112.658,2777127000.0,0.0,29900000.0,215509000.0,73.664,-88291000.0
75,RRD,MRT,2002-09-30,2002-09-30,2002-09-30,2021-09-07,-129486000.0,3269342000.0,3303862000.0,912633000.0,2356709000.0,1.463,22.526,-268344000.0,72148000.0,72148000.0,3979333000.0,56472000.0,0.827,2.848,1085706000.0,310410000.0,775296000.0,1085706000.0,0.0,342949000.0,0.0,0.041,2.91,138798000.0,481747000.0,0.1,481747000.0,138798000.0,73064000.0,1.53,1.53,1.53,849568000.0,860632250.0,849568000.0,3733242947.0,27.0,7.749,204218000.0,5.415,1.0,855312000.0,0.177,415283000.0,65734000.0,2764572000.0,2823503750.0,132418000.0,0.0,0.0,0.0,2419774000.0,1103045000.0,1316729000.0,2663989947.0,31441000.0,11827000.0,-58977000.0,-11732000.0,-110115000.0,-180824000.0,-256517000.0,0.0,472562000.0,-3780000.0,56472000.0,56472000.0,56472000.0,0.0,0.0,0.012,720448000.0,134864000.0,265786000.0,1.902,3.136,47.174,46.098,1428298000.0,0.0,70.53,0.551,0.55,647739000.0,1543281000.0,4834645000.0,4834645000.0,0.0,0.017,0.066,0.049,0.029,0.0,551372000.0,1.0,37771019.0,37714333.0,,128.191,2854059000.0,0.0,16592000.0,249005000.0,75.676,-190412000.0
76,RRD,MRT,2002-06-30,2002-06-30,2002-06-30,2021-09-07,-122284000.0,3230423000.0,3400002250.0,862664000.0,2367759000.0,1.455,22.959,-286571000.0,33952000.0,33952000.0,4094848000.0,50772000.0,0.815,2.733,1103205000.0,335174000.0,768031000.0,1103205000.0,0.0,353659000.0,0.0,0.035,2.88,134353000.0,488012000.0,0.099,488012000.0,134353000.0,66725000.0,1.35,1.35,1.35,865279000.0,897793250.0,865279000.0,4153903656.0,31.0,8.512,139759000.0,3.708,1.0,850754000.0,0.172,428208000.0,67628000.0,2812873000.0,2880949750.0,126638000.0,0.0,0.0,0.0,2365144000.0,1058595000.0,1306549000.0,3120569656.0,-53347000.0,9994000.0,-101361000.0,10997000.0,-109650000.0,-200014000.0,-276577000.0,0.0,426330000.0,-3086000.0,50772000.0,50772000.0,50772000.0,0.0,0.0,0.01,718814000.0,131940000.0,246555000.0,2.133,3.606,61.462,61.222,1446769000.0,0.0,82.65,0.631,0.63,633343000.0,1552650000.0,4945602000.0,4945602000.0,0.0,0.015,0.057,0.047,0.027,0.0,552587000.0,1.0,37756439.0,37688000.0,,131.225,2802215000.0,0.0,15953000.0,258559000.0,74.353,-195931000.0
77,RRD,MRT,2002-03-31,2002-03-31,2002-03-31,2021-09-07,-117793000.0,3330066000.0,3506376000.0,911955000.0,2418111000.0,1.451,22.303,-305655000.0,49230000.0,49230000.0,4209777000.0,33142000.0,0.778,2.968,1082564000.0,308953000.0,773611000.0,1082564000.0,0.0,362678000.0,0.0,0.031,2.85,108667000.0,471345000.0,0.093,471345000.0,108667000.0,39656000.0,0.87,0.87,0.87,839275000.0,946914500.0,839275000.0,4513913776.0,42.0,9.577,340278000.0,9.042,1.0,878983000.0,0.173,437250000.0,69011000.0,2754592000.0,2944206000.0,123138000.0,0.0,0.0,0.0,2490791000.0,1171558000.0,1319233000.0,3512713776.0,-5584000.0,17343000.0,-155831000.0,-95378000.0,-109455000.0,-360664000.0,-288312000.0,0.0,645933000.0,-2541000.0,33142000.0,33142000.0,33142000.0,0.0,0.0,0.007,762910000.0,116073000.0,248985000.0,3.276,4.185,105.99,107.241,1473980000.0,0.0,93.3,0.69,0.69,645381000.0,1534994000.0,5088760000.0,5088760000.0,0.0,0.009,0.035,0.037,0.021,0.0,560375000.0,1.0,37649665.0,37631333.0,,135.227,2892816000.0,0.0,6514000.0,388249000.0,76.873,-259603000.0
78,RRD,MRT,2001-12-31,2001-12-31,2001-12-31,2021-09-07,-109002000.0,3385617000.0,3622340500.0,940194000.0,2445423000.0,1.463,22.833,-273340000.0,48615000.0,48615000.0,4387309000.0,24988000.0,0.955,2.811,1049815000.0,168497000.0,881318000.0,1049815000.0,0.0,378723000.0,0.0,0.032,2.82,146077000.0,524800000.0,0.099,524800000.0,146077000.0,74894000.0,0.63,0.63,0.63,888407000.0,1012596250.0,888407000.0,4456846478.0,31.0,8.492,275054000.0,7.069,1.0,910451000.0,0.172,440549000.0,71183000.0,2961978000.0,3063610750.0,126718000.0,0.0,0.0,0.0,2497210000.0,984290000.0,1512920000.0,3399656478.0,-12258000.0,16930000.0,-249735000.0,56985000.0,-109987000.0,-302737000.0,-256410000.0,0.0,548394000.0,-1505000.0,24988000.0,24988000.0,24988000.0,0.0,0.0,0.005,763180000.0,147271000.0,295444000.0,4.476,3.827,136.052,141.381,1490118000.0,0.0,89.07,0.642,0.654,681459000.0,1569596000.0,5297760000.0,5297760000.0,0.0,0.007,0.025,0.048,0.028,0.0,567635000.0,1.0,38168367.0,38909333.0,39499333.0,136.157,2945068000.0,0.0,49906000.0,258948000.0,75.691,-44096000.0
79,RRD,MRT,2001-09-30,2001-09-30,2001-09-30,2021-09-07,-91325000.0,3653903000.0,3754486750.0,1110760000.0,2543143000.0,1.46,25.807,-218762000.0,40707000.0,40707000.0,4535460000.0,134245000.0,0.892,2.66,1097897000.0,422753000.0,675144000.0,1097897000.0,0.0,386047000.0,0.0,0.034,2.79,293143000.0,679190000.0,0.124,679190000.0,293143000.0,218285000.0,3.33,3.33,3.33,998212000.0,1098631500.0,998212000.0,4162844162.0,14.0,6.129,333325000.0,8.618,1.0,947037000.0,0.173,471451000.0,74858000.0,2994356000.0,3111455250.0,169883000.0,0.0,0.0,0.0,2655691000.0,1245286000.0,1410405000.0,3138850162.0,-8085000.0,2565000.0,-202324000.0,-39242000.0,-105715000.0,-347281000.0,-216197000.0,0.0,552087000.0,3306000.0,134245000.0,134245000.0,134245000.0,0.0,0.0,0.024,660954000.0,286083000.0,290187000.0,0.838,3.144,23.382,24.369,1507007000.0,0.0,81.15,0.573,0.573,832658000.0,1605479000.0,5482497000.0,5482497000.0,0.0,0.036,0.122,0.094,0.053,0.0,569059000.0,1.0,38679608.0,38679608.0,,141.741,3182452000.0,0.0,84040000.0,268641000.0,82.277,-134526000.0
80,RRD,MRT,2001-06-30,2001-06-30,2001-06-30,2021-09-07,-82181000.0,3655918000.0,3841311750.0,1081294000.0,2574624000.0,1.465,27.136,-209627000.0,87299000.0,87299000.0,4613698000.0,184511000.0,0.967,2.443,1111293000.0,370986000.0,740307000.0,1111293000.0,0.0,391803000.0,0.0,0.031,2.76,378855000.0,770658000.0,0.137,770658000.0,378855000.0,300018000.0,4.53,4.5,4.53,1061764000.0,1147780500.0,1061764000.0,4630543344.0,12.0,6.009,453485000.0,11.59,1.0,1013562000.0,0.18,495584000.0,78837000.0,3065898000.0,3173176750.0,172886000.0,0.0,0.0,0.0,2594154000.0,1118430000.0,1475724000.0,3486306344.0,31036000.0,-4847000.0,-157334000.0,-149575000.0,-111028000.0,-417937000.0,-214474000.0,0.0,663112000.0,335000.0,184511000.0,184511000.0,184511000.0,0.0,0.0,0.033,652877000.0,360685000.0,277322000.0,0.609,3.284,18.895,19.669,1525523000.0,0.0,89.1,0.62,0.62,716098000.0,1623799000.0,5627260000.0,5627260000.0,0.0,0.048,0.161,0.119,0.067,0.0,580842000.0,1.0,39128017.0,39128017.0,,143.817,3160334000.0,0.0,115507000.0,250364000.0,80.769,-37136000.0
81,RRD,MRT,2001-03-31,2001-03-31,2001-03-31,2021-09-07,-82906000.0,3793924000.0,3926393500.0,1161697000.0,2632227000.0,1.458,27.772,-213552000.0,54814000.0,54814000.0,4665215000.0,234704000.0,0.968,2.443,1199051000.0,449027000.0,750024000.0,1199051000.0,0.0,393427000.0,0.0,0.035,2.73,466753000.0,860180000.0,0.15,860180000.0,466753000.0,381632000.0,5.76,5.73,5.76,1102002000.0,1172750000.0,1102002000.0,4071187426.0,9.0,4.733,446443000.0,11.251,1.0,1058800000.0,0.185,505256000.0,85121000.0,3232211000.0,3243404500.0,190034000.0,0.0,0.0,0.0,2691922000.0,1200694000.0,1491228000.0,3121230426.0,6544000.0,685000.0,-109096000.0,-222979000.0,-110982000.0,-443057000.0,-212867000.0,0.0,659995000.0,2473000.0,234704000.0,234704000.0,234704000.0,0.0,0.0,0.041,611010000.0,447790000.0,303420000.0,0.474,2.832,13.299,13.656,1559528000.0,0.0,78.66,0.545,0.545,778630000.0,1622067000.0,5724015000.0,5724015000.0,0.0,0.06,0.2,0.144,0.082,0.0,591308000.0,1.0,39680021.0,39680021.0,,144.254,3288668000.0,0.0,146928000.0,254488000.0,82.88,-38997000.0
82,RRD,MRT,2000-12-31,2000-12-31,2000-12-31,2021-09-07,-74126000.0,3914202000.0,4006077250.0,1206449000.0,2707753000.0,1.439,30.229,-237107000.0,60873000.0,60873000.0,4665472000.0,266900000.0,1.013,2.176,1010830000.0,271640000.0,739190000.0,1010830000.0,0.0,390402000.0,0.0,0.033,2.7,523623000.0,914025000.0,0.159,914025000.0,523623000.0,433984000.0,6.54,6.51,6.54,1232548000.0,1176161250.0,1232548000.0,4391375152.0,8.0,4.804,503478000.0,12.348,1.0,1098863000.0,0.191,520242000.0,89639000.0,3153356000.0,3300580750.0,188745000.0,0.0,0.0,0.0,2681654000.0,1190561000.0,1491093000.0,3295117152.0,19000000.0,-201110000.0,-22107000.0,-152946000.0,-110268000.0,-285321000.0,-438217000.0,0.0,740585000.0,1953000.0,266900000.0,266900000.0,266900000.0,0.0,0.0,0.046,597823000.0,501040000.0,387495000.0,0.413,2.673,12.346,12.385,1620592000.0,0.0,81.0,0.572,0.573,882486000.0,1666936000.0,5764335000.0,5764335000.0,0.0,0.067,0.227,0.159,0.091,0.0,597823000.0,1.0,40680459.0,40774333.0,41031000.0,141.372,3393960000.0,0.0,167084000.0,276989000.0,83.238,15888000.0
83,RRD,MRT,2000-09-30,2000-09-30,2000-09-30,2021-09-07,-75805000.0,4001203000.0,3990892750.0,1265012000.0,2736191000.0,1.429,29.403,-258710000.0,48792000.0,48792000.0,4555662000.0,321610000.0,0.959,2.349,1145050000.0,391957000.0,753093000.0,1145050000.0,0.0,382637000.0,0.0,0.036,2.67,614435000.0,997072000.0,0.175,997072000.0,614435000.0,523065000.0,7.77,7.74,7.77,1194808000.0,1152588750.0,1194808000.0,4202908594.0,7.0,4.215,486931000.0,11.983,1.0,1146468000.0,0.201,537253000.0,91370000.0,3241242000.0,3356791250.0,220951000.0,0.0,0.0,0.0,2806395000.0,1318966000.0,1487429000.0,2994027594.0,-17881000.0,-112191000.0,-116740000.0,-199609000.0,-114762000.0,-431111000.0,-370901000.0,0.0,745641000.0,-2015000.0,321610000.0,321610000.0,321610000.0,194000.0,0.0,0.056,603497000.0,542971000.0,323991000.0,0.344,2.506,9.309,9.483,1642817000.0,0.0,73.68,0.525,0.525,926431000.0,1599409000.0,5702130000.0,5702130000.0,0.0,0.081,0.279,0.183,0.108,0.0,603497000.0,1.0,40635554.0,40635554.0,,140.324,3463950000.0,0.0,201455000.0,321636000.0,85.244,-53954000.0
84,RRD,MRT,2000-06-30,2000-06-30,2000-06-30,2021-09-07,-70012000.0,3996245000.0,3985445500.0,1221204000.0,2775041000.0,1.422,28.587,-265188000.0,56263000.0,56263000.0,4504553000.0,314889000.0,0.932,2.44,1265144000.0,511189000.0,753955000.0,1265144000.0,0.0,382485000.0,0.0,0.039,2.64,603779000.0,986264000.0,0.174,986264000.0,603779000.0,512135000.0,7.5,7.5,7.5,1161642000.0,1131082500.0,1161642000.0,4129011558.0,7.0,4.187,388343000.0,9.557,1.0,1163977000.0,0.205,547780000.0,91644000.0,3346809000.0,3536844500.0,209667000.0,0.0,0.0,0.0,2834603000.0,1310537000.0,1524066000.0,2750215558.0,5889000.0,-111839000.0,-129487000.0,-73911000.0,-109672000.0,-313070000.0,-377027000.0,0.0,653531000.0,1950000.0,314889000.0,314889000.0,314889000.0,194000.0,0.0,0.056,620241000.0,543736000.0,297888000.0,0.352,2.368,8.734,9.024,1667572000.0,0.0,67.68,0.485,0.485,795771000.0,1566960000.0,5668530000.0,5668530000.0,0.0,0.079,0.278,0.171,0.107,0.0,620241000.0,1.0,40635573.0,40635573.0,,139.497,3448465000.0,76579000.0,197246000.0,293014000.0,84.863,-89333000.0
85,RRD,MRT,2000-03-31,2000-03-31,2000-03-31,2021-09-07,-59181000.0,4112659000.0,3952694000.0,1292716000.0,2819943000.0,1.398,27.356,-267534000.0,48270000.0,48270000.0,4371702000.0,311036000.0,0.876,2.686,1427066000.0,674835000.0,752231000.0,1427066000.0,0.0,377707000.0,0.0,0.042,2.61,597024000.0,974731000.0,0.176,974731000.0,597024000.0,506614000.0,7.35,7.32,7.35,1115647000.0,1113701250.0,1115647000.0,3688167913.0,6.0,3.784,312703000.0,7.667,1.0,1155506000.0,0.209,555637000.0,90410000.0,3460916000.0,3692205750.0,211229000.0,0.0,0.0,0.0,2997012000.0,1474902000.0,1522110000.0,2561987913.0,-26728000.0,-228221000.0,-248218000.0,206213000.0,-110042000.0,-152047000.0,-495755000.0,0.0,580237000.0,332000.0,311036000.0,311036000.0,311036000.0,1381000.0,0.0,0.056,621514000.0,533992000.0,326239000.0,0.355,2.296,8.237,8.547,1706141000.0,0.0,62.82,0.464,0.464,842854000.0,1510896000.0,5527208000.0,5527208000.0,0.0,0.079,0.279,0.162,0.108,0.0,621514000.0,1.0,40782998.0,40782998.0,,135.527,3557022000.0,76579000.0,195578000.0,270696000.0,87.218,-182186000.0
86,RRD,MRT,1999-12-31,1999-12-31,1999-12-31,2021-09-07,-64154000.0,3853464000.0,3881028000.0,1229850000.0,2623614000.0,1.395,27.007,-275826000.0,41873000.0,41873000.0,4256635000.0,308314000.0,1.022,2.385,1168053000.0,419555000.0,748498000.0,1168053000.0,0.0,374382000.0,0.0,0.035,2.58,591492000.0,965874000.0,0.178,965874000.0,591492000.0,503328000.0,7.17,7.14,7.17,1138258000.0,1123248250.0,1138258000.0,4430460853.0,7.0,4.587,359491000.0,8.529,1.0,1159007000.0,0.214,397983000.0,88164000.0,3378198000.0,3765340500.0,194312000.0,0.0,0.0,0.0,2715206000.0,1203463000.0,1511743000.0,3137011853.0,-24353000.0,-78565000.0,-349812000.0,116621000.0,-111133000.0,-344324000.0,-354391000.0,0.0,635317000.0,-1460000.0,308314000.0,308314000.0,308314000.0,3201000.0,0.0,0.057,628580000.0,530427000.0,334389000.0,0.36,2.756,10.175,10.381,1710669000.0,0.0,74.43,0.579,0.579,865305000.0,1521474000.0,5415642000.0,5415642000.0,0.0,0.079,0.274,0.157,0.109,0.0,628580000.0,1.0,42147143.0,42147143.0,,128.494,3455481000.0,76579000.0,195014000.0,263778000.0,81.986,26387000.0
87,RRD,MRT,1999-09-30,1999-09-30,1999-09-30,2021-09-07,-67414000.0,3979414000.0,3867191250.0,1264969000.0,2714445000.0,1.42,26.067,-280063000.0,66673000.0,66673000.0,4362990000.0,274447000.0,1.365,2.589,1360122000.0,60000000.0,1300122000.0,1360122000.0,0.0,374153000.0,0.0,0.029,2.55,525883000.0,900036000.0,0.164,900036000.0,525883000.0,440047000.0,6.27,6.21,6.27,1108783000.0,1163903250.0,1108783000.0,4988787436.0,9.0,5.543,390256000.0,9.175,1.0,1129210000.0,0.206,384429000.0,85836000.0,3961455000.0,3760813000.0,224566000.0,0.0,0.0,0.0,2870631000.0,926979000.0,1943652000.0,3687158436.0,-19499000.0,-179456000.0,-327332000.0,210658000.0,-111850000.0,-228524000.0,-459519000.0,0.0,670319000.0,-1771000.0,274447000.0,274447000.0,274447000.0,83074000.0,0.0,0.05,541959000.0,587251000.0,334592000.0,0.407,3.325,13.435,13.818,1744824000.0,0.0,86.64,0.671,0.671,924308000.0,1390463000.0,5492200000.0,5492200000.0,0.0,0.071,0.236,0.14,0.096,0.0,622026000.0,1.0,42557230.0,42536000.0,,129.119,3594985000.0,0.0,165600000.0,299666000.0,84.516,337990000.0
88,RRD,MRT,1999-06-30,1999-06-30,1999-06-30,2021-09-07,-63184000.0,3865239000.0,3837435250.0,1123693000.0,2741546000.0,1.399,25.31,-265989000.0,50374000.0,50374000.0,4265704000.0,288103000.0,1.386,2.539,1352003000.0,60000000.0,1292003000.0,1352003000.0,0.0,373105000.0,0.0,0.023,2.52,537204000.0,910309000.0,0.17,910309000.0,537204000.0,455052000.0,6.42,6.33,6.42,1092117000.0,1208757250.0,1092117000.0,5998095765.0,11.0,6.589,390455000.0,9.049,1.0,1101575000.0,0.205,388062000.0,82152000.0,3968254000.0,3677457250.0,194299000.0,0.0,0.0,0.0,2773122000.0,810552000.0,1962570000.0,4847665765.0,-11467000.0,-162777000.0,-456424000.0,331104000.0,-113122000.0,-238442000.0,-428766000.0,0.0,656444000.0,-1770000.0,288103000.0,288103000.0,288103000.0,83074000.0,0.0,0.054,523770000.0,577805000.0,284475000.0,0.393,4.439,16.826,17.318,1770794000.0,0.0,111.18,0.903,0.894,800276000.0,1361847000.0,5367279000.0,5367279000.0,0.0,0.075,0.238,0.146,0.1,0.0,603837000.0,1.0,43601959.0,43150000.0,,124.387,3477177000.0,0.0,166949000.0,286561000.0,80.583,313141000.0
89,RRD,MRT,1999-03-31,1999-03-31,1999-03-31,2021-09-07,-62338000.0,3825995000.0,3807868500.0,1176223000.0,2649772000.0,1.385,26.07,-236359000.0,74998000.0,74998000.0,4192686000.0,294353000.0,1.412,2.316,1225428000.0,60000000.0,1165428000.0,1225428000.0,0.0,375362000.0,0.0,0.026,2.49,592062000.0,967424000.0,0.183,967424000.0,592062000.0,513947000.0,6.45,6.36,6.45,1153835000.0,1280328750.0,1153835000.0,5295170991.0,9.0,5.473,508248000.0,11.483,1.0,1083074000.0,0.205,389947000.0,78115000.0,3753455000.0,3556833750.0,189344000.0,0.0,0.0,0.0,2672160000.0,833023000.0,1839137000.0,4302418991.0,18078000.0,175537000.0,-445626000.0,-110743000.0,-113940000.0,-670309000.0,-60822000.0,0.0,744607000.0,-1968000.0,294353000.0,294353000.0,294353000.0,81887000.0,0.0,0.056,590920000.0,492154000.0,303083000.0,0.386,3.729,14.617,14.972,1682503000.0,0.0,96.57,0.816,0.81,799531000.0,1313055000.0,5275760000.0,5275760000.0,0.0,0.077,0.23,0.166,0.112,0.0,590920000.0,1.0,44552335.0,44259000.0,,119.202,3436048000.0,0.0,219594000.0,276702000.0,77.635,343200000.0
90,RRD,MRT,1998-12-31,1998-12-31,1998-12-31,2021-09-07,-55050000.0,3798117000.0,3872507250.0,1155291000.0,2642826000.0,1.347,28.737,-225222000.0,66226000.0,66226000.0,4159756000.0,294580000.0,1.101,1.92,1058978000.0,285429000.0,773549000.0,1058978000.0,0.0,376071000.0,0.0,0.019,2.46,587471000.0,963542000.0,0.185,963542000.0,587471000.0,509305000.0,6.33,6.24,6.33,1300878000.0,1359014000.0,1300878000.0,6994789807.0,12.0,7.259,507613000.0,11.213,1.0,1058197000.0,0.203,381394000.0,78166000.0,3360088000.0,3669441250.0,182931000.0,0.0,0.0,0.0,2497239000.0,1049387000.0,1447852000.0,5949722807.0,18412000.0,209393000.0,-456724000.0,-155545000.0,-114898000.0,-727167000.0,-15829000.0,0.0,732835000.0,-592000.0,294580000.0,294580000.0,294580000.0,80067000.0,0.0,0.056,569779000.0,488418000.0,331257000.0,0.389,4.574,20.197,20.763,1700927000.0,0.0,131.43,1.14,1.14,843094000.0,1325634000.0,5217953000.0,5217953000.0,0.0,0.076,0.217,0.16,0.113,0.0,569779000.0,1.0,45269138.0,45269138.0,,115.265,3416723000.0,0.0,214725000.0,262955000.0,75.476,105904000.0
91,RRD,MRT,1998-09-30,1998-09-30,1998-09-30,2021-09-07,0.0,3860390000.0,3956519500.0,1233533000.0,2626857000.0,1.268,27.989,-252892000.0,86172000.0,86172000.0,3976320000.0,193644000.0,1.357,1.997,1131239000.0,45000000.0,1086239000.0,1131239000.0,0.0,377394000.0,0.0,0.023,2.43,462054000.0,839448000.0,0.167,839448000.0,462054000.0,379515000.0,4.2,4.11,4.2,1288199000.0,1431668750.0,1288199000.0,5837535928.0,13.0,6.954,448800000.0,9.751,1.0,1040963000.0,0.207,368503000.0,82539000.0,3628032000.0,3848257250.0,208540000.0,0.0,0.0,0.0,2572191000.0,908922000.0,1663269000.0,4896702928.0,38549000.0,227835000.0,-401289000.0,-194676000.0,-115540000.0,-711505000.0,10114000.0,35171000.0,701692000.0,-710000.0,193644000.0,193644000.0,193644000.0,-6274000.0,0.0,0.039,705102000.0,335861000.0,299554000.0,0.579,3.801,25.287,25.136,1700280000.0,0.0,105.57,0.976,0.968,868092000.0,1555506000.0,5017283000.0,5017283000.0,0.0,0.049,0.135,0.12,0.092,0.0,554333000.0,1.0,46383470.0,46025000.0,,109.012,3491887000.0,0.0,185871000.0,334001000.0,75.869,324611000.0
92,RRD,MRT,1998-06-30,1998-06-30,1998-06-30,2021-09-07,0.0,3746972000.0,4180829250.0,1067818000.0,2679154000.0,1.187,29.362,-255170000.0,61841000.0,61841000.0,3957075000.0,166558000.0,1.292,1.718,1002674000.0,45000000.0,957674000.0,1002674000.0,0.0,379292000.0,0.0,0.017,2.4,417946000.0,797238000.0,0.161,797238000.0,417946000.0,332728000.0,3.54,3.45,3.54,1378403000.0,1524290250.0,1378403000.0,7754877994.0,19.0,9.727,463492000.0,9.873,1.0,1007472000.0,0.203,375290000.0,85218000.0,3485760000.0,4054228500.0,189295000.0,0.0,0.0,0.0,2368569000.0,826755000.0,1541814000.0,6491923994.0,15052000.0,219954000.0,-287830000.0,-324737000.0,-115447000.0,-728014000.0,255000.0,35471000.0,718662000.0,-2047000.0,166558000.0,166558000.0,166558000.0,2874000.0,0.0,0.034,685601000.0,321871000.0,238157000.0,0.678,4.71,38.977,38.771,1731807000.0,0.0,137.25,1.308,1.298,713290000.0,1508684000.0,4964547000.0,4964547000.0,0.0,0.04,0.109,0.103,0.084,0.0,534832000.0,1.0,47299993.0,46945000.0,,105.752,3371682000.0,0.0,166170000.0,369024000.0,71.822,241063000.0
93,RRD,MRT,1998-03-31,1998-03-31,1998-03-31,2021-09-07,0.0,4084550000.0,4412584250.0,1130462000.0,2954088000.0,1.121,30.611,-332610000.0,56920000.0,56920000.0,3969797000.0,145497000.0,1.493,1.781,1319874000.0,45000000.0,1274874000.0,1319874000.0,0.0,384540000.0,0.0,0.019,2.37,335299000.0,719839000.0,0.146,719839000.0,335299000.0,247148000.0,3.06,2.97,3.06,1468576000.0,1592204750.0,1468576000.0,7098793129.0,21.0,9.862,316206000.0,6.591,1.0,975561000.0,0.197,386597000.0,88151000.0,4203885000.0,4285918750.0,194227000.0,0.0,0.0,0.0,2615974000.0,757022000.0,1858952000.0,5948381129.0,15863000.0,9909000.0,-181063000.0,-80146000.0,-116244000.0,-377453000.0,-322701000.0,0.0,648816000.0,-1019000.0,145497000.0,145497000.0,145497000.0,10156000.0,0.0,0.029,591259000.0,384302000.0,249072000.0,0.775,4.05,40.883,40.255,1760156000.0,0.0,123.18,1.203,1.195,754155000.0,1489719000.0,4945358000.0,4945358000.0,0.0,0.033,0.091,0.078,0.068,0.0,520557000.0,1.0,48290154.0,47976000.0,,103.08,3697953000.0,0.0,101651000.0,292631000.0,77.079,373440000.0
94,RRD,MRT,1997-12-31,1997-12-31,1997-12-31,2021-09-07,-45782000.0,4134166000.0,4578890750.0,1146571000.0,2987595000.0,1.069,32.732,-360195000.0,47814000.0,47814000.0,3942339000.0,130631000.0,1.411,1.598,1198226000.0,45000000.0,1153226000.0,1198226000.0,0.0,371111000.0,0.0,0.021,2.34,318636000.0,689747000.0,0.141,689747000.0,318636000.0,227871000.0,2.7,2.67,2.7,1591497000.0,1635122000.0,1591497000.0,6731314879.0,21.0,9.759,382043000.0,7.857,1.0,950605000.0,0.194,396604000.0,90765000.0,4075352000.0,4377253500.0,201402000.0,0.0,0.0,0.0,2542669000.0,812622000.0,1730047000.0,5433561879.0,26497000.0,3750000.0,-36279000.0,-225967000.0,-114934000.0,-377180000.0,-356445000.0,0.0,742238000.0,-775000.0,130631000.0,130631000.0,130631000.0,15894000.0,0.0,0.027,581817000.0,368788000.0,291666000.0,0.867,3.414,41.595,41.389,1788116000.0,0.0,111.75,1.11,1.11,814664000.0,1528406000.0,4892944000.0,4892944000.0,0.0,0.029,0.08,0.073,0.065,0.0,511115000.0,1.0,48622478.0,48622478.0,,100.631,3737562000.0,0.0,97240000.0,288426000.0,76.869,333949000.0
95,RRD,MRT,1997-09-30,1997-09-30,1997-09-30,2021-09-07,0.0,4757629000.0,4656306250.0,1629538000.0,3128091000.0,0.822,34.038,-318028000.0,66462000.0,66462000.0,3008342000.0,236323000.0,1.475,1.868,1364215000.0,33296000.0,1330919000.0,1364215000.0,0.0,339320000.0,0.0,0.022,2.31,460125000.0,799445000.0,0.209,799445000.0,460125000.0,368995000.0,4.74,,4.74,1658685000.0,1645068000.0,1658685000.0,6518639080.0,14.0,8.154,229618000.0,4.712,1.0,819328000.0,0.214,498361000.0,91130000.0,4451917000.0,4529026250.0,299571000.0,0.0,0.0,0.0,3098944000.0,1105104000.0,1993840000.0,5221330080.0,36935000.0,81671000.0,-162945000.0,-12004000.0,-113919000.0,-288868000.0,-271528000.0,-35171000.0,547646000.0,-736000.0,236323000.0,236323000.0,236323000.0,22167000.0,0.0,0.062,377669000.0,441659000.0,459551000.0,0.487,3.148,22.094,22.589,1967204000.0,0.0,107.07,1.364,1.363,1145852000.0,1523941000.0,3827670000.0,3827670000.0,0.0,0.051,0.144,0.102,0.12,0.0,373803000.0,1.0,48765575.0,48730667.0,,78.547,4259268000.0,0.0,132672000.0,333792000.0,87.404,524434000.0
96,RRD,MRT,1997-06-30,1997-06-30,1997-06-30,2021-09-07,0.0,4673992000.0,,1532638000.0,3141354000.0,,33.805,-350408000.0,70669000.0,70669000.0,3356736000.0,232034000.0,1.466,1.833,1367978000.0,33296000.0,1334682000.0,1367978000.0,0.0,332156000.0,0.0,0.021,2.28,457624000.0,789780000.0,0.188,789780000.0,457624000.0,366755000.0,4.59,,4.59,1650061000.0,,1650061000.0,6750571458.0,15.0,8.547,220291000.0,4.513,1.0,841981000.0,0.201,513232000.0,90869000.0,4412521000.0,,257983000.0,0.0,0.0,0.0,3023931000.0,1045548000.0,1978383000.0,5359485458.0,26975000.0,81761000.0,-263085000.0,75505000.0,-113734000.0,-301314000.0,-304118000.0,-35471000.0,570699000.0,-403000.0,232034000.0,232034000.0,232034000.0,13019000.0,0.0,0.055,408813000.0,433168000.0,388001000.0,0.497,3.248,23.098,23.935,1994374000.0,0.0,109.86,1.276,1.277,1058241000.0,1489146000.0,4198717000.0,4198717000.0,0.0,,,,0.109,0.0,404947000.0,1.0,48784685.0,48810636.0,,86.021,4160760000.0,0.0,134721000.0,308958000.0,85.243,487090000.0
97,RRD,MRT,1997-03-31,1997-03-31,1997-03-31,2021-09-07,0.0,4749776000.0,,1643166000.0,3106610000.0,,33.753,-323508000.0,59939000.0,59939000.0,3707850000.0,248635000.0,1.563,1.896,1451025000.0,33296000.0,1417729000.0,1451025000.0,0.0,335041000.0,0.0,0.022,2.25,479925000.0,814966000.0,0.176,814966000.0,479925000.0,386965000.0,4.86,,4.86,1640245000.0,,1640245000.0,6513074468.0,14.0,7.992,235898000.0,4.854,1.0,923206000.0,0.199,520122000.0,92960000.0,4569224000.0,,282026000.0,0.0,0.0,0.0,3109531000.0,1051516000.0,2058015000.0,5080249468.0,10188000.0,302172000.0,-264488000.0,-162735000.0,-112586000.0,-539809000.0,-21336000.0,0.0,559406000.0,-2658000.0,248635000.0,248635000.0,248635000.0,5737000.0,0.0,0.054,512535000.0,410671000.0,457679000.0,0.463,3.097,20.433,21.531,1939544000.0,0.0,104.64,1.097,1.098,1152302000.0,1481100000.0,4631056000.0,4631056000.0,0.0,,,,0.104,0.0,460585000.0,1.0,48549785.0,48595000.0,,95.299,4229654000.0,0.0,138330000.0,293350000.0,87.039,591650000.0
98,RRD,MRT,1996-12-31,1996-12-31,1996-12-31,2021-09-07,0.0,4443828000.0,4914319000.0,1226071000.0,3217757000.0,1.03,33.6,-370906000.0,21317000.0,21317000.0,4092895000.0,-157625000.0,1.597,1.724,1463967000.0,33296000.0,1430671000.0,1463967000.0,0.0,365276000.0,0.0,0.024,2.22,-14998000.0,350278000.0,0.069,350278000.0,-14998000.0,-110480000.0,-3.12,-3.12,-3.12,1631281000.0,1902225500.0,1631281000.0,,,,197061000.0,4.059,1.0,970926000.0,0.192,436306000.0,95482000.0,4682443000.0,4744881500.0,197905000.0,0.0,0.0,0.0,2812547000.0,767729000.0,2044818000.0,4570476729.0,-926000.0,307903000.0,-274072000.0,-160329000.0,-112645000.0,-547046000.0,-63003000.0,0.0,567967000.0,-395000.0,-157625000.0,-157625000.0,-157625000.0,0.0,0.0,-0.031,1082786000.0,-111860000.0,285416000.0,-0.712,2.802,-28.996,-30.173,1836620000.0,0.0,94.14,0.903,0.903,919042000.0,1486215000.0,5063821000.0,5063821000.0,0.0,-0.032,-0.083,-0.003,-0.003,0.0,518288000.0,1.0,48549785.0,48549785.0,,104.302,4007522000.0,0.0,47145000.0,310585000.0,82.545,458342000.0
99,RRD,MRT,1996-09-30,1996-09-30,1996-09-30,2021-09-07,,,,,,,,,,,,,,,,,,,,,,0.023,2.19,,,,,,,,,,,,,,,,,,1.0,,,,,,,,,,,,,,,,,,,,,,,,,,,,,,,,,,,,,,,,96.75,,,,,,,,,,,,,,1.0,,50814667.0,,,,,,,,
100,RRD,MRT,1996-06-30,1996-06-30,1996-06-30,2021-09-07,,,,,,,,,,,,,,,,,,,,,,0.021,2.16,,,,,,,,,,,,,,,,,,1.0,,,,,,,,,,,,,,,,,,,,,,,,,,,,,,,,,,,,,,,,104.64,,,,,,,,,,,,,,1.0,,51371098.0,,,,,,,,
101,RRD,MRT,1996-03-31,1996-03-31,1996-03-31,2021-09-07,,,,,,,,,,,,,,,,,,,,,,0.02,2.1,,,,,,,,,,,,,,,,,,1.0,,,,,,,,,,,,,,,,,,,,,,,,,,,,,,,,,,,,,,,,103.5,,,,,,,,,,,,,,1.0,,51339000.0,,,,,,,,
102,RRD,MRT,1995-12-31,1995-12-31,1995-12-31,2021-09-07,0.0,5384810000.0,,1907959000.0,3476851000.0,,,-436730000.0,33122000.0,33122000.0,4037525000.0,298793000.0,1.688,1.478,1610960000.0,50000000.0,1560960000.0,1610960000.0,0.0,356677000.0,0.0,0.017,2.04,531640000.0,888317000.0,0.176,888317000.0,531640000.0,421881000.0,5.85,5.76,5.85,2173170000.0,,2173170000.0,,,,-25778000.0,,1.0,1012072000.0,0.2,1024954000.0,109759000.0,4807320000.0,,380078000.0,0.0,0.0,0.0,3211640000.0,1130374000.0,2081266000.0,,-3463000.0,-68216000.0,11168000.0,195637000.0,-104364000.0,102441000.0,-504946000.0,0.0,410952000.0,-230000.0,298793000.0,298793000.0,298793000.0,-22841000.0,0.0,0.059,497402000.0,514670000.0,601814000.0,0.349,,,20.195,2008988000.0,0.0,118.14,,,1466159000.0,1994098000.0,5049597000.0,5049597000.0,0.0,,,,0.105,0.0,497402000.0,1.0,,,,,4359856000.0,0.0,123088000.0,387577000.0,,777585000.0
103,RRD,MRT,1994-12-31,1994-12-31,1994-12-31,2021-09-07,,,,,,,,-425190000.0,,,3938494000.0,268603000.0,,,,,,,,313463000.0,,0.02,1.8,448497000.0,761960000.0,0.156,761960000.0,448497000.0,395004000.0,5.25,,5.25,,,,,,,-237644000.0,,1.0,950292000.0,0.194,,53493000.0,,,,,,,,,,,9853000.0,-120461000.0,-36778000.0,500951000.0,-92352000.0,371821000.0,-545651000.0,0.0,187546000.0,-3863000.0,268603000.0,268603000.0,268603000.0,0.0,0.0,0.055,490861000.0,459431000.0,,0.343,,,16.857,,0.0,88.5,,,,,4888786000.0,4888786000.0,0.0,,,,0.092,0.0,490861000.0,1.0,,,,,,,126401000.0,,,
