None,ticker,dimension,calendardate,datekey,reportperiod,lastupdated,accoci,assets,assetsavg,assetsc,assetsnc,assetturnover,bvps,capex,cashneq,cashnequsd,cor,consolinc,currentratio,de,debt,debtc,debtnc,debtusd,deferredrev,depamor,deposits,divyield,dps,ebit,ebitda,ebitdamargin,ebitdausd,ebitusd,ebt,eps,epsdil,epsusd,equity,equityavg,equityusd,ev,evebit,evebitda,fcf,fcfps,fxusd,gp,grossmargin,intangibles,intexp,invcap,invcapavg,inventory,investments,investmentsc,investmentsnc,liabilities,liabilitiesc,liabilitiesnc,marketcap,ncf,ncfbus,ncfcommon,ncfdebt,ncfdiv,ncff,ncfi,ncfinv,ncfo,ncfx,netinc,netinccmn,netinccmnusd,netincdis,netincnci,netmargin,opex,opinc,payables,payoutratio,pb,pe,pe1,ppnenet,prefdivis,price,ps,ps1,receivables,retearn,revenue,revenueusd,rnd,roa,roe,roic,ros,sbcomp,sgna,sharefactor,sharesbas,shareswa,shareswadil,sps,tangibles,taxassets,taxexp,taxliabilities,tbvps,workingcapital
0,SLR,ARY,2006-12-31,2006-11-08,2006-08-31,2019-02-25,-99200000,5373600000,5324800000,4351700000,1021900000,1.983,2.635,-175000000.0,1180500000,1180500000,10013100000.0,133200000.0,1.889,1.226,708900000,89500000,619400000,708900000,0,173500000.0,0,0.0,0.0,160400000.0,333900000.0,0.032,333900000.0,160400000.0,131900000.0,0.15,0.15,0.15,2413700000,2367675000,2413700000,2472180000,15.0,7.404,-334300000.0,-0.365,1.0,547600000.0,0.052,155200000,28500000.0,2442600000,2280400000,1516100000,0,0,0,2959900000,2304200000,655700000,2943780000,-556800000.0,-5700000.0,-221400000.0,-1400000.0,0.0,-231700000.0,-169700000.0,-15000000.0,-159300000.0,3900000.0,133200000.0,133200000.0,133200000.0,-15600000.0,0.0,0.013,449000000.0,98600000.0,1616700000,0.0,1.22,22.1,21.733,673400000,0.0,3.26,0.279,0.283,1429300000,-5073300000,10560700000.0,10560700000.0,0.0,0.025,0.056,0.07,0.015,22200000.0,433300000.0,1.0,903000000,915900000,916900000.0,11.53,5218400000,0,-1300000.0,0,5.698,2047500000
1,SLR,ARY,2005-12-31,2005-11-09,2005-08-31,2019-02-25,-124400000,5257800000,5555400000,4222900000,1034900000,1.879,2.527,-118300000.0,1722300000,1722300000,9868800000.0,3400000.0,1.908,1.151,706600000,165700000,540900000,706600000,0,193300000.0,0,0.0,0.0,75600000.0,268900000.0,0.026,268900000.0,75600000.0,19100000.0,0.0,0.0,0.0,2444200000,2508925000,2444200000,2355484000,31.0,8.76,829000000.0,0.857,1.0,572300000.0,0.055,148800000,56500000.0,1879800000,2537625000,1108500000,0,0,0,2813600000,2213500000,600100000,3371184000,270100000.0,19600000.0,6700000.0,-568500000.0,0.0,-570000000.0,-112200000.0,9400000.0,947300000.0,5000000.0,3400000.0,3400000.0,3400000.0,-13900000.0,0.0,0.0,503900000.0,68400000.0,1371200000,,1.379,991.525,,666300000,0.0,3.69,0.323,0.342,1180700000,-5206500000,10441100000.0,10441100000.0,0.0,0.001,0.001,0.03,0.007,0.0,412800000.0,1.0,913600000,967400000,967400000.0,10.793,5109000000,0,15700000.0,0,5.281,2009400000
2,SLR,ARY,2004-12-31,2004-11-05,2004-08-31,2019-02-25,-188600000,5817000000,6364775000,4666400000,1150600000,1.829,2.722,-91100000.0,1430000000,1430000000,11058000000.0,-168900000.0,2.161,1.445,1246500000,25100000,1221400000,1246500000,0,226900000.0,0,0.0,0.0,-25000000.0,201900000.0,0.017,201900000.0,-25000000.0,-169200000.0,-0.19,-0.19,-0.19,2378800000,1860250000,2378800000,5252896000,-210.0,26.017,-100000000.0,-0.114,1.0,580300000.0,0.05,134600000,144200000.0,3339800000,4085800000,1457200000,0,0,0,3438200000,2159100000,1279100000,5436396000,-13000000.0,508000000.0,111100000.0,386000000.0,0.0,-510400000.0,497100000.0,82400000.0,-8900000.0,9300000.0,-168900000.0,-168900000.0,-168900000.0,-82900000.0,0.0,-0.015,617700000.0,-37400000.0,1417300000,0.0,2.285,-32.187,-29.684,726600000,0.0,5.64,0.467,0.423,1549900000,-5209500000,11638300000.0,11638300000.0,0.0,-0.027,-0.091,-0.006,-0.002,0.0,440900000.0,1.0,963900000,873900000,873900000.0,13.318,5682400000,0,-300000.0,0,6.502,2507300000
3,SLR,ARY,2003-12-31,2003-11-14,2003-08-31,2019-02-25,-196400000,6529500000,8624175000,4953800000,1575700000,1.277,1.718,-76400000.0,1499200000,1499200000,10432000000.0,-3462000000.0,1.531,3.592,2795500000,977900000,1817600000,2795500000,0,263900000.0,0,0.0,0.0,-2670700000.0,-2406800000.0,-0.219,-2406800000.0,-2670700000.0,-2881000000.0,-4.18,-4.18,-4.18,1422000000,3111775000,1422000000,5961180000,-2.0,-2.477,230900000.0,0.279,1.0,582000000.0,0.053,185900000,210300000.0,4405000000,5758050000,1414900000,19900000,19900000,0,5107500000,3234900000,1872600000,4664880000,-323600000.0,-49300000.0,7800000.0,-91200000.0,0.0,-1022500000.0,358400000.0,366200000.0,307300000.0,33200000.0,-3462000000.0,-3462000000.0,-3462000000.0,357100000.0,0.0,-0.314,2926800000.0,-2344800000.0,1404900000,0.0,3.281,-1.347,-1.335,829000000,0.0,5.58,0.424,0.419,1570000000,-5040600000,11014000000.0,11014000000.0,69100000.0,-0.401,-1.113,-0.464,-0.242,0.0,631500000.0,1.0,836000000,827700000,827700000.0,13.307,6343600000,0,581000000.0,0,7.664,1718900000
4,SLR,ARY,2002-12-31,2002-11-13,2002-08-31,2019-02-25,-285400000,11014000000,13324300000,6660000000,4354000000,0.921,6.112,-291300000.0,2150100000,2150100000,11546200000.0,-3110200000.0,2.216,1.308,3826900000,643000000,3183900000,3826900000,0,376800000.0,0,0.0,0.0,-3333400000.0,-2956600000.0,-0.241,-2956600000.0,-3333400000.0,-3577500000.0,-3.98,-3.98,-3.98,4772700000,6226700000,4772700000,4435640000,-1.0,-1.5,1838000000.0,2.354,1.0,730000000.0,0.059,2163900000,244100000.0,7521700000,8537025000,1870000000,99700000,99700000,0,6241300000,3005200000,3236100000,2758840000,-700400000.0,-398500000.0,34300000.0,903200000.0,0.0,-1915700000.0,-893600000.0,-157400000.0,2129300000.0,-20400000.0,-3110200000.0,-3110200000.0,-3110200000.0,0.0,0.0,-0.253,4209200000.0,-3479200000.0,1509500000,0.0,0.578,-0.887,-0.839,1173000000,0.0,3.34,0.225,0.212,1788200000,-1578600000,12276200000.0,12276200000.0,74800000.0,-0.233,-0.499,-0.39,-0.272,3600000.0,827700000.0,1.0,826000000,780900000,780900000.0,15.721,8850100000,0,-467300000.0,0,11.333,3654800000
5,SLR,ARY,2001-12-31,2001-11-15,2001-08-31,2019-02-25,-259200000,12930400000,13713600000,8704100000,4226300000,1.363,8.025,-438100000.0,2790100000,2790100000,17206200000.0,-123500000.0,3.237,1.51,5333700000,306200000,5027500000,5333700000,0,536100000.0,0,0.0,0.0,18300000.0,554400000.0,0.03,554400000.0,18300000.0,-157700000.0,-0.19,-0.19,-0.19,5150700000,5325275000,5150700000,11573307418,632.0,20.875,189500000.0,0.295,1.0,1486100000.0,0.08,1987200000,176000000.0,10797500000,11289050000,3209900000,0,0,0,7779700000,2689300000,5090400000,9029707418,1006900000.0,-2542700000.0,1479100000.0,1470100000.0,0.0,2969800000.0,-2478400000.0,652300000.0,627600000.0,-112100000.0,-123500000.0,-123500000.0,-123500000.0,0.0,0.0,-0.007,1584700000.0,-98600000.0,1786100000,0.0,1.753,-73.115,-72.368,1304700000,0.0,13.75,0.483,0.472,2443600000,1531600000,18692300000.0,18692300000.0,69900000.0,-0.009,-0.023,0.002,0.001,40500000.0,827900000.0,1.0,656705994,641800000,641800000.0,29.125,10943200000,0,-34200000.0,0,17.051,6014800000
6,SLR,ARY,2000-12-31,2000-11-13,2000-08-31,2019-02-25,-114400000,10375600000,7669775000,8628200000,1747400000,1.843,6.343,-1515000000.0,2434100000,2434100000,12862200000.0,497200000.0,2.682,1.729,3388700000,69200000,3319500000,3388700000,0,251400000.0,0,0.0,0.0,807600000.0,1059000000.0,0.075,1059000000.0,807600000.0,736000000.0,0.83,0.8,0.83,3802100000,3417825000,3802100000,22620178691,28.0,21.36,-1857700000.0,-3.099,1.0,1275300000.0,0.09,0,71600000.0,8113400000,5540450000,3787300000,0,0,0,6573500000,3216800000,3356700000,21665578691,58100000.0,0.0,133100000.0,2312400000.0,-1400000.0,2474000000.0,-2066700000.0,-516600000.0,-342700000.0,-6500000.0,497200000.0,497200000.0,497200000.0,0.0,0.0,0.035,571100000.0,704200000.0,2694100000,0.0,5.698,43.575,42.997,1080400000,0.0,35.688,1.532,1.513,2146300000,1656800000,14137500000.0,14137500000.0,60800000.0,0.065,0.145,0.146,0.057,60100000.0,472400000.0,1.0,607091522,599400000,623500000.0,23.586,10375600000,0,238800000.0,0,17.31,5411400000
7,SLR,ARY,1999-12-31,1999-11-22,1999-08-31,2019-02-25,-88500000,4834700000,3596350000,3994100000,840600000,2.333,5.67,-509200000.0,1688400000,1688400000,7614600000.0,293900000.0,3.588,0.731,944000000,21400000,922600000,944000000,0,183200000.0,0,0.0,0.0,468800000.0,652000000.0,0.078,652000000.0,468800000.0,432300000.0,0.595,0.565,0.595,2793100000,1744225000,2793100000,22249350626,47.0,34.125,-471200000.0,-0.957,1.0,776800000.0,0.093,0,36500000.0,2977100000,2619875000,1080100000,0,0,0,2041600000,1113200000,928400000,22993750626,1100400000.0,0.0,1125400000.0,752300000.0,0.0,1877200000.0,-819400000.0,-279200000.0,38000000.0,4600000.0,293900000.0,293900000.0,293900000.0,0.0,0.0,0.035,337900000.0,438900000.0,902600000,0.0,8.232,78.237,71.061,653600000,0.0,42.281,2.74,2.482,1118300000,971200000,8391400000.0,8391400000.0,28200000.0,0.082,0.168,0.179,0.056,30800000.0,309700000.0,1.0,543828544,492600000,527000000.0,17.035,4834700000,0,138400000.0,0,9.815,2880900000
8,SLR,ARY,1998-12-31,1998-11-13,1998-08-31,2019-02-25,-6984000,2410568000,2160357500,1887558000,523010000,2.448,2.55,-384568000.0,308804000,308804000,4749988000.0,198824000.0,2.245,1.041,385519000,0,385519000,385519000,0,124200000.0,0,0.0,0.0,323742000.0,447942000.0,0.085,447942000.0,323742000.0,298983000.0,0.43,0.412,0.43,1181326000,1069284750,1181326000,7555134969,23.0,16.866,-234783000.0,-0.507,1.0,538306000.0,0.102,0,24759000.0,1646449000,1471735000,788519000,0,0,0,1229242000,840834000,388408000,7478419969,155000.0,0.0,50328000.0,-1205000.0,0.0,46939000.0,-199180000.0,174254000.0,149785000.0,2611000.0,198824000.0,198824000.0,198824000.0,0.0,0.0,0.038,239317000.0,298989000.0,666557000,0.0,6.331,37.613,36.664,448039000,0.0,15.766,1.414,1.381,670194000,677436000,5288294000.0,5288294000.0,20940000.0,0.092,0.186,0.22,0.061,9338000.0,218377000.0,1.0,474349580,463332000,506268000.0,11.414,2410568000,0,100159000.0,0,5.203,1046724000
0,SLR,ARQ,2007-06-30,2007-07-11,2007-06-01,2019-02-25,-77600000,5903100000,,4885800000,1017300000,,2.763,-36800000.0,1195100000,1195100000,2833900000.0,12100000.0,1.761,1.377,673800000,64000000,609800000,673800000,0,41100000.0,0,0.0,0.0,25800000.0,66900000.0,0.022,66900000.0,25800000.0,20300000.0,0.01,0.01,0.01,2483100000,,2483100000,2924178083,27.0,10.599,79500000.0,0.088,1.0,151400000.0,0.051,159100000,5500000.0,2448700000,,1830800000,0,0,0,3420000000,2774000000,646000000,3445478083,109500000.0,-5200000.0,-100000.0,32800000.0,0.0,32700000.0,-42000000.0,0.0,116300000.0,2500000.0,12100000.0,12100000.0,12100000.0,100000.0,0.0,0.004,133000000.0,18400000.0,2070200000,0.0,1.388,49.081,47.125,737400000,0.0,3.77,0.292,0.287,1493600000,-5039900000,2985300000.0,2985300000.0,0.0,,,,,6300000.0,112100000.0,1.0,913919916,898600000,904700000.0,3.322,5744000000,0,8200000.0,0,6.392,2111800000
1,SLR,ARQ,2007-03-31,2007-04-11,2007-03-02,2019-02-25,-94100000,5641200000,,4619100000,1022100000,,2.732,-43300000.0,1085600000,1085600000,2749100000.0,15300000.0,1.818,1.304,641100000,25100000,616000000,641100000,0,41400000.0,0,0.0,0.0,24800000.0,66200000.0,0.023,66200000.0,24800000.0,19700000.0,0.02,0.02,0.02,2448200000,,2448200000,2337692726,19.0,8.05,31100000.0,0.035,1.0,152800000.0,0.053,155900000,5100000.0,2500500000,,1799500000,0,0,0,3193000000,2540300000,652700000,2782192726,44400000.0,-12900000.0,4100000.0,-900000.0,0.0,5100000.0,-35800000.0,20400000.0,74400000.0,700000.0,15300000.0,15300000.0,15300000.0,300000.0,0.0,0.005,135100000.0,17700000.0,1891000000,0.0,1.136,27.794,25.5,741400000,0.0,3.06,0.242,0.238,1390600000,-5052000000,2901900000.0,2901900000.0,0.0,,,,,7700000.0,116700000.0,1.0,909213309,896000000,899400000.0,3.239,5485300000,0,4400000.0,0,6.122,2078800000
2,SLR,ARQ,2006-12-31,2006-12-29,2006-11-30,2019-02-25,-98000000,5470700000,,4461300000,1009400000,,2.7,-34200000.0,1061600000,1061600000,2849700000.0,6000000.0,1.861,1.263,641900000,23100000,618800000,641900000,0,42000000.0,0,0.0,0.0,13700000.0,55700000.0,0.019,55700000.0,13700000.0,6400000.0,0.01,0.01,0.01,2417400000,,2417400000,2491312210,18.0,8.052,-43100000.0,-0.048,1.0,149400000.0,0.05,155100000,7300000.0,2498800000,,1599200000,0,0,0,3053300000,2397100000,656200000,2911012210,-101600000.0,0.0,-9600000.0,-67100000.0,0.0,-76100000.0,-16900000.0,17300000.0,-8900000.0,300000.0,6000000.0,6000000.0,6000000.0,600000.0,0.0,0.002,144400000.0,5000000.0,1698900000,0.0,1.204,25.269,24.769,739200000,0.0,3.22,0.262,0.26,1500800000,-5067300000,2999100000.0,2999100000.0,0.0,,,,,6100000.0,109800000.0,1.0,904041059,895400000,897400000.0,3.349,5315600000,0,400000.0,0,5.937,2064200000
3,SLR,ARQ,2006-09-30,2006-11-08,2006-08-31,2019-02-25,-99200000,5373600000,,4351700000,1021900000,,2.638,-27800000.0,1180500000,1180500000,2751300000.0,36800000.0,1.889,1.226,708900000,89500000,619400000,708900000,0,43100000.0,0,0.0,0.0,44000000.0,87100000.0,0.03,87100000.0,44000000.0,36300000.0,0.04,0.04,0.04,2413700000,,2413700000,2472180000,15.0,7.404,-74000000.0,-0.081,1.0,150800000.0,0.052,155200000,7700000.0,2442600000,,1516100000,0,0,0,2959900000,2304200000,655700000,2943780000,-87000000.0,0.0,-21100000.0,2600000.0,0.0,-18500000.0,-26200000.0,1600000.0,-46200000.0,3900000.0,36800000.0,36800000.0,36800000.0,1100000.0,0.0,0.013,115200000.0,35600000.0,1616700000,0.0,1.22,22.1,21.733,673400000,0.0,3.26,0.279,0.283,1429300000,-5073300000,2902100000.0,2902100000.0,0.0,,,,,5300000.0,109400000.0,1.0,903000000,915000000,916000000.0,3.172,5218400000,0,-500000.0,0,5.703,2047500000
4,SLR,ARQ,2006-06-30,2006-06-30,2006-05-31,2019-02-25,-92700000,5434000000,,4373600000,1060400000,,2.642,-41900000.0,1269100000,1269100000,2560400000.0,42000000.0,1.878,1.265,706400000,78900000,627500000,706400000,0,42900000.0,0,0.0,0.0,38500000.0,81400000.0,0.03,81400000.0,38500000.0,31300000.0,0.05,0.05,0.05,2399100000,,2399100000,2542221484,18.0,7.999,-76800000.0,-0.085,1.0,142200000.0,0.053,152400000,7200000.0,2389900000,,1480400000,0,0,0,3034900000,2329000000,705900000,3104921484,-267600000.0,-14600000.0,-25000000.0,-152200000.0,0.0,-175200000.0,-57500000.0,-9900000.0,-34900000.0,0.0,42000000.0,42000000.0,42000000.0,400000.0,0.0,0.016,115600000.0,26600000.0,1617800000,0.0,1.294,28.776,28.5,691400000,0.0,3.42,0.309,0.309,1351100000,-5110100000,2702600000.0,2702600000.0,0.0,,,,,6700000.0,112200000.0,1.0,907871779,908100000,909600000.0,2.976,5281600000,0,-10700000.0,0,5.816,2044600000
5,SLR,ARQ,2006-03-31,2006-04-05,2006-02-28,2019-02-25,-115400000,5334900000,,4283800000,1051100000,,2.589,-47600000.0,1526800000,1526800000,2370600000.0,30400000.0,1.884,1.267,856500000,228500000,628000000,856500000,0,42400000.0,0,0.0,0.0,42800000.0,85200000.0,0.034,85200000.0,42800000.0,35900000.0,0.03,0.03,0.03,2353100000,,2353100000,3014855302,58.0,12.928,-12000000.0,-0.013,1.0,129000000.0,0.052,147600000,6900000.0,2242800000,,1346100000,0,0,0,2981800000,2274200000,707600000,3685155302,157600000.0,6800000.0,4500000.0,148600000.0,0.0,144200000.0,-22100000.0,1600000.0,35600000.0,-100000.0,30400000.0,30400000.0,30400000.0,-13300000.0,0.0,0.012,109900000.0,19100000.0,1430300000,0.0,1.566,2047.309,,681700000,0.0,4.03,0.37,0.368,1177700000,-5152100000,2499600000.0,2499600000.0,0.0,,,,,5500000.0,104300000.0,1.0,914430596,908800000,909700000.0,2.75,5187300000,0,5500000.0,0,5.708,2009600000
6,SLR,ARQ,2005-12-31,2006-01-04,2005-11-30,2019-02-25,-124000000,5156700000,,4105100000,1051600000,,2.491,-57700000.0,1370800000,1370800000,2330800000.0,24000000.0,1.787,1.237,705300000,227100000,478200000,705300000,0,45100000.0,0,0.0,0.0,35100000.0,80200000.0,0.033,80200000.0,35100000.0,28400000.0,0.03,0.03,0.03,2304800000,,2304800000,2709227263,89.0,12.303,-171500000.0,-0.185,1.0,125600000.0,0.051,147400000,6700000.0,2046300000,,1232900000,0,0,0,2851900000,2297500000,554400000,3374727263,-359800000.0,2100000.0,-179800000.0,-400000.0,0.0,-182200000.0,-63900000.0,-8300000.0,-113800000.0,100000.0,24000000.0,24000000.0,24000000.0,-3800000.0,0.0,0.01,106400000.0,19200000.0,1388400000,0.0,1.464,-109.569,-123.0,681600000,0.0,3.69,0.331,0.334,1287000000,-5182500000,2456400000.0,2456400000.0,0.0,,,,,4700000.0,107400000.0,1.0,914560234,925200000,925900000.0,2.655,5009300000,0,4400000.0,0,5.414,1807600000
7,SLR,ARQ,2005-09-30,2005-11-09,2005-08-31,2019-02-25,-124400000,5257800000,,4222900000,1034900000,,2.534,-26500000.0,1722300000,1722300000,2274200000.0,11500000.0,1.908,1.151,706600000,165700000,540900000,706600000,0,48700000.0,0,0.0,0.0,22300000.0,71000000.0,0.03,71000000.0,22300000.0,16100000.0,0.01,0.01,0.01,2444200000,,2444200000,2355484000,31.0,8.76,218000000.0,0.226,1.0,124300000.0,0.052,148800000,6200000.0,1879800000,,1108500000,0,0,0,2813600000,2213500000,600100000,3371184000,140500000.0,-10400000.0,-64400000.0,-500000.0,0.0,-64900000.0,-36900000.0,0.0,244500000.0,-2200000.0,11500000.0,11500000.0,11500000.0,300000.0,0.0,0.005,67500000.0,56800000.0,1371200000,0.0,1.379,991.525,,666300000,0.0,3.69,0.323,0.342,1180700000,-5206500000,2398500000.0,2398500000.0,0.0,,,,,0.0,102800000.0,1.0,913600000,964400000,964400000.0,2.487,5109000000,0,4600000.0,0,5.298,2009400000
8,SLR,ARQ,2005-06-30,2005-07-06,2005-05-31,2019-02-25,-123200000,5302900000,,4253600000,1049300000,,2.564,-35000000.0,1586300000,1586300000,2461400000.0,-64100000.0,1.931,1.114,706900000,166000000,540900000,706900000,0,45000000.0,0,0.0,0.0,-48200000.0,-3200000.0,-0.001,-3200000.0,-48200000.0,-65500000.0,-0.07,-0.07,-0.07,2508800000,,2508800000,2679013077,46.0,10.494,191200000.0,0.195,1.0,134600000.0,0.052,135800000,17300000.0,2084600000,,1187000000,0,0,0,2794100000,2203100000,591000000,3558413077,-395000000.0,0.0,100000.0,-551500000.0,0.0,-559100000.0,-58600000.0,-23600000.0,226200000.0,-3500000.0,-64100000.0,-64100000.0,-64100000.0,-2600000.0,0.0,-0.025,198000000.0,-63400000.0,1363200000,0.0,1.418,-278.001,,678700000,0.0,3.66,0.322,0.324,1290200000,-5218000000,2596000000.0,2596000000.0,0.0,,,,,0.0,109700000.0,1.0,972244010,978400000,978400000.0,2.653,5167100000,0,-1400000.0,0,5.281,2050500000
9,SLR,ARQ,2005-03-31,2005-04-14,2005-02-28,2019-02-25,-122300000,5855600000,,4778200000,1077400000,,2.634,-28600000.0,1957700000,1957700000,2598100000.0,-2200000.0,2.358,1.276,1227200000,19200000,1208000000,1227200000,0,51100000.0,0,0.0,0.0,21100000.0,72200000.0,0.026,72200000.0,21100000.0,4400000.0,0.0,0.0,0.0,2573300000,,2573300000,2652781762,16.0,7.027,249500000.0,0.255,1.0,157900000.0,0.057,135800000,16700000.0,2962500000,,1241600000,0,0,0,3282300000,2026800000,1255500000,3383281762,271100000.0,0.0,5500000.0,-1400000.0,0.0,3600000.0,-11600000.0,17000000.0,278100000.0,1000000.0,-2200000.0,-2200000.0,-2200000.0,-900000.0,0.0,-0.001,146800000.0,11100000.0,1382000000,,1.315,46.602,38.667,694800000,0.0,3.48,0.294,0.296,1388700000,-5153900000,2756000000.0,2756000000.0,0.0,,,,,0.0,104700000.0,1.0,972207403,977100000,977100000.0,2.821,5719800000,0,6600000.0,0,5.854,2751400000
10,SLR,ARQ,2004-12-31,2005-01-05,2004-11-30,2019-02-25,-180400000,5805300000,,4699900000,1105400000,,2.605,-28200000.0,1680200000,1680200000,2534400000.0,55900000.0,2.346,1.313,1236600000,21200000,1215400000,1236600000,0,48500000.0,0,0.0,0.0,76900000.0,125400000.0,0.047,125400000.0,76900000.0,60600000.0,0.06,0.06,0.06,2509400000,,2509400000,4469975218,36.0,13.093,167000000.0,0.173,1.0,156200000.0,0.058,134600000,16300000.0,3223600000,,1405300000,0,0,0,3295900000,2003500000,1292400000,4913575218,250200000.0,30000000.0,65500000.0,-15100000.0,0.0,50400000.0,-5100000.0,16000000.0,195200000.0,9700000.0,55900000.0,55900000.0,55900000.0,-9000000.0,0.0,0.021,94100000.0,62100000.0,1343100000,0.0,1.958,722.585,506.0,711800000,0.0,5.06,0.422,0.419,1429500000,-5153600000,2690600000.0,2690600000.0,0.0,,,,,0.0,95500000.0,1.0,971062296,963200000,967400000.0,2.793,5670700000,0,4700000.0,0,5.887,2696400000
11,SLR,ARQ,2004-09-30,2004-11-05,2004-08-31,2019-02-25,-188600000,5817000000,,4666400000,1150600000,,2.483,-43800000.0,1430000000,1430000000,2851700000.0,-2400000.0,2.161,1.445,1246500000,25100000,1221400000,1246500000,0,52800000.0,0,0.0,0.0,8100000.0,60900000.0,0.02,60900000.0,8100000.0,-6000000.0,0.01,0.01,0.01,2378800000,,2378800000,5252896000,-210.0,26.017,80500000.0,0.084,1.0,162500000.0,0.054,134600000,14100000.0,3339800000,,1457200000,0,0,0,3438200000,2159100000,1279100000,5436396000,261000000.0,124600000.0,6200000.0,1015300000.0,0.0,8000000.0,104600000.0,21000000.0,124300000.0,-800000.0,-2400000.0,-2400000.0,-2400000.0,-42100000.0,0.0,-0.001,115200000.0,47300000.0,1417300000,0.0,2.285,-32.187,-29.684,726600000,0.0,5.64,0.467,0.423,1549900000,-5209500000,3014200000.0,3014200000.0,0.0,,,,,0.0,113100000.0,1.0,963900000,958200000,958200000.0,3.146,5682400000,0,-3600000.0,0,5.93,2507300000
12,SLR,ARQ,2004-06-30,2004-07-02,2004-05-31,2019-02-25,-174400000,5964900000,,4687500000,1277400000,,2.744,-12700000.0,1212100000,1212100000,2880700000.0,21300000.0,2.018,1.503,1253000000,25500000,1227500000,1253000000,0,55600000.0,0,0.0,0.0,63400000.0,119000000.0,0.039,119000000.0,63400000.0,21600000.0,0.02,0.02,0.02,2382700000,,2382700000,6003241656,-26.0,-322.755,39400000.0,0.045,1.0,159200000.0,0.052,134600000,41800000.0,3548300000,,1577200000,0,0,0,3582200000,2322900000,1259300000,5962341656,-227300000.0,279200000.0,83700000.0,-1050600000.0,0.0,-960900000.0,720300000.0,431500000.0,52100000.0,-4100000.0,21300000.0,21300000.0,21300000.0,-86700000.0,0.0,0.007,187300000.0,-28100000.0,1532300000,0.0,2.502,-17.252,-15.122,734600000,0.0,6.2,0.549,0.495,1616400000,-5207100000,3039900000.0,3039900000.0,0.0,,,,,0.0,103900000.0,1.0,961668009,868300000,868300000.0,3.501,5830300000,0,300000.0,0,6.715,2364600000
13,SLR,ARQ,2004-03-31,2004-04-09,2004-02-28,2019-02-25,-139500000,6979500000,,5581500000,1398000000,,1.564,-23200000.0,1839900000,1839900000,2756300000.0,-68000000.0,1.668,4.34,3252400000,971400000,2281000000,3252400000,0,59200000.0,0,0.0,0.0,-23100000.0,36100000.0,0.013,36100000.0,-23100000.0,-67500000.0,-0.08,-0.08,-0.08,1307000000,,1307000000,6268646197,-2.0,-2.616,-94200000.0,-0.113,1.0,131100000.0,0.045,134600000,44400000.0,4911100000,,1510100000,0,0,0,5672500000,3346300000,2326200000,4856146197,58400000.0,104200000.0,8600000.0,445700000.0,0.0,454300000.0,-342500000.0,-408300000.0,-71000000.0,7900000.0,-68000000.0,-68000000.0,-68000000.0,-21700000.0,0.0,-0.024,179500000.0,-48400000.0,1406700000,0.0,3.715,-1.4,-1.388,740400000,0.0,5.79,0.456,0.455,1529500000,-5228400000,2887400000.0,2887400000.0,0.0,,,,,0.0,109200000.0,1.0,838712642,835600000,835600000.0,3.455,6844900000,0,500000.0,0,8.192,2235200000
14,SLR,ARQ,2003-12-31,2004-01-12,2003-11-30,2019-02-25,-139000000,6697700000,,5179300000,1518400000,,1.646,-11400000.0,1371800000,1371800000,2569300000.0,-119800000.0,1.506,3.88,2791600000,959500000,1832100000,2791600000,0,59300000.0,0,0.0,0.0,-73400000.0,-14100000.0,-0.005,-14100000.0,-73400000.0,-117300000.0,-0.14,-0.14,-0.14,1372500000,,1372500000,7567707875,-3.0,-3.077,-125700000.0,-0.151,1.0,127500000.0,0.047,134600000,43900000.0,4544000000,,1472400000,0,0,0,5325200000,3438900000,1886300000,6147907875,-105100000.0,0.0,12600000.0,-24400000.0,0.0,-11800000.0,14700000.0,38200000.0,-114300000.0,6300000.0,-119800000.0,-119800000.0,-119800000.0,67600000.0,0.0,-0.044,135700000.0,-8200000.0,1500700000,0.0,4.479,-1.751,-1.742,773900000,0.0,7.35,0.581,0.579,1591300000,-5160400000,2696800000.0,2696800000.0,0.0,,,,,0.0,114700000.0,1.0,836450051,833600000,833600000.0,3.235,6563100000,0,2500000.0,0,7.873,1740400000
15,SLR,ARQ,2003-09-30,2003-11-14,2003-08-31,2019-02-25,-196400000,6529500000,,4953800000,1575700000,,1.714,-2700000.0,1499200000,1499200000,2190100000.0,-179100000.0,1.531,3.592,2795500000,977900000,1817600000,2795500000,0,35900000.0,0,0.0,0.0,-195500000.0,-159600000.0,-0.071,-159600000.0,-195500000.0,-242400000.0,-0.21,-0.21,-0.21,1422000000,,1422000000,5961180000,-2.0,-2.477,-52300000.0,-0.063,1.0,54200000.0,0.024,185900000,46900000.0,4405000000,,1414900000,19900000,19900000,0,5107500000,3234900000,1872600000,4664880000,-96800000.0,0.0,7800000.0,-2900000.0,0.0,-139500000.0,107800000.0,40900000.0,-49600000.0,-15500000.0,-179100000.0,-179100000.0,-179100000.0,357100000.0,0.0,-0.08,-102200000.0,156400000.0,1404900000,0.0,3.281,-1.347,-1.335,829000000,0.0,5.58,0.424,0.419,1570000000,-5040600000,2244300000.0,2244300000.0,2900000.0,,,,,0.0,81600000.0,1.0,836000000,829500000,829500000.0,2.706,6343600000,0,-63300000.0,0,7.647,1718900000
16,SLR,ARQ,2003-06-30,2003-07-11,2003-05-31,2019-02-25,-135900000,6963000000,,5298800000,1664200000,,1.997,-25700000.0,1690700000,1690700000,2651900000.0,-3101200000.0,1.583,3.206,3030800000,1146400000,1884400000,3030800000,0,69700000.0,0,0.0,0.0,-2328500000.0,-2258800000.0,-0.802,-2258800000.0,-2328500000.0,-2380400000.0,-3.74,-3.74,-3.74,1655500000,,1655500000,5290016097,-1.0,-1.061,46200000.0,0.056,1.0,163600000.0,0.058,277900000,51900000.0,4678300000,,1551300000,0,0,0,5307500000,3346900000,1960600000,3949916097,-405600000.0,0.0,0.0,4400000.0,0.0,-508300000.0,10500000.0,36200000.0,71900000.0,20300000.0,-3101200000.0,-3101200000.0,-3101200000.0,0.0,0.0,-1.101,2500100000.0,-2336500000.0,1310700000,0.0,2.386,-0.666,-0.649,936200000,0.0,4.76,0.332,0.332,1641900000,-4861500000,2815500000.0,2815500000.0,22700000.0,,,,,0.0,172300000.0,1.0,829814306,828800000,828800000.0,3.397,6685100000,0,720800000.0,0,8.066,1951900000
17,SLR,ARQ,2003-03-31,2003-04-14,2003-02-28,2019-02-25,-242800000,10396200000,,6056200000,4340000000,,5.616,-21800000.0,2132400000,2132400000,2690000000.0,-110800000.0,2.192,1.237,3501900000,555100000,2946800000,3501900000,0,76800000.0,0,0.0,0.0,-103400000.0,-26600000.0,-0.009,-26600000.0,-103400000.0,-158400000.0,-0.13,-0.13,-0.13,4648200000,,4648200000,3892077973,-1.0,-1.312,270400000.0,0.327,1.0,127600000.0,0.045,2203700000,55000000.0,6798800000,,1640500000,0,0,0,5748000000,2763200000,2984800000,2522577973,223100000.0,-18900000.0,0.0,-6800000.0,0.0,-136700000.0,48800000.0,88300000.0,292200000.0,18800000.0,-110800000.0,-110800000.0,-110800000.0,0.0,0.0,-0.039,238800000.0,-111200000.0,1455900000,0.0,0.543,-0.81,-0.77,1068000000,0.0,3.04,0.208,0.208,1669100000,-1760300000,2817600000.0,2817600000.0,21400000.0,,,,,0.0,175300000.0,1.0,829795386,827600000,827600000.0,3.405,8192500000,0,-47600000.0,0,9.899,3293000000
18,SLR,ARQ,2002-12-31,2003-01-09,2002-11-30,2019-02-25,-270600000,10608000000,,6314200000,4293800000,,5.719,-26200000.0,1997600000,1997600000,2900000000.0,-70900000.0,2.237,1.247,3558500000,548400000,3010100000,3558500000,0,81500000.0,0,0.0,0.0,-43300000.0,38200000.0,0.012,38200000.0,-43300000.0,-99800000.0,-0.09,-0.09,-0.09,4721400000,,4721400000,5047546455,-2.0,-1.688,-33400000.0,-0.04,1.0,236600000.0,0.075,2196800000,56500000.0,7150100000,,1809000000,0,0,0,5886600000,2822000000,3064600000,3486646455,-44300000.0,-30400000.0,0.0,-85900000.0,0.0,-238000000.0,191300000.0,200800000.0,-7200000.0,9600000.0,-70900000.0,-70900000.0,-70900000.0,0.0,0.0,-0.023,290100000.0,-53500000.0,1472100000,0.0,0.738,-1.114,-1.063,1081700000,0.0,4.22,0.284,0.284,1858700000,-1649500000,3136600000.0,3136600000.0,22100000.0,,,,,0.0,202300000.0,1.0,826219539,825500000,825500000.0,3.8,8411200000,0,-28900000.0,0,10.189,3492200000
19,SLR,ARQ,2002-09-30,2002-11-13,2002-08-31,2019-02-25,-285400000,11014000000,,6660000000,4354000000,,5.832,-23000000.0,2150100000,2150100000,2999600000.0,-2647300000.0,2.216,1.308,3826900000,643000000,3183900000,3826900000,0,77300000.0,0,0.0,0.0,-2815500000.0,-2738200000.0,-0.879,-2738200000.0,-2815500000.0,-2882200000.0,-3.38,-3.38,-3.38,4772700000,,4772700000,4435640000,-1.0,-1.5,125200000.0,0.153,1.0,117000000.0,0.038,2163900000,66700000.0,7521700000,,1870000000,99700000,99700000,0,6241300000,3005200000,3236100000,2758840000,-714600000.0,-65000000.0,8700000.0,-98800000.0,0.0,-1060500000.0,164300000.0,-158600000.0,148200000.0,33400000.0,-2647300000.0,-2647300000.0,-2647300000.0,0.0,0.0,-0.849,2991300000.0,-2874300000.0,1509500000,0.0,0.578,-0.887,-0.839,1173000000,0.0,3.34,0.225,0.212,1788200000,-1578600000,3116600000.0,3116600000.0,20700000.0,,,,,100000.0,224900000.0,1.0,826000000,818400000,818400000.0,3.808,8850100000,0,-234900000.0,0,10.814,3654800000
20,SLR,ARQ,2002-06-30,2002-07-10,2002-05-31,2019-02-25,-292100000,14878400000,,8054100000,6824300000,,8.993,-214800000.0,3232300000,3232300000,2821600000.0,-284400000.0,1.951,1.01,4901000000,1650200000,3250800000,4901000000,0,90600000.0,0,0.0,0.0,-331100000.0,-240500000.0,-0.079,-240500000.0,-331100000.0,-403300000.0,-0.35,-0.35,-0.35,7402800000,,7402800000,5936240716,-7.0,-16.304,63500000.0,0.077,1.0,211200000.0,0.07,4506100000,72200000.0,7912000000,,2098700000,0,0,0,7475600000,4129000000,3346600000,4267540716,276100000.0,-118400000.0,4300000.0,-28500000.0,0.0,-38400000.0,-50000000.0,83800000.0,278300000.0,86200000.0,-284400000.0,-284400000.0,-284400000.0,0.0,0.0,-0.094,558900000.0,-347700000.0,1552500000,0.0,0.576,-5.984,-5.34,1439600000,0.0,5.18,0.335,0.334,2016700000,1068700000,3032800000.0,3032800000.0,20400000.0,,,,,600000.0,225100000.0,1.0,823849559,823200000,823200000.0,3.684,10372300000,0,-118900000.0,0,12.6,3925100000
21,SLR,ARQ,2002-03-31,2002-04-12,2002-02-28,2019-02-25,-380200000,14900600000,,8217800000,6682800000,,9.28,-16600000.0,3253200000,3253200000,2773900000.0,-126000000.0,3.138,0.963,4801200000,219800000,4581400000,4801200000,0,106300000.0,0,0.0,0.0,-156200000.0,-49900000.0,-0.017,-49900000.0,-156200000.0,-218700000.0,-0.15,-0.15,-0.15,7590700000,,7590700000,7769216663,-11.0,-39.478,919400000.0,1.124,1.0,200700000.0,0.067,4437100000,62500000.0,9392600000,,2339400000,0,0,0,7309900000,2618900000,4691000000,6221216663,-332900000.0,106400000.0,17300000.0,1056400000.0,0.0,-572400000.0,-633800000.0,-57000000.0,936000000.0,-62700000.0,-126000000.0,-126000000.0,-126000000.0,0.0,0.0,-0.042,409400000.0,-208700000.0,1581300000,0.0,0.82,-10.124,-8.4,1392800000,0.0,7.56,0.454,0.451,2223400000,1353100000,2974600000.0,2974600000.0,21200000.0,,,,,100000.0,213500000.0,1.0,822912257,818000000,818000000.0,3.636,10463500000,0,-92700000.0,0,12.792,5598900000
22,SLR,ARQ,2001-12-31,2002-01-11,2001-11-30,2019-02-25,-336400000,12504200000,,7944600000,4559600000,,7.745,-36900000.0,2886800000,2886800000,2951100000.0,-52500000.0,2.607,1.432,5122800000,888500000,4234300000,5122800000,0,102600000.0,0,0.0,0.0,-30600000.0,72000000.0,0.023,72000000.0,-30600000.0,-73300000.0,-0.08,-0.08,-0.08,5140600000,,5140600000,11186052840,-34.0,49.019,729900000.0,1.1,1.0,201100000.0,0.064,2370800000,42700000.0,9321800000,,2751500000,0,0,0,7363600000,3047600000,4316000000,8950052840,71000000.0,-321500000.0,4000000.0,-25900000.0,0.0,-244400000.0,-374100000.0,-25600000.0,766800000.0,-77300000.0,-52500000.0,-52500000.0,-52500000.0,0.0,0.0,-0.017,249600000.0,-48500000.0,1522500000,0.0,1.741,-24.414,-20.804,1287200000,0.0,11.65,0.554,0.479,2013800000,1478800000,3152200000.0,3152200000.0,12500000.0,,,,,2800000.0,164200000.0,1.0,768244879,663700000,663700000.0,4.749,10133400000,0,-20800000.0,0,15.268,4897000000
23,SLR,ARQ,2001-09-30,2001-11-15,2001-08-31,2019-02-25,-259200000,12930400000,,8704100000,4226300000,,7.846,-66800000.0,2790100000,2790100000,3387400000.0,-250300000.0,3.237,1.51,5333700000,306200000,5027500000,5333700000,0,146300000.0,0,0.0,0.0,-292000000.0,-145700000.0,-0.041,-145700000.0,-292000000.0,-340000000.0,-0.39,-0.38,-0.39,5150700000,,5150700000,11573307418,632.0,20.875,791100000.0,1.205,1.0,207500000.0,0.058,1987200000,48000000.0,10797500000,,3209900000,0,0,0,7779700000,2689300000,5090400000,9029707418,636400000.0,-67300000.0,-4700000.0,-66000000.0,0.0,-67100000.0,-111800000.0,23700000.0,857900000.0,-42600000.0,-250300000.0,-250300000.0,-250300000.0,0.0,0.0,-0.07,520500000.0,-313000000.0,1786100000,0.0,1.753,-73.115,-72.368,1304700000,0.0,13.75,0.483,0.472,2443600000,1531600000,3594900000.0,3594900000.0,14100000.0,,,,,400000.0,247100000.0,1.0,656705994,656500000,607900000.0,5.476,10943200000,0,-89700000.0,0,16.669,6014800000
24,SLR,ARQ,2001-06-30,2001-07-13,2001-05-31,2019-02-25,-220500000,13292500000,,9081700000,4210800000,,8.271,-31200000.0,2175900000,2175900000,3677700000.0,-185700000.0,3.189,1.457,5314800000,337600000,4977200000,5314800000,0,158600000.0,0,0.0,0.0,-231800000.0,-73200000.0,-0.018,-73200000.0,-231800000.0,-280000000.0,-0.28,-0.28,-0.28,5410000000,,5410000000,13567391185,23.0,12.827,415200000.0,0.635,1.0,305700000.0,0.077,1985200000,48200000.0,11598100000,,4201700000,0,0,0,7882500000,2848100000,5034400000,10428491185,440400000.0,-2400000.0,10200000.0,-26400000.0,0.0,-11800000.0,58800000.0,83600000.0,446400000.0,-53000000.0,-185700000.0,-185700000.0,-185700000.0,0.0,0.0,-0.047,560200000.0,-254500000.0,2040500000,0.0,1.928,35.812,31.137,1381100000,0.0,15.88,0.521,0.519,2391400000,1781900000,3983400000.0,3983400000.0,19500000.0,,,,,3600000.0,203100000.0,1.0,656705994,654100000,654100000.0,6.09,11307300000,0,-94300000.0,0,17.287,6233600000
25,SLR,ARQ,2001-03-31,2001-04-13,2001-02-28,2019-02-25,-148400000,14605000000,,10195600000,4409400000,,8.62,-104100000.0,1819100000,1819100000,4930300000.0,121900000.0,2.55,1.613,5304200000,355100000,4949100000,5304200000,0,146000000.0,0,0.0,0.0,229100000.0,375100000.0,0.069,375100000.0,229100000.0,182000000.0,0.19,0.18,0.19,5589100000,,5589100000,17627967826,17.0,12.642,-408100000.0,-0.629,1.0,488200000.0,0.09,1911400000,47100000.0,12180600000,,4882500000,0,0,0,9015900000,3998100000,5017800000,14142867826,-2340100000.0,-2473000000.0,285400000.0,3300000.0,0.0,295100000.0,-2339000000.0,359500000.0,-304000000.0,7800000.0,121900000.0,121900000.0,121900000.0,0.0,0.0,0.022,295700000.0,192500000.0,2675100000,0.0,2.53,23.579,21.869,1564000000,0.0,21.65,0.721,0.716,3187800000,1967700000,5418500000.0,5418500000.0,18300000.0,,,,,14500000.0,189100000.0,1.0,653250246,648400000,664300000.0,8.357,12693600000,0,60100000.0,0,19.577,6197500000
26,SLR,ARQ,2000-12-31,2001-01-12,2000-11-30,2019-02-25,-164200000,14026500000,,12065800000,1960700000,,8.441,-236000000.0,4518700000,4518700000,5210800000.0,190600000.0,3.062,1.723,5012400000,118500000,4893900000,5012400000,0,85200000.0,0,0.0,0.0,313000000.0,398200000.0,0.07,398200000.0,313000000.0,280300000.0,0.31,0.29,0.31,5151300000,,5151300000,24959297726,26.0,20.286,-608700000.0,-0.997,1.0,484700000.0,0.085,0,32700000.0,10580000000,,4584000000,0,0,0,8875200000,3940200000,4935000000,24465597726,2270200000.0,0.0,1188200000.0,1559200000.0,0.0,2753600000.0,-86400000.0,185500000.0,-372700000.0,-24300000.0,190600000.0,190600000.0,190600000.0,0.0,0.0,0.033,208300000.0,276400000.0,2961100000,0.0,4.749,42.343,39.479,1240300000,0.0,37.9,1.434,1.356,2687800000,1845700000,5695500000.0,5695500000.0,18000000.0,,,,,22000000.0,190300000.0,1.0,645530283,610300000,709100000.0,9.332,14026500000,0,89700000.0,0,22.983,8125600000
27,SLR,ARQ,2000-09-30,2000-11-13,2000-08-31,2019-02-25,-114400000,10375600000,,8628200000,1747400000,,6.179,-1268100000.0,2434100000,2434100000,4484700000.0,164400000.0,2.682,1.729,3388700000,69200000,3319500000,3388700000,0,82300000.0,0,0.0,0.0,275300000.0,357600000.0,0.073,357600000.0,275300000.0,241400000.0,0.29,0.26,0.29,3802100000,,3802100000,22620178691,28.0,21.36,-1337800000.0,-2.174,1.0,425200000.0,0.087,0,33900000.0,8113400000,,3787300000,0,0,0,6573500000,3216800000,3356700000,21665578691,-1123800000.0,297700000.0,36000000.0,10600000.0,-1400000.0,67000000.0,-1129800000.0,-137400000.0,-69700000.0,8700000.0,164400000.0,164400000.0,164400000.0,0.0,0.0,0.033,185900000.0,239300000.0,2694100000,0.0,5.698,43.575,42.997,1080400000,0.0,35.688,1.532,1.513,2146300000,1656800000,4909900000.0,4909900000.0,16100000.0,,,,,7500000.0,163900000.0,1.0,607091522,615300000,637300000.0,7.98,10375600000,0,77000000.0,0,16.863,5411400000
28,SLR,ARQ,2000-06-30,2000-07-10,2000-05-31,2019-02-25,-120700000,9154600000,,8015600000,1139000000,,5.97,-48600000.0,3419900000,3419900000,3290200000.0,122900000.0,3.524,1.565,3335300000,39500000,3295800000,3335300000,0,67300000.0,0,0.0,0.0,196200000.0,263500000.0,0.073,263500000.0,196200000.0,180700000.0,0.2,0.2,0.2,3568800000,,3568800000,26607574564,41.0,30.315,-48300000.0,-0.081,1.0,302100000.0,0.084,0,15500000.0,6795200000,,2522500000,0,0,0,5585800000,2274800000,3311000000,26692174564,1874800000.0,-297700000.0,36800000.0,2267000000.0,0.0,2302900000.0,-420200000.0,-75800000.0,300000.0,-8200000.0,122900000.0,122900000.0,122900000.0,0.0,0.0,0.034,129900000.0,172200000.0,1826100000,0.0,7.479,65.166,62.5,833100000,0.0,44.375,2.354,2.339,1839600000,1493300000,3592300000.0,3592300000.0,15700000.0,,,,,30400000.0,107200000.0,1.0,601513793,597800000,620100000.0,6.009,9154600000,0,57800000.0,0,15.314,5740800000
29,SLR,ARQ,2000-03-31,2000-04-10,2000-02-29,2019-02-25,-100200000,5921800000,,4936000000,985800000,,5.729,-81100000.0,1469300000,1469300000,2583600000.0,99900000.0,3.182,0.742,995500000,40100000,955400000,995500000,0,52800000.0,0,0.0,0.0,158300000.0,211100000.0,0.074,211100000.0,158300000.0,147000000.0,0.16,0.16,0.16,3399900000,,3399900000,26579401538,46.0,34.024,-225900000.0,-0.381,1.0,276100000.0,0.097,0,11300000.0,3896700000,,1823800000,0,0,0,2521900000,1551300000,970600000,27053201538,196500000.0,0.0,42000000.0,12900000.0,0.0,59700000.0,284800000.0,368300000.0,-144800000.0,-3200000.0,99900000.0,99900000.0,99900000.0,0.0,0.0,0.035,138200000.0,137900000.0,1294700000,0.0,7.957,74.65,68.75,744900000,0.0,45.375,2.733,2.72,1464700000,1369600000,2859700000.0,2859700000.0,14300000.0,,,,,15100000.0,98900000.0,1.0,596213808,593500000,619500000.0,4.818,5921800000,0,47100000.0,0,9.978,3384700000
30,SLR,ARQ,1999-12-31,2000-01-07,1999-11-30,2019-02-25,-104500000,5227100000,,4333700000,893400000,,5.338,-117200000.0,1470700000,1470700000,2268700000.0,98000000.0,3.155,0.802,973700000,29800000,943900000,973700000,0,49000000.0,0,0.0,0.0,156600000.0,205600000.0,0.082,205600000.0,156600000.0,145700000.0,0.18,0.175,0.18,2900500000,,2900500000,26320964641,50.0,36.787,-245700000.0,-0.452,1.0,233100000.0,0.093,0,10900000.0,3356500000,,1495700000,0,0,0,2326600000,1373600000,953000000,26817964641,-889400000.0,0.0,18300000.0,21900000.0,0.0,44400000.0,-801500000.0,-671700000.0,-128500000.0,-3800000.0,98000000.0,98000000.0,98000000.0,0.0,0.0,0.039,94200000.0,138900000.0,1129600000,0.0,9.246,81.762,70.703,675700000,0.0,45.25,2.997,2.748,1250800000,1069200000,2501800000.0,2501800000.0,8800000.0,,,,,7100000.0,85400000.0,1.0,592662202,543400000,567000000.0,4.604,5227100000,0,47700000.0,0,9.619,2960100000
31,SLR,ARQ,1999-09-30,1999-11-22,1999-08-31,2019-02-25,-88500000,4834700000,,3994100000,840600000,,5.407,-108300000.0,1688400000,1688400000,2165200000.0,88800000.0,3.588,0.731,944000000,21400000,922600000,944000000,0,56300000.0,0,0.0,0.0,141200000.0,197500000.0,0.083,197500000.0,141200000.0,130700000.0,0.17,0.165,0.17,2793100000,,2793100000,22249350626,47.0,34.125,-71200000.0,-0.138,1.0,220900000.0,0.093,0,10500000.0,2977100000,,1080100000,0,0,0,2041600000,1113200000,928400000,22993750626,935200000.0,0.0,1077200000.0,4300000.0,0.0,1065300000.0,-171700000.0,-45300000.0,37100000.0,4500000.0,88800000.0,88800000.0,88800000.0,0.0,0.0,0.037,91000000.0,129900000.0,902600000,0.0,8.232,78.237,71.061,653600000,0.0,42.281,2.74,2.482,1118300000,971200000,2386100000.0,2386100000.0,3600000.0,,,,,11900000.0,90300000.0,1.0,543828544,516600000,540800000.0,4.619,4834700000,0,41900000.0,0,9.359,2880900000
32,SLR,ARQ,1999-06-30,1999-07-12,1999-05-31,2019-02-25,-64900000,3454500000,,2687100000,767400000,,3.215,-87800000.0,707900000,707900000,1949900000.0,75700000.0,2.986,1.131,934300000,16600000,917700000,934300000,0,44600000.0,0,0.0,0.0,122400000.0,167000000.0,0.078,167000000.0,122400000.0,111300000.0,0.15,0.145,0.15,1620900000,,1620900000,18078560165,43.0,31.208,-39000000.0,-0.077,1.0,201600000.0,0.094,0,11100000.0,2781000000,,945500000,0,0,0,1833600000,899900000,933700000,17852160165,-73200000.0,0.0,12800000.0,4000000.0,0.0,26200000.0,-141400000.0,-44600000.0,48800000.0,-6800000.0,75700000.0,75700000.0,75700000.0,0.0,0.0,0.035,88300000.0,113300000.0,700800000,0.0,11.014,68.395,64.679,607800000,0.0,35.25,2.321,2.311,903200000,882400000,2151500000.0,2151500000.0,9100000.0,,,,,4400000.0,79200000.0,1.0,506444260,504200000,526400000.0,4.267,3454500000,0,35600000.0,0,6.851,1787200000
33,SLR,ARQ,1999-03-31,1999-04-12,1999-02-28,2019-02-25,-77700000,3383500000,,2679700000,703800000,,2.709,-174700000.0,736600000,736600000,1729700000.0,65500000.0,2.831,1.623,1151400000,11400000,1140000000,1151400000,0,41700000.0,0,0.0,0.0,103700000.0,145400000.0,0.076,145400000.0,103700000.0,94200000.0,0.14,0.13,0.14,1289900000,,1289900000,14039775548,37.0,26.969,-203900000.0,-0.428,1.0,178400000.0,0.093,0,9500000.0,2851900000,,929400000,0,0,0,2093600000,946400000,1147200000,13624975548,305600000.0,0.0,9800000.0,732800000.0,0.0,745000000.0,-414900000.0,-236000000.0,-29200000.0,4700000.0,65500000.0,65500000.0,65500000.0,0.0,0.0,0.034,79800000.0,98600000.0,769800000,0.0,10.563,58.104,54.0,559200000,0.0,27.0,1.998,1.886,877900000,806700000,1908100000.0,1908100000.0,7500000.0,,,,,14500000.0,69400000.0,1.0,504628724,476200000,523200000.0,4.007,3383500000,0,28700000.0,0,7.105,1733300000
34,SLR,ARQ,1998-12-31,1999-01-08,1998-11-30,2019-02-25,-4800000,2712700000,,2106400000,606300000,,2.688,-138400000.0,194800000,194800000,1769700000.0,63900000.0,2.011,1.131,399000000,11200000,387800000,399000000,0,40600000.0,0,0.0,0.0,101600000.0,142200000.0,0.073,142200000.0,101600000.0,96100000.0,0.135,0.13,0.135,1273000000,,1273000000,10866100418,31.0,22.472,-157100000.0,-0.332,1.0,175900000.0,0.09,0,5500000.0,1869500000,,901100000,0,0,0,1439700000,1047400000,392300000,10661900418,-67200000.0,0.0,25600000.0,11200000.0,0.0,40700000.0,-91400000.0,46700000.0,-18700000.0,2200000.0,63900000.0,63900000.0,63900000.0,0.0,0.0,0.033,78700000.0,97200000.0,844200000,0.0,8.375,48.944,48.185,531600000,0.0,22.406,1.749,1.74,872200000,741300000,1945600000.0,1945600000.0,7900000.0,,,,,0.0,70800000.0,1.0,475844928,473600000,514800000.0,4.108,2712700000,0,32200000.0,0,5.728,1059000000
35,SLR,ARQ,1998-09-30,1998-11-13,1998-08-31,2019-02-25,-6984000,2410568000,,1887558000,523010000,,2.523,-118235000.0,308804000,308804000,1531213000.0,55916000.0,2.245,1.041,385519000,0,385519000,385519000,0,33640000.0,0,0.0,0.0,91056000.0,124696000.0,0.074,124696000.0,91056000.0,84081000.0,0.12,0.115,0.12,1181326000,,1181326000,7555134969,23.0,16.866,-59032000.0,-0.126,1.0,155263000.0,0.092,0,6975000.0,1646449000,,788519000,0,0,0,1229242000,840834000,388408000,7478419969,39507000.0,0.0,28097000.0,414000.0,0.0,26435000.0,-47715000.0,82836000.0,59203000.0,1584000.0,55916000.0,55916000.0,55916000.0,0.0,0.0,0.033,69315000.0,85948000.0,666557000,0.0,6.331,37.613,36.664,448039000,0.0,15.766,1.414,1.381,670194000,677436000,1686476000.0,1686476000.0,6234000.0,,,,,6657000.0,63081000.0,1.0,474349580,468228000,507432000.0,3.602,2410568000,0,28165000.0,0,5.148,1046724000
36,SLR,ARQ,1998-06-30,1998-07-08,1998-05-31,2019-02-25,-8960000,2204183000,,1747067000,457116000,,2.34,-122814000.0,352133000,352133000,1145044000.0,49178000.0,2.422,1.03,386542000,0,386542000,386542000,0,29396000.0,0,0.0,0.0,78897000.0,108293000.0,0.085,108293000.0,78897000.0,73952000.0,0.105,0.102,0.105,1085999000,,1085999000,5471397290,,,-87092000.0,-0.188,1.0,133123000.0,0.104,0,4945000.0,1517145000,,734715000,0,0,0,1118184000,721447000,396737000,5436988290,42347000.0,0.0,5643000.0,388000.0,0.0,6020000.0,180000.0,116336000.0,35722000.0,425000.0,49178000.0,49178000.0,49178000.0,0.0,0.0,0.038,60752000.0,72371000.0,581341000,0.0,5.006,,,406272000,0.0,11.609,,,563993000,621520000,1278167000.0,1278167000.0,5378000.0,,,,,2412000.0,55374000.0,1.0,468327188,464108000,507340000.0,2.754,2204183000,0,24774000.0,0,4.749,1025620000
37,SLR,ARQ,1998-03-31,1998-04-10,1998-02-28,2019-02-25,-9726000,2016655000,,1575922000,440733000,,2.232,-55019000.0,426121000,426121000,1060669000.0,48843000.0,2.639,0.957,386343000,0,386343000,386343000,0,28567000.0,0,0.0,0.0,79774000.0,108341000.0,0.091,108341000.0,79774000.0,73448000.0,0.105,0.102,0.105,1030415000,,1030415000,4551680551,,,-7990000.0,-0.017,1.0,126162000.0,0.106,0,6326000.0,1379759000,,582728000,0,0,0,986240000,597118000,389122000,4591458551,29427000.0,0.0,5678000.0,-1121000.0,0.0,4460000.0,-21229000.0,16199000.0,47029000.0,-833000.0,48843000.0,48843000.0,48843000.0,0.0,0.0,0.041,52930000.0,73232000.0,475641000,0.0,4.456,,,388024000,0.0,9.906,,,480318000,572343000,1186831000.0,1186831000.0,4945000.0,,,,,269000.0,47985000.0,1.0,463491084,461656000,504656000.0,2.571,2016655000,0,24605000.0,0,4.368,978804000
38,SLR,ARQ,1997-12-31,1998-01-12,1997-11-30,2019-02-25,-6222000,2010024000,,1581652000,428372000,,2.053,-88500000.0,412892000,412892000,1013061000.0,44888000.0,2.47,1.052,386785000,0,386785000,386785000,0,32597000.0,0,0.0,0.0,74015000.0,106612000.0,0.094,106612000.0,74015000.0,67502000.0,0.095,0.095,0.095,979399000,,979399000,4460367037,,,-80669000.0,-0.169,1.0,123759000.0,0.109,0,6513000.0,1343587000,,590058000,0,0,0,1030625000,640330000,390295000,4486474037,-111126000.0,0.0,10910000.0,-886000.0,0.0,10024000.0,-130416000.0,-41117000.0,7831000.0,1435000.0,44888000.0,44888000.0,44888000.0,0.0,0.0,0.039,56321000.0,67438000.0,513581000,0.0,4.581,,,378199000,0.0,9.734,,,519493000,523500000,1136820000.0,1136820000.0,4382000.0,,,,,0.0,51939000.0,1.0,460889552,476944000,504156000.0,2.384,2010024000,0,22614000.0,0,4.214,941322000
0,SLR,ART,2007-06-30,2007-07-11,2007-06-01,2019-02-25,-77600000,5903100000,5597150000.0,4885800000,1017300000,2.106,2.763,-142100000.0,1195100000,1195100000,11184000000.0,70200000.0,1.761,1.377,673800000,64000000,609800000,673800000,0,167600000.0,0,0.0,0.0,108300000.0,275900000.0,0.023,275900000.0,108300000.0,82700000.0,0.08,0.08,0.08,2483100000,2440600000.0,2483100000,2924178083,27.0,10.599,-6500000.0,-0.007,1.0,604400000.0,0.051,159100000,25600000.0,2448700000,2472650000.0,1830800000,0,0,0,3420000000,2774000000,646000000,3445478083,-34700000.0,-18100000.0,-26700000.0,-32600000.0,0.0,-56800000.0,-120900000.0,39300000.0,135600000.0,7400000.0,70200000.0,70200000.0,70200000.0,2100000.0,0.0,0.006,527700000.0,76700000.0,2070200000,0.0,1.388,49.081,47.125,737400000,0.0,3.77,0.292,0.287,1493600000,-5039900000,11788400000.0,11788400000.0,0.0,0.013,0.029,0.044,0.009,25400000.0,448000000.0,1.0,913919916,898600000,904700000.0,13.119,5744000000,0,12500000.0,0,6.392,2111800000
1,SLR,ART,2007-03-31,2007-04-11,2007-03-02,2019-02-25,-94100000,5641200000,5479875000.0,4619100000,1022100000,2.1,2.732,-147200000.0,1085600000,1085600000,10910500000.0,100100000.0,1.818,1.304,641100000,25100000,616000000,641100000,0,169400000.0,0,0.0,0.0,121000000.0,290400000.0,0.025,290400000.0,121000000.0,93700000.0,0.12,0.12,0.12,2448200000,2419600000.0,2448200000,2337692726,19.0,8.05,-162800000.0,-0.182,1.0,595200000.0,0.052,155900000,27300000.0,2500500000,2457950000.0,1799500000,0,0,0,3193000000,2540300000,652700000,2782192726,-411800000.0,-27500000.0,-51600000.0,-217600000.0,0.0,-264700000.0,-136400000.0,29400000.0,-15600000.0,4900000.0,100100000.0,100100000.0,100100000.0,2400000.0,0.0,0.009,510300000.0,84900000.0,1891000000,0.0,1.136,27.794,25.5,741400000,0.0,3.06,0.242,0.238,1390600000,-5052000000,11505700000.0,11505700000.0,0.0,0.018,0.041,0.049,0.011,25800000.0,448100000.0,1.0,909213309,896000000,899400000.0,12.841,5485300000,0,-6400000.0,0,6.122,2078800000
2,SLR,ART,2006-12-31,2006-12-29,2006-11-30,2019-02-25,-98000000,5470700000,5403300000.0,4461300000,1009400000,2.055,2.7,-151500000.0,1061600000,1061600000,10532000000.0,115200000.0,1.861,1.263,641900000,23100000,618800000,641900000,0,170400000.0,0,0.0,0.0,139000000.0,309400000.0,0.028,309400000.0,139000000.0,109900000.0,0.13,0.13,0.13,2417400000,2395825000.0,2417400000,2491312210,18.0,8.052,-205900000.0,-0.23,1.0,571400000.0,0.051,155100000,29100000.0,2498800000,2393525000.0,1599200000,0,0,0,3053300000,2397100000,656200000,2911012210,-298600000.0,-7800000.0,-51200000.0,-68100000.0,0.0,-125600000.0,-122700000.0,10600000.0,-54400000.0,4100000.0,115200000.0,115200000.0,115200000.0,-11200000.0,0.0,0.01,485100000.0,86300000.0,1698900000,0.0,1.204,25.269,24.769,739200000,0.0,3.22,0.262,0.26,1500800000,-5067300000,11103400000.0,11103400000.0,0.0,0.021,0.048,0.058,0.013,23600000.0,435700000.0,1.0,904041059,895400000,897400000.0,12.4,5315600000,0,-5300000.0,0,5.937,2064200000
3,SLR,ART,2006-09-30,2006-11-08,2006-08-31,2019-02-25,-99200000,5373600000,5324800000.0,4351700000,1021900000,1.983,2.635,-175000000.0,1180500000,1180500000,10013100000.0,133200000.0,1.889,1.226,708900000,89500000,619400000,708900000,0,173500000.0,0,0.0,0.0,160400000.0,333900000.0,0.032,333900000.0,160400000.0,131900000.0,0.15,0.15,0.15,2413700000,2367675000.0,2413700000,2472180000,15.0,7.404,-334300000.0,-0.365,1.0,547600000.0,0.052,155200000,28500000.0,2442600000,2280400000.0,1516100000,0,0,0,2959900000,2304200000,655700000,2943780000,-556800000.0,-5700000.0,-221400000.0,-1400000.0,0.0,-231700000.0,-169700000.0,-15000000.0,-159300000.0,3900000.0,133200000.0,133200000.0,133200000.0,-15600000.0,0.0,0.013,449000000.0,98600000.0,1616700000,0.0,1.22,22.1,21.733,673400000,0.0,3.26,0.279,0.283,1429300000,-5073300000,10560700000.0,10560700000.0,0.0,0.025,0.056,0.07,0.015,22200000.0,433300000.0,1.0,903000000,915900000,916900000.0,11.53,5218400000,0,-1300000.0,0,5.698,2047500000
4,SLR,ART,2006-06-30,2006-06-30,2006-05-31,2019-02-25,-92700000,5434000000,5295850000.0,4373600000,1060400000,1.899,2.642,-173700000.0,1269100000,1269100000,9536000000.0,107900000.0,1.878,1.265,706400000,78900000,627500000,706400000,0,179100000.0,0,0.0,0.0,138700000.0,317800000.0,0.032,317800000.0,138700000.0,111700000.0,0.12,0.12,0.12,2399100000,2375300000.0,2399100000,2542221484,18.0,7.999,-42300000.0,-0.047,1.0,521100000.0,0.052,152400000,27000000.0,2389900000,2139700000.0,1480400000,0,0,0,3034900000,2329000000,705900000,3104921484,-329300000.0,-16100000.0,-264700000.0,-4500000.0,0.0,-278100000.0,-180400000.0,-16600000.0,131400000.0,-2200000.0,107900000.0,107900000.0,107900000.0,-16400000.0,0.0,0.011,399400000.0,121700000.0,1617800000,0.0,1.294,28.776,28.5,691400000,0.0,3.42,0.309,0.309,1351100000,-5110100000,10057100000.0,10057100000.0,0.0,0.02,0.045,0.065,0.014,16900000.0,426700000.0,1.0,907871779,908100000,909600000.0,11.075,5281600000,0,3800000.0,0,5.816,2044600000
5,SLR,ART,2006-03-31,2006-04-05,2006-02-28,2019-02-25,-115400000,5334900000,5263075000.0,4283800000,1051100000,1.891,2.589,-166800000.0,1526800000,1526800000,9437000000.0,1800000.0,1.884,1.267,856500000,228500000,628000000,856500000,0,181200000.0,0,0.0,0.0,52000000.0,233200000.0,0.023,233200000.0,52000000.0,14900000.0,0.0,0.0,0.0,2353100000,2402725000.0,2353100000,3014855302,58.0,12.928,225700000.0,0.248,1.0,513500000.0,0.052,147600000,37100000.0,2242800000,2063375000.0,1346100000,0,0,0,2981800000,2274200000,707600000,3685155302,-456700000.0,-1500000.0,-239600000.0,-403800000.0,0.0,-662000000.0,-181500000.0,-30300000.0,392500000.0,-5700000.0,1800000.0,1800000.0,1800000.0,-19400000.0,0.0,0.0,481800000.0,31700000.0,1430300000,,1.566,2047.309,,681700000,0.0,4.03,0.37,0.368,1177700000,-5152100000,9950500000.0,9950500000.0,0.0,0.0,0.001,0.025,0.005,10200000.0,424200000.0,1.0,914430596,908800000,909700000.0,10.949,5187300000,0,13100000.0,0,5.708,2009600000
6,SLR,ART,2005-12-31,2006-01-04,2005-11-30,2019-02-25,-124000000,5156700000,5393250000.0,4105100000,1051600000,1.893,2.491,-147800000.0,1370800000,1370800000,9664500000.0,-30800000.0,1.787,1.237,705300000,227100000,478200000,705300000,0,189900000.0,0,0.0,0.0,30300000.0,220200000.0,0.022,220200000.0,30300000.0,-16600000.0,-0.03,-0.03,-0.03,2304800000,2457775000.0,2304800000,2709227263,89.0,12.303,487200000.0,0.527,1.0,542400000.0,0.053,147400000,46900000.0,2046300000,2243300000.0,1232900000,0,0,0,2851900000,2297500000,554400000,3374727263,-343200000.0,-8300000.0,-238600000.0,-553800000.0,0.0,-802600000.0,-171000000.0,-14900000.0,635000000.0,-4600000.0,-30800000.0,-30800000.0,-30800000.0,-7000000.0,0.0,-0.003,518700000.0,23700000.0,1388400000,0.0,1.464,-109.569,-123.0,681600000,0.0,3.69,0.331,0.334,1287000000,-5182500000,10206900000.0,10206900000.0,0.0,-0.006,-0.013,0.014,0.003,4700000.0,424600000.0,1.0,914560234,925200000,925900000.0,11.032,5009300000,0,14200000.0,0,5.414,1807600000
7,SLR,ART,2005-09-30,2005-11-09,2005-08-31,2019-02-25,-124400000,5257800000,5555400000.0,4222900000,1034900000,1.879,2.527,-118300000.0,1722300000,1722300000,9868800000.0,3400000.0,1.908,1.151,706600000,165700000,540900000,706600000,0,193300000.0,0,0.0,0.0,75600000.0,268900000.0,0.026,268900000.0,75600000.0,19100000.0,0.0,0.0,0.0,2444200000,2508925000.0,2444200000,2355484000,31.0,8.76,829000000.0,0.857,1.0,572300000.0,0.055,148800000,56500000.0,1879800000,2537625000.0,1108500000,0,0,0,2813600000,2213500000,600100000,3371184000,270100000.0,19600000.0,6700000.0,-568500000.0,0.0,-570000000.0,-112200000.0,9400000.0,947300000.0,5000000.0,3400000.0,3400000.0,3400000.0,-13900000.0,0.0,0.0,503900000.0,68400000.0,1371200000,,1.379,991.525,,666300000,0.0,3.69,0.323,0.342,1180700000,-5206500000,10441100000.0,10441100000.0,0.0,0.001,0.001,0.03,0.007,0.0,412800000.0,1.0,913600000,967400000,967400000.0,10.793,5109000000,0,15700000.0,0,5.281,2009400000
8,SLR,ART,2005-06-30,2005-07-06,2005-05-31,2019-02-25,-123200000,5302900000,5695200000.0,4253600000,1049300000,1.941,2.564,-135600000.0,1586300000,1586300000,10445600000.0,-12800000.0,1.931,1.114,706900000,166000000,540900000,706900000,0,197400000.0,0,0.0,0.0,57900000.0,255300000.0,0.023,255300000.0,57900000.0,-6500000.0,0.0,0.0,0.0,2508800000,2492575000.0,2508800000,2679013077,46.0,10.494,688200000.0,0.703,1.0,611200000.0,0.055,135800000,64400000.0,2084600000,2902625000.0,1187000000,0,0,0,2794100000,2203100000,591000000,3558413077,387300000.0,154600000.0,77300000.0,447300000.0,0.0,-497100000.0,29300000.0,30400000.0,823800000.0,6400000.0,-12800000.0,-12800000.0,-12800000.0,-54600000.0,0.0,-0.001,554100000.0,57100000.0,1363200000,,1.418,-278.001,,678700000,0.0,3.66,0.322,0.324,1290200000,-5218000000,11056800000.0,11056800000.0,0.0,-0.002,-0.005,0.02,0.005,0.0,423000000.0,1.0,972244010,978400000,978400000.0,11.301,5167100000,0,6300000.0,0,5.281,2050500000
9,SLR,ART,2005-03-31,2005-04-14,2005-02-28,2019-02-25,-122300000,5855600000,5860700000.0,4778200000,1077400000,1.962,2.634,-113300000.0,1957700000,1957700000,10864900000.0,72600000.0,2.358,1.276,1227200000,19200000,1208000000,1227200000,0,208000000.0,0,0.0,0.0,169500000.0,377500000.0,0.033,377500000.0,169500000.0,80600000.0,0.09,0.09,0.09,2573300000,2461050000.0,2573300000,2652781762,16.0,7.027,536400000.0,0.549,1.0,635800000.0,0.055,135800000,88900000.0,2962500000,3268550000.0,1241600000,0,0,0,3282300000,2026800000,1255500000,3383281762,555000000.0,433800000.0,160900000.0,-51800000.0,0.0,-898900000.0,808200000.0,485500000.0,649700000.0,5800000.0,72600000.0,72600000.0,72600000.0,-138700000.0,0.0,0.006,543400000.0,92400000.0,1382000000,0.0,1.315,46.602,38.667,694800000,0.0,3.48,0.294,0.296,1388700000,-5153900000,11500700000.0,11500700000.0,0.0,0.012,0.029,0.052,0.015,0.0,417200000.0,1.0,972207403,977100000,977100000.0,11.77,5719800000,0,8000000.0,0,5.854,2751400000
10,SLR,ART,2004-12-31,2005-01-05,2004-11-30,2019-02-25,-180400000,5805300000,6141675000.0,4699900000,1105400000,1.894,2.605,-107900000.0,1680200000,1680200000,11023100000.0,6800000.0,2.346,1.313,1236600000,21200000,1215400000,1236600000,0,216100000.0,0,0.0,0.0,125300000.0,341400000.0,0.029,341400000.0,125300000.0,8700000.0,0.01,0.01,0.01,2509400000,2144475000.0,2509400000,4469975218,36.0,13.093,192700000.0,0.2,1.0,609000000.0,0.052,134600000,116600000.0,3223600000,3755700000.0,1405300000,0,0,0,3295900000,2003500000,1292400000,4913575218,342300000.0,538000000.0,164000000.0,395300000.0,0.0,-448200000.0,477300000.0,60200000.0,300600000.0,12700000.0,6800000.0,6800000.0,6800000.0,-159500000.0,0.0,0.001,576100000.0,32900000.0,1343100000,0.0,1.958,722.585,506.0,711800000,0.0,5.06,0.422,0.419,1429500000,-5153600000,11632100000.0,11632100000.0,0.0,0.001,0.003,0.033,0.011,0.0,421700000.0,1.0,971062296,963200000,967400000.0,12.077,5670700000,0,1900000.0,0,5.887,2696400000
11,SLR,ART,2004-09-30,2004-11-05,2004-08-31,2019-02-25,-188600000,5817000000,6364775000.0,4666400000,1150600000,1.829,2.722,-91100000.0,1430000000,1430000000,11058000000.0,-168900000.0,2.161,1.445,1246500000,25100000,1221400000,1246500000,0,226900000.0,0,0.0,0.0,-25000000.0,201900000.0,0.017,201900000.0,-25000000.0,-169200000.0,-0.19,-0.19,-0.19,2378800000,1860250000.0,2378800000,5252896000,-210.0,26.017,-100000000.0,-0.114,1.0,580300000.0,0.05,134600000,144200000.0,3339800000,4085800000.0,1457200000,0,0,0,3438200000,2159100000,1279100000,5436396000,-13000000.0,508000000.0,111100000.0,386000000.0,0.0,-510400000.0,497100000.0,82400000.0,-8900000.0,9300000.0,-168900000.0,-168900000.0,-168900000.0,-82900000.0,0.0,-0.015,617700000.0,-37400000.0,1417300000,0.0,2.285,-32.187,-29.684,726600000,0.0,5.64,0.467,0.423,1549900000,-5209500000,11638300000.0,11638300000.0,0.0,-0.027,-0.091,-0.006,-0.002,0.0,440900000.0,1.0,963900000,873900000,873900000.0,13.318,5682400000,0,-300000.0,0,6.502,2507300000
12,SLR,ART,2004-06-30,2004-07-02,2004-05-31,2019-02-25,-174400000,5964900000,6542900000.0,4687500000,1277400000,1.661,2.744,-50000000.0,1212100000,1212100000,10396400000.0,-345600000.0,2.018,1.503,1253000000,25500000,1227500000,1253000000,0,210000000.0,0,0.0,0.0,-228600000.0,-18600000.0,-0.002,-18600000.0,-228600000.0,-405600000.0,-0.41,-0.41,-0.41,2382700000,1621050000.0,2382700000,6003241656,-26.0,-322.755,-232800000.0,-0.268,1.0,472000000.0,0.043,134600000,177000000.0,3548300000,4352100000.0,1577200000,0,0,0,3582200000,2322900000,1259300000,5962341656,-370800000.0,383400000.0,112700000.0,-632200000.0,0.0,-657900000.0,500300000.0,102300000.0,-182800000.0,-5400000.0,-345600000.0,-345600000.0,-345600000.0,316300000.0,0.0,-0.032,400300000.0,71700000.0,1532300000,0.0,2.502,-17.252,-15.122,734600000,0.0,6.2,0.549,0.495,1616400000,-5207100000,10868400000.0,10868400000.0,2900000.0,-0.053,-0.213,-0.053,-0.021,0.0,409400000.0,1.0,961668009,868300000,868300000.0,12.517,5830300000,0,-60000000.0,0,6.715,2364600000
13,SLR,ART,2004-03-31,2004-04-09,2004-02-28,2019-02-25,-139500000,6979500000,6792425000.0,5581500000,1398000000,1.567,1.564,-63000000.0,1839900000,1839900000,10167600000.0,-3468100000.0,1.668,4.34,3252400000,971400000,2281000000,3252400000,0,224100000.0,0,0.0,0.0,-2620500000.0,-2396400000.0,-0.225,-2396400000.0,-2620500000.0,-2807600000.0,-4.17,-4.17,-4.17,1307000000,1439250000.0,1307000000,6268646197,-2.0,-2.616,-226000000.0,-0.27,1.0,476400000.0,0.045,134600000,187100000.0,4911100000,4634600000.0,1510100000,0,0,0,5672500000,3346300000,2326200000,4856146197,-549100000.0,104200000.0,29000000.0,422800000.0,0.0,-205300000.0,-209500000.0,-293000000.0,-163000000.0,19000000.0,-3468100000.0,-3468100000.0,-3468100000.0,403000000.0,0.0,-0.326,2713100000.0,-2236700000.0,1406700000,0.0,3.715,-1.4,-1.388,740400000,0.0,5.79,0.456,0.455,1529500000,-5228400000,10644000000.0,10644000000.0,25600000.0,-0.511,-2.41,-0.565,-0.246,0.0,477800000.0,1.0,838712642,835600000,835600000.0,12.738,6844900000,0,660500000.0,0,8.192,2235200000
14,SLR,ART,2003-12-31,2004-01-12,2003-11-30,2019-02-25,-139000000,6697700000,7646600000.0,5179300000,1518400000,1.383,1.646,-61600000.0,1371800000,1371800000,10101300000.0,-3510900000.0,1.506,3.88,2791600000,959500000,1832100000,2791600000,0,241700000.0,0,0.0,0.0,-2700800000.0,-2459100000.0,-0.233,-2459100000.0,-2700800000.0,-2898500000.0,-4.22,-4.22,-4.22,1372500000,2274550000.0,1372500000,7567707875,-3.0,-3.077,138600000.0,0.166,1.0,472900000.0,0.045,134600000,197700000.0,4544000000,5106525000.0,1472400000,0,0,0,5325200000,3438900000,1886300000,6147907875,-384400000.0,-18900000.0,20400000.0,-29700000.0,0.0,-796300000.0,181800000.0,203600000.0,200200000.0,29900000.0,-3510900000.0,-3510900000.0,-3510900000.0,424700000.0,0.0,-0.332,2772400000.0,-2299500000.0,1500700000,0.0,4.479,-1.751,-1.742,773900000,0.0,7.35,0.581,0.579,1591300000,-5160400000,10574200000.0,10574200000.0,47000000.0,-0.459,-1.544,-0.529,-0.255,0.0,543900000.0,1.0,836450051,833600000,833600000.0,12.685,6563100000,0,612400000.0,0,7.873,1740400000
15,SLR,ART,2003-09-30,2003-11-14,2003-08-31,2019-02-25,-196400000,6529500000,8624175000.0,4953800000,1575700000,1.277,1.718,-76400000.0,1499200000,1499200000,10432000000.0,-3462000000.0,1.531,3.592,2795500000,977900000,1817600000,2795500000,0,263900000.0,0,0.0,0.0,-2670700000.0,-2406800000.0,-0.219,-2406800000.0,-2670700000.0,-2881000000.0,-4.18,-4.18,-4.18,1422000000,3111775000.0,1422000000,5961180000,-2.0,-2.477,230900000.0,0.279,1.0,582000000.0,0.053,185900000,210300000.0,4405000000,5758050000.0,1414900000,19900000,19900000,0,5107500000,3234900000,1872600000,4664880000,-323600000.0,-49300000.0,7800000.0,-91200000.0,0.0,-1022500000.0,358400000.0,366200000.0,307300000.0,33200000.0,-3462000000.0,-3462000000.0,-3462000000.0,357100000.0,0.0,-0.314,2926800000.0,-2344800000.0,1404900000,0.0,3.281,-1.347,-1.335,829000000,0.0,5.58,0.424,0.419,1570000000,-5040600000,11014000000.0,11014000000.0,69100000.0,-0.401,-1.113,-0.464,-0.242,0.0,631500000.0,1.0,836000000,827700000,827700000.0,13.307,6343600000,0,581000000.0,0,7.664,1718900000
16,SLR,ART,2003-06-30,2003-07-11,2003-05-31,2019-02-25,-135900000,6963000000,9745300000.0,5298800000,1664200000,1.22,1.997,-96700000.0,1690700000,1690700000,11241500000.0,-5930200000.0,1.583,3.206,3030800000,1146400000,1884400000,3030800000,0,305300000.0,0,0.0,0.0,-5290700000.0,-4985400000.0,-0.419,-4985400000.0,-5290700000.0,-5520800000.0,-7.34,-7.34,-7.34,1655500000,3949450000.0,1655500000,5290016097,-1.0,-1.061,408400000.0,0.493,1.0,644800000.0,0.054,277900000,230100000.0,4678300000,6537225000.0,1551300000,0,0,0,5307500000,3346900000,1960600000,3949916097,-941400000.0,-114300000.0,8700000.0,-187100000.0,0.0,-1943500000.0,414900000.0,166700000.0,505100000.0,82100000.0,-5930200000.0,-5930200000.0,-5930200000.0,0.0,0.0,-0.499,6020300000.0,-5375500000.0,1310700000,0.0,2.386,-0.666,-0.649,936200000,0.0,4.76,0.332,0.332,1641900000,-4861500000,11886300000.0,11886300000.0,86900000.0,-0.609,-1.502,-0.809,-0.445,100000.0,774800000.0,1.0,829814306,828800000,828800000.0,14.342,6685100000,0,409400000.0,0,8.066,1951900000
17,SLR,ART,2003-03-31,2003-04-14,2003-02-28,2019-02-25,-242800000,10396200000,11724150000.0,6056200000,4340000000,1.032,5.616,-285800000.0,2132400000,2132400000,11411200000.0,-3113400000.0,2.192,1.237,3501900000,555100000,2946800000,3501900000,0,326200000.0,0,0.0,0.0,-3293300000.0,-2967100000.0,-0.245,-2967100000.0,-3293300000.0,-3543700000.0,-3.95,-3.95,-3.95,4648200000,5386275000.0,4648200000,3892077973,-1.0,-1.312,425700000.0,0.514,1.0,692400000.0,0.057,2203700000,250400000.0,6798800000,7345650000.0,1640500000,0,0,0,5748000000,2763200000,2984800000,2522577973,-259700000.0,-232700000.0,13000000.0,-220000000.0,0.0,-1473600000.0,354400000.0,214300000.0,711500000.0,148000000.0,-3113400000.0,-3113400000.0,-3113400000.0,0.0,0.0,-0.257,4079100000.0,-3386700000.0,1455900000,0.0,0.543,-0.81,-0.77,1068000000,0.0,3.04,0.208,0.208,1669100000,-1760300000,12103600000.0,12103600000.0,84600000.0,-0.266,-0.578,-0.448,-0.272,700000.0,827600000.0,1.0,829795386,827600000,827600000.0,14.625,8192500000,0,-430300000.0,0,9.899,3293000000
18,SLR,ART,2002-12-31,2003-01-09,2002-11-30,2019-02-25,-270600000,10608000000,12850250000.0,6314200000,4293800000,0.954,5.719,-280600000.0,1997600000,1997600000,11495100000.0,-3128600000.0,2.237,1.247,3558500000,548400000,3010100000,3558500000,0,355700000.0,0,0.0,0.0,-3346100000.0,-2990400000.0,-0.244,-2990400000.0,-3346100000.0,-3604000000.0,-3.97,-3.97,-3.97,4721400000,6121900000.0,4721400000,5047546455,-2.0,-1.688,1074700000.0,1.302,1.0,765500000.0,0.062,2196800000,257900000.0,7150100000,7994100000.0,1809000000,0,0,0,5886600000,2822000000,3064600000,3486646455,-815700000.0,-107400000.0,30300000.0,843200000.0,0.0,-1909300000.0,-328200000.0,69000000.0,1355300000.0,66500000.0,-3128600000.0,-3128600000.0,-3128600000.0,0.0,0.0,-0.255,4249700000.0,-3484200000.0,1472100000,0.0,0.738,-1.114,-1.063,1081700000,0.0,4.22,0.284,0.284,1858700000,-1649500000,12260600000.0,12260600000.0,84400000.0,-0.243,-0.511,-0.419,-0.273,800000.0,865800000.0,1.0,826219539,825500000,825500000.0,14.852,8411200000,0,-475400000.0,0,10.189,3492200000
19,SLR,ART,2002-09-30,2002-11-13,2002-08-31,2019-02-25,-285400000,11014000000,13324300000.0,6660000000,4354000000,0.921,6.112,-291300000.0,2150100000,2150100000,11546200000.0,-3110200000.0,2.216,1.308,3826900000,643000000,3183900000,3826900000,0,376800000.0,0,0.0,0.0,-3333400000.0,-2956600000.0,-0.241,-2956600000.0,-3333400000.0,-3577500000.0,-3.98,-3.98,-3.98,4772700000,6226700000.0,4772700000,4435640000,-1.0,-1.5,1838000000.0,2.354,1.0,730000000.0,0.059,2163900000,244100000.0,7521700000,8537025000.0,1870000000,99700000,99700000,0,6241300000,3005200000,3236100000,2758840000,-700400000.0,-398500000.0,34300000.0,903200000.0,0.0,-1915700000.0,-893600000.0,-157400000.0,2129300000.0,-20400000.0,-3110200000.0,-3110200000.0,-3110200000.0,0.0,0.0,-0.253,4209200000.0,-3479200000.0,1509500000,0.0,0.578,-0.887,-0.839,1173000000,0.0,3.34,0.225,0.212,1788200000,-1578600000,12276200000.0,12276200000.0,74800000.0,-0.233,-0.499,-0.39,-0.272,3600000.0,827700000.0,1.0,826000000,780900000,780900000.0,15.721,8850100000,0,-467300000.0,0,11.333,3654800000
20,SLR,ART,2002-06-30,2002-07-10,2002-05-31,2019-02-25,-292100000,14878400000,13803400000.0,8054100000,6824300000,0.924,8.993,-335100000.0,3232300000,3232300000,11934000000.0,-713200000.0,1.951,1.01,4901000000,1650200000,3250800000,4901000000,0,445800000.0,0,0.0,0.0,-809900000.0,-364100000.0,-0.029,-364100000.0,-809900000.0,-1035300000.0,-0.97,-0.96,-0.97,7402800000,6321200000.0,7402800000,5936240716,-7.0,-16.304,2503900000.0,3.042,1.0,820500000.0,0.064,4506100000,225400000.0,7912000000,9355975000.0,2098700000,0,0,0,7475600000,4129000000,3346600000,4267540716,650600000.0,-400800000.0,20900000.0,936000000.0,0.0,-922300000.0,-1169700000.0,24900000.0,2839000000.0,-96400000.0,-713200000.0,-713200000.0,-713200000.0,0.0,0.0,-0.056,1738400000.0,-917900000.0,1552500000,0.0,0.576,-5.984,-5.34,1439600000,0.0,5.18,0.335,0.334,2016700000,1068700000,12754500000.0,12754500000.0,68200000.0,-0.052,-0.113,-0.087,-0.063,3900000.0,849900000.0,1.0,823849559,823200000,823200000.0,15.494,10372300000,0,-322100000.0,0,12.6,3925100000
21,SLR,ART,2002-03-31,2002-04-12,2002-02-28,2019-02-25,-380200000,14900600000,13406925000.0,8217800000,6682800000,1.022,9.28,-151500000.0,3253200000,3253200000,12790100000.0,-614500000.0,3.138,0.963,4801200000,219800000,4581400000,4801200000,0,513800000.0,0,0.0,0.0,-710600000.0,-196800000.0,-0.014,-196800000.0,-710600000.0,-912000000.0,-0.9,-0.89,-0.9,7590700000,5823000000.0,7590700000,7769216663,-11.0,-39.478,2855600000.0,3.491,1.0,915000000.0,0.067,4437100000,201400000.0,9392600000,10277500000.0,2339400000,0,0,0,7309900000,2618900000,4691000000,6221216663,814900000.0,-284800000.0,26800000.0,938100000.0,0.0,-895700000.0,-1060900000.0,24700000.0,3007100000.0,-235600000.0,-614500000.0,-614500000.0,-614500000.0,0.0,0.0,-0.045,1739700000.0,-824700000.0,1581300000,0.0,0.82,-10.124,-8.4,1392800000,0.0,7.56,0.454,0.451,2223400000,1353100000,13705100000.0,13705100000.0,67300000.0,-0.046,-0.106,-0.069,-0.052,6900000.0,827900000.0,1.0,822912257,818000000,818000000.0,16.754,10463500000,0,-297500000.0,0,12.792,5598900000
22,SLR,ART,2001-12-31,2002-01-11,2001-11-30,2019-02-25,-336400000,12504200000,13333025000.0,7944600000,4559600000,1.211,7.745,-239000000.0,2886800000,2886800000,14946500000.0,-366600000.0,2.607,1.432,5122800000,888500000,4234300000,5122800000,0,553500000.0,0,0.0,0.0,-325300000.0,228200000.0,0.014,228200000.0,-325300000.0,-511300000.0,-0.56,-0.56,-0.56,5140600000,5322600000.0,5140600000,11186052840,-34.0,49.019,1528100000.0,2.302,1.0,1202500000.0,0.074,2370800000,186000000.0,9321800000,10974500000.0,2751500000,0,0,0,7363600000,3047600000,4316000000,8950052840,-1192300000.0,-2864200000.0,294900000.0,-115000000.0,0.0,-28200000.0,-2766100000.0,441200000.0,1767100000.0,-165100000.0,-366600000.0,-366600000.0,-366600000.0,0.0,0.0,-0.023,1626000000.0,-423500000.0,1522500000,0.0,1.741,-24.414,-20.804,1287200000,0.0,11.65,0.554,0.479,2013800000,1478800000,16149000000.0,16149000000.0,64400000.0,-0.027,-0.069,-0.03,-0.02,21300000.0,803500000.0,1.0,768244879,663700000,663700000.0,24.332,10133400000,0,-144700000.0,0,15.268,4897000000
23,SLR,ART,2001-09-30,2001-11-15,2001-08-31,2019-02-25,-259200000,12930400000,13713600000.0,8704100000,4226300000,1.363,8.025,-438100000.0,2790100000,2790100000,17206200000.0,-123500000.0,3.237,1.51,5333700000,306200000,5027500000,5333700000,0,536100000.0,0,0.0,0.0,18300000.0,554400000.0,0.03,554400000.0,18300000.0,-157700000.0,-0.19,-0.19,-0.19,5150700000,5325275000.0,5150700000,11573307418,632.0,20.875,189500000.0,0.295,1.0,1486100000.0,0.08,1987200000,176000000.0,10797500000,11289050000.0,3209900000,0,0,0,7779700000,2689300000,5090400000,9029707418,1006900000.0,-2542700000.0,1479100000.0,1470100000.0,0.0,2969800000.0,-2478400000.0,652300000.0,627600000.0,-112100000.0,-123500000.0,-123500000.0,-123500000.0,0.0,0.0,-0.007,1584700000.0,-98600000.0,1786100000,0.0,1.753,-73.115,-72.368,1304700000,0.0,13.75,0.483,0.472,2443600000,1531600000,18692300000.0,18692300000.0,69900000.0,-0.009,-0.023,0.002,0.001,40500000.0,827900000.0,1.0,656705994,641800000,641800000.0,29.125,10943200000,0,-34200000.0,0,17.051,6014800000
24,SLR,ART,2001-06-30,2001-07-13,2001-05-31,2019-02-25,-220500000,13292500000,13074900000.0,9081700000,4210800000,1.53,8.271,-1639400000.0,2175900000,2175900000,18303500000.0,291200000.0,3.189,1.457,5314800000,337600000,4977200000,5314800000,0,472100000.0,0,0.0,0.0,585600000.0,1057700000.0,0.053,1057700000.0,585600000.0,423700000.0,0.51,0.45,0.51,5410000000,4988125000.0,5410000000,13567391185,23.0,12.827,-1939400000.0,-2.965,1.0,1703800000.0,0.085,1985200000,161900000.0,11598100000,10618025000.0,4201700000,0,0,0,7882500000,2848100000,5034400000,10428491185,-753300000.0,-2177700000.0,1519800000.0,1546700000.0,-1400000.0,3103900000.0,-3496400000.0,491200000.0,-300000000.0,-60800000.0,291200000.0,291200000.0,291200000.0,0.0,0.0,0.015,1250100000.0,453700000.0,2040500000,0.0,1.928,35.812,31.137,1381100000,0.0,15.88,0.521,0.519,2391400000,1781900000,20007300000.0,20007300000.0,71900000.0,0.022,0.058,0.055,0.029,47600000.0,746400000.0,1.0,656705994,654100000,654100000.0,30.588,11307300000,0,132500000.0,0,17.287,6233600000
25,SLR,ART,2001-03-31,2001-04-13,2001-02-28,2019-02-25,-148400000,14605000000,12040425000.0,10195600000,4409400000,1.629,8.62,-1656800000.0,1819100000,1819100000,17916000000.0,599800000.0,2.55,1.613,5304200000,355100000,4949100000,5304200000,0,380800000.0,0,0.0,0.0,1013600000.0,1394400000.0,0.071,1394400000.0,1013600000.0,884400000.0,0.99,0.93,0.99,5589100000,4527825000.0,5589100000,17627967826,17.0,12.642,-2402900000.0,-3.706,1.0,1700200000.0,0.087,1911400000,129200000.0,12180600000,9417300000.0,4882500000,0,0,0,9015900000,3998100000,5017800000,14142867826,681100000.0,-2473000000.0,1546400000.0,3840100000.0,-1400000.0,5418600000.0,-3975400000.0,331800000.0,-746100000.0,-16000000.0,599800000.0,599800000.0,599800000.0,0.0,0.0,0.031,819800000.0,880400000.0,2675100000,0.0,2.53,23.579,21.869,1564000000,0.0,21.65,0.721,0.716,3187800000,1967700000,19616200000.0,19616200000.0,68100000.0,0.05,0.132,0.108,0.052,74400000.0,650500000.0,1.0,653250246,648400000,664300000.0,30.253,12693600000,0,284600000.0,0,19.577,6197500000
26,SLR,ART,2000-12-31,2001-01-12,2000-11-30,2019-02-25,-164200000,14026500000,9869625000.0,12065800000,1960700000,1.728,8.441,-1633800000.0,4518700000,4518700000,15569300000.0,577800000.0,3.062,1.723,5012400000,118500000,4893900000,5012400000,0,287600000.0,0,0.0,0.0,942800000.0,1230400000.0,0.072,1230400000.0,942800000.0,849400000.0,0.96,0.91,0.96,5151300000,3980525000.0,5151300000,24959297726,26.0,20.286,-2220700000.0,-3.639,1.0,1488100000.0,0.087,0,93400000.0,10580000000,7346325000.0,4584000000,0,0,0,8875200000,3940200000,4935000000,24465597726,3217700000.0,0.0,1303000000.0,3849700000.0,-1400000.0,5183200000.0,-1351600000.0,340600000.0,-586900000.0,-27000000.0,577800000.0,577800000.0,577800000.0,0.0,0.0,0.034,662300000.0,825800000.0,2961100000,0.0,4.749,42.343,39.479,1240300000,0.0,37.9,1.434,1.356,2687800000,1845700000,17057400000.0,17057400000.0,64100000.0,0.059,0.145,0.128,0.055,75000000.0,560300000.0,1.0,645530283,610300000,709100000.0,27.949,14026500000,0,271600000.0,0,22.983,8125600000
27,SLR,ART,2000-09-30,2000-11-13,2000-08-31,2019-02-25,-114400000,10375600000,7669775000.0,8628200000,1747400000,1.843,6.343,-1515000000.0,2434100000,2434100000,12862200000.0,497200000.0,2.682,1.729,3388700000,69200000,3319500000,3388700000,0,251400000.0,0,0.0,0.0,807600000.0,1059000000.0,0.075,1059000000.0,807600000.0,736000000.0,0.83,0.8,0.83,3802100000,3417825000.0,3802100000,22620178691,28.0,21.36,-1857700000.0,-3.099,1.0,1275300000.0,0.09,0,71600000.0,8113400000,5540450000.0,3787300000,0,0,0,6573500000,3216800000,3356700000,21665578691,58100000.0,0.0,133100000.0,2312400000.0,-1400000.0,2474000000.0,-2066700000.0,-516600000.0,-342700000.0,-6500000.0,497200000.0,497200000.0,497200000.0,0.0,0.0,0.035,571100000.0,704200000.0,2694100000,0.0,5.698,43.575,42.997,1080400000,0.0,35.688,1.532,1.513,2146300000,1656800000,14137500000.0,14137500000.0,60800000.0,0.065,0.145,0.146,0.057,60100000.0,472400000.0,1.0,607091522,599400000,623500000.0,23.586,10375600000,0,238800000.0,0,17.31,5411400000
28,SLR,ART,2000-06-30,2000-07-10,2000-05-31,2019-02-25,-120700000,9154600000,6284550000.0,8015600000,1139000000,1.804,5.97,-355200000.0,3419900000,3419900000,10307700000.0,409600000.0,3.524,1.565,3335300000,39500000,3295800000,3335300000,0,225400000.0,0,0.0,0.0,652300000.0,877700000.0,0.077,877700000.0,652300000.0,604100000.0,0.71,0.7,0.71,3568800000,3165575000.0,3568800000,26607574564,41.0,30.315,-591100000.0,-0.989,1.0,1032200000.0,0.091,0,48200000.0,6795200000,4256375000.0,2522500000,0,0,0,5585800000,2274800000,3311000000,26692174564,2117100000.0,-297700000.0,1174300000.0,2306100000.0,0.0,3472300000.0,-1108600000.0,-424500000.0,-235900000.0,-10700000.0,409600000.0,409600000.0,409600000.0,0.0,0.0,0.036,453300000.0,578900000.0,1826100000,0.0,7.479,65.166,62.5,833100000,0.0,44.375,2.354,2.339,1839600000,1493300000,11339900000.0,11339900000.0,42400000.0,0.065,0.129,0.153,0.058,64500000.0,381800000.0,1.0,601513793,597800000,620100000.0,18.969,9154600000,0,194500000.0,0,15.314,5740800000
29,SLR,ART,2000-03-31,2000-04-10,2000-02-29,2019-02-25,-100200000,5921800000,4859525000.0,4936000000,985800000,2.037,5.729,-394400000.0,1469300000,1469300000,8967400000.0,362400000.0,3.182,0.742,995500000,40100000,955400000,995500000,0,202700000.0,0,0.0,0.0,578500000.0,781200000.0,0.079,781200000.0,578500000.0,534700000.0,0.66,0.645,0.66,3399900000,2678600000.0,3399900000,26579401538,46.0,34.024,-581800000.0,-0.98,1.0,931700000.0,0.094,0,43800000.0,3896700000,3252825000.0,1823800000,0,0,0,2521900000,1551300000,970600000,27053201538,169100000.0,0.0,1150300000.0,43100000.0,0.0,1195600000.0,-829800000.0,-393300000.0,-187400000.0,-9300000.0,362400000.0,362400000.0,362400000.0,0.0,0.0,0.037,411700000.0,520000000.0,1294700000,0.0,7.957,74.65,68.75,744900000,0.0,45.375,2.733,2.72,1464700000,1369600000,9899100000.0,9899100000.0,35800000.0,0.075,0.135,0.178,0.058,38500000.0,353800000.0,1.0,596213808,593500000,619500000.0,16.679,5921800000,0,172300000.0,0,9.978,3384700000
30,SLR,ART,1999-12-31,2000-01-07,1999-11-30,2019-02-25,-104500000,5227100000,4224950000.0,4333700000,893400000,2.118,5.338,-488000000.0,1470700000,1470700000,8113500000.0,328000000.0,3.155,0.802,973700000,29800000,943900000,973700000,0,191600000.0,0,0.0,0.0,523900000.0,715500000.0,0.08,715500000.0,523900000.0,481900000.0,0.64,0.615,0.64,2900500000,2151100000.0,2900500000,26320964641,50.0,36.787,-559800000.0,-1.03,1.0,834000000.0,0.093,0,42000000.0,3356500000,2991625000.0,1495700000,0,0,0,2326600000,1373600000,953000000,26817964641,278200000.0,0.0,1118100000.0,763000000.0,0.0,1880900000.0,-1529500000.0,-997600000.0,-71800000.0,-1400000.0,328000000.0,328000000.0,328000000.0,0.0,0.0,0.037,353300000.0,480700000.0,1129600000,0.0,9.246,81.762,70.703,675700000,0.0,45.25,2.997,2.748,1250800000,1069200000,8947500000.0,8947500000.0,29000000.0,0.078,0.152,0.175,0.059,37900000.0,324300000.0,1.0,592662202,543400000,567000000.0,16.466,5227100000,0,153900000.0,0,9.619,2960100000
31,SLR,ART,1999-09-30,1999-11-22,1999-08-31,2019-02-25,-88500000,4834700000,3596350000.0,3994100000,840600000,2.333,5.67,-509200000.0,1688400000,1688400000,7614600000.0,293900000.0,3.588,0.731,944000000,21400000,922600000,944000000,0,183200000.0,0,0.0,0.0,468800000.0,652000000.0,0.078,652000000.0,468800000.0,432300000.0,0.595,0.565,0.595,2793100000,1744225000.0,2793100000,22249350626,47.0,34.125,-471200000.0,-0.957,1.0,776800000.0,0.093,0,36500000.0,2977100000,2619875000.0,1080100000,0,0,0,2041600000,1113200000,928400000,22993750626,1100400000.0,0.0,1125400000.0,752300000.0,0.0,1877200000.0,-819400000.0,-279200000.0,38000000.0,4600000.0,293900000.0,293900000.0,293900000.0,0.0,0.0,0.035,337900000.0,438900000.0,902600000,0.0,8.232,78.237,71.061,653600000,0.0,42.281,2.74,2.482,1118300000,971200000,8391400000.0,8391400000.0,28200000.0,0.082,0.168,0.179,0.056,30800000.0,309700000.0,1.0,543828544,492600000,527000000.0,17.035,4834700000,0,138400000.0,0,9.815,2880900000
32,SLR,ART,1999-06-30,1999-07-12,1999-05-31,2019-02-25,-64900000,3454500000,2990317000.0,2687100000,767400000,2.572,3.215,-519135000.0,707900000,707900000,6980513000.0,261016000.0,2.986,1.131,934300000,16600000,917700000,934300000,0,160540000.0,0,0.0,0.0,418756000.0,579296000.0,0.075,579296000.0,418756000.0,385681000.0,0.545,0.52,0.545,1620900000,1341281500.0,1620900000,18078560165,43.0,31.208,-459032000.0,-0.91,1.0,711163000.0,0.092,0,33075000.0,2781000000,2287212250.0,945500000,0,0,0,1833600000,899900000,933700000,17852160165,204707000.0,0.0,76297000.0,748414000.0,0.0,838335000.0,-695415000.0,-151064000.0,60103000.0,1684000.0,261016000.0,261016000.0,261016000.0,0.0,0.0,0.034,316115000.0,395048000.0,700800000,0.0,11.014,68.395,64.679,607800000,0.0,35.25,2.321,2.311,903200000,882400000,7691676000.0,7691676000.0,30734000.0,0.087,0.195,0.183,0.054,25557000.0,282481000.0,1.0,506444260,504200000,526400000.0,15.255,3454500000,0,124665000.0,0,6.851,1787200000
33,SLR,ART,1999-03-31,1999-04-12,1999-02-28,2019-02-25,-77700000,3383500000,2677737750.0,2679700000,703800000,2.546,2.709,-554149000.0,736600000,736600000,6175657000.0,234494000.0,2.831,1.623,1151400000,11400000,1140000000,1151400000,0,145336000.0,0,0.0,0.0,375253000.0,520589000.0,0.076,520589000.0,375253000.0,348333000.0,0.5,0.477,0.5,1289900000,1207556250.0,1289900000,14039775548,37.0,26.969,-507124000.0,-1.065,1.0,642686000.0,0.094,0,26920000.0,2851900000,1971248500.0,929400000,0,0,0,2093600000,946400000,1147200000,13624975548,320254000.0,0.0,69140000.0,744802000.0,0.0,818155000.0,-553835000.0,9872000.0,47025000.0,8909000.0,234494000.0,234494000.0,234494000.0,0.0,0.0,0.034,288567000.0,354119000.0,769800000,0.0,10.563,58.104,54.0,559200000,0.0,27.0,1.998,1.886,877900000,806700000,6818343000.0,6818343000.0,27012000.0,0.088,0.194,0.19,0.055,23569000.0,258655000.0,1.0,504628724,476200000,523200000.0,14.318,3383500000,0,113839000.0,0,7.105,1733300000
34,SLR,ART,1998-12-31,1999-01-08,1998-11-30,2019-02-25,-4800000,2712700000,2336026500.0,2106400000,606300000,2.61,2.688,-434468000.0,194800000,194800000,5506626000.0,217837000.0,2.011,1.131,399000000,11200000,387800000,399000000,0,132203000.0,0,0.0,0.0,351327000.0,483530000.0,0.079,483530000.0,351327000.0,327581000.0,0.465,0.45,0.465,1273000000,1142685000.0,1273000000,10866100418,31.0,22.472,-311214000.0,-0.657,1.0,590448000.0,0.097,0,23746000.0,1869500000,1603213250.0,901100000,0,0,0,1439700000,1047400000,392300000,10661900418,44081000.0,0.0,65018000.0,10881000.0,0.0,77615000.0,-160164000.0,262071000.0,123254000.0,3376000.0,217837000.0,217837000.0,217837000.0,0.0,0.0,0.036,261697000.0,328751000.0,844200000,0.0,8.375,48.944,48.185,531600000,0.0,22.406,1.749,1.74,872200000,741300000,6097074000.0,6097074000.0,24457000.0,0.093,0.191,0.219,0.058,9338000.0,237240000.0,1.0,475844928,473600000,514800000.0,12.874,2712700000,0,109744000.0,0,5.728,1059000000
35,SLR,ART,1998-09-30,1998-11-13,1998-08-31,2019-02-25,-6984000,2410568000,2160357500.0,1887558000,523010000,2.448,2.55,-384568000.0,308804000,308804000,4749988000.0,198824000.0,2.245,1.041,385519000,0,385519000,385519000,0,124200000.0,0,0.0,0.0,323742000.0,447942000.0,0.085,447942000.0,323742000.0,298983000.0,0.43,0.412,0.43,1181326000,1069284750.0,1181326000,7555134969,23.0,16.866,-234783000.0,-0.507,1.0,538306000.0,0.102,0,24759000.0,1646449000,1471735000.0,788519000,0,0,0,1229242000,840834000,388408000,7478419969,155000.0,0.0,50328000.0,-1205000.0,0.0,46939000.0,-199180000.0,174254000.0,149785000.0,2611000.0,198824000.0,198824000.0,198824000.0,0.0,0.0,0.038,239317000.0,298989000.0,666557000,0.0,6.331,37.613,36.664,448039000,0.0,15.766,1.414,1.381,670194000,677436000,5288294000.0,5288294000.0,20940000.0,0.092,0.186,0.22,0.061,9338000.0,218377000.0,1.0,474349580,463332000,506268000.0,11.414,2410568000,0,100159000.0,0,5.203,1046724000
36,SLR,ART,1998-06-30,1998-07-08,1998-05-31,2019-02-25,-8960000,2204183000,,1747067000,457116000,,2.34,,352133000,352133000,,,2.422,1.03,386542000,0,386542000,386542000,0,,0,0.0,0.0,,,,,,,,,,1085999000,,1085999000,5471397290,,,,,1.0,,,0,,1517145000,,734715000,0,0,0,1118184000,721447000,396737000,5436988290,,,,,,,,,,,,,,,,,,,581341000,,5.006,,,406272000,,11.609,,,563993000,621520000,,,,,,,,,,1.0,468327188,464108000,,,2204183000,0,,0,4.749,1025620000
37,SLR,ART,1998-03-31,1998-04-10,1998-02-28,2019-02-25,-9726000,2016655000,,1575922000,440733000,,2.232,,426121000,426121000,,,2.639,0.957,386343000,0,386343000,386343000,0,,0,0.0,0.0,,,,,,,,,,1030415000,,1030415000,4551680551,,,,,1.0,,,0,,1379759000,,582728000,0,0,0,986240000,597118000,389122000,4591458551,,,,,,,,,,,,,,,,,,,475641000,,4.456,,,388024000,,9.906,,,480318000,572343000,,,,,,,,,,1.0,463491084,461656000,,,2016655000,0,,0,4.368,978804000
38,SLR,ART,1997-12-31,1998-01-12,1997-11-30,2019-02-25,-6222000,2010024000,,1581652000,428372000,,2.053,,412892000,412892000,,,2.47,1.052,386785000,0,386785000,386785000,0,,0,0.0,0.0,,,,,,,,,,979399000,,979399000,4460367037,,,,,1.0,,,0,,1343587000,,590058000,0,0,0,1030625000,640330000,390295000,4486474037,,,,,,,,,,,,,,,,,,,513581000,,4.581,,,378199000,,9.734,,,519493000,523500000,,,,,,,,,,1.0,460889552,476944000,,,2010024000,0,,0,4.214,941322000
