None,ticker,dimension,calendardate,datekey,reportperiod,lastupdated,accoci,assets,assetsavg,assetsc,assetsnc,assetturnover,bvps,capex,cashneq,cashnequsd,cor,consolinc,currentratio,de,debt,debtc,debtnc,debtusd,deferredrev,depamor,deposits,divyield,dps,ebit,ebitda,ebitdamargin,ebitdausd,ebitusd,ebt,eps,epsdil,epsusd,equity,equityavg,equityusd,ev,evebit,evebitda,fcf,fcfps,fxusd,gp,grossmargin,intangibles,intexp,invcap,invcapavg,inventory,investments,investmentsc,investmentsnc,liabilities,liabilitiesc,liabilitiesnc,marketcap,ncf,ncfbus,ncfcommon,ncfdebt,ncfdiv,ncff,ncfi,ncfinv,ncfo,ncfx,netinc,netinccmn,netinccmnusd,netincdis,netincnci,netmargin,opex,opinc,payables,payoutratio,pb,pe,pe1,ppnenet,prefdivis,price,ps,ps1,receivables,retearn,revenue,revenueusd,rnd,roa,roe,roic,ros,sbcomp,sgna,sharefactor,sharesbas,shareswa,shareswadil,sps,tangibles,taxassets,taxexp,taxliabilities,tbvps,workingcapital
0,SLR,MRY,2006-12-31,2006-08-31,2006-08-31,2019-02-25,-99200000.0,5373600000.0,5324800000.0,4351700000.0,1021900000.0,1.983,2.635,-175000000.0,1180500000.0,1180500000.0,10013100000.0,133200000.0,1.889,1.226,708900000.0,89500000.0,619400000.0,708900000.0,0.0,173500000.0,0.0,0.0,0.0,160400000.0,333900000.0,0.032,333900000.0,160400000.0,131900000.0,0.15,0.15,0.15,2413700000.0,2367675000.0,2413700000.0,2288017386.0,14.0,6.852,-334300000.0,-0.365,1.0,547600000.0,0.052,155200000.0,28500000.0,2442600000.0,2280400000.0,1516100000.0,0.0,0.0,0.0,2959900000.0,2304200000.0,655700000.0,2850717386.0,-556800000.0,-5700000.0,-221400000.0,-1400000.0,0.0,-231700000.0,-169700000.0,-15000000.0,-159300000.0,3900000.0,133200000.0,133200000.0,133200000.0,-15600000.0,0.0,0.013,449000000.0,98600000.0,1616700000.0,0.0,1.181,21.402,20.933,673400000.0,0.0,3.14,0.27,0.272,1429300000.0,-5073300000.0,10560700000.0,10560700000.0,0.0,0.025,0.056,0.07,0.015,22200000.0,433300000.0,1.0,907871779.0,915900000,916900000.0,11.53,5218400000.0,0.0,-1300000.0,0.0,5.698,2047500000.0
1,SLR,MRY,2005-12-31,2005-08-31,2005-08-31,2019-02-25,-124400000.0,5257800000.0,5566850000.0,4222900000.0,1034900000.0,1.876,2.527,-118300000.0,1722300000.0,1722300000.0,9868800000.0,3400000.0,1.908,1.151,706600000.0,165700000.0,540900000.0,706600000.0,0.0,193300000.0,0.0,0.0,0.0,75600000.0,268900000.0,0.026,268900000.0,75600000.0,19100000.0,0.0,0.0,0.0,2444200000.0,2519525000.0,2444200000.0,3106800441.0,41.0,11.554,851400000.0,0.88,1.0,572300000.0,0.055,148800000.0,56500000.0,1879800000.0,2540850000.0,1108500000.0,0.0,0.0,0.0,2813600000.0,2213500000.0,600100000.0,3986200441.0,270100000.0,-42200000.0,6700000.0,-568500000.0,0.0,-608900000.0,-95700000.0,9400000.0,969700000.0,5000000.0,3400000.0,3400000.0,3400000.0,-13900000.0,0.0,0.0,549400000.0,22900000.0,1371200000.0,,1.631,1172.412,,666300000.0,0.0,4.1,0.382,0.38,1180700000.0,-5206500000.0,10441100000.0,10441100000.0,0.0,0.001,0.001,0.03,0.007,0.0,412800000.0,1.0,972244010.0,967400000,967400000.0,10.793,5109000000.0,0.0,15700000.0,0.0,5.281,2009400000.0
2,SLR,MRY,2004-12-31,2004-08-31,2004-08-31,2019-02-25,-148100000.0,5864000000.0,6376525000.0,4667600000.0,1196400000.0,1.825,2.768,-80700000.0,1430200000.0,1430200000.0,11068600000.0,-177400000.0,2.131,1.424,1246500000.0,25100000.0,1221400000.0,1246500000.0,0.0,276300000.0,0.0,0.0,0.0,-35400000.0,240900000.0,0.021,240900000.0,-35400000.0,-180700000.0,-0.2,-0.2,-0.2,2418900000.0,1870275000.0,2418900000.0,5003106926.0,-141.0,20.768,-86400000.0,-0.099,1.0,569700000.0,0.049,137700000.0,145300000.0,3351800000.0,4088800000.0,1461300000.0,0.0,0.0,0.0,3445100000.0,2190800000.0,1254300000.0,4962206926.0,-45400000.0,0.0,111100000.0,386000000.0,0.0,-1017800000.0,963400000.0,72000000.0,-5700000.0,14700000.0,-177400000.0,-177400000.0,-177400000.0,-85000000.0,0.0,-0.015,705200000.0,-135500000.0,1439000000.0,0.0,2.051,-27.972,-25.8,754400000.0,0.0,5.16,0.426,0.387,1550200000.0,-5209900000.0,11638300000.0,11638300000.0,0.0,-0.028,-0.095,-0.009,-0.003,0.0,446700000.0,1.0,961668009.0,873900000,873900000.0,13.318,5726300000.0,0.0,-3300000.0,0.0,6.553,2476800000.0
3,SLR,MRY,2003-12-31,2003-08-31,2003-08-31,2019-02-25,-154800000.0,6570300000.0,8634375000.0,4944500000.0,1625800000.0,1.138,1.778,-64500000.0,1494900000.0,1494900000.0,9388400000.0,-3452600000.0,1.522,3.464,2790700000.0,973800000.0,1816900000.0,2790700000.0,0.0,330300000.0,0.0,0.0,0.0,-2720000000.0,-2389700000.0,-0.243,-2389700000.0,-2720000000.0,-2927100000.0,-4.17,-4.17,-4.17,1471700000.0,3124200000.0,1471700000.0,6260898835.0,-2.0,-2.62,216500000.0,0.262,1.0,439900000.0,0.045,135200000.0,207100000.0,4483000000.0,5777550000.0,1325500000.0,19900000.0,19900000.0,0.0,5098600000.0,3247900000.0,1850700000.0,4920798835.0,-317600000.0,-49300000.0,7800000.0,-85000000.0,0.0,-1016300000.0,384800000.0,366200000.0,281000000.0,32900000.0,-3452600000.0,-3452600000.0,-3452600000.0,443700000.0,0.0,-0.351,2791800000.0,-2351900000.0,1277300000.0,0.0,3.344,-1.425,-1.422,808900000.0,0.0,5.93,0.501,0.499,1388900000.0,-5032500000.0,9828300000.0,9828300000.0,0.0,-0.4,-1.105,-0.471,-0.277,0.0,566900000.0,1.0,829814306.0,827700000,827700000.0,11.874,6435100000.0,0.0,525500000.0,0.0,7.775,1696600000.0
4,SLR,MRY,2002-12-31,2002-08-31,2002-08-31,2019-02-25,-285400000.0,11014000000.0,13324300000.0,6660000000.0,4354000000.0,0.806,6.112,-252700000.0,2117900000.0,2117900000.0,10234800000.0,-3109700000.0,2.216,1.308,3818000000.0,636800000.0,3181200000.0,3818000000.0,0.0,327300000.0,0.0,0.0,0.0,-3322100000.0,-2994800000.0,-0.279,-2994800000.0,-3322100000.0,-3559700000.0,-3.98,-3.98,-3.98,4772700000.0,6226700000.0,4772700000.0,4733420359.0,-1.0,-1.581,1800700000.0,2.306,1.0,503900000.0,0.047,1806800000.0,237600000.0,7902100000.0,8632125000.0,1822100000.0,99700000.0,99700000.0,0.0,6241300000.0,3005200000.0,3236100000.0,3064720359.0,-720700000.0,-418500000.0,34300000.0,1042300000.0,0.0,-1776600000.0,-972100000.0,-156400000.0,2053400000.0,-25400000.0,-3109700000.0,-3109700000.0,-3109700000.0,40400000.0,0.0,-0.29,3949100000.0,-3445200000.0,1471300000.0,0.0,0.642,-0.986,-0.935,1081300000.0,0.0,3.72,0.285,0.271,1670200000.0,-1578600000.0,10738700000.0,10738700000.0,0.0,-0.233,-0.499,-0.385,-0.309,3600000.0,661400000.0,1.0,823849559.0,780900000,780900000.0,13.752,9207200000.0,0.0,-450000000.0,0.0,11.79,3654800000.0
5,SLR,MRY,2001-12-31,2001-08-31,2001-08-31,2019-02-25,-259200000.0,13079900000.0,13750975000.0,8853600000.0,4226300000.0,1.35,8.025,-432600000.0,2790100000.0,2790100000.0,17137100000.0,-123500000.0,3.119,1.539,5333700000.0,306200000.0,5027500000.0,5333700000.0,0.0,531500000.0,0.0,0.0,0.0,17900000.0,549400000.0,0.03,549400000.0,17900000.0,-157700000.0,-0.19,-0.19,-0.19,5150700000.0,5325275000.0,5150700000.0,12070101518.0,674.0,21.97,211000000.0,0.329,1.0,1431900000.0,0.077,1987200000.0,175600000.0,10797500000.0,11289050000.0,3209900000.0,0.0,0.0,0.0,7929200000.0,2838800000.0,5090400000.0,8931201518.0,1003400000.0,-2566500000.0,1479100000.0,1468900000.0,0.0,2968600000.0,-2496700000.0,652300000.0,643600000.0,-112100000.0,-123500000.0,-123500000.0,-123500000.0,47500000.0,0.0,-0.007,1483400000.0,-51500000.0,1786100000.0,0.0,1.734,-72.317,-71.579,1304700000.0,0.0,13.6,0.481,0.47,2443600000.0,1531600000.0,18569000000.0,18569000000.0,65900000.0,-0.009,-0.023,0.002,0.001,40500000.0,799000000.0,1.0,656705994.0,641800000,641800000.0,28.933,11092700000.0,0.0,-34200000.0,0.0,17.284,6014800000.0
6,SLR,MRY,2000-12-31,2000-08-31,2000-08-31,2019-02-25,-114400000.0,10375600000.0,7669775000.0,8628200000.0,1747400000.0,1.843,6.343,-417100000.0,2434100000.0,2434100000.0,12862200000.0,497200000.0,2.682,1.729,3388700000.0,69200000.0,3319500000.0,3388700000.0,0.0,251400000.0,0.0,0.0,0.0,807600000.0,1059000000.0,0.075,1059000000.0,807600000.0,736000000.0,0.83,0.8,0.83,3802100000.0,3417825000.0,3802100000.0,27171493745.0,34.0,25.658,-759800000.0,-1.268,1.0,1275300000.0,0.09,39600000.0,71600000.0,8073800000.0,5530550000.0,3787300000.0,0.0,0.0,0.0,6573500000.0,3216800000.0,3356700000.0,27256093745.0,58100000.0,-1097900000.0,120200000.0,2312400000.0,-1400000.0,2474000000.0,-2066700000.0,-516600000.0,-342700000.0,-6500000.0,497200000.0,497200000.0,497200000.0,0.0,0.0,0.035,571100000.0,704200000.0,2694100000.0,0.0,7.169,54.819,54.593,1080400000.0,0.0,45.313,1.928,1.921,2146300000.0,1656800000.0,14137500000.0,14137500000.0,60800000.0,0.065,0.145,0.146,0.057,60100000.0,467100000.0,1.0,601513793.0,599400000,623500000.0,23.586,10336000000.0,0.0,238800000.0,0.0,17.244,5411400000.0
7,SLR,MRY,1999-12-31,1999-08-31,1999-08-31,2019-02-25,-87900000.0,5420500000.0,3742800000.0,4482400000.0,938100000.0,2.583,5.837,-407700000.0,1881700000.0,1881700000.0,8732900000.0,350300000.0,3.397,0.712,969600000.0,46900000.0,922700000.0,969600000.0,0.0,200400000.0,0.0,0.0,0.0,552800000.0,753200000.0,0.078,753200000.0,552800000.0,514500000.0,0.65,0.61,0.65,3166900000.0,1837675000.0,3166900000.0,20041031673.0,36.0,26.608,-311100000.0,-0.573,1.0,936300000.0,0.097,0.0,38300000.0,3188700000.0,2672775000.0,1197000000.0,0.0,0.0,0.0,2253600000.0,1319700000.0,933900000.0,19814631673.0,1121700000.0,-164200000.0,1144300000.0,751500000.0,-1400000.0,1894000000.0,-874100000.0,-270200000.0,96600000.0,5200000.0,350300000.0,350300000.0,350300000.0,0.0,0.0,0.036,420200000.0,516100000.0,1050400000.0,0.0,6.257,56.565,60.192,723800000.0,0.0,39.125,2.049,2.196,1282500000.0,1172800000.0,9669200000.0,9669200000.0,40500000.0,0.094,0.191,0.207,0.057,35400000.0,379200000.0,1.0,506444260.0,542600000,579000000.0,17.82,5420500000.0,0.0,164200000.0,0.0,9.99,3162700000.0
8,SLR,MRY,1998-12-31,1998-08-31,1998-08-31,2019-02-25,-7000000.0,2410500000.0,2160340500.0,1887500000.0,523000000.0,2.825,2.316,-422700000.0,308800000.0,308800000.0,5435600000.0,251300000.0,2.245,1.041,385500000.0,0.0,385500000.0,385500000.0,0.0,134600000.0,0.0,0.0,0.0,400900000.0,535500000.0,0.088,535500000.0,400900000.0,375500000.0,0.49,0.47,0.49,1181300000.0,1069278250.0,1181300000.0,4871353080.0,12.0,9.097,-210400000.0,-0.412,1.0,666600000.0,0.109,0.0,25400000.0,1646400000.0,1471722750.0,788500000.0,0.0,0.0,0.0,1229200000.0,840800000.0,388400000.0,4836944080.0,-31000000.0,0.0,60800000.0,21900000.0,-400000.0,80100000.0,-325100000.0,113200000.0,212300000.0,1700000.0,251300000.0,251300000.0,251300000.0,0.0,0.0,0.041,298000000.0,368600000.0,666500000.0,0.0,4.095,19.248,21.078,448000000.0,0.0,10.328,0.793,0.863,670200000.0,677400000.0,6102200000.0,6102200000.0,29900000.0,0.116,0.235,0.272,0.066,11500000.0,268100000.0,1.0,468327188.0,510100000,556600000.0,11.963,2410500000.0,0.0,124200000.0,0.0,4.726,1046700000.0
9,SLR,MRY,1997-12-31,1997-08-31,1997-08-31,2019-02-25,-10751000.0,1876419000.0,,1499632000.0,376787000.0,,2.061,-177600000.0,482902000.0,482902000.0,3266100000.0,158100000.0,2.64,1.042,385850000.0,0.0,385850000.0,385850000.0,0.0,104600000.0,0.0,0.0,0.0,264900000.0,369500000.0,0.1,369500000.0,264900000.0,238400000.0,0.355,0.345,0.355,919069000.0,,919069000.0,,,,24400000.0,0.055,1.0,428300000.0,0.116,0.0,26500000.0,1211425000.0,,494622000.0,0.0,0.0,0.0,957350000.0,567942000.0,389408000.0,,-3700000.0,0.0,38100000.0,-3100000.0,0.0,35000000.0,-237200000.0,-76200000.0,202000000.0,-3500000.0,158100000.0,158100000.0,158100000.0,0.0,0.0,0.043,191900000.0,236400000.0,415896000.0,0.0,,,29.489,326361000.0,0.0,10.469,,1.264,418682000.0,478612000.0,3694400000.0,3694400000.0,15000000.0,,,,0.072,10800000.0,172900000.0,1.0,,446000000,461200000.0,8.283,1876419000.0,0.0,80300000.0,0.0,4.207,931690000.0
10,SLR,MRY,1996-12-31,1996-08-31,1996-08-31,2019-02-25,,,,,,,,-238645000.0,,,2534813000.0,114232000.0,,,,,,,,84804000.0,,0.0,0.0,188727000.0,273531000.0,0.097,273531000.0,188727000.0,173077000.0,0.28,0.27,0.28,,,,,,,-136691000.0,-0.336,1.0,282378000.0,0.1,,15650000.0,,,,,,,,,,,138871000.0,0.0,14503000.0,381544000.0,0.0,388239000.0,-351669000.0,-122830000.0,101954000.0,347000.0,114232000.0,114232000.0,114232000.0,0.0,0.0,0.041,106953000.0,175425000.0,,0.0,,,16.685,,0.0,4.672,,0.674,,,2817191000.0,2817191000.0,6693000.0,,,,0.067,2481000.0,100260000.0,,,406704000,426872000.0,6.927,,,58845000.0,,,
0,SLR,MRQ,2007-06-30,2007-06-01,2007-06-01,2019-02-25,-77600000.0,5903100000.0,,4885800000.0,1017300000.0,,2.763,-36800000.0,1195100000.0,1195100000.0,2833900000.0,12100000.0,1.761,1.377,673800000.0,64000000.0,609800000.0,673800000.0,0.0,41100000.0,0.0,0.0,0.0,25800000.0,66900000.0,0.022,66900000.0,25800000.0,20300000.0,0.01,0.01,0.01,2483100000.0,,2483100000.0,2619548851.0,24.0,9.495,79500000.0,0.088,1.0,151400000.0,0.051,159100000.0,5500000.0,2448700000.0,,1830800000.0,0.0,0.0,0.0,3420000000.0,2774000000.0,646000000.0,3064048851.0,109500000.0,-5200000.0,-100000.0,32800000.0,0.0,32700000.0,-42000000.0,0.0,116300000.0,2500000.0,12100000.0,12100000.0,12100000.0,100000.0,0.0,0.004,133000000.0,18400000.0,2070200000.0,0.0,1.234,43.647,42.125,737400000.0,0.0,3.37,0.26,0.257,1493600000.0,-5039900000.0,2985300000.0,2985300000.0,0.0,,,,,6300000.0,112100000.0,1.0,909213309.0,898600000,904700000.0,3.322,5744000000.0,0.0,8200000.0,0.0,6.392,2111800000.0
1,SLR,MRQ,2007-03-31,2007-03-02,2007-03-02,2019-02-25,-94100000.0,5641200000.0,,4619100000.0,1022100000.0,,2.732,-43300000.0,1085600000.0,1085600000.0,2749100000.0,15300000.0,1.818,1.304,641100000.0,25100000.0,616000000.0,641100000.0,0.0,41400000.0,0.0,0.0,0.0,24800000.0,66200000.0,0.023,66200000.0,24800000.0,19700000.0,0.02,0.02,0.02,2448200000.0,,2448200000.0,2382827283.0,20.0,8.205,31100000.0,0.035,1.0,152800000.0,0.053,155900000.0,5100000.0,2500500000.0,,1799500000.0,0.0,0.0,0.0,3193000000.0,2540300000.0,652700000.0,2802527283.0,44400000.0,-12900000.0,4100000.0,-900000.0,0.0,5100000.0,-35800000.0,20400000.0,74400000.0,700000.0,15300000.0,15300000.0,15300000.0,300000.0,0.0,0.005,135100000.0,17700000.0,1891000000.0,0.0,1.145,27.997,25.833,741400000.0,0.0,3.1,0.244,0.241,1390600000.0,-5052000000.0,2901900000.0,2901900000.0,0.0,,,,,7700000.0,116700000.0,1.0,904041059.0,896000000,899400000.0,3.239,5485300000.0,0.0,4400000.0,0.0,6.122,2078800000.0
2,SLR,MRQ,2006-12-31,2006-11-30,2006-11-30,2019-02-25,-98000000.0,5470700000.0,,4461300000.0,1009400000.0,,2.7,-34200000.0,1061600000.0,1061600000.0,2849700000.0,6000000.0,1.861,1.263,641900000.0,23100000.0,618800000.0,641900000.0,0.0,42000000.0,0.0,0.0,0.0,13700000.0,55700000.0,0.019,55700000.0,13700000.0,6400000.0,0.01,0.01,0.01,2417400000.0,,2417400000.0,2535390000.0,18.0,8.195,-43100000.0,-0.048,1.0,149400000.0,0.05,155100000.0,7300000.0,2498800000.0,,1599200000.0,0.0,0.0,0.0,3053300000.0,2397100000.0,656200000.0,3006990000.0,-101600000.0,0.0,-9600000.0,-67100000.0,0.0,-76100000.0,-16900000.0,17300000.0,-8900000.0,300000.0,6000000.0,6000000.0,6000000.0,600000.0,0.0,0.002,144400000.0,5000000.0,1698900000.0,0.0,1.244,26.102,25.615,739200000.0,0.0,3.33,0.271,0.269,1500800000.0,-5067300000.0,2999100000.0,2999100000.0,0.0,,,,,6100000.0,109800000.0,1.0,903000000.0,895400000,897400000.0,3.349,5315600000.0,0.0,400000.0,0.0,5.937,2064200000.0
3,SLR,MRQ,2006-09-30,2006-08-31,2006-08-31,2019-02-25,-99200000.0,5373600000.0,,4351700000.0,1021900000.0,,2.638,-27800000.0,1180500000.0,1180500000.0,2751300000.0,36800000.0,1.889,1.226,708900000.0,89500000.0,619400000.0,708900000.0,0.0,43100000.0,0.0,0.0,0.0,44000000.0,87100000.0,0.03,87100000.0,44000000.0,36300000.0,0.04,0.04,0.04,2413700000.0,,2413700000.0,2288017386.0,14.0,6.852,-74000000.0,-0.081,1.0,150800000.0,0.052,155200000.0,7700000.0,2442600000.0,,1516100000.0,0.0,0.0,0.0,2959900000.0,2304200000.0,655700000.0,2850717386.0,-87000000.0,0.0,-21100000.0,2600000.0,0.0,-18500000.0,-26200000.0,1600000.0,-46200000.0,3900000.0,36800000.0,36800000.0,36800000.0,1100000.0,0.0,0.013,115200000.0,35600000.0,1616700000.0,0.0,1.181,21.402,20.933,673400000.0,0.0,3.14,0.27,0.272,1429300000.0,-5073300000.0,2902100000.0,2902100000.0,0.0,,,,,5300000.0,109400000.0,1.0,907871779.0,915000000,916000000.0,3.172,5218400000.0,0.0,-500000.0,0.0,5.703,2047500000.0
4,SLR,MRQ,2006-06-30,2006-05-31,2006-05-31,2019-02-25,-92700000.0,5434000000.0,,4373600000.0,1060400000.0,,2.642,-41900000.0,1269100000.0,1269100000.0,2560400000.0,42000000.0,1.878,1.265,706400000.0,78900000.0,627500000.0,706400000.0,0.0,42900000.0,0.0,0.0,0.0,38500000.0,81400000.0,0.03,81400000.0,38500000.0,31300000.0,0.05,0.05,0.05,2399100000.0,,2399100000.0,2585072922.0,19.0,8.227,-76800000.0,-0.085,1.0,142200000.0,0.053,152400000.0,7200000.0,2389900000.0,,1480400000.0,0.0,0.0,0.0,3034900000.0,2329000000.0,705900000.0,3255372922.0,-267600000.0,-5700000.0,-25000000.0,-150200000.0,0.0,-175200000.0,-57500000.0,-9900000.0,-34900000.0,0.0,42000000.0,42000000.0,42000000.0,400000.0,0.0,0.016,115600000.0,26600000.0,1617800000.0,0.0,1.357,30.17,29.667,691400000.0,0.0,3.56,0.324,0.321,1351100000.0,-5110100000.0,2702600000.0,2702600000.0,0.0,,,,,6700000.0,112200000.0,1.0,914430596.0,908100000,909600000.0,2.976,5281600000.0,0.0,-10700000.0,0.0,5.816,2044600000.0
5,SLR,MRQ,2006-03-31,2006-02-28,2006-02-28,2019-02-25,-115400000.0,5334900000.0,,4283800000.0,1051100000.0,,2.589,-47600000.0,1526800000.0,1526800000.0,2370600000.0,30400000.0,1.884,1.267,856500000.0,228500000.0,628000000.0,856500000.0,0.0,42400000.0,0.0,0.0,0.0,42800000.0,85200000.0,0.034,85200000.0,42800000.0,35900000.0,0.03,0.03,0.03,2353100000.0,,2353100000.0,2636062445.0,51.0,11.387,-10300000.0,-0.011,1.0,129000000.0,0.052,147600000.0,6900000.0,2242800000.0,,1346100000.0,0.0,0.0,0.0,2981800000.0,2274200000.0,707600000.0,3301562445.0,157600000.0,-2100000.0,4500000.0,148600000.0,0.0,146300000.0,-25900000.0,1600000.0,37300000.0,-100000.0,30400000.0,30400000.0,30400000.0,-13300000.0,0.0,0.012,111800000.0,17200000.0,1430300000.0,0.0,1.403,1834.201,,681700000.0,0.0,3.61,0.332,0.33,1177700000.0,-5152100000.0,2499600000.0,2499600000.0,0.0,,,,,5500000.0,104300000.0,1.0,914560234.0,908800000,909700000.0,2.75,5187300000.0,0.0,5500000.0,0.0,5.708,2009600000.0
6,SLR,MRQ,2005-12-31,2005-11-30,2005-11-30,2019-02-25,-124000000.0,5156700000.0,,4105100000.0,1051600000.0,,2.491,-57700000.0,1370800000.0,1370800000.0,2330800000.0,24000000.0,1.787,1.237,705300000.0,227100000.0,478200000.0,705300000.0,0.0,45100000.0,0.0,0.0,0.0,35100000.0,80200000.0,0.033,80200000.0,35100000.0,28400000.0,0.03,0.03,0.03,2304800000.0,,2304800000.0,2264124000.0,75.0,10.353,-173200000.0,-0.187,1.0,125600000.0,0.051,147400000.0,6700000.0,2046300000.0,,1232900000.0,0.0,0.0,0.0,2851900000.0,2297500000.0,554400000.0,3279824000.0,-359800000.0,2100000.0,-179800000.0,-2400000.0,0.0,-184300000.0,-60100000.0,-8300000.0,-115500000.0,100000.0,24000000.0,24000000.0,24000000.0,-3800000.0,0.0,0.01,108300000.0,17300000.0,1388400000.0,0.0,1.423,-106.488,-119.667,681600000.0,0.0,3.59,0.321,0.325,1287000000.0,-5182500000.0,2456400000.0,2456400000.0,0.0,,,,,4700000.0,107400000.0,1.0,913600000.0,925200000,925900000.0,2.655,5009300000.0,0.0,4400000.0,0.0,5.414,1807600000.0
7,SLR,MRQ,2005-09-30,2005-08-31,2005-08-31,2019-02-25,-124400000.0,5257800000.0,,4222900000.0,1034900000.0,,2.534,-26500000.0,1722300000.0,1722300000.0,2274200000.0,11500000.0,1.908,1.151,706600000.0,165700000.0,540900000.0,706600000.0,0.0,45100000.0,0.0,0.0,0.0,22300000.0,67400000.0,0.028,67400000.0,22300000.0,16100000.0,0.01,0.01,0.01,2444200000.0,,2444200000.0,3106800441.0,41.0,11.554,246300000.0,0.255,1.0,124300000.0,0.052,148800000.0,6200000.0,1879800000.0,,1108500000.0,0.0,0.0,0.0,2813600000.0,2213500000.0,600100000.0,3986200441.0,140500000.0,-42200000.0,-64400000.0,-500000.0,0.0,-96700000.0,-33400000.0,0.0,272800000.0,-2200000.0,11500000.0,11500000.0,11500000.0,300000.0,0.0,0.005,113000000.0,11300000.0,1371200000.0,0.0,1.631,1172.412,,666300000.0,0.0,4.1,0.382,0.38,1180700000.0,-5206500000.0,2398500000.0,2398500000.0,0.0,,,,,0.0,102800000.0,1.0,972244010.0,964400000,964400000.0,2.487,5109000000.0,0.0,4600000.0,0.0,5.298,2009400000.0
8,SLR,MRQ,2005-06-30,2005-05-31,2005-05-31,2019-02-25,-123200000.0,5302900000.0,,4253600000.0,1049300000.0,,2.564,-35000000.0,1586300000.0,1586300000.0,2461400000.0,-64100000.0,1.931,1.114,706900000.0,166000000.0,540900000.0,706900000.0,0.0,46900000.0,0.0,0.0,0.0,-48200000.0,-1300000.0,-0.001,-1300000.0,-48200000.0,-65500000.0,-0.07,-0.07,-0.07,2508800000.0,,2508800000.0,2818057021.0,44.0,8.952,191200000.0,0.195,1.0,134600000.0,0.052,135800000.0,17300000.0,2084600000.0,,1187000000.0,0.0,0.0,0.0,2794100000.0,2203100000.0,591000000.0,3548557021.0,-395000000.0,-7100000.0,100000.0,-551500000.0,0.0,-559100000.0,-58600000.0,-23600000.0,226200000.0,-3500000.0,-64100000.0,-64100000.0,-64100000.0,-2600000.0,0.0,-0.025,198000000.0,-63400000.0,1363200000.0,0.0,1.414,-657.14,,678700000.0,0.0,3.65,0.32,0.322,1290200000.0,-5218000000.0,2596000000.0,2596000000.0,0.0,,,,,-1500000.0,109700000.0,1.0,972207403.0,978400000,978400000.0,2.653,5167100000.0,0.0,-1400000.0,0.0,5.281,2050500000.0
9,SLR,MRQ,2005-03-31,2005-02-28,2005-02-28,2019-02-25,-122300000.0,5855600000.0,,4778200000.0,1077400000.0,,2.634,-28600000.0,1957700000.0,1957700000.0,2598100000.0,-2200000.0,2.358,1.276,1227200000.0,19200000.0,1208000000.0,1227200000.0,0.0,51300000.0,0.0,0.0,0.0,21100000.0,72400000.0,0.026,72400000.0,21100000.0,4400000.0,0.0,0.0,0.0,2573300000.0,,2573300000.0,4363158365.0,25.0,10.0,243600000.0,0.249,1.0,157900000.0,0.057,135800000.0,16700000.0,2962500000.0,,1241600000.0,0.0,0.0,0.0,3282300000.0,2026800000.0,1255500000.0,4806758365.0,271100000.0,-22900000.0,5500000.0,-1400000.0,0.0,-3500000.0,1400000.0,17000000.0,272200000.0,1000000.0,-2200000.0,-2200000.0,-2200000.0,-900000.0,0.0,-0.001,147900000.0,10000000.0,1382000000.0,,1.868,60.009,55.0,694800000.0,0.0,4.95,0.417,0.42,1388700000.0,-5153900000.0,2756000000.0,2756000000.0,0.0,,,,,600000.0,104700000.0,1.0,971062296.0,977100000,977100000.0,2.821,5719800000.0,0.0,6600000.0,0.0,5.854,2751400000.0
10,SLR,MRQ,2004-12-31,2004-11-30,2004-11-30,2019-02-25,-139900000.0,5851100000.0,,4697400000.0,1153700000.0,,2.649,-28200000.0,1683700000.0,1683700000.0,2535100000.0,58200000.0,2.312,1.293,1236600000.0,21200000.0,1215400000.0,1236600000.0,0.0,50000000.0,0.0,0.0,0.0,80400000.0,130400000.0,0.048,130400000.0,80400000.0,64100000.0,0.06,0.06,0.06,2551800000.0,,2551800000.0,5840875000.0,47.0,14.9,170300000.0,0.177,1.0,155500000.0,0.058,135800000.0,16300000.0,3236500000.0,,1402000000.0,0.0,0.0,0.0,3299300000.0,2031700000.0,1267600000.0,6024375000.0,253500000.0,30000000.0,65500000.0,-15100000.0,0.0,50400000.0,-5100000.0,16000000.0,198500000.0,9700000.0,58200000.0,58200000.0,58200000.0,-10700000.0,0.0,0.022,91600000.0,63900000.0,1366500000.0,0.0,2.361,956.25,,739400000.0,0.0,6.25,0.517,0.517,1429600000.0,-5151700000.0,2690600000.0,2690600000.0,0.0,,,,,900000.0,95600000.0,1.0,963900000.0,963200000,967400000.0,2.793,5715300000.0,0.0,5900000.0,0.0,5.934,2665700000.0
11,SLR,MRQ,2004-09-30,2004-08-31,2004-08-31,2019-02-25,-148100000.0,5864000000.0,,4667600000.0,1196400000.0,,2.524,-33400000.0,1430200000.0,1430200000.0,2880800000.0,2700000.0,2.131,1.424,1246500000.0,25100000.0,1221400000.0,1246500000.0,0.0,102200000.0,0.0,0.0,0.0,11100000.0,113300000.0,0.037,113300000.0,11100000.0,-3000000.0,0.01,0.01,0.01,2418900000.0,,2418900000.0,5003106926.0,-141.0,20.768,97500000.0,0.102,1.0,159800000.0,0.053,137700000.0,14100000.0,3351800000.0,,1461300000.0,0.0,0.0,0.0,3445100000.0,2190800000.0,1254300000.0,4962206926.0,207000000.0,-383400000.0,6200000.0,1015300000.0,0.0,-499400000.0,570900000.0,10600000.0,130900000.0,4600000.0,2700000.0,2700000.0,2700000.0,-42800000.0,0.0,0.001,195500000.0,-35700000.0,1439000000.0,0.0,2.051,-27.972,-25.8,754400000.0,0.0,5.16,0.426,0.387,1550200000.0,-5209900000.0,3040600000.0,3040600000.0,0.0,,,,,0.0,114800000.0,1.0,961668009.0,958200000,958200000.0,3.173,5726300000.0,0.0,-5700000.0,0.0,5.976,2476800000.0
12,SLR,MRQ,2004-06-30,2004-05-31,2004-05-31,2019-02-25,-174400000.0,5964900000.0,,4687500000.0,1277400000.0,,2.744,-12700000.0,1212100000.0,1212100000.0,2879000000.0,21400000.0,2.018,1.503,1253000000.0,25500000.0,1227500000.0,1253000000.0,0.0,55600000.0,0.0,0.0,0.0,64600000.0,120200000.0,0.04,120200000.0,64600000.0,21700000.0,0.02,0.02,0.02,2382700000.0,,2382700000.0,6025419531.0,-36.0,40.412,39400000.0,0.045,1.0,155200000.0,0.051,134600000.0,42900000.0,3548300000.0,,1577200000.0,0.0,0.0,0.0,3582200000.0,2322900000.0,1259300000.0,4612919531.0,-202300000.0,279200000.0,83700000.0,-1050600000.0,0.0,-960900000.0,720300000.0,431500000.0,52100000.0,-4100000.0,21400000.0,21400000.0,21400000.0,-86800000.0,0.0,0.007,182300000.0,-27100000.0,1532300000.0,0.0,1.936,-13.406,-13.415,734600000.0,0.0,5.5,0.417,0.432,1616400000.0,-5207100000.0,3034200000.0,3034200000.0,0.0,,,,,0.0,103700000.0,1.0,838712642.0,868300000,868300000.0,3.494,5830300000.0,0.0,300000.0,0.0,6.715,2364600000.0
13,SLR,MRQ,2004-03-31,2004-02-28,2004-02-28,2019-02-25,-139500000.0,6979500000.0,,5581500000.0,1398000000.0,,1.564,-23200000.0,1839900000.0,1839900000.0,2749800000.0,-76000000.0,1.668,4.34,3252400000.0,971400000.0,2281000000.0,3252400000.0,0.0,59200000.0,0.0,0.0,0.0,-31100000.0,28100000.0,0.01,28100000.0,-31100000.0,-75500000.0,-0.09,-0.09,-0.09,1307000000.0,,1307000000.0,6764715826.0,-3.0,-2.88,-94000000.0,-0.112,1.0,128000000.0,0.044,134600000.0,44400000.0,4911100000.0,,1510100000.0,0.0,0.0,0.0,5672500000.0,3346300000.0,2326200000.0,5344915826.0,58600000.0,104200000.0,8600000.0,445700000.0,0.0,454300000.0,-342500000.0,-408300000.0,-70800000.0,7900000.0,-76000000.0,-76000000.0,-76000000.0,-23000000.0,0.0,-0.026,185800000.0,-57800000.0,1406700000.0,0.0,4.089,-1.542,-1.532,740400000.0,0.0,6.39,0.515,0.515,1529500000.0,-5228400000.0,2877800000.0,2877800000.0,0.0,,,,,0.0,113800000.0,1.0,836450051.0,835600000,835600000.0,3.444,6844900000.0,0.0,500000.0,0.0,8.192,2235200000.0
14,SLR,MRQ,2003-12-31,2003-11-30,2003-11-30,2019-02-25,-139000000.0,6697700000.0,,5179300000.0,1518400000.0,,1.646,-11400000.0,1371800000.0,1371800000.0,2569300000.0,-119800000.0,1.506,3.88,2791600000.0,959500000.0,1832100000.0,2791600000.0,0.0,59300000.0,0.0,0.0,0.0,-73400000.0,-14100000.0,-0.005,-14100000.0,-73400000.0,-117300000.0,-0.14,-0.14,-0.14,1372500000.0,,1372500000.0,6186900000.0,-2.0,-2.556,-129300000.0,-0.155,1.0,127500000.0,0.047,134600000.0,43900000.0,4544000000.0,,1472400000.0,0.0,0.0,0.0,5325200000.0,3438900000.0,1886300000.0,4890600000.0,-108700000.0,0.0,12600000.0,-24400000.0,0.0,-11800000.0,14700000.0,38200000.0,-117900000.0,6300000.0,-119800000.0,-119800000.0,-119800000.0,67600000.0,0.0,-0.044,135700000.0,-8200000.0,1500700000.0,0.0,3.563,-1.397,-1.39,773900000.0,0.0,5.85,0.496,0.495,1591300000.0,-5160400000.0,2696800000.0,2696800000.0,0.0,,,,,0.0,114700000.0,1.0,836000000.0,833600000,833600000.0,3.235,6563100000.0,0.0,2500000.0,0.0,7.873,1740400000.0
15,SLR,MRQ,2003-09-30,2003-08-31,2003-08-31,2019-02-25,-154800000.0,6570300000.0,,4944500000.0,1625800000.0,,1.774,-15900000.0,1494900000.0,1494900000.0,2328000000.0,-169700000.0,1.522,3.464,2790700000.0,973800000.0,1816900000.0,2790700000.0,0.0,143400000.0,0.0,0.0,0.0,-128500000.0,14900000.0,0.006,14900000.0,-128500000.0,-175200000.0,-0.2,-0.2,-0.2,1471700000.0,,1471700000.0,6260898835.0,-2.0,-2.62,12600000.0,0.015,1.0,115300000.0,0.047,135200000.0,46700000.0,4483000000.0,,1325500000.0,19900000.0,19900000.0,0.0,5098600000.0,3247900000.0,1850700000.0,4920798835.0,-90800000.0,0.0,200000.0,827400000.0,0.0,-132400000.0,13500000.0,40200000.0,28500000.0,-8900000.0,-169700000.0,-169700000.0,-169700000.0,17900000.0,0.0,-0.069,279900000.0,-164600000.0,1277300000.0,0.0,3.344,-1.425,-1.422,808900000.0,0.0,5.93,0.501,0.499,1388900000.0,-5032500000.0,2443300000.0,2443300000.0,0.0,,,,,0.0,130500000.0,1.0,829814306.0,829500000,829500000.0,2.946,6435100000.0,0.0,-5500000.0,0.0,7.758,1696600000.0
16,SLR,MRQ,2003-06-30,2003-05-31,2003-05-31,2019-02-25,-135900000.0,6963000000.0,,5298800000.0,1664200000.0,,1.997,-13400000.0,1690700000.0,1690700000.0,2258100000.0,-3101200000.0,1.583,3.206,3030800000.0,1146400000.0,1884400000.0,3030800000.0,0.0,56200000.0,0.0,0.0,0.0,-2434000000.0,-2377800000.0,-1.009,-2377800000.0,-2434000000.0,-2485400000.0,-3.74,-3.74,-3.74,1655500000.0,,1655500000.0,4688681544.0,-1.0,-0.902,42700000.0,0.052,1.0,99200000.0,0.042,277900000.0,51400000.0,4678300000.0,,1551300000.0,0.0,0.0,0.0,5307500000.0,3346900000.0,1960600000.0,3319181544.0,-405600000.0,0.0,0.0,-815800000.0,0.0,-505300000.0,28200000.0,37000000.0,56100000.0,15100000.0,-3101200000.0,-3101200000.0,-3101200000.0,415300000.0,0.0,-1.316,2124700000.0,-2025500000.0,1310700000.0,0.0,2.005,-0.56,-0.545,936200000.0,0.0,4.0,0.37,0.37,1641900000.0,-4861500000.0,2357300000.0,2357300000.0,0.0,,,,,-300000.0,138100000.0,1.0,829795386.0,828800000,828800000.0,2.844,6685100000.0,0.0,615800000.0,0.0,8.066,1951900000.0
17,SLR,MRQ,2003-03-31,2003-02-28,2003-02-28,2019-02-25,-242800000.0,10396200000.0,,6056200000.0,4340000000.0,,5.616,-14500000.0,2132400000.0,2132400000.0,2299200000.0,-110800000.0,2.192,1.237,3501900000.0,555100000.0,2946800000.0,3501900000.0,0.0,63000000.0,0.0,0.0,0.0,-106900000.0,-43900000.0,-0.019,-43900000.0,-106900000.0,-160600000.0,-0.13,-0.13,-0.13,4648200000.0,,4648200000.0,4163491548.0,-1.0,-1.36,241000000.0,0.291,1.0,60400000.0,0.026,2203700000.0,53700000.0,6798800000.0,,1640500000.0,0.0,0.0,0.0,5748000000.0,2763200000.0,2984800000.0,2602591548.0,219600000.0,-18900000.0,7600000.0,-14900000.0,0.0,-144800000.0,104500000.0,74900000.0,255500000.0,13200000.0,-110800000.0,-110800000.0,-110800000.0,6900000.0,0.0,-0.047,170000000.0,-109600000.0,1455900000.0,0.0,0.56,-0.836,-0.797,1068000000.0,0.0,3.15,0.27,0.27,1669100000.0,-1760300000.0,2359600000.0,2359600000.0,0.0,,,,,300000.0,139400000.0,1.0,826219539.0,827600000,827600000.0,2.851,8192500000.0,0.0,-49800000.0,0.0,9.899,3293000000.0
18,SLR,MRQ,2002-12-31,2002-11-30,2002-11-30,2019-02-25,-270600000.0,10608000000.0,,6314200000.0,4293800000.0,,5.719,-20700000.0,1997600000.0,1997600000.0,2503100000.0,-70900000.0,2.237,1.247,3558500000.0,548400000.0,3010100000.0,3558500000.0,0.0,67700000.0,0.0,0.0,0.0,-50600000.0,17100000.0,0.006,17100000.0,-50600000.0,-105900000.0,-0.09,-0.09,-0.09,4721400000.0,,4721400000.0,5691160000.0,-2.0,-1.867,-79800000.0,-0.097,1.0,165000000.0,0.062,2196800000.0,55300000.0,7150100000.0,,1809000000.0,0.0,0.0,0.0,5886600000.0,2822000000.0,3064600000.0,4014360000.0,-40800000.0,-30400000.0,0.0,-81700000.0,0.0,-233800000.0,238600000.0,214100000.0,-59100000.0,13500000.0,-70900000.0,-70900000.0,-70900000.0,3600000.0,0.0,-0.027,217200000.0,-52200000.0,1472100000.0,0.0,0.85,-1.283,-1.224,1081700000.0,0.0,4.86,0.391,0.391,1858700000.0,-1649500000.0,2668100000.0,2668100000.0,0.0,,,,,0.0,158900000.0,1.0,826000000.0,825500000,825500000.0,3.232,8411200000.0,0.0,-35000000.0,0.0,10.189,3492200000.0
19,SLR,MRQ,2002-09-30,2002-08-31,2002-08-31,2019-02-25,-285400000.0,11014000000.0,,6660000000.0,4354000000.0,,5.832,15600000.0,2117900000.0,2117900000.0,1689000000.0,-2646800000.0,2.216,1.308,3818000000.0,636800000.0,3181200000.0,3818000000.0,0.0,27800000.0,0.0,0.0,0.0,-2823200000.0,-2795400000.0,-1.77,-2795400000.0,-2823200000.0,-2883400000.0,-3.38,-3.38,-3.38,4772700000.0,,4772700000.0,4733420359.0,-1.0,-1.581,87900000.0,0.107,1.0,-109900000.0,-0.07,1806800000.0,60200000.0,7902100000.0,,1822100000.0,99700000.0,99700000.0,0.0,6241300000.0,3005200000.0,3236100000.0,3064720359.0,-734900000.0,-85000000.0,38800000.0,40300000.0,0.0,-921400000.0,85800000.0,268100000.0,72300000.0,28400000.0,-2646800000.0,-2646800000.0,-2646800000.0,40400000.0,0.0,-1.676,2781100000.0,-2891000000.0,1471300000.0,0.0,0.642,-0.986,-0.935,1081300000.0,0.0,3.72,0.285,0.271,1670200000.0,-1578600000.0,1579100000.0,1579100000.0,-54100000.0,,,,,3600000.0,34600000.0,1.0,823849559.0,818400000,818400000.0,1.929,9207200000.0,0.0,-236600000.0,0.0,11.25,3654800000.0
20,SLR,MRQ,2002-06-30,2002-05-31,2002-05-31,2019-02-25,-292100000.0,14878400000.0,,8054100000.0,6824300000.0,,8.993,-214800000.0,3232300000.0,3232300000.0,2821600000.0,-284400000.0,1.951,1.01,4901000000.0,1650200000.0,3250800000.0,4901000000.0,0.0,90600000.0,0.0,0.0,0.0,-329700000.0,-239100000.0,-0.079,-239100000.0,-329700000.0,-401900000.0,-0.35,-0.35,-0.35,7402800000.0,,7402800000.0,8197131037.0,-10.0,-23.414,63500000.0,0.077,1.0,211200000.0,0.07,4506100000.0,72200000.0,7912000000.0,,2098700000.0,0.0,0.0,0.0,7475600000.0,4129000000.0,3346600000.0,6649131037.0,276100000.0,-118400000.0,0.0,-28500000.0,0.0,-38400000.0,-50000000.0,297000000.0,278300000.0,86200000.0,-284400000.0,-284400000.0,-284400000.0,0.0,0.0,-0.094,554900000.0,-343700000.0,1552500000.0,0.0,0.898,-9.323,-8.33,1439600000.0,0.0,8.08,0.526,0.527,2016700000.0,1068700000.0,3032800000.0,3032800000.0,20400000.0,,,,,0.0,217600000.0,1.0,822912257.0,823200000,823200000.0,3.684,10372300000.0,0.0,-117500000.0,0.0,12.6,3925100000.0
21,SLR,MRQ,2002-03-31,2002-02-28,2002-02-28,2019-02-25,-380200000.0,14900600000.0,,8217800000.0,6682800000.0,,9.28,-16600000.0,3253200000.0,3253200000.0,2785400000.0,-126000000.0,3.138,0.963,4801200000.0,219800000.0,4581400000.0,4801200000.0,0.0,106300000.0,0.0,0.0,0.0,-137600000.0,-31300000.0,-0.011,-31300000.0,-137600000.0,-200100000.0,-0.15,-0.15,-0.15,7590700000.0,,7590700000.0,8589385149.0,-12.0,-46.631,919400000.0,1.124,1.0,189200000.0,0.064,4437100000.0,62500000.0,9392600000.0,,2339400000.0,0.0,0.0,0.0,7309900000.0,2618900000.0,4691000000.0,6353385149.0,-332900000.0,106400000.0,0.0,1056400000.0,0.0,-572400000.0,-633800000.0,-695900000.0,936000000.0,-62700000.0,-126000000.0,-126000000.0,-126000000.0,0.0,0.0,-0.042,348200000.0,-159000000.0,1581300000.0,0.0,0.837,-10.339,-9.189,1392800000.0,0.0,8.27,0.468,0.498,2223400000.0,1353100000.0,2974600000.0,2974600000.0,21200000.0,,,,,0.0,215400000.0,1.0,768244879.0,818000000,818000000.0,3.636,10463500000.0,0.0,-74100000.0,0.0,12.792,5598900000.0
22,SLR,MRQ,2001-12-31,2001-11-30,2001-11-30,2019-02-25,-336400000.0,12504200000.0,,7944600000.0,4559600000.0,,7.745,-36900000.0,2886800000.0,2886800000.0,2927100000.0,-52500000.0,2.607,1.432,5122800000.0,888500000.0,4234300000.0,5122800000.0,0.0,102600000.0,0.0,0.0,0.0,-31600000.0,71000000.0,0.023,71000000.0,-31600000.0,-74300000.0,-0.08,-0.08,-0.08,5140600000.0,,5140600000.0,12197178112.0,-37.0,54.893,729900000.0,1.1,1.0,225100000.0,0.071,2370800000.0,42700000.0,9321800000.0,,2751500000.0,0.0,0.0,0.0,7363600000.0,3047600000.0,4316000000.0,9653578112.0,71000000.0,-321500000.0,-4500000.0,-25900000.0,0.0,-244400000.0,-374100000.0,-25600000.0,766800000.0,-77300000.0,-52500000.0,-52500000.0,-52500000.0,0.0,0.0,-0.017,276600000.0,-51500000.0,1522500000.0,0.0,1.878,-26.333,-26.25,1287200000.0,0.0,14.7,0.602,0.609,2013800000.0,1478800000.0,3152200000.0,3152200000.0,12500000.0,,,,,0.0,205500000.0,1.0,656705994.0,663700000,663700000.0,4.749,10133400000.0,0.0,-21800000.0,0.0,15.268,4897000000.0
23,SLR,MRQ,2001-09-30,2001-08-31,2001-08-31,2019-02-25,-259200000.0,13079900000.0,,8853600000.0,4226300000.0,,7.846,-61300000.0,2790100000.0,2790100000.0,3318300000.0,-250300000.0,3.119,1.539,5333700000.0,306200000.0,5027500000.0,5333700000.0,0.0,141700000.0,0.0,0.0,0.0,-292400000.0,-150700000.0,-0.043,-150700000.0,-292400000.0,-340000000.0,-0.39,-0.38,-0.39,5150700000.0,,5150700000.0,12070101518.0,674.0,21.97,812600000.0,1.238,1.0,153300000.0,0.044,1987200000.0,47600000.0,10797500000.0,,3209900000.0,0.0,0.0,0.0,7929200000.0,2838800000.0,5090400000.0,8931201518.0,632900000.0,-91100000.0,-4700000.0,-67200000.0,0.0,-68300000.0,-130100000.0,23700000.0,873900000.0,-42600000.0,-250300000.0,-250300000.0,-250300000.0,47500000.0,0.0,-0.072,419200000.0,-265900000.0,1786100000.0,0.0,1.734,-72.317,-71.579,1304700000.0,0.0,13.6,0.481,0.47,2443600000.0,1531600000.0,3471600000.0,3471600000.0,10100000.0,,,,,400000.0,218200000.0,1.0,656705994.0,656500000,607900000.0,5.288,11092700000.0,0.0,-89700000.0,0.0,16.897,6014800000.0
24,SLR,MRQ,2001-06-30,2001-05-31,2001-05-31,2019-02-25,-220500000.0,13292500000.0,,9081700000.0,4210800000.0,,8.271,-31200000.0,2175900000.0,2175900000.0,3677700000.0,-185700000.0,3.189,1.457,5314800000.0,337600000.0,4977200000.0,5314800000.0,0.0,158600000.0,0.0,0.0,0.0,-231800000.0,-73200000.0,-0.018,-73200000.0,-231800000.0,-280000000.0,-0.28,-0.28,-0.28,5410000000.0,,5410000000.0,17575707806.0,30.0,16.622,415200000.0,0.635,1.0,305700000.0,0.077,1985200000.0,48200000.0,11598100000.0,,4201700000.0,0.0,0.0,0.0,7882500000.0,2848100000.0,5034400000.0,14090607806.0,440400000.0,-2400000.0,10200000.0,-26400000.0,0.0,-11800000.0,58800000.0,83600000.0,446400000.0,-53000000.0,-185700000.0,-185700000.0,-185700000.0,0.0,0.0,-0.047,560200000.0,-254500000.0,2040500000.0,0.0,2.605,47.316,42.294,1381100000.0,0.0,21.57,0.71,0.711,2391400000.0,1781900000.0,3983400000.0,3983400000.0,19500000.0,,,,,3600000.0,203100000.0,1.0,653250246.0,654100000,654100000.0,6.09,11307300000.0,0.0,-94300000.0,0.0,17.287,6233600000.0
25,SLR,MRQ,2001-03-31,2001-02-28,2001-02-28,2019-02-25,-148400000.0,14605000000.0,,10195600000.0,4409400000.0,,8.62,-104100000.0,1819100000.0,1819100000.0,4930300000.0,121900000.0,2.55,1.613,5304200000.0,355100000.0,4949100000.0,5304200000.0,0.0,146000000.0,0.0,0.0,0.0,229100000.0,375100000.0,0.069,375100000.0,229100000.0,182000000.0,0.19,0.18,0.19,5589100000.0,,5589100000.0,18084400212.0,18.0,12.98,-408100000.0,-0.629,1.0,488200000.0,0.09,1911400000.0,47100000.0,12180600000.0,,4882500000.0,0.0,0.0,0.0,9015900000.0,3998100000.0,5017800000.0,17590700212.0,-2340100000.0,-2473000000.0,285400000.0,3300000.0,0.0,295100000.0,-2339000000.0,359500000.0,-304000000.0,7800000.0,121900000.0,121900000.0,121900000.0,0.0,0.0,0.022,295700000.0,192500000.0,2675100000.0,0.0,3.147,29.162,27.525,1564000000.0,0.0,27.25,0.902,0.906,3187800000.0,1967700000.0,5418500000.0,5418500000.0,18300000.0,,,,,14500000.0,189100000.0,1.0,645530283.0,648400000,664300000.0,8.357,12693600000.0,0.0,60100000.0,0.0,19.577,6197500000.0
26,SLR,MRQ,2000-12-31,2000-11-30,2000-11-30,2019-02-25,-164200000.0,14026500000.0,,12065800000.0,1960700000.0,,8.441,-236000000.0,4518700000.0,4518700000.0,5210800000.0,190600000.0,3.062,1.723,5012400000.0,118500000.0,4893900000.0,5012400000.0,0.0,85200000.0,0.0,0.0,0.0,313000000.0,398200000.0,0.07,398200000.0,313000000.0,280300000.0,0.31,0.29,0.31,5151300000.0,,5151300000.0,17953162616.0,19.0,14.666,-608700000.0,-0.997,1.0,484700000.0,0.085,0.0,32700000.0,10580000000.0,,4584000000.0,0.0,0.0,0.0,8875200000.0,3940200000.0,4935000000.0,16998562616.0,2270200000.0,0.0,1188200000.0,1559200000.0,0.0,2753600000.0,-86400000.0,185500000.0,-372700000.0,-24300000.0,190600000.0,190600000.0,190600000.0,0.0,0.0,0.033,208300000.0,276400000.0,2961100000.0,0.0,3.3,29.409,29.167,1240300000.0,0.0,28.0,1.0,1.005,2687800000.0,1845700000.0,5695500000.0,5695500000.0,18000000.0,,,,,22000000.0,190300000.0,1.0,607091522.0,610300000,709100000.0,9.332,14026500000.0,0.0,89700000.0,0.0,22.983,8125600000.0
27,SLR,MRQ,2000-09-30,2000-08-31,2000-08-31,2019-02-25,-114400000.0,10375600000.0,,8628200000.0,1747400000.0,,6.293,-165300000.0,2434100000.0,2434100000.0,4323300000.0,171000000.0,2.682,1.729,3388700000.0,69200000.0,3319500000.0,3388700000.0,0.0,78300000.0,0.0,0.0,0.0,279000000.0,357300000.0,0.075,357300000.0,279000000.0,248000000.0,0.29,0.28,0.29,3802100000.0,,3802100000.0,27171493745.0,34.0,25.658,-230400000.0,-0.381,1.0,412900000.0,0.087,39600000.0,31000000.0,8073800000.0,,3787300000.0,0.0,0.0,0.0,6573500000.0,3216800000.0,3356700000.0,27256093745.0,-1123200000.0,-800200000.0,12000000.0,11100000.0,-1400000.0,57600000.0,-1124400000.0,-137300000.0,-65100000.0,8700000.0,171000000.0,171000000.0,171000000.0,0.0,0.0,0.036,169900000.0,243000000.0,2694100000.0,0.0,7.169,54.819,54.593,1080400000.0,0.0,45.313,1.928,1.921,2146300000.0,1656800000.0,4736200000.0,4736200000.0,16100000.0,,,,,7500000.0,147700000.0,1.0,601513793.0,604200000,625900000.0,7.839,10336000000.0,0.0,77000000.0,0.0,17.107,5411400000.0
28,SLR,MRQ,2000-06-30,2000-05-31,2000-05-31,2019-02-25,-120700000.0,9154600000.0,,8015600000.0,1139000000.0,,5.934,-117500000.0,3419900000.0,3419900000.0,3339500000.0,119700000.0,3.524,1.565,3335300000.0,39500000.0,3295800000.0,3335300000.0,0.0,68400000.0,0.0,0.0,0.0,194200000.0,262600000.0,0.072,262600000.0,194200000.0,177500000.0,0.2,0.19,0.2,3568800000.0,,3568800000.0,19266481455.0,28.0,20.654,-97800000.0,-0.163,1.0,305500000.0,0.084,0.0,16700000.0,6795200000.0,,2522500000.0,0.0,0.0,0.0,5585800000.0,2274800000.0,3311000000.0,19740281455.0,1915700000.0,-229200000.0,60200000.0,2248900000.0,0.0,2310200000.0,-407300000.0,-56900000.0,19700000.0,-6900000.0,119700000.0,119700000.0,119700000.0,0.0,0.0,0.033,135300000.0,170200000.0,1826100000.0,0.0,5.531,45.685,44.146,833100000.0,0.0,33.109,1.6,1.613,1839600000.0,1493300000.0,3645000000.0,3645000000.0,15700000.0,,,,,30400000.0,111300000.0,1.0,596213808.0,601400000,623800000.0,6.061,9154600000.0,0.0,57800000.0,0.0,15.222,5740800000.0
29,SLR,MRQ,2000-03-31,2000-02-29,2000-02-29,2019-02-25,-100200000.0,5921800000.0,,4936000000.0,985800000.0,,5.69,-56700000.0,1469300000.0,1469300000.0,2641800000.0,96700000.0,3.182,0.742,995500000.0,40100000.0,955400000.0,995500000.0,0.0,49900000.0,0.0,0.0,0.0,156100000.0,206000000.0,0.071,206000000.0,156100000.0,143800000.0,0.16,0.16,0.16,3399900000.0,,3399900000.0,18912687116.0,29.0,21.887,-210800000.0,-0.353,1.0,279900000.0,0.096,0.0,12300000.0,3896700000.0,,1823800000.0,0.0,0.0,0.0,2521900000.0,1551300000.0,970600000.0,19409687116.0,90000000.0,-30400000.0,36600000.0,16700000.0,0.0,59100000.0,159900000.0,258500000.0,-154100000.0,25100000.0,96700000.0,96700000.0,96700000.0,0.0,0.0,0.033,144200000.0,135700000.0,1294700000.0,0.0,5.709,48.235,46.127,744900000.0,0.0,32.75,1.755,1.769,1464700000.0,1369600000.0,2921700000.0,2921700000.0,14300000.0,,,,,15100000.0,102400000.0,1.0,592662202.0,597500000,623500000.0,4.89,5921800000.0,0.0,47100000.0,0.0,9.911,3384700000.0
30,SLR,MRQ,1999-12-31,1999-11-30,1999-11-30,2019-02-25,-104500000.0,5227100000.0,,4333700000.0,893400000.0,,4.879,-77600000.0,1470700000.0,1470700000.0,2557600000.0,109800000.0,3.155,0.802,973700000.0,29800000.0,943900000.0,973700000.0,0.0,54800000.0,0.0,0.0,0.0,178300000.0,233100000.0,0.082,233100000.0,178300000.0,166700000.0,0.18,0.17,0.18,2900500000.0,,2900500000.0,21688527440.0,35.0,26.251,-220800000.0,-0.371,1.0,277000000.0,0.098,0.0,11600000.0,3356500000.0,,1495700000.0,0.0,0.0,0.0,2326600000.0,1373600000.0,953000000.0,22432927440.0,-824400000.0,-38100000.0,11400000.0,35700000.0,0.0,47100000.0,-694900000.0,-580900000.0,-143200000.0,-33400000.0,109800000.0,109800000.0,109800000.0,0.0,0.0,0.039,121700000.0,155300000.0,1129600000.0,0.0,7.734,58.404,59.783,675700000.0,0.0,41.25,2.178,2.381,1250800000.0,1069200000.0,2834600000.0,2834600000.0,14700000.0,,,,,7100000.0,107000000.0,1.0,543828544.0,594500000,621000000.0,4.768,5227100000.0,0.0,56900000.0,0.0,8.792,2960100000.0
31,SLR,MRQ,1999-09-30,1999-08-31,1999-08-31,2019-02-25,-87900000.0,5420500000.0,,4482400000.0,938100000.0,,5.476,-104400000.0,1881700000.0,1881700000.0,2655000000.0,105900000.0,3.397,0.712,969600000.0,46900000.0,922700000.0,969600000.0,0.0,63700000.0,0.0,0.0,0.0,167400000.0,231100000.0,0.079,231100000.0,167400000.0,155100000.0,0.21,0.17,0.21,3166900000.0,,3166900000.0,20041031673.0,36.0,26.608,-40000000.0,-0.069,1.0,284700000.0,0.097,0.0,12300000.0,3188700000.0,,1197000000.0,0.0,0.0,0.0,2253600000.0,1319700000.0,933900000.0,19814631673.0,910800000.0,-55800000.0,1096400000.0,3500000.0,-1400000.0,1082300000.0,-241200000.0,-62300000.0,64400000.0,5300000.0,105900000.0,105900000.0,105900000.0,0.0,0.0,0.036,130600000.0,154100000.0,1050400000.0,0.0,6.257,56.565,60.192,723800000.0,0.0,39.125,2.049,2.196,1282500000.0,1172800000.0,2939700000.0,2939700000.0,8000000.0,,,,,13900000.0,122100000.0,1.0,506444260.0,578300000,606000000.0,5.083,5420500000.0,0.0,49200000.0,0.0,9.373,3162700000.0
32,SLR,MRQ,1999-06-30,1999-05-31,1999-05-31,2019-02-25,-64900000.0,3454500000.0,,2687100000.0,767400000.0,,2.945,14200000.0,707900000.0,707900000.0,2130900000.0,90000000.0,2.986,1.131,934300000.0,16600000.0,917700000.0,934300000.0,0.0,50500000.0,0.0,0.0,0.0,143400000.0,193900000.0,0.082,193900000.0,143400000.0,132400000.0,0.16,0.16,0.16,1620900000.0,,1620900000.0,14229011320.0,27.0,19.859,93900000.0,0.171,1.0,235100000.0,0.099,0.0,11000000.0,2781000000.0,,945500000.0,0.0,0.0,0.0,1833600000.0,899900000.0,933700000.0,13814211320.0,-46400000.0,-108400000.0,15000000.0,4100000.0,0.0,28600000.0,-147700000.0,-44500000.0,79700000.0,-7000000.0,90000000.0,90000000.0,90000000.0,0.0,0.0,0.038,102300000.0,132800000.0,700800000.0,0.0,8.523,40.547,44.512,607800000.0,0.0,27.375,1.54,1.679,903200000.0,882400000.0,2366000000.0,2366000000.0,11800000.0,,,,,7000000.0,90500000.0,1.0,504628724.0,550300000,574000000.0,4.299,3454500000.0,0.0,42400000.0,0.0,6.277,1787200000.0
33,SLR,MRQ,1999-03-31,1999-02-28,1999-02-28,2019-02-25,-77700000.0,3383500000.0,,2679700000.0,703800000.0,,2.47,-179100000.0,736600000.0,736600000.0,1949800000.0,78400000.0,2.831,1.623,1151400000.0,11400000.0,1140000000.0,1151400000.0,0.0,45600000.0,0.0,0.0,0.0,122500000.0,168100000.0,0.078,168100000.0,122500000.0,113100000.0,0.14,0.14,0.14,1289900000.0,,1289900000.0,10836360110.0,23.0,17.176,-207900000.0,-0.398,1.0,210600000.0,0.097,0.0,9400000.0,2851900000.0,,929400000.0,0.0,0.0,0.0,2093600000.0,946400000.0,1147200000.0,10632160110.0,324500000.0,0.0,7300000.0,732700000.0,0.0,742400000.0,-393800000.0,-210100000.0,-28800000.0,4700000.0,78400000.0,78400000.0,78400000.0,0.0,0.0,0.036,94600000.0,116000000.0,769800000.0,0.0,8.243,35.452,39.9,559200000.0,0.0,22.344,1.348,1.48,877900000.0,806700000.0,2160400000.0,2160400000.0,10300000.0,,,,,14500000.0,84300000.0,1.0,475844928.0,522300000,570500000.0,4.136,3383500000.0,0.0,34700000.0,0.0,6.478,1733300000.0
34,SLR,MRQ,1998-12-31,1998-11-30,1998-11-30,2019-02-25,-4800000.0,2712700000.0,,2106400000.0,606300000.0,,2.688,-138400000.0,194800000.0,194800000.0,1769700000.0,63900000.0,2.011,1.131,399000000.0,11200000.0,387800000.0,399000000.0,0.0,40600000.0,0.0,0.0,0.0,101600000.0,142200000.0,0.073,142200000.0,101600000.0,96100000.0,0.135,0.13,0.135,1273000000.0,,1273000000.0,7940544003.0,19.0,13.904,-157100000.0,-0.332,1.0,175900000.0,0.09,0.0,5500000.0,1869500000.0,,901100000.0,0.0,0.0,0.0,1439700000.0,1047400000.0,392300000.0,7863829003.0,-67200000.0,0.0,25600000.0,11200000.0,0.0,40700000.0,-91400000.0,46700000.0,-18700000.0,2200000.0,63900000.0,63900000.0,63900000.0,0.0,0.0,0.033,78700000.0,97200000.0,844200000.0,0.0,6.177,29.093,31.577,531600000.0,0.0,16.578,1.138,1.136,872200000.0,741300000.0,1945600000.0,1945600000.0,7900000.0,,,,,0.0,70800000.0,1.0,474349580.0,473600000,515000000.0,4.108,2712700000.0,0.0,32200000.0,0.0,5.728,1059000000.0
35,SLR,MRQ,1998-09-30,1998-08-31,1998-08-31,2019-02-25,-7000000.0,2410500000.0,,1887500000.0,523000000.0,,2.316,-181900000.0,308800000.0,308800000.0,2216800000.0,108400000.0,2.245,1.041,385500000.0,0.0,385500000.0,385500000.0,0.0,44000000.0,0.0,0.0,0.0,168300000.0,212300000.0,0.085,212300000.0,168300000.0,160600000.0,0.18,0.175,0.18,1181300000.0,,1181300000.0,4871353080.0,12.0,9.097,-60200000.0,-0.118,1.0,283600000.0,0.113,0.0,7700000.0,1646400000.0,,788500000.0,0.0,0.0,0.0,1229200000.0,840800000.0,388400000.0,4836944080.0,8400000.0,0.0,38600000.0,23500000.0,-400000.0,59600000.0,-173600000.0,21800000.0,121700000.0,700000.0,108400000.0,108400000.0,108400000.0,0.0,0.0,0.043,128000000.0,155600000.0,666500000.0,0.0,4.095,19.248,21.078,448000000.0,0.0,10.328,0.793,0.863,670200000.0,677400000.0,2500400000.0,2500400000.0,15200000.0,,,,,8800000.0,112800000.0,1.0,468327188.0,510100000,556600000.0,4.902,2410500000.0,0.0,52200000.0,0.0,4.726,1046700000.0
36,SLR,MRQ,1998-06-30,1998-05-31,1998-05-31,2019-02-25,-8960000.0,2204183000.0,,1747067000.0,457116000.0,,2.34,-115600000.0,352133000.0,352133000.0,1145000000.0,49200000.0,2.422,1.03,386542000.0,0.0,386542000.0,386542000.0,0.0,29400000.0,0.0,0.0,0.0,78900000.0,108300000.0,0.085,108300000.0,78900000.0,74000000.0,0.105,0.1,0.105,1085999000.0,,1085999000.0,4754457900.0,15.0,11.167,-79800000.0,-0.172,1.0,133100000.0,0.104,0.0,4900000.0,1517145000.0,,734715000.0,0.0,0.0,0.0,1118184000.0,721447000.0,396737000.0,4794235900.0,42300000.0,0.0,5600000.0,400000.0,0.0,6000000.0,100000.0,116300000.0,35800000.0,400000.0,49200000.0,49200000.0,49200000.0,0.0,0.0,0.038,60700000.0,72400000.0,581341000.0,0.0,4.415,25.177,25.106,406272000.0,0.0,10.344,1.032,1.033,563993000.0,621520000.0,1278100000.0,1278100000.0,5400000.0,,,,,2400000.0,55300000.0,1.0,463491084.0,464200000,507400000.0,2.753,2204183000.0,0.0,24800000.0,0.0,4.748,1025620000.0
37,SLR,MRQ,1998-03-31,1998-02-28,1998-02-28,2019-02-25,-9726000.0,2016655000.0,,1575922000.0,440733000.0,,2.232,-36700000.0,426121000.0,426121000.0,1060700000.0,48800000.0,2.639,0.957,386343000.0,0.0,386343000.0,386343000.0,0.0,28600000.0,0.0,0.0,0.0,79700000.0,108300000.0,0.091,108300000.0,79700000.0,73400000.0,0.105,0.1,0.105,1030415000.0,,1030415000.0,5547776020.0,18.0,13.366,10300000.0,0.022,1.0,126100000.0,0.106,0.0,6300000.0,1379759000.0,,582728000.0,0.0,0.0,0.0,986240000.0,597118000.0,389122000.0,5573883020.0,29500000.0,0.0,5700000.0,-1100000.0,0.0,4500000.0,-21200000.0,16200000.0,47000000.0,-800000.0,48800000.0,48800000.0,48800000.0,0.0,0.0,0.041,52900000.0,73200000.0,475641000.0,0.0,5.409,30.498,30.234,388024000.0,0.0,12.094,1.281,1.283,480318000.0,572343000.0,1186800000.0,1186800000.0,4900000.0,,,,,300000.0,48000000.0,1.0,460889552.0,461600000,504600000.0,2.571,2016655000.0,0.0,24600000.0,0.0,4.369,978804000.0
38,SLR,MRQ,1997-12-31,1997-11-30,1997-11-30,2019-02-25,-6222000.0,2010024000.0,,1581652000.0,428372000.0,,2.133,-88500000.0,412892000.0,412892000.0,1013100000.0,44900000.0,2.47,1.052,386785000.0,0.0,386785000.0,386785000.0,0.0,32600000.0,0.0,0.0,0.0,74000000.0,106600000.0,0.094,106600000.0,74000000.0,67500000.0,0.098,0.095,0.098,979399000.0,,979399000.0,,,,-80700000.0,-0.176,1.0,123700000.0,0.109,0.0,6500000.0,1343587000.0,,590058000.0,0.0,0.0,0.0,1030625000.0,640330000.0,390295000.0,,-111200000.0,0.0,10900000.0,-900000.0,0.0,10000000.0,-130400000.0,-41100000.0,7800000.0,1400000.0,44900000.0,44900000.0,44900000.0,0.0,0.0,0.039,56300000.0,67400000.0,513581000.0,0.0,,,24.099,378199000.0,0.0,9.109,,1.04,519493000.0,523500000.0,1136800000.0,1136800000.0,4400000.0,,,,,0.0,51900000.0,1.0,,459200000,504000000.0,2.476,2010024000.0,0.0,22600000.0,0.0,4.377,941322000.0
39,SLR,MRQ,1997-09-30,1997-08-31,1997-08-31,2019-02-25,-10751000.0,1876419000.0,,1499632000.0,376787000.0,,2.014,-66773000.0,482902000.0,482902000.0,920678000.0,47523000.0,2.64,1.042,385850000.0,0.0,385850000.0,385850000.0,0.0,24973000.0,0.0,0.0,0.0,77581000.0,102554000.0,0.098,102554000.0,77581000.0,70862000.0,0.105,0.102,0.105,919069000.0,,919069000.0,,,,-75081000.0,-0.165,1.0,124077000.0,0.119,0.0,6719000.0,1211425000.0,,494622000.0,0.0,0.0,0.0,957350000.0,567942000.0,389408000.0,,-31924000.0,0.0,8481000.0,-757000.0,0.0,9451000.0,-31846000.0,26771000.0,-8308000.0,-1221000.0,47523000.0,47523000.0,47523000.0,0.0,0.0,0.045,54145000.0,69932000.0,415896000.0,0.0,,,29.489,326361000.0,0.0,10.469,,1.264,418682000.0,478612000.0,1044755000.0,1044755000.0,4975000.0,,,,,5535000.0,49170000.0,1.0,,456248000,475180000.0,2.29,1876419000.0,0.0,23339000.0,0.0,4.113,931690000.0
40,SLR,MRQ,1997-06-30,1997-05-31,1997-05-31,2019-02-25,,,,,,,,-56912000.0,,,867345000.0,41537000.0,,,,,,,,27885000.0,,0.0,0.0,69721000.0,97606000.0,0.099,97606000.0,69721000.0,62934000.0,0.092,0.09,0.092,,,,,,,17722000.0,0.039,1.0,115877000.0,0.118,,6787000.0,,,,,,,,,,,23631000.0,0.0,11107000.0,-2237000.0,0.0,10572000.0,-60597000.0,-6573000.0,74634000.0,-978000.0,41537000.0,41537000.0,41537000.0,0.0,0.0,0.042,53258000.0,62619000.0,,0.0,,,,,0.0,7.813,,,,,983222000.0,983222000.0,4712000.0,,,,,0.0,48546000.0,1.0,,453424000,493388000.0,2.168,,,21397000.0,,,
41,SLR,MRQ,1997-03-31,1997-02-28,1997-02-28,2019-02-25,,,,,,,,-31567000.0,,,756500000.0,37565000.0,,,,,,,,25323000.0,,0.0,0.0,63099000.0,88422000.0,0.103,88422000.0,63099000.0,56916000.0,0.083,0.08,0.083,,,,,,,28077000.0,0.062,1.0,102198000.0,0.119,,6183000.0,,,,,,,,,,,-21700000.0,0.0,6562000.0,351000.0,0.0,3671000.0,-82710000.0,-52078000.0,59644000.0,-2305000.0,37565000.0,37565000.0,37565000.0,0.0,0.0,0.044,46635000.0,55563000.0,,0.0,,,,,0.0,6.609,,,,,858698000.0,858698000.0,4123000.0,,,,,1473000.0,42512000.0,1.0,,450208000,465756000.0,1.907,,,19351000.0,,,
42,SLR,MRQ,1996-12-31,1996-11-30,1996-11-30,2019-02-25,,,,,,,,-22348000.0,,,721577000.0,31475000.0,,,,,,,,26419000.0,,0.0,0.0,54499000.0,80918000.0,0.1,80918000.0,54499000.0,47688000.0,0.072,0.072,0.072,,,,,,,53682000.0,0.123,1.0,86148000.0,0.107,,6811000.0,,,,,,,,,,,26293000.0,0.0,11950000.0,-457000.0,0.0,11306000.0,-62047000.0,-44320000.0,76030000.0,1004000.0,31475000.0,31475000.0,31475000.0,0.0,0.0,0.039,37862000.0,48286000.0,,0.0,,,,,0.0,7.313,,,,,807725000.0,807725000.0,1190000.0,,,,,3792000.0,32672000.0,1.0,,436104000,466404000.0,1.852,,,16213000.0,,,
0,SLR,MRT,2007-06-30,2007-06-01,2007-06-01,2019-02-25,-77600000.0,5903100000.0,5597150000.0,4885800000.0,1017300000.0,2.106,2.763,-142100000.0,1195100000.0,1195100000.0,11184000000.0,70200000.0,1.761,1.377,673800000.0,64000000.0,609800000.0,673800000.0,0.0,167600000.0,0.0,0.0,0.0,108300000.0,275900000.0,0.023,275900000.0,108300000.0,82700000.0,0.08,0.08,0.08,2483100000.0,2440600000.0,2483100000.0,2619548851.0,24.0,9.495,-6500000.0,-0.007,1.0,604400000.0,0.051,159100000.0,25600000.0,2448700000.0,2472650000.0,1830800000.0,0.0,0.0,0.0,3420000000.0,2774000000.0,646000000.0,3064048851.0,-34700000.0,-18100000.0,-26700000.0,-32600000.0,0.0,-56800000.0,-120900000.0,39300000.0,135600000.0,7400000.0,70200000.0,70200000.0,70200000.0,2100000.0,0.0,0.006,527700000.0,76700000.0,2070200000.0,0.0,1.234,43.647,42.125,737400000.0,0.0,3.37,0.26,0.257,1493600000.0,-5039900000.0,11788400000.0,11788400000.0,0.0,0.013,0.029,0.044,0.009,25400000.0,448000000.0,1.0,909213309.0,898600000,904700000.0,13.119,5744000000.0,0.0,12500000.0,0.0,6.392,2111800000.0
1,SLR,MRT,2007-03-31,2007-03-02,2007-03-02,2019-02-25,-94100000.0,5641200000.0,5479875000.0,4619100000.0,1022100000.0,2.1,2.732,-147200000.0,1085600000.0,1085600000.0,10910500000.0,100100000.0,1.818,1.304,641100000.0,25100000.0,616000000.0,641100000.0,0.0,169400000.0,0.0,0.0,0.0,121000000.0,290400000.0,0.025,290400000.0,121000000.0,93700000.0,0.12,0.12,0.12,2448200000.0,2419600000.0,2448200000.0,2382827283.0,20.0,8.205,-162800000.0,-0.182,1.0,595200000.0,0.052,155900000.0,27300000.0,2500500000.0,2457950000.0,1799500000.0,0.0,0.0,0.0,3193000000.0,2540300000.0,652700000.0,2802527283.0,-411800000.0,-18600000.0,-51600000.0,-215600000.0,0.0,-264700000.0,-136400000.0,29400000.0,-15600000.0,4900000.0,100100000.0,100100000.0,100100000.0,2400000.0,0.0,0.009,510300000.0,84900000.0,1891000000.0,0.0,1.145,27.997,25.833,741400000.0,0.0,3.1,0.244,0.241,1390600000.0,-5052000000.0,11505700000.0,11505700000.0,0.0,0.018,0.041,0.049,0.011,25800000.0,448100000.0,1.0,904041059.0,896000000,899400000.0,12.841,5485300000.0,0.0,-6400000.0,0.0,6.122,2078800000.0
2,SLR,MRT,2006-12-31,2006-11-30,2006-11-30,2019-02-25,-98000000.0,5470700000.0,5403300000.0,4461300000.0,1009400000.0,2.055,2.7,-151500000.0,1061600000.0,1061600000.0,10532000000.0,115200000.0,1.861,1.263,641900000.0,23100000.0,618800000.0,641900000.0,0.0,170400000.0,0.0,0.0,0.0,139000000.0,309400000.0,0.028,309400000.0,139000000.0,109900000.0,0.13,0.13,0.13,2417400000.0,2395825000.0,2417400000.0,2535390000.0,18.0,8.195,-204200000.0,-0.228,1.0,571400000.0,0.051,155100000.0,29100000.0,2498800000.0,2393525000.0,1599200000.0,0.0,0.0,0.0,3053300000.0,2397100000.0,656200000.0,3006990000.0,-298600000.0,-7800000.0,-51200000.0,-66100000.0,0.0,-123500000.0,-126500000.0,10600000.0,-52700000.0,4100000.0,115200000.0,115200000.0,115200000.0,-11200000.0,0.0,0.01,487000000.0,84400000.0,1698900000.0,0.0,1.244,26.102,25.615,739200000.0,0.0,3.33,0.271,0.269,1500800000.0,-5067300000.0,11103400000.0,11103400000.0,0.0,0.021,0.048,0.058,0.013,23600000.0,435700000.0,1.0,903000000.0,895400000,897400000.0,12.4,5315600000.0,0.0,-5300000.0,0.0,5.937,2064200000.0
3,SLR,MRT,2006-09-30,2006-08-31,2006-08-31,2019-02-25,-99200000.0,5373600000.0,5324800000.0,4351700000.0,1021900000.0,1.983,2.635,-175000000.0,1180500000.0,1180500000.0,10013100000.0,133200000.0,1.889,1.226,708900000.0,89500000.0,619400000.0,708900000.0,0.0,173500000.0,0.0,0.0,0.0,160400000.0,333900000.0,0.032,333900000.0,160400000.0,131900000.0,0.15,0.15,0.15,2413700000.0,2367675000.0,2413700000.0,2288017386.0,14.0,6.852,-334300000.0,-0.365,1.0,547600000.0,0.052,155200000.0,28500000.0,2442600000.0,2280400000.0,1516100000.0,0.0,0.0,0.0,2959900000.0,2304200000.0,655700000.0,2850717386.0,-556800000.0,-5700000.0,-221400000.0,-1400000.0,0.0,-231700000.0,-169700000.0,-15000000.0,-159300000.0,3900000.0,133200000.0,133200000.0,133200000.0,-15600000.0,0.0,0.013,449000000.0,98600000.0,1616700000.0,0.0,1.181,21.402,20.933,673400000.0,0.0,3.14,0.27,0.272,1429300000.0,-5073300000.0,10560700000.0,10560700000.0,0.0,0.025,0.056,0.07,0.015,22200000.0,433300000.0,1.0,907871779.0,915900000,916900000.0,11.53,5218400000.0,0.0,-1300000.0,0.0,5.698,2047500000.0
4,SLR,MRT,2006-06-30,2006-05-31,2006-05-31,2019-02-25,-92700000.0,5434000000.0,5295850000.0,4373600000.0,1060400000.0,1.899,2.642,-173700000.0,1269100000.0,1269100000.0,9536000000.0,107900000.0,1.878,1.265,706400000.0,78900000.0,627500000.0,706400000.0,0.0,175500000.0,0.0,0.0,0.0,138700000.0,314200000.0,0.031,314200000.0,138700000.0,111700000.0,0.12,0.12,0.12,2399100000.0,2375300000.0,2399100000.0,2585072922.0,19.0,8.227,-14000000.0,-0.015,1.0,521100000.0,0.052,152400000.0,27000000.0,2389900000.0,2139700000.0,1480400000.0,0.0,0.0,0.0,3034900000.0,2329000000.0,705900000.0,3255372922.0,-329300000.0,-47900000.0,-264700000.0,-4500000.0,0.0,-309900000.0,-176900000.0,-16600000.0,159700000.0,-2200000.0,107900000.0,107900000.0,107900000.0,-16400000.0,0.0,0.011,448700000.0,72400000.0,1617800000.0,0.0,1.357,30.17,29.667,691400000.0,0.0,3.56,0.324,0.321,1351100000.0,-5110100000.0,10057100000.0,10057100000.0,0.0,0.02,0.045,0.065,0.014,16900000.0,426700000.0,1.0,914430596.0,908100000,909600000.0,11.075,5281600000.0,0.0,3800000.0,0.0,5.816,2044600000.0
5,SLR,MRT,2006-03-31,2006-02-28,2006-02-28,2019-02-25,-115400000.0,5334900000.0,5263075000.0,4283800000.0,1051100000.0,1.891,2.589,-166800000.0,1526800000.0,1526800000.0,9437000000.0,1800000.0,1.884,1.267,856500000.0,228500000.0,628000000.0,856500000.0,0.0,179500000.0,0.0,0.0,0.0,52000000.0,231500000.0,0.023,231500000.0,52000000.0,14900000.0,0.0,0.0,0.0,2353100000.0,2402725000.0,2353100000.0,2636062445.0,51.0,11.387,254000000.0,0.279,1.0,513500000.0,0.052,147600000.0,37100000.0,2242800000.0,2063375000.0,1346100000.0,0.0,0.0,0.0,2981800000.0,2274200000.0,707600000.0,3301562445.0,-456700000.0,-49300000.0,-239600000.0,-405800000.0,0.0,-693800000.0,-178000000.0,-30300000.0,420800000.0,-5700000.0,1800000.0,1800000.0,1800000.0,-19400000.0,0.0,0.0,531100000.0,-17600000.0,1430300000.0,,1.403,1834.201,,681700000.0,0.0,3.61,0.332,0.33,1177700000.0,-5152100000.0,9950500000.0,9950500000.0,0.0,0.0,0.001,0.025,0.005,8700000.0,424200000.0,1.0,914560234.0,908800000,909700000.0,10.949,5187300000.0,0.0,13100000.0,0.0,5.708,2009600000.0
6,SLR,MRT,2005-12-31,2005-11-30,2005-11-30,2019-02-25,-124000000.0,5156700000.0,5393250000.0,4105100000.0,1051600000.0,1.893,2.491,-147800000.0,1370800000.0,1370800000.0,9664500000.0,-30800000.0,1.787,1.237,705300000.0,227100000.0,478200000.0,705300000.0,0.0,188400000.0,0.0,0.0,0.0,30300000.0,218700000.0,0.021,218700000.0,30300000.0,-16600000.0,-0.03,-0.03,-0.03,2304800000.0,2457775000.0,2304800000.0,2264124000.0,75.0,10.353,507900000.0,0.549,1.0,542400000.0,0.053,147400000.0,46900000.0,2046300000.0,2243300000.0,1232900000.0,0.0,0.0,0.0,2851900000.0,2297500000.0,554400000.0,3279824000.0,-343200000.0,-70100000.0,-238600000.0,-555800000.0,0.0,-843600000.0,-150700000.0,-14900000.0,655700000.0,-4600000.0,-30800000.0,-30800000.0,-30800000.0,-7000000.0,0.0,-0.003,567200000.0,-24800000.0,1388400000.0,0.0,1.423,-106.488,-119.667,681600000.0,0.0,3.59,0.321,0.325,1287000000.0,-5182500000.0,10206900000.0,10206900000.0,0.0,-0.006,-0.013,0.014,0.003,3800000.0,424600000.0,1.0,913600000.0,925200000,925900000.0,11.032,5009300000.0,0.0,14200000.0,0.0,5.414,1807600000.0
7,SLR,MRT,2005-09-30,2005-08-31,2005-08-31,2019-02-25,-124400000.0,5257800000.0,5566850000.0,4222900000.0,1034900000.0,1.876,2.527,-118300000.0,1722300000.0,1722300000.0,9868800000.0,3400000.0,1.908,1.151,706600000.0,165700000.0,540900000.0,706600000.0,0.0,193300000.0,0.0,0.0,0.0,75600000.0,268900000.0,0.026,268900000.0,75600000.0,19100000.0,0.0,0.0,0.0,2444200000.0,2519525000.0,2444200000.0,3106800441.0,41.0,11.554,851400000.0,0.88,1.0,572300000.0,0.055,148800000.0,56500000.0,1879800000.0,2540850000.0,1108500000.0,0.0,0.0,0.0,2813600000.0,2213500000.0,600100000.0,3986200441.0,270100000.0,-42200000.0,6700000.0,-568500000.0,0.0,-608900000.0,-95700000.0,9400000.0,969700000.0,5000000.0,3400000.0,3400000.0,3400000.0,-13900000.0,0.0,0.0,549400000.0,22900000.0,1371200000.0,,1.631,1172.412,,666300000.0,0.0,4.1,0.382,0.38,1180700000.0,-5206500000.0,10441100000.0,10441100000.0,0.0,0.001,0.001,0.03,0.007,0.0,412800000.0,1.0,972244010.0,967400000,967400000.0,10.793,5109000000.0,0.0,15700000.0,0.0,5.281,2009400000.0
8,SLR,MRT,2005-06-30,2005-05-31,2005-05-31,2019-02-25,-123200000.0,5302900000.0,5718400000.0,4253600000.0,1049300000.0,1.938,2.564,-125200000.0,1586300000.0,1586300000.0,10475400000.0,-5400000.0,1.931,1.114,706900000.0,166000000.0,540900000.0,706900000.0,0.0,250400000.0,0.0,0.0,0.0,64400000.0,314800000.0,0.028,314800000.0,64400000.0,0.0,0.0,0.0,0.0,2508800000.0,2513200000.0,2508800000.0,2818057021.0,44.0,8.952,702600000.0,0.718,1.0,607800000.0,0.055,135800000.0,64400000.0,2084600000.0,2908850000.0,1187000000.0,0.0,0.0,0.0,2794100000.0,2203100000.0,591000000.0,3548557021.0,336600000.0,-383400000.0,77300000.0,447300000.0,0.0,-1011600000.0,508600000.0,20000000.0,827800000.0,11800000.0,-5400000.0,-5400000.0,-5400000.0,-57000000.0,0.0,0.0,633000000.0,-25200000.0,1363200000.0,,1.414,-657.14,,678700000.0,0.0,3.65,0.32,0.322,1290200000.0,-5218000000.0,11083200000.0,11083200000.0,0.0,-0.001,-0.002,0.022,0.006,0.0,424800000.0,1.0,972207403.0,978400000,978400000.0,11.328,5167100000.0,0.0,5400000.0,0.0,5.281,2050500000.0
9,SLR,MRT,2005-03-31,2005-02-28,2005-02-28,2019-02-25,-122300000.0,5855600000.0,5883900000.0,4778200000.0,1077400000.0,1.958,2.634,-102900000.0,1957700000.0,1957700000.0,10893000000.0,80100000.0,2.358,1.276,1227200000.0,19200000.0,1208000000.0,1227200000.0,0.0,259100000.0,0.0,0.0,0.0,177200000.0,436300000.0,0.038,436300000.0,177200000.0,87200000.0,0.09,0.09,0.09,2573300000.0,2481675000.0,2573300000.0,4363158365.0,25.0,10.0,550800000.0,0.564,1.0,628400000.0,0.055,135800000.0,90000000.0,2962500000.0,3274775000.0,1241600000.0,0.0,0.0,0.0,3282300000.0,2026800000.0,1255500000.0,4806758365.0,529300000.0,-97100000.0,160900000.0,-51800000.0,0.0,-1413400000.0,1287500000.0,475100000.0,653700000.0,11200000.0,80100000.0,80100000.0,80100000.0,-141200000.0,0.0,0.007,617300000.0,11100000.0,1382000000.0,0.0,1.868,60.009,55.0,694800000.0,0.0,4.95,0.417,0.42,1388700000.0,-5153900000.0,11521400000.0,11521400000.0,0.0,0.014,0.032,0.054,0.015,1500000.0,418800000.0,1.0,971062296.0,977100000,977100000.0,11.791,5719800000.0,0.0,7100000.0,0.0,5.854,2751400000.0
10,SLR,MRT,2004-12-31,2004-11-30,2004-11-30,2019-02-25,-139900000.0,5851100000.0,6164875000.0,4697400000.0,1153700000.0,1.889,2.649,-97500000.0,1683700000.0,1683700000.0,11044700000.0,6300000.0,2.312,1.293,1236600000.0,21200000.0,1215400000.0,1236600000.0,0.0,267000000.0,0.0,0.0,0.0,125000000.0,392000000.0,0.034,392000000.0,125000000.0,7300000.0,0.0,0.0,0.0,2551800000.0,2165100000.0,2551800000.0,5840875000.0,47.0,14.9,213200000.0,0.221,1.0,598500000.0,0.051,135800000.0,117700000.0,3236500000.0,3761925000.0,1402000000.0,0.0,0.0,0.0,3299300000.0,2031700000.0,1267600000.0,6024375000.0,316800000.0,30000000.0,164000000.0,395300000.0,0.0,-955600000.0,943600000.0,49800000.0,310700000.0,18100000.0,6300000.0,6300000.0,6300000.0,-163300000.0,0.0,0.001,655200000.0,-56700000.0,1366500000.0,,2.361,956.25,,739400000.0,0.0,6.25,0.517,0.517,1429600000.0,-5151700000.0,11643200000.0,11643200000.0,0.0,0.001,0.003,0.033,0.011,900000.0,427900000.0,1.0,963900000.0,963200000,967400000.0,12.088,5715300000.0,0.0,1000000.0,0.0,5.934,2665700000.0
11,SLR,MRT,2004-09-30,2004-08-31,2004-08-31,2019-02-25,-148100000.0,5864000000.0,6376525000.0,4667600000.0,1196400000.0,1.825,2.768,-80700000.0,1430200000.0,1430200000.0,11068600000.0,-177400000.0,2.131,1.424,1246500000.0,25100000.0,1221400000.0,1246500000.0,0.0,276300000.0,0.0,0.0,0.0,-35400000.0,240900000.0,0.021,240900000.0,-35400000.0,-180700000.0,-0.2,-0.2,-0.2,2418900000.0,1870275000.0,2418900000.0,5003106926.0,-141.0,20.768,-86400000.0,-0.099,1.0,569700000.0,0.049,137700000.0,145300000.0,3351800000.0,4088800000.0,1461300000.0,0.0,0.0,0.0,3445100000.0,2190800000.0,1254300000.0,4962206926.0,-45400000.0,0.0,111100000.0,386000000.0,0.0,-1017800000.0,963400000.0,72000000.0,-5700000.0,14700000.0,-177400000.0,-177400000.0,-177400000.0,-85000000.0,0.0,-0.015,705200000.0,-135500000.0,1439000000.0,0.0,2.051,-27.972,-25.8,754400000.0,0.0,5.16,0.426,0.387,1550200000.0,-5209900000.0,11638300000.0,11638300000.0,0.0,-0.028,-0.095,-0.009,-0.003,0.0,446700000.0,1.0,961668009.0,873900000,873900000.0,13.318,5726300000.0,0.0,-3300000.0,0.0,6.553,2476800000.0
12,SLR,MRT,2004-06-30,2004-05-31,2004-05-31,2019-02-25,-174400000.0,5964900000.0,6553100000.0,4687500000.0,1277400000.0,1.687,2.744,-63200000.0,1212100000.0,1212100000.0,10526100000.0,-344100000.0,2.018,1.503,1253000000.0,25500000.0,1227500000.0,1253000000.0,0.0,317500000.0,0.0,0.0,0.0,-168400000.0,149100000.0,0.013,149100000.0,-168400000.0,-346300000.0,-0.41,-0.41,-0.41,2382700000.0,1633475000.0,2382700000.0,6025419531.0,-36.0,40.412,-171300000.0,-0.197,1.0,526000000.0,0.048,134600000.0,177900000.0,3548300000.0,4371600000.0,1577200000.0,0.0,0.0,0.0,3582200000.0,2322900000.0,1259300000.0,4612919531.0,-343200000.0,383400000.0,105100000.0,198100000.0,0.0,-650800000.0,406000000.0,101600000.0,-108100000.0,1200000.0,-344100000.0,-344100000.0,-344100000.0,-24300000.0,0.0,-0.031,783700000.0,-257700000.0,1532300000.0,0.0,1.936,-13.406,-13.415,734600000.0,0.0,5.5,0.417,0.432,1616400000.0,-5207100000.0,11052100000.0,11052100000.0,0.0,-0.053,-0.211,-0.039,-0.015,0.0,462700000.0,1.0,838712642.0,868300000,868300000.0,12.728,5830300000.0,0.0,-2200000.0,0.0,6.715,2364600000.0
13,SLR,MRT,2004-03-31,2004-02-28,2004-02-28,2019-02-25,-139500000.0,6979500000.0,6802625000.0,5581500000.0,1398000000.0,1.525,1.564,-63900000.0,1839900000.0,1839900000.0,9905200000.0,-3466700000.0,1.668,4.34,3252400000.0,971400000.0,2281000000.0,3252400000.0,0.0,318100000.0,0.0,0.0,0.0,-2667000000.0,-2348900000.0,-0.226,-2348900000.0,-2667000000.0,-2853400000.0,-4.17,-4.17,-4.17,1307000000.0,1451675000.0,1307000000.0,6764715826.0,-3.0,-2.88,-168000000.0,-0.201,1.0,470000000.0,0.045,134600000.0,186400000.0,4911100000.0,4654100000.0,1510100000.0,0.0,0.0,0.0,5672500000.0,3346300000.0,2326200000.0,5344915826.0,-546500000.0,104200000.0,21400000.0,432900000.0,0.0,-195200000.0,-286100000.0,-292900000.0,-104100000.0,20400000.0,-3466700000.0,-3466700000.0,-3466700000.0,477800000.0,0.0,-0.334,2726100000.0,-2256100000.0,1406700000.0,0.0,4.089,-1.542,-1.532,740400000.0,0.0,6.39,0.515,0.515,1529500000.0,-5228400000.0,10375200000.0,10375200000.0,0.0,-0.51,-2.388,-0.573,-0.257,-300000.0,497100000.0,1.0,836450051.0,835600000,835600000.0,12.416,6844900000.0,0.0,613300000.0,0.0,8.192,2235200000.0
14,SLR,MRT,2003-12-31,2003-11-30,2003-11-30,2019-02-25,-139000000.0,6697700000.0,7656800000.0,5179300000.0,1518400000.0,1.287,1.646,-55200000.0,1371800000.0,1371800000.0,9454600000.0,-3501500000.0,1.506,3.88,2791600000.0,959500000.0,1832100000.0,2791600000.0,0.0,321900000.0,0.0,0.0,0.0,-2742800000.0,-2420900000.0,-0.246,-2420900000.0,-2742800000.0,-2938500000.0,-4.21,-4.21,-4.21,1372500000.0,2286975000.0,1372500000.0,6186900000.0,-2.0,-2.556,167000000.0,0.2,1.0,402400000.0,0.041,134600000.0,195700000.0,4544000000.0,5126025000.0,1472400000.0,0.0,0.0,0.0,5325200000.0,3438900000.0,1886300000.0,4890600000.0,-385500000.0,-18900000.0,20400000.0,-27700000.0,0.0,-794300000.0,160900000.0,190300000.0,222200000.0,25700000.0,-3501500000.0,-3501500000.0,-3501500000.0,507700000.0,0.0,-0.355,2710300000.0,-2307900000.0,1500700000.0,0.0,3.563,-1.397,-1.39,773900000.0,0.0,5.85,0.496,0.495,1591300000.0,-5160400000.0,9857000000.0,9857000000.0,0.0,-0.457,-1.531,-0.535,-0.278,0.0,522700000.0,1.0,836000000.0,833600000,833600000.0,11.825,6563100000.0,0.0,563000000.0,0.0,7.873,1740400000.0
15,SLR,MRT,2003-09-30,2003-08-31,2003-08-31,2019-02-25,-154800000.0,6570300000.0,8634375000.0,4944500000.0,1625800000.0,1.138,1.778,-64500000.0,1494900000.0,1494900000.0,9388400000.0,-3452600000.0,1.522,3.464,2790700000.0,973800000.0,1816900000.0,2790700000.0,0.0,330300000.0,0.0,0.0,0.0,-2720000000.0,-2389700000.0,-0.243,-2389700000.0,-2720000000.0,-2927100000.0,-4.17,-4.17,-4.17,1471700000.0,3124200000.0,1471700000.0,6260898835.0,-2.0,-2.62,216500000.0,0.262,1.0,439900000.0,0.045,135200000.0,207100000.0,4483000000.0,5777550000.0,1325500000.0,19900000.0,19900000.0,0.0,5098600000.0,3247900000.0,1850700000.0,4920798835.0,-317600000.0,-49300000.0,7800000.0,-85000000.0,0.0,-1016300000.0,384800000.0,366200000.0,281000000.0,32900000.0,-3452600000.0,-3452600000.0,-3452600000.0,443700000.0,0.0,-0.351,2791800000.0,-2351900000.0,1277300000.0,0.0,3.344,-1.425,-1.422,808900000.0,0.0,5.93,0.501,0.499,1388900000.0,-5032500000.0,9828300000.0,9828300000.0,0.0,-0.4,-1.105,-0.471,-0.277,0.0,566900000.0,1.0,829814306.0,827700000,827700000.0,11.874,6435100000.0,0.0,525500000.0,0.0,7.775,1696600000.0
16,SLR,MRT,2003-06-30,2003-05-31,2003-05-31,2019-02-25,-135900000.0,6963000000.0,9745300000.0,5298800000.0,1664200000.0,0.92,1.997,-33000000.0,1690700000.0,1690700000.0,8749400000.0,-5929700000.0,1.583,3.206,3030800000.0,1146400000.0,1884400000.0,3030800000.0,0.0,214700000.0,0.0,0.0,0.0,-5414700000.0,-5200000000.0,-0.58,-5200000000.0,-5414700000.0,-5635300000.0,-7.34,-7.34,-7.34,1655500000.0,3949450000.0,1655500000.0,4688681544.0,-1.0,-0.902,291800000.0,0.352,1.0,214700000.0,0.024,277900000.0,220600000.0,4678300000.0,6632325000.0,1551300000.0,0.0,0.0,0.0,5307500000.0,3346900000.0,1960600000.0,3319181544.0,-961700000.0,-134300000.0,46400000.0,-872100000.0,0.0,-1805300000.0,457100000.0,594100000.0,324800000.0,70200000.0,-5929700000.0,-5929700000.0,-5929700000.0,466200000.0,0.0,-0.661,5293000000.0,-5078300000.0,1310700000.0,0.0,2.005,-0.56,-0.545,936200000.0,0.0,4.0,0.37,0.37,1641900000.0,-4861500000.0,8964100000.0,8964100000.0,-54100000.0,-0.608,-1.501,-0.816,-0.604,3600000.0,471000000.0,1.0,829795386.0,828800000,828800000.0,10.816,6685100000.0,0.0,294400000.0,0.0,8.066,1951900000.0
17,SLR,MRT,2003-03-31,2003-02-28,2003-02-28,2019-02-25,-242800000.0,10396200000.0,11724150000.0,6056200000.0,4340000000.0,0.822,5.616,-234400000.0,2132400000.0,2132400000.0,9312900000.0,-3112900000.0,2.192,1.237,3501900000.0,555100000.0,2946800000.0,3501900000.0,0.0,249100000.0,0.0,0.0,0.0,-3310400000.0,-3061300000.0,-0.318,-3061300000.0,-3310400000.0,-3551800000.0,-3.95,-3.95,-3.95,4648200000.0,5386275000.0,4648200000.0,4163491548.0,-1.0,-1.36,312600000.0,0.378,1.0,326700000.0,0.034,2203700000.0,241400000.0,6798800000.0,7440750000.0,1640500000.0,0.0,0.0,0.0,5748000000.0,2763200000.0,2984800000.0,2602591548.0,-280000000.0,-252700000.0,46400000.0,-84800000.0,0.0,-1338400000.0,378900000.0,854100000.0,547000000.0,141300000.0,-3112900000.0,-3112900000.0,-3112900000.0,50900000.0,0.0,-0.323,3723200000.0,-3396500000.0,1455900000.0,0.0,0.56,-0.836,-0.797,1068000000.0,0.0,3.15,0.27,0.27,1669100000.0,-1760300000.0,9639600000.0,9639600000.0,-33700000.0,-0.266,-0.578,-0.445,-0.343,3900000.0,550500000.0,1.0,826219539.0,827600000,827600000.0,11.648,8192500000.0,0.0,-438900000.0,0.0,9.899,3293000000.0
18,SLR,MRT,2002-12-31,2002-11-30,2002-11-30,2019-02-25,-270600000.0,10608000000.0,12850250000.0,6314200000.0,4293800000.0,0.798,5.719,-236500000.0,1997600000.0,1997600000.0,9799100000.0,-3128100000.0,2.237,1.247,3558500000.0,548400000.0,3010100000.0,3558500000.0,0.0,292400000.0,0.0,0.0,0.0,-3341100000.0,-3048700000.0,-0.297,-3048700000.0,-3341100000.0,-3591300000.0,-3.97,-3.97,-3.97,4721400000.0,6121900000.0,4721400000.0,5691160000.0,-2.0,-1.867,991000000.0,1.2,1.0,455500000.0,0.044,2196800000.0,250200000.0,7150100000.0,8089200000.0,1809000000.0,0.0,0.0,0.0,5886600000.0,2822000000.0,3064600000.0,4014360000.0,-832500000.0,-127400000.0,38800000.0,986500000.0,0.0,-1766000000.0,-359400000.0,83300000.0,1227500000.0,65400000.0,-3128100000.0,-3128100000.0,-3128100000.0,44000000.0,0.0,-0.305,3901400000.0,-3445900000.0,1472100000.0,0.0,0.85,-1.283,-1.224,1081700000.0,0.0,4.86,0.391,0.391,1858700000.0,-1649500000.0,10254600000.0,10254600000.0,-12500000.0,-0.243,-0.511,-0.413,-0.326,3600000.0,626500000.0,1.0,826000000.0,825500000,825500000.0,12.422,8411200000.0,0.0,-463200000.0,0.0,10.189,3492200000.0
19,SLR,MRT,2002-09-30,2002-08-31,2002-08-31,2019-02-25,-285400000.0,11014000000.0,13324300000.0,6660000000.0,4354000000.0,0.806,6.112,-252700000.0,2117900000.0,2117900000.0,10234800000.0,-3109700000.0,2.216,1.308,3818000000.0,636800000.0,3181200000.0,3818000000.0,0.0,327300000.0,0.0,0.0,0.0,-3322100000.0,-2994800000.0,-0.279,-2994800000.0,-3322100000.0,-3559700000.0,-3.98,-3.98,-3.98,4772700000.0,6226700000.0,4772700000.0,4733420359.0,-1.0,-1.581,1800700000.0,2.306,1.0,503900000.0,0.047,1806800000.0,237600000.0,7902100000.0,8632125000.0,1822100000.0,99700000.0,99700000.0,0.0,6241300000.0,3005200000.0,3236100000.0,3064720359.0,-720700000.0,-418500000.0,34300000.0,1042300000.0,0.0,-1776600000.0,-972100000.0,-156400000.0,2053400000.0,-25400000.0,-3109700000.0,-3109700000.0,-3109700000.0,40400000.0,0.0,-0.29,3949100000.0,-3445200000.0,1471300000.0,0.0,0.642,-0.986,-0.935,1081300000.0,0.0,3.72,0.285,0.271,1670200000.0,-1578600000.0,10738700000.0,10738700000.0,0.0,-0.233,-0.499,-0.385,-0.309,3600000.0,661400000.0,1.0,823849559.0,780900000,780900000.0,13.752,9207200000.0,0.0,-450000000.0,0.0,11.79,3654800000.0
20,SLR,MRT,2002-06-30,2002-05-31,2002-05-31,2019-02-25,-292100000.0,14878400000.0,13840775000.0,8054100000.0,6824300000.0,0.913,8.993,-329600000.0,3232300000.0,3232300000.0,11852400000.0,-713200000.0,1.951,1.01,4901000000.0,1650200000.0,3250800000.0,4901000000.0,0.0,441200000.0,0.0,0.0,0.0,-791300000.0,-350100000.0,-0.028,-350100000.0,-791300000.0,-1016300000.0,-0.97,-0.96,-0.97,7402800000.0,6321200000.0,7402800000.0,8197131037.0,-10.0,-23.414,2525400000.0,3.068,1.0,778800000.0,0.062,4506100000.0,225000000.0,7912000000.0,9355975000.0,2098700000.0,0.0,0.0,0.0,7475600000.0,4129000000.0,3346600000.0,6649131037.0,647100000.0,-424600000.0,-9200000.0,934800000.0,0.0,-923500000.0,-1188000000.0,-400800000.0,2855000000.0,-96400000.0,-713200000.0,-713200000.0,-713200000.0,47500000.0,0.0,-0.056,1598900000.0,-820100000.0,1552500000.0,0.0,0.898,-9.323,-8.33,1439600000.0,0.0,8.08,0.526,0.527,2016700000.0,1068700000.0,12631200000.0,12631200000.0,64200000.0,-0.052,-0.113,-0.085,-0.063,400000.0,856700000.0,1.0,822912257.0,823200000,823200000.0,15.344,10372300000.0,0.0,-303100000.0,0.0,12.6,3925100000.0
21,SLR,MRT,2002-03-31,2002-02-28,2002-02-28,2019-02-25,-380200000.0,14900600000.0,13444300000.0,8217800000.0,6682800000.0,1.01,9.28,-146000000.0,3253200000.0,3253200000.0,12708500000.0,-614500000.0,3.138,0.963,4801200000.0,219800000.0,4581400000.0,4801200000.0,0.0,509200000.0,0.0,0.0,0.0,-693400000.0,-184200000.0,-0.014,-184200000.0,-693400000.0,-894400000.0,-0.9,-0.89,-0.9,7590700000.0,5823000000.0,7590700000.0,8589385149.0,-12.0,-46.631,2877100000.0,3.517,1.0,873300000.0,0.064,4437100000.0,201000000.0,9392600000.0,10277500000.0,2339400000.0,0.0,0.0,0.0,7309900000.0,2618900000.0,4691000000.0,6353385149.0,811400000.0,-308600000.0,1000000.0,936900000.0,0.0,-896900000.0,-1079200000.0,-614200000.0,3023100000.0,-235600000.0,-614500000.0,-614500000.0,-614500000.0,47500000.0,0.0,-0.045,1604200000.0,-730900000.0,1581300000.0,0.0,0.837,-10.339,-9.189,1392800000.0,0.0,8.27,0.468,0.498,2223400000.0,1353100000.0,13581800000.0,13581800000.0,63300000.0,-0.046,-0.106,-0.067,-0.051,4000000.0,842200000.0,1.0,768244879.0,818000000,818000000.0,16.604,10463500000.0,0.0,-279900000.0,0.0,12.792,5598900000.0
22,SLR,MRT,2001-12-31,2001-11-30,2001-11-30,2019-02-25,-336400000.0,12504200000.0,13370400000.0,7944600000.0,4559600000.0,1.199,7.745,-233500000.0,2886800000.0,2886800000.0,14853400000.0,-366600000.0,2.607,1.432,5122800000.0,888500000.0,4234300000.0,5122800000.0,0.0,548900000.0,0.0,0.0,0.0,-326700000.0,222200000.0,0.014,222200000.0,-326700000.0,-512300000.0,-0.56,-0.56,-0.56,5140600000.0,5322600000.0,5140600000.0,12197178112.0,-37.0,54.893,1549600000.0,2.335,1.0,1172300000.0,0.073,2370800000.0,185600000.0,9321800000.0,10974500000.0,2751500000.0,0.0,0.0,0.0,7363600000.0,3047600000.0,4316000000.0,9653578112.0,-1195800000.0,-2888000000.0,286400000.0,-116200000.0,0.0,-29400000.0,-2784400000.0,441200000.0,1783100000.0,-165100000.0,-366600000.0,-366600000.0,-366600000.0,47500000.0,0.0,-0.023,1551700000.0,-379400000.0,1522500000.0,0.0,1.878,-26.333,-26.25,1287200000.0,0.0,14.7,0.602,0.609,2013800000.0,1478800000.0,16025700000.0,16025700000.0,60400000.0,-0.027,-0.069,-0.03,-0.02,18500000.0,815900000.0,1.0,656705994.0,663700000,663700000.0,24.146,10133400000.0,0.0,-145700000.0,0.0,15.268,4897000000.0
23,SLR,MRT,2001-09-30,2001-08-31,2001-08-31,2019-02-25,-259200000.0,13079900000.0,13750975000.0,8853600000.0,4226300000.0,1.35,8.025,-432600000.0,2790100000.0,2790100000.0,17137100000.0,-123500000.0,3.119,1.539,5333700000.0,306200000.0,5027500000.0,5333700000.0,0.0,531500000.0,0.0,0.0,0.0,17900000.0,549400000.0,0.03,549400000.0,17900000.0,-157700000.0,-0.19,-0.19,-0.19,5150700000.0,5325275000.0,5150700000.0,12070101518.0,674.0,21.97,211000000.0,0.329,1.0,1431900000.0,0.077,1987200000.0,175600000.0,10797500000.0,11289050000.0,3209900000.0,0.0,0.0,0.0,7929200000.0,2838800000.0,5090400000.0,8931201518.0,1003400000.0,-2566500000.0,1479100000.0,1468900000.0,0.0,2968600000.0,-2496700000.0,652300000.0,643600000.0,-112100000.0,-123500000.0,-123500000.0,-123500000.0,47500000.0,0.0,-0.007,1483400000.0,-51500000.0,1786100000.0,0.0,1.734,-72.317,-71.579,1304700000.0,0.0,13.6,0.481,0.47,2443600000.0,1531600000.0,18569000000.0,18569000000.0,65900000.0,-0.009,-0.023,0.002,0.001,40500000.0,799000000.0,1.0,656705994.0,641800000,641800000.0,28.933,11092700000.0,0.0,-34200000.0,0.0,17.284,6014800000.0
24,SLR,MRT,2001-06-30,2001-05-31,2001-05-31,2019-02-25,-220500000.0,13292500000.0,13074900000.0,9081700000.0,4210800000.0,1.517,8.271,-536600000.0,2175900000.0,2175900000.0,18142100000.0,297800000.0,3.189,1.457,5314800000.0,337600000.0,4977200000.0,5314800000.0,0.0,468100000.0,0.0,0.0,0.0,589300000.0,1057400000.0,0.053,1057400000.0,589300000.0,430300000.0,0.51,0.47,0.51,5410000000.0,4988125000.0,5410000000.0,17575707806.0,30.0,16.622,-832000000.0,-1.272,1.0,1691500000.0,0.085,1985200000.0,159000000.0,11598100000.0,10608125000.0,4201700000.0,0.0,0.0,0.0,7882500000.0,2848100000.0,5034400000.0,14090607806.0,-752700000.0,-3275600000.0,1495800000.0,1547200000.0,-1400000.0,3094500000.0,-3491000000.0,491300000.0,-295400000.0,-60800000.0,297800000.0,297800000.0,297800000.0,0.0,0.0,0.015,1234100000.0,457400000.0,2040500000.0,0.0,2.605,47.316,42.294,1381100000.0,0.0,21.57,0.71,0.711,2391400000.0,1781900000.0,19833600000.0,19833600000.0,71900000.0,0.023,0.06,0.056,0.03,47600000.0,730200000.0,1.0,653250246.0,654100000,654100000.0,30.322,11307300000.0,0.0,132500000.0,0.0,17.287,6233600000.0
25,SLR,MRT,2001-03-31,2001-02-28,2001-02-28,2019-02-25,-148400000.0,14605000000.0,12040425000.0,10195600000.0,4409400000.0,1.619,8.62,-622900000.0,1819100000.0,1819100000.0,17803900000.0,603200000.0,2.55,1.613,5304200000.0,355100000.0,4949100000.0,5304200000.0,0.0,377900000.0,0.0,0.0,0.0,1015300000.0,1393200000.0,0.071,1393200000.0,1015300000.0,887800000.0,0.99,0.94,0.99,5589100000.0,4527825000.0,5589100000.0,18084400212.0,18.0,12.98,-1345000000.0,-2.074,1.0,1691300000.0,0.087,1911400000.0,127500000.0,12180600000.0,9407400000.0,4882500000.0,0.0,0.0,0.0,9015900000.0,3998100000.0,5017800000.0,17590700212.0,722600000.0,-3502400000.0,1545800000.0,3822500000.0,-1400000.0,5416500000.0,-3957100000.0,350800000.0,-722100000.0,-14700000.0,603200000.0,603200000.0,603200000.0,0.0,0.0,0.031,809200000.0,882100000.0,2675100000.0,0.0,3.147,29.162,27.525,1564000000.0,0.0,27.25,0.902,0.906,3187800000.0,1967700000.0,19495200000.0,19495200000.0,68100000.0,0.05,0.133,0.108,0.052,74400000.0,638400000.0,1.0,645530283.0,648400000,664300000.0,30.067,12693600000.0,0.0,284600000.0,0.0,19.577,6197500000.0
26,SLR,MRT,2000-12-31,2000-11-30,2000-11-30,2019-02-25,-164200000.0,14026500000.0,9869625000.0,12065800000.0,1960700000.0,1.722,8.441,-575500000.0,4518700000.0,4518700000.0,15515400000.0,578000000.0,3.062,1.723,5012400000.0,118500000.0,4893900000.0,5012400000.0,0.0,281800000.0,0.0,0.0,0.0,942300000.0,1224100000.0,0.072,1224100000.0,942300000.0,849600000.0,0.96,0.92,0.96,5151300000.0,3980525000.0,5151300000.0,17953162616.0,19.0,14.666,-1147700000.0,-1.881,1.0,1483000000.0,0.087,0.0,92700000.0,10580000000.0,7336425000.0,4584000000.0,0.0,0.0,0.0,8875200000.0,3940200000.0,4935000000.0,16998562616.0,3152700000.0,-1059800000.0,1297000000.0,3835900000.0,-1400000.0,5180500000.0,-1458200000.0,249800000.0,-572200000.0,2600000.0,578000000.0,578000000.0,578000000.0,0.0,0.0,0.034,657700000.0,825300000.0,2961100000.0,0.0,3.3,29.409,29.167,1240300000.0,0.0,28.0,1.0,1.005,2687800000.0,1845700000.0,16998400000.0,16998400000.0,64100000.0,0.059,0.145,0.128,0.055,75000000.0,551700000.0,1.0,607091522.0,610300000,709100000.0,27.853,14026500000.0,0.0,271600000.0,0.0,22.983,8125600000.0
27,SLR,MRT,2000-09-30,2000-08-31,2000-08-31,2019-02-25,-114400000.0,10375600000.0,7669775000.0,8628200000.0,1747400000.0,1.843,6.343,-417100000.0,2434100000.0,2434100000.0,12862200000.0,497200000.0,2.682,1.729,3388700000.0,69200000.0,3319500000.0,3388700000.0,0.0,251400000.0,0.0,0.0,0.0,807600000.0,1059000000.0,0.075,1059000000.0,807600000.0,736000000.0,0.83,0.8,0.83,3802100000.0,3417825000.0,3802100000.0,27171493745.0,34.0,25.658,-759800000.0,-1.268,1.0,1275300000.0,0.09,39600000.0,71600000.0,8073800000.0,5530550000.0,3787300000.0,0.0,0.0,0.0,6573500000.0,3216800000.0,3356700000.0,27256093745.0,58100000.0,-1097900000.0,120200000.0,2312400000.0,-1400000.0,2474000000.0,-2066700000.0,-516600000.0,-342700000.0,-6500000.0,497200000.0,497200000.0,497200000.0,0.0,0.0,0.035,571100000.0,704200000.0,2694100000.0,0.0,7.169,54.819,54.593,1080400000.0,0.0,45.313,1.928,1.921,2146300000.0,1656800000.0,14137500000.0,14137500000.0,60800000.0,0.065,0.145,0.146,0.057,60100000.0,467100000.0,1.0,601513793.0,599400000,623500000.0,23.586,10336000000.0,0.0,238800000.0,0.0,17.244,5411400000.0
28,SLR,MRT,2000-06-30,2000-05-31,2000-05-31,2019-02-25,-120700000.0,9154600000.0,6431000000.0,8015600000.0,1139000000.0,1.919,5.934,-356200000.0,3419900000.0,3419900000.0,11193900000.0,432100000.0,3.524,1.565,3335300000.0,39500000.0,3295800000.0,3335300000.0,0.0,236800000.0,0.0,0.0,0.0,696000000.0,932800000.0,0.076,932800000.0,696000000.0,643100000.0,0.75,0.69,0.75,3568800000.0,3259025000.0,3568800000.0,19266481455.0,28.0,20.654,-569400000.0,-0.947,1.0,1147100000.0,0.093,0.0,52900000.0,6795200000.0,4309275000.0,2522500000.0,0.0,0.0,0.0,5585800000.0,2274800000.0,3311000000.0,19740281455.0,2092100000.0,-353500000.0,1204600000.0,2304800000.0,-1400000.0,3498700000.0,-1183500000.0,-441600000.0,-213200000.0,-9900000.0,432100000.0,432100000.0,432100000.0,0.0,0.0,0.035,531800000.0,615300000.0,1826100000.0,0.0,5.531,45.685,44.146,833100000.0,0.0,33.109,1.6,1.613,1839600000.0,1493300000.0,12341000000.0,12341000000.0,52700000.0,0.067,0.133,0.162,0.056,66500000.0,442800000.0,1.0,596213808.0,601400000,623800000.0,20.52,9154600000.0,0.0,211000000.0,0.0,15.222,5740800000.0
29,SLR,MRT,2000-03-31,2000-02-29,2000-02-29,2019-02-25,-100200000.0,5921800000.0,5005975000.0,4936000000.0,985800000.0,2.21,5.69,-224500000.0,1469300000.0,1469300000.0,9985300000.0,402400000.0,3.182,0.742,995500000.0,40100000.0,955400000.0,995500000.0,0.0,218900000.0,0.0,0.0,0.0,645200000.0,864100000.0,0.078,864100000.0,645200000.0,598000000.0,0.71,0.66,0.71,3399900000.0,2772050000.0,3399900000.0,18912687116.0,29.0,21.887,-377700000.0,-0.632,1.0,1076700000.0,0.097,0.0,47200000.0,3896700000.0,3305725000.0,1823800000.0,0.0,0.0,0.0,2521900000.0,1551300000.0,970600000.0,19409687116.0,130000000.0,-232700000.0,1159400000.0,60000000.0,-1400000.0,1217100000.0,-923900000.0,-429200000.0,-153200000.0,-10000000.0,402400000.0,402400000.0,402400000.0,0.0,0.0,0.036,498800000.0,577900000.0,1294700000.0,0.0,5.709,48.235,46.127,744900000.0,0.0,32.75,1.755,1.769,1464700000.0,1369600000.0,11062000000.0,11062000000.0,48800000.0,0.08,0.145,0.195,0.058,43100000.0,422000000.0,1.0,592662202.0,597500000,623500000.0,18.514,5921800000.0,0.0,195600000.0,0.0,9.911,3384700000.0
30,SLR,MRT,1999-12-31,1999-11-30,1999-11-30,2019-02-25,-104500000.0,5227100000.0,4371400000.0,4333700000.0,893400000.0,2.356,4.879,-346900000.0,1470700000.0,1470700000.0,9293300000.0,384100000.0,3.155,0.802,973700000.0,29800000.0,943900000.0,973700000.0,0.0,214600000.0,0.0,0.0,0.0,611600000.0,826200000.0,0.08,826200000.0,611600000.0,567300000.0,0.69,0.64,0.69,2900500000.0,2244550000.0,2900500000.0,21688527440.0,35.0,26.251,-374800000.0,-0.63,1.0,1007400000.0,0.098,0.0,44300000.0,3356500000.0,3044525000.0,1495700000.0,0.0,0.0,0.0,2326600000.0,1373600000.0,953000000.0,22432927440.0,364500000.0,-202300000.0,1130100000.0,776000000.0,-1400000.0,1900400000.0,-1477600000.0,-897800000.0,-27900000.0,-30400000.0,384100000.0,384100000.0,384100000.0,0.0,0.0,0.037,449200000.0,558200000.0,1129600000.0,0.0,7.734,58.404,59.783,675700000.0,0.0,41.25,2.178,2.381,1250800000.0,1069200000.0,10300700000.0,10300700000.0,44800000.0,0.088,0.171,0.201,0.059,42500000.0,403900000.0,1.0,543828544.0,594500000,621000000.0,17.327,5227100000.0,0.0,183200000.0,0.0,8.792,2960100000.0
31,SLR,MRT,1999-09-30,1999-08-31,1999-08-31,2019-02-25,-87900000.0,5420500000.0,3742800000.0,4482400000.0,938100000.0,2.583,5.837,-407700000.0,1881700000.0,1881700000.0,8732900000.0,350300000.0,3.397,0.712,969600000.0,46900000.0,922700000.0,969600000.0,0.0,200400000.0,0.0,0.0,0.0,552800000.0,753200000.0,0.078,753200000.0,552800000.0,514500000.0,0.65,0.61,0.65,3166900000.0,1837675000.0,3166900000.0,20041031673.0,36.0,26.608,-311100000.0,-0.573,1.0,936300000.0,0.097,0.0,38300000.0,3188700000.0,2672775000.0,1197000000.0,0.0,0.0,0.0,2253600000.0,1319700000.0,933900000.0,19814631673.0,1121700000.0,-164200000.0,1144300000.0,751500000.0,-1400000.0,1894000000.0,-874100000.0,-270200000.0,96600000.0,5200000.0,350300000.0,350300000.0,350300000.0,0.0,0.0,0.036,420200000.0,516100000.0,1050400000.0,0.0,6.257,56.565,60.192,723800000.0,0.0,39.125,2.049,2.196,1282500000.0,1172800000.0,9669200000.0,9669200000.0,40500000.0,0.094,0.191,0.207,0.057,35400000.0,379200000.0,1.0,506444260.0,542600000,579000000.0,17.82,5420500000.0,0.0,164200000.0,0.0,9.99,3162700000.0
32,SLR,MRT,1999-06-30,1999-05-31,1999-05-31,2019-02-25,-64900000.0,3454500000.0,2990300000.0,2687100000.0,767400000.0,3.001,2.945,-485200000.0,707900000.0,707900000.0,8067200000.0,340700000.0,2.986,1.131,934300000.0,16600000.0,917700000.0,934300000.0,0.0,180700000.0,0.0,0.0,0.0,535800000.0,716500000.0,0.08,716500000.0,535800000.0,502200000.0,0.615,0.605,0.615,1620900000.0,1341275000.0,1620900000.0,14229011320.0,27.0,19.859,-331300000.0,-0.602,1.0,905200000.0,0.101,0.0,33600000.0,2781000000.0,2287200000.0,945500000.0,0.0,0.0,0.0,1833600000.0,899900000.0,933700000.0,13814211320.0,219300000.0,-108400000.0,86500000.0,771500000.0,-400000.0,871300000.0,-806500000.0,-186100000.0,153900000.0,600000.0,340700000.0,340700000.0,340700000.0,0.0,0.0,0.038,403600000.0,501600000.0,700800000.0,0.0,8.523,40.547,44.512,607800000.0,0.0,27.375,1.54,1.679,903200000.0,882400000.0,8972400000.0,8972400000.0,45200000.0,0.114,0.254,0.234,0.06,30300000.0,358400000.0,1.0,504628724.0,550300000,574000000.0,16.305,3454500000.0,0.0,161500000.0,0.0,6.277,1787200000.0
33,SLR,MRT,1999-03-31,1999-02-28,1999-02-28,2019-02-25,-77700000.0,3383500000.0,2677720750.0,2679700000.0,703800000.0,2.944,2.47,-615000000.0,736600000.0,736600000.0,7081300000.0,299900000.0,2.831,1.623,1151400000.0,11400000.0,1140000000.0,1151400000.0,0.0,159600000.0,0.0,0.0,0.0,471300000.0,630900000.0,0.08,630900000.0,471300000.0,443800000.0,0.56,0.545,0.56,1289900000.0,1207549750.0,1289900000.0,10836360110.0,23.0,17.176,-505000000.0,-0.967,1.0,803200000.0,0.102,0.0,27500000.0,2851900000.0,1971236250.0,929400000.0,0.0,0.0,0.0,2093600000.0,946400000.0,1147200000.0,10632160110.0,308000000.0,0.0,77100000.0,767800000.0,-400000.0,848700000.0,-658700000.0,-25300000.0,110000000.0,8000000.0,299900000.0,299900000.0,299900000.0,0.0,0.0,0.038,362000000.0,441200000.0,769800000.0,0.0,8.243,35.452,39.9,559200000.0,0.0,22.344,1.348,1.48,877900000.0,806700000.0,7884500000.0,7884500000.0,38800000.0,0.112,0.248,0.239,0.06,25700000.0,323200000.0,1.0,475844928.0,522300000,570500000.0,15.096,3383500000.0,0.0,143900000.0,0.0,6.478,1733300000.0
34,SLR,MRT,1998-12-31,1998-11-30,1998-11-30,2019-02-25,-4800000.0,2712700000.0,2336009500.0,2106400000.0,606300000.0,2.958,2.688,-472600000.0,194800000.0,194800000.0,6192200000.0,270300000.0,2.011,1.131,399000000.0,11200000.0,387800000.0,399000000.0,0.0,142600000.0,0.0,0.0,0.0,428500000.0,571100000.0,0.083,571100000.0,428500000.0,404100000.0,0.525,0.505,0.525,1273000000.0,1142678500.0,1273000000.0,7940544003.0,19.0,13.904,-286800000.0,-0.606,1.0,718700000.0,0.104,0.0,24400000.0,1869500000.0,1603201000.0,901100000.0,0.0,0.0,0.0,1439700000.0,1047400000.0,392300000.0,7863829003.0,13000000.0,0.0,75500000.0,34000000.0,-400000.0,110800000.0,-286100000.0,201000000.0,185800000.0,2500000.0,270300000.0,270300000.0,270300000.0,0.0,0.0,0.039,320300000.0,398400000.0,844200000.0,0.0,6.177,29.093,31.577,531600000.0,0.0,16.578,1.138,1.136,872200000.0,741300000.0,6910900000.0,6910900000.0,33400000.0,0.116,0.237,0.267,0.062,11500000.0,286900000.0,1.0,474349580.0,473600000,515000000.0,14.592,2712700000.0,0.0,133800000.0,0.0,5.728,1059000000.0
35,SLR,MRT,1998-09-30,1998-08-31,1998-08-31,2019-02-25,-7000000.0,2410500000.0,2160340500.0,1887500000.0,523000000.0,2.825,2.316,-422700000.0,308800000.0,308800000.0,5435600000.0,251300000.0,2.245,1.041,385500000.0,0.0,385500000.0,385500000.0,0.0,134600000.0,0.0,0.0,0.0,400900000.0,535500000.0,0.088,535500000.0,400900000.0,375500000.0,0.49,0.47,0.49,1181300000.0,1069278250.0,1181300000.0,4871353080.0,12.0,9.097,-210400000.0,-0.412,1.0,666600000.0,0.109,0.0,25400000.0,1646400000.0,1471722750.0,788500000.0,0.0,0.0,0.0,1229200000.0,840800000.0,388400000.0,4836944080.0,-31000000.0,0.0,60800000.0,21900000.0,-400000.0,80100000.0,-325100000.0,113200000.0,212300000.0,1700000.0,251300000.0,251300000.0,251300000.0,0.0,0.0,0.041,298000000.0,368600000.0,666500000.0,0.0,4.095,19.248,21.078,448000000.0,0.0,10.328,0.793,0.863,670200000.0,677400000.0,6102200000.0,6102200000.0,29900000.0,0.116,0.235,0.272,0.066,11500000.0,268100000.0,1.0,468327188.0,510100000,556600000.0,11.963,2410500000.0,0.0,124200000.0,0.0,4.726,1046700000.0
36,SLR,MRT,1998-06-30,1998-05-31,1998-05-31,2019-02-25,-8960000.0,2204183000.0,2026820250.0,1747067000.0,457116000.0,2.292,2.34,-307573000.0,352133000.0,352133000.0,4139478000.0,190423000.0,2.422,1.03,386542000.0,0.0,386542000.0,386542000.0,0.0,115573000.0,0.0,0.0,0.0,310181000.0,425754000.0,0.092,425754000.0,310181000.0,285762000.0,0.412,0.398,0.412,1085999000.0,1003720500.0,1085999000.0,4754457900.0,15.0,11.167,-225281000.0,-0.485,1.0,506977000.0,0.109,0.0,24419000.0,1517145000.0,1362979000.0,734715000.0,0.0,0.0,0.0,1118184000.0,721447000.0,396737000.0,4794235900.0,-71324000.0,0.0,30681000.0,-2357000.0,0.0,29951000.0,-183346000.0,118171000.0,82292000.0,-221000.0,190423000.0,190423000.0,190423000.0,0.0,0.0,0.041,224045000.0,282932000.0,581341000.0,0.0,4.415,25.177,25.106,406272000.0,0.0,10.344,1.032,1.033,563993000.0,621520000.0,4646455000.0,4646455000.0,19675000.0,0.094,0.19,0.228,0.067,8235000.0,204370000.0,1.0,463491084.0,464200000,507400000.0,10.01,2204183000.0,0.0,95339000.0,0.0,4.748,1025620000.0
37,SLR,MRT,1998-03-31,1998-02-28,1998-02-28,2019-02-25,-9726000.0,2016655000.0,,1575922000.0,440733000.0,,2.232,-248885000.0,426121000.0,426121000.0,3861823000.0,182760000.0,2.639,0.957,386343000.0,0.0,386343000.0,386343000.0,0.0,114058000.0,0.0,0.0,0.0,301002000.0,415060000.0,0.095,415060000.0,301002000.0,274696000.0,0.4,0.387,0.4,1030415000.0,,1030415000.0,5547776020.0,18.0,13.366,-127759000.0,-0.277,1.0,489754000.0,0.113,0.0,26306000.0,1379759000.0,,582728000.0,0.0,0.0,0.0,986240000.0,597118000.0,389122000.0,5573883020.0,-89993000.0,0.0,36188000.0,-4994000.0,0.0,34523000.0,-244043000.0,-4702000.0,121126000.0,-1599000.0,182760000.0,182760000.0,182760000.0,0.0,0.0,0.042,216603000.0,273151000.0,475641000.0,0.0,5.409,30.498,30.234,388024000.0,0.0,12.094,1.281,1.283,480318000.0,572343000.0,4351577000.0,4351577000.0,18987000.0,,,,0.069,5835000.0,197616000.0,1.0,460889552.0,461600000,504600000.0,9.427,2016655000.0,0.0,91936000.0,0.0,4.369,978804000.0
38,SLR,MRT,1997-12-31,1997-11-30,1997-11-30,2019-02-25,-6222000.0,2010024000.0,,1581652000.0,428372000.0,,2.133,-243752000.0,412892000.0,412892000.0,3557623000.0,171525000.0,2.47,1.052,386785000.0,0.0,386785000.0,386785000.0,0.0,110781000.0,0.0,0.0,0.0,284401000.0,395182000.0,0.098,395182000.0,284401000.0,258212000.0,0.378,0.367,0.378,979399000.0,,979399000.0,,,,-109982000.0,-0.24,1.0,465852000.0,0.116,0.0,26189000.0,1343587000.0,,590058000.0,0.0,0.0,0.0,1030625000.0,640330000.0,390295000.0,,-141193000.0,0.0,37050000.0,-3543000.0,0.0,33694000.0,-305553000.0,-72980000.0,133770000.0,-3104000.0,171525000.0,171525000.0,171525000.0,0.0,0.0,0.043,210338000.0,255514000.0,513581000.0,0.0,,,24.099,378199000.0,0.0,9.109,,1.04,519493000.0,523500000.0,4023475000.0,4023475000.0,18210000.0,,,,0.071,7008000.0,192128000.0,1.0,,459200000,504000000.0,8.762,2010024000.0,0.0,86687000.0,0.0,4.377,941322000.0
39,SLR,MRT,1997-09-30,1997-08-31,1997-08-31,2019-02-25,-10751000.0,1876419000.0,,1499632000.0,376787000.0,,2.061,-177600000.0,482902000.0,482902000.0,3266100000.0,158100000.0,2.64,1.042,385850000.0,0.0,385850000.0,385850000.0,0.0,104600000.0,0.0,0.0,0.0,264900000.0,369500000.0,0.1,369500000.0,264900000.0,238400000.0,0.355,0.345,0.355,919069000.0,,919069000.0,,,,24400000.0,0.055,1.0,428300000.0,0.116,0.0,26500000.0,1211425000.0,,494622000.0,0.0,0.0,0.0,957350000.0,567942000.0,389408000.0,,-3700000.0,0.0,38100000.0,-3100000.0,0.0,35000000.0,-237200000.0,-76200000.0,202000000.0,-3500000.0,158100000.0,158100000.0,158100000.0,0.0,0.0,0.043,191900000.0,236400000.0,415896000.0,0.0,,,29.489,326361000.0,0.0,10.469,,1.264,418682000.0,478612000.0,3694400000.0,3694400000.0,15000000.0,,,,0.072,10800000.0,172900000.0,1.0,,446000000,461200000.0,8.283,1876419000.0,0.0,80300000.0,0.0,4.207,931690000.0
40,SLR,MRT,1997-06-30,1997-05-31,1997-05-31,2019-02-25,,,,,,,,,,,,,,,,,,,,,,0.0,0.0,,,,,,,,,,,,,,,,,,1.0,,,,,,,,,,,,,,,,,,,,,,,,,,,,,,,,,,,,,,,,7.813,,,,,,,,,,,,,,1.0,,453424000,,,,,,,,
41,SLR,MRT,1997-03-31,1997-02-28,1997-02-28,2019-02-25,,,,,,,,,,,,,,,,,,,,,,0.0,0.0,,,,,,,,,,,,,,,,,,1.0,,,,,,,,,,,,,,,,,,,,,,,,,,,,,,,,,,,,,,,,6.609,,,,,,,,,,,,,,1.0,,450208000,,,,,,,,
42,SLR,MRT,1996-12-31,1996-11-30,1996-11-30,2019-02-25,,,,,,,,,,,,,,,,,,,,,,0.0,0.0,,,,,,,,,,,,,,,,,,1.0,,,,,,,,,,,,,,,,,,,,,,,,,,,,,,,,,,,,,,,,7.313,,,,,,,,,,,,,,1.0,,436104000,,,,,,,,
43,SLR,MRT,1996-09-30,1996-08-31,1996-08-31,2019-02-25,,,,,,,,-238645000.0,,,2534813000.0,114232000.0,,,,,,,,84804000.0,,0.0,0.0,188727000.0,273531000.0,0.097,273531000.0,188727000.0,173077000.0,0.28,0.27,0.28,,,,,,,-136691000.0,-0.336,1.0,282378000.0,0.1,,15650000.0,,,,,,,,,,,138871000.0,0.0,14503000.0,381544000.0,0.0,388239000.0,-351669000.0,-122830000.0,101954000.0,347000.0,114232000.0,114232000.0,114232000.0,0.0,0.0,0.041,106953000.0,175425000.0,,0.0,,,16.685,,0.0,4.672,,0.674,,,2817191000.0,2817191000.0,6693000.0,,,,0.067,2481000.0,100260000.0,,,406704000,426872000.0,6.927,,,58845000.0,,,
