None,ticker,dimension,calendardate,datekey,reportperiod,lastupdated,accoci,assets,assetsavg,assetsc,assetsnc,assetturnover,bvps,capex,cashneq,cashnequsd,cor,consolinc,currentratio,de,debt,debtc,debtnc,debtusd,deferredrev,depamor,deposits,divyield,dps,ebit,ebitda,ebitdamargin,ebitdausd,ebitusd,ebt,eps,epsdil,epsusd,equity,equityavg,equityusd,ev,evebit,evebitda,fcf,fcfps,fxusd,gp,grossmargin,intangibles,intexp,invcap,invcapavg,inventory,investments,investmentsc,investmentsnc,liabilities,liabilitiesc,liabilitiesnc,marketcap,ncf,ncfbus,ncfcommon,ncfdebt,ncfdiv,ncff,ncfi,ncfinv,ncfo,ncfx,netinc,netinccmn,netinccmnusd,netincdis,netincnci,netmargin,opex,opinc,payables,payoutratio,pb,pe,pe1,ppnenet,prefdivis,price,ps,ps1,receivables,retearn,revenue,revenueusd,rnd,roa,roe,roic,ros,sbcomp,sgna,sharefactor,sharesbas,shareswa,shareswadil,sps,tangibles,taxassets,taxexp,taxliabilities,tbvps,workingcapital
0,KSS,MRY,2020-12-31,2021-01-30,2021-01-30,2021-09-02,0.0,15337000000.0,15471250000.0,5835000000.0,9502000000.0,1.031,32.959,-334000000.0,2271000000.0,2271000000.0,10360000000.0,-163000000.0,1.931,1.952,6739000000.0,276000000.0,6463000000.0,6739000000.0,0.0,1023000000.0,0.0,0.016,0.704,-262000000.0,761000000.0,0.048,761000000.0,-262000000.0,-546000000.0,-1.06,-1.06,-1.06,5196000000.0,4915250000.0,5196000000.0,11790164524.0,-45.0,15.493,1004000000.0,6.368,1.0,5595000000.0,0.351,0.0,284000000.0,16783000000.0,17382250000.0,2590000000.0,0.0,0.0,0.0,10141000000.0,3022000000.0,7119000000.0,6946164524.0,1548000000.0,0.0,-8000000.0,504000000.0,-108000000.0,347000000.0,-137000000.0,0.0,1338000000.0,0.0,-163000000.0,-163000000.0,-163000000.0,0.0,0.0,-0.01,5984000000.0,-389000000.0,1476000000.0,-0.664,1.337,-42.615,-41.566,9087000000.0,0.0,44.06,0.435,0.435,0.0,13468000000.0,15955000000.0,15955000000.0,0.0,-0.011,-0.033,-0.015,-0.016,40000000.0,5021000000.0,1.0,157652395.0,157652395.0,,101.204,15337000000.0,0.0,-383000000.0,302000000.0,97.284,2813000000.0
1,KSS,MRY,2019-12-31,2020-02-01,2020-02-01,2021-09-02,0.0,14555000000.0,14825500000.0,4649000000.0,9906000000.0,1.347,34.809,-855000000.0,723000000.0,723000000.0,12140000000.0,691000000.0,1.679,1.671,6124000000.0,282000000.0,5842000000.0,6124000000.0,0.0,1067000000.0,0.0,0.063,2.68,1108000000.0,2175000000.0,0.109,2175000000.0,1108000000.0,901000000.0,4.39,4.37,4.39,5450000000.0,5425500000.0,5450000000.0,12306277768.0,11.0,5.658,802000000.0,5.122,1.0,7834000000.0,0.392,0.0,207000000.0,17187000000.0,17188500000.0,3537000000.0,0.0,0.0,0.0,9105000000.0,2769000000.0,6336000000.0,6693277768.0,-211000000.0,0.0,-469000000.0,-108000000.0,-423000000.0,-1031000000.0,-837000000.0,0.0,1657000000.0,0.0,691000000.0,691000000.0,691000000.0,0.0,0.0,0.035,6735000000.0,1099000000.0,1206000000.0,0.61,1.228,9.686,9.738,9743000000.0,0.0,42.75,0.335,0.335,0.0,13745000000.0,19974000000.0,19974000000.0,0.0,0.047,0.127,0.064,0.055,56000000.0,5705000000.0,1.0,156567901.0,156567901.0,,127.574,14555000000.0,0.0,210000000.0,260000000.0,92.963,1880000000.0
2,KSS,MRY,2018-12-31,2019-02-02,2019-02-02,2021-09-02,0.0,12469000000.0,13104500000.0,4835000000.0,7634000000.0,1.544,33.471,-578000000.0,934000000.0,934000000.0,12199000000.0,801000000.0,1.771,1.256,3499000000.0,115000000.0,3384000000.0,3499000000.0,0.0,964000000.0,0.0,0.037,2.44,1298000000.0,2262000000.0,0.112,2262000000.0,1298000000.0,1042000000.0,4.88,4.84,4.88,5527000000.0,5455750000.0,5527000000.0,13886477752.0,11.0,6.139,1529000000.0,9.259,1.0,8030000000.0,0.397,0.0,256000000.0,12304000000.0,12887750000.0,3475000000.0,0.0,0.0,0.0,6942000000.0,2730000000.0,4212000000.0,11012477752.0,-374000000.0,0.0,-360000000.0,-1115000000.0,-400000000.0,-1909000000.0,-572000000.0,0.0,2107000000.0,0.0,801000000.0,801000000.0,801000000.0,0.0,0.0,0.04,6669000000.0,1361000000.0,1187000000.0,0.5,1.992,13.748,13.666,7428000000.0,0.0,66.69,0.544,0.544,0.0,13395000000.0,20229000000.0,20229000000.0,0.0,0.061,0.147,0.101,0.064,87000000.0,5601000000.0,1.0,165129371.0,165129371.0,,122.504,12469000000.0,0.0,241000000.0,248000000.0,75.51,2105000000.0
3,KSS,MRY,2017-12-31,2018-02-03,2018-02-03,2021-09-02,-11000000.0,13389000000.0,13428500000.0,5380000000.0,8009000000.0,1.496,32.255,-672000000.0,1308000000.0,1308000000.0,12176000000.0,859000000.0,1.986,1.471,4514000000.0,126000000.0,4388000000.0,4514000000.0,0.0,991000000.0,0.0,0.035,2.2,1416000000.0,2407000000.0,0.12,2407000000.0,1416000000.0,1117000000.0,5.14,5.12,5.14,5419000000.0,5112250000.0,5419000000.0,14476263831.0,10.0,6.014,1019000000.0,6.065,1.0,7908000000.0,0.394,0.0,299000000.0,13886000000.0,14217000000.0,3542000000.0,0.0,0.0,0.0,7970000000.0,2709000000.0,5261000000.0,10663263831.0,234000000.0,0.0,-288000000.0,-138000000.0,-368000000.0,-808000000.0,-649000000.0,0.0,1691000000.0,0.0,859000000.0,859000000.0,859000000.0,0.0,0.0,0.043,6492000000.0,1416000000.0,1271000000.0,0.428,1.968,12.414,12.348,7773000000.0,0.0,63.47,0.531,0.531,0.0,12999000000.0,20084000000.0,20084000000.0,0.0,0.064,0.168,0.1,0.071,55000000.0,5501000000.0,1.0,168004787.0,168004787.0,,119.544,13389000000.0,0.0,258000000.0,310000000.0,79.694,2671000000.0
4,KSS,MRY,2016-12-31,2017-01-28,2017-01-28,2021-09-02,-14000000.0,13574000000.0,13578500000.0,5247000000.0,8327000000.0,1.449,29.336,-768000000.0,1074000000.0,1074000000.0,11944000000.0,556000000.0,1.764,1.622,4611000000.0,131000000.0,4480000000.0,4611000000.0,0.0,938000000.0,0.0,0.051,2.0,1183000000.0,2121000000.0,0.108,2121000000.0,1183000000.0,875000000.0,3.12,3.11,3.12,5177000000.0,5199000000.0,5177000000.0,10909445284.0,9.0,5.144,1385000000.0,7.848,1.0,7737000000.0,0.393,0.0,308000000.0,14137000000.0,14531000000.0,3795000000.0,0.0,0.0,0.0,8397000000.0,2974000000.0,5423000000.0,6882445284.0,367000000.0,0.0,-539000000.0,-116000000.0,-358000000.0,-1030000000.0,-756000000.0,0.0,2153000000.0,0.0,556000000.0,556000000.0,556000000.0,0.0,0.0,0.028,6554000000.0,1183000000.0,1507000000.0,0.641,1.329,12.378,12.5,8103000000.0,0.0,39.0,0.35,0.35,0.0,12522000000.0,19681000000.0,19681000000.0,0.0,0.041,0.107,0.081,0.06,41000000.0,5430000000.0,1.0,176472956.0,176472956.0,,111.524,13574000000.0,0.0,319000000.0,384000000.0,76.918,2273000000.0
5,KSS,MRY,2015-12-31,2016-01-30,2016-01-30,2021-09-02,-17000000.0,13606000000.0,14277250000.0,5076000000.0,8530000000.0,1.345,28.927,-690000000.0,707000000.0,707000000.0,12265000000.0,673000000.0,1.87,1.478,4708000000.0,127000000.0,4581000000.0,4708000000.0,0.0,934000000.0,0.0,0.036,1.8,1384000000.0,2318000000.0,0.121,2318000000.0,1384000000.0,1057000000.0,3.48,3.46,3.48,5491000000.0,5664750000.0,5491000000.0,14077556990.0,10.0,6.073,794000000.0,4.183,1.0,6939000000.0,0.361,0.0,327000000.0,14893000000.0,15144500000.0,4038000000.0,0.0,0.0,0.0,8115000000.0,2714000000.0,5401000000.0,9443556990.0,-700000000.0,0.0,-854000000.0,-273000000.0,-349000000.0,-1503000000.0,-681000000.0,0.0,1484000000.0,0.0,673000000.0,673000000.0,673000000.0,0.0,0.0,0.035,5386000000.0,1553000000.0,1251000000.0,0.517,1.72,14.032,14.296,8308000000.0,0.0,49.75,0.492,0.492,0.0,12329000000.0,19204000000.0,19204000000.0,0.0,0.047,0.119,0.091,0.072,48000000.0,4452000000.0,1.0,189820241.0,189820241.0,,101.169,13606000000.0,0.0,384000000.0,387000000.0,71.678,2362000000.0
6,KSS,MRY,2014-12-31,2015-01-31,2015-01-31,2021-09-02,-20000000.0,14333000000.0,14382000000.0,5580000000.0,8753000000.0,1.323,29.657,-682000000.0,1407000000.0,1407000000.0,12098000000.0,867000000.0,1.952,1.392,4748000000.0,110000000.0,4638000000.0,4748000000.0,0.0,886000000.0,0.0,0.026,1.56,1689000000.0,2575000000.0,0.135,2575000000.0,1689000000.0,1349000000.0,4.28,4.24,4.28,5991000000.0,5865500000.0,5991000000.0,16220984348.0,10.0,6.299,1342000000.0,6.643,1.0,6925000000.0,0.364,0.0,340000000.0,14815000000.0,15315250000.0,3814000000.0,0.0,0.0,0.0,8342000000.0,2859000000.0,5483000000.0,12063984348.0,436000000.0,0.0,-554000000.0,-108000000.0,-317000000.0,-995000000.0,-593000000.0,82000000.0,2024000000.0,0.0,867000000.0,867000000.0,867000000.0,0.0,0.0,0.046,5236000000.0,1689000000.0,1511000000.0,0.364,2.014,13.915,13.953,8515000000.0,0.0,59.72,0.634,0.634,0.0,12008000000.0,19023000000.0,19023000000.0,0.0,0.06,0.148,0.11,0.089,45000000.0,4350000000.0,1.0,202009115.0,202009115.0,,94.169,14333000000.0,0.0,482000000.0,376000000.0,70.952,2721000000.0
7,KSS,MRY,2013-12-31,2014-02-01,2014-02-01,2021-09-02,-34000000.0,14357000000.0,14437250000.0,5314000000.0,9043000000.0,1.318,27.916,-643000000.0,971000000.0,971000000.0,12087000000.0,889000000.0,1.927,1.402,4861000000.0,139000000.0,4722000000.0,4861000000.0,0.0,889000000.0,0.0,0.028,1.4,1742000000.0,2631000000.0,0.138,2631000000.0,1742000000.0,1404000000.0,4.08,4.05,4.08,5978000000.0,5994000000.0,5978000000.0,15126904301.0,9.0,5.749,1241000000.0,5.795,1.0,6944000000.0,0.365,0.0,338000000.0,15489000000.0,15539250000.0,3874000000.0,0.0,0.0,0.0,8379000000.0,2758000000.0,5621000000.0,10841904301.0,434000000.0,0.0,-697000000.0,186000000.0,-302000000.0,-827000000.0,-623000000.0,1000000.0,1884000000.0,0.0,889000000.0,889000000.0,889000000.0,0.0,0.0,0.047,5202000000.0,1742000000.0,1365000000.0,0.343,1.814,12.196,12.409,8745000000.0,0.0,50.63,0.57,0.57,0.0,11462000000.0,19031000000.0,19031000000.0,0.0,0.062,0.148,0.112,0.092,52000000.0,4313000000.0,1.0,214139923.0,214139923.0,,88.872,14357000000.0,142000000.0,515000000.0,455000000.0,67.045,2556000000.0
8,KSS,MRY,2012-12-31,2013-02-02,2013-02-02,2021-09-02,-45000000.0,13905000000.0,14296000000.0,4719000000.0,9186000000.0,1.349,26.295,-785000000.0,537000000.0,537000000.0,12289000000.0,986000000.0,1.862,1.299,4553000000.0,105000000.0,4448000000.0,4553000000.0,0.0,833000000.0,0.0,0.028,1.28,1890000000.0,2723000000.0,0.141,2723000000.0,1890000000.0,1561000000.0,4.19,4.17,4.19,6048000000.0,6160500000.0,6048000000.0,14610760376.0,8.0,5.366,480000000.0,2.087,1.0,6990000000.0,0.363,0.0,329000000.0,15386000000.0,15067500000.0,3748000000.0,53000000.0,0.0,53000000.0,7857000000.0,2535000000.0,5322000000.0,10582760376.0,-668000000.0,0.0,-1216000000.0,248000000.0,-300000000.0,-1273000000.0,-660000000.0,109000000.0,1265000000.0,0.0,986000000.0,986000000.0,986000000.0,0.0,0.0,0.051,5100000000.0,1890000000.0,1307000000.0,0.305,1.75,10.733,10.981,8872000000.0,0.0,46.01,0.549,0.549,0.0,10878000000.0,19279000000.0,19279000000.0,0.0,0.069,0.16,0.125,0.098,46000000.0,4267000000.0,1.0,230010006.0,230010006.0,,83.818,13905000000.0,122000000.0,575000000.0,499000000.0,60.454,2184000000.0
9,KSS,MRY,2011-12-31,2012-01-28,2012-01-28,2021-09-02,-53000000.0,14148000000.0,14323500000.0,4829000000.0,9319000000.0,1.313,25.68,-927000000.0,1205000000.0,1205000000.0,11625000000.0,1167000000.0,1.852,1.174,4244000000.0,94000000.0,4150000000.0,4244000000.0,0.0,778000000.0,0.0,0.021,1.0,2158000000.0,2936000000.0,0.156,2936000000.0,2158000000.0,1859000000.0,4.33,4.3,4.33,6508000000.0,6904750000.0,6508000000.0,15311684659.0,7.0,5.215,1212000000.0,4.782,1.0,7179000000.0,0.382,0.0,299000000.0,14580000000.0,14314750000.0,3216000000.0,153000000.0,0.0,153000000.0,7640000000.0,2607000000.0,5033000000.0,11832684659.0,-1072000000.0,0.0,-2248000000.0,169000000.0,-271000000.0,-2409000000.0,-802000000.0,145000000.0,2139000000.0,0.0,1167000000.0,1167000000.0,1167000000.0,0.0,0.0,0.062,5021000000.0,2158000000.0,1233000000.0,0.231,1.818,10.139,10.783,8905000000.0,0.0,46.69,0.629,0.629,0.0,10195000000.0,18804000000.0,18804000000.0,0.0,0.081,0.169,0.151,0.115,55000000.0,4243000000.0,1.0,253430813.0,253430813.0,,74.198,14148000000.0,109000000.0,692000000.0,556000000.0,55.826,2222000000.0
10,KSS,MRY,2010-12-31,2011-01-29,2011-01-29,2021-09-02,-37000000.0,14849000000.0,15155250000.0,5642000000.0,9207000000.0,1.214,26.848,-801000000.0,2277000000.0,2277000000.0,11359000000.0,1120000000.0,2.029,0.892,3998000000.0,486000000.0,3512000000.0,3998000000.0,0.0,750000000.0,0.0,0.0,0.0,2092000000.0,2842000000.0,0.155,2842000000.0,2092000000.0,1788000000.0,3.69,3.66,3.69,7850000000.0,8026500000.0,7850000000.0,14627272614.0,7.0,5.147,949000000.0,3.246,1.0,7032000000.0,0.382,0.0,304000000.0,13789000000.0,13749750000.0,3036000000.0,277000000.0,0.0,277000000.0,6999000000.0,2781000000.0,4218000000.0,14970272614.0,10000000.0,0.0,-929000000.0,-57000000.0,0.0,-983000000.0,-757000000.0,42000000.0,1750000000.0,0.0,1120000000.0,1120000000.0,1120000000.0,0.0,0.0,0.061,4940000000.0,2092000000.0,1138000000.0,0.0,1.907,13.366,13.875,8692000000.0,0.0,51.2,0.814,0.814,0.0,9301000000.0,18391000000.0,18391000000.0,0.0,0.074,0.14,0.152,0.114,63000000.0,4190000000.0,1.0,292388137.0,292388137.0,,62.899,14849000000.0,77000000.0,668000000.0,383000000.0,50.785,2861000000.0
11,KSS,MRY,2009-12-31,2010-01-30,2010-01-30,2021-09-02,-36000000.0,14465000000.0,12859250000.0,5485000000.0,8980000000.0,1.336,24.772,-675000000.0,2267000000.0,2267000000.0,10680000000.0,973000000.0,2.234,0.905,3940000000.0,78000000.0,3862000000.0,3940000000.0,0.0,688000000.0,0.0,0.0,0.0,1859000000.0,2547000000.0,0.148,2547000000.0,1859000000.0,1558000000.0,3.19,3.17,3.19,7595000000.0,7252750000.0,7595000000.0,17282532918.0,9.0,6.785,1611000000.0,5.254,1.0,6498000000.0,0.378,0.0,301000000.0,13683000000.0,11395000000.0,2923000000.0,321000000.0,0.0,321000000.0,6870000000.0,2455000000.0,4415000000.0,15443532918.0,1624000000.0,0.0,50000000.0,-60000000.0,0.0,-13000000.0,-649000000.0,28000000.0,2286000000.0,0.0,973000000.0,973000000.0,973000000.0,0.0,0.0,0.057,4639000000.0,1859000000.0,1188000000.0,0.0,2.033,15.872,15.79,8506000000.0,0.0,50.37,0.899,0.899,0.0,8181000000.0,17178000000.0,17178000000.0,0.0,0.076,0.134,0.163,0.108,64000000.0,3951000000.0,1.0,306601805.0,306601805.0,,56.027,14465000000.0,73000000.0,585000000.0,398000000.0,47.178,3030000000.0
12,KSS,MRY,2008-12-31,2009-01-31,2009-01-31,2021-09-02,-46000000.0,11363000000.0,11188750000.0,3728000000.0,7635000000.0,1.465,22.116,-1066000000.0,643000000.0,643000000.0,10334000000.0,857000000.0,2.022,0.686,2070000000.0,17000000.0,2053000000.0,2070000000.0,0.0,632000000.0,0.0,0.0,0.0,1654000000.0,2286000000.0,0.139,2286000000.0,1654000000.0,1379000000.0,2.8,2.8,2.8,6739000000.0,6365250000.0,6739000000.0,13319112881.0,8.0,5.826,686000000.0,2.251,1.0,6055000000.0,0.369,201000000.0,275000000.0,10745000000.0,10725250000.0,2799000000.0,333000000.0,0.0,333000000.0,4624000000.0,1844000000.0,2780000000.0,11186198881.0,462000000.0,0.0,-257000000.0,-18000000.0,0.0,-275000000.0,-1015000000.0,40000000.0,1752000000.0,0.0,857000000.0,857000000.0,857000000.0,0.0,0.0,0.052,4401000000.0,1654000000.0,881000000.0,0.0,1.66,13.053,13.111,6984000000.0,0.0,36.71,0.683,0.683,0.0,7448000000.0,16389000000.0,16389000000.0,0.0,0.077,0.135,0.154,0.101,55000000.0,3769000000.0,1.0,304718030.0,304718030.0,,53.784,11162000000.0,74000000.0,522000000.0,425000000.0,36.631,1884000000.0
13,KSS,MRY,2007-12-31,2008-02-02,2008-02-02,2021-09-02,0.0,10560000000.0,10169394000.0,3724000000.0,6836000000.0,1.62,19.454,-1542000000.0,181000000.0,181000000.0,10460000000.0,1084000000.0,2.103,0.731,2065000000.0,13000000.0,2052000000.0,2065000000.0,0.0,453000000.0,0.0,0.0,0.0,1824000000.0,2277000000.0,0.138,2277000000.0,1824000000.0,1742000000.0,3.41,3.39,3.41,6102000000.0,5913445500.0,6102000000.0,16338788838.0,9.0,7.176,-337000000.0,-1.074,1.0,6014000000.0,0.365,219000000.0,82000000.0,10454000000.0,9211620500.0,2856000000.0,483000000.0,483000000.0,0.0,4458000000.0,1771000000.0,2687000000.0,14406894838.0,-66000000.0,0.0,-650000000.0,969000000.0,0.0,325000000.0,-1596000000.0,-80000000.0,1205000000.0,0.0,1084000000.0,1084000000.0,1084000000.0,0.0,0.0,0.066,4210000000.0,1804000000.0,836000000.0,0.0,2.361,13.29,13.469,6510000000.0,0.0,45.93,0.875,0.875,0.0,6563000000.0,16474000000.0,16474000000.0,0.0,0.107,0.183,0.198,0.111,48000000.0,3697000000.0,1.0,313670691.0,313670691.0,,52.52,10341000000.0,71000000.0,658000000.0,386000000.0,32.968,1953000000.0
14,KSS,MRY,2006-12-31,2007-02-03,2007-02-03,2021-09-02,0.0,9034024000.0,9088183500.0,3393887000.0,5640137000.0,1.716,17.135,-1163000000.0,189170000.0,189170000.0,9922000000.0,1109000000.0,1.776,0.612,1058898000.0,18841000.0,1040057000.0,1058898000.0,0.0,389000000.0,0.0,0.0,0.0,1841000000.0,2230000000.0,0.143,2230000000.0,1841000000.0,1774000000.0,3.34,3.31,3.34,5603395000.0,5632641250.0,5603395000.0,24772176706.0,13.0,11.109,1957000000.0,5.984,1.0,5675000000.0,0.364,228624000.0,67000000.0,7763623000.0,7763235250.0,2578378000.0,431230000.0,431230000.0,0.0,3430629000.0,1911505000.0,1519124000.0,23921603706.0,62000000.0,0.0,-1533000000.0,-111000000.0,0.0,-1618000000.0,-1440000000.0,-270000000.0,3120000000.0,0.0,1109000000.0,1109000000.0,1109000000.0,0.0,0.0,0.071,3860000000.0,1815000000.0,934376000.0,0.0,4.269,21.57,21.901,5352974000.0,0.0,73.15,1.534,1.534,0.0,5479534000.0,15597000000.0,15597000000.0,0.0,0.122,0.197,0.237,0.118,19000000.0,3422000000.0,1.0,327021240.0,327021240.0,,47.694,8805400000.0,40190000.0,665000000.0,476793000.0,26.926,1482382000.0
15,KSS,MRY,2005-12-31,2006-01-28,2006-01-28,2021-09-02,0.0,9153494000.0,8780583750.0,4266553000.0,4886941000.0,1.531,17.28,-854564000.0,126839000.0,126839000.0,8664077000.0,841960000.0,2.442,0.537,1154045000.0,107941000.0,1046104000.0,1154045000.0,0.0,339826000.0,0.0,0.0,0.0,1419715000.0,1759541000.0,0.131,1759541000.0,1419715000.0,1345790000.0,2.45,2.43,2.45,5957338000.0,5523642750.0,5957338000.0,16582962721.0,12.0,9.425,53551000.0,0.155,1.0,4780320000.0,0.356,221718000.0,73925000.0,8212071000.0,7878075000.0,2237568000.0,160077000.0,160077000.0,0.0,3196156000.0,1746911000.0,1449245000.0,15238068721.0,10122000.0,0.0,22858000.0,-5102000.0,0.0,32214000.0,-930207000.0,-71310000.0,908115000.0,0.0,841960000.0,841960000.0,841960000.0,0.0,0.0,0.063,3364139000.0,1416181000.0,829971000.0,0.0,2.558,18.098,18.041,4616303000.0,0.0,44.2,1.133,1.133,1652065000.0,4370853000.0,13444397000.0,13444397000.0,0.0,0.096,0.152,0.18,0.106,29483000.0,2980853000.0,1.0,344752686.0,344752686.0,,38.997,8931776000.0,23677000.0,503830000.0,384709000.0,25.908,2519642000.0
16,KSS,MRY,2004-12-31,2005-01-29,2005-01-29,2021-09-02,0.0,7979299000.0,7643289000.0,3643437000.0,4335862000.0,1.531,14.672,-919005000.0,116717000.0,116717000.0,7586992000.0,703401000.0,2.502,0.585,1106905000.0,3464000.0,1103441000.0,1106905000.0,0.0,288892000.0,0.0,0.0,0.0,1195636000.0,1484528000.0,0.127,1484528000.0,1195636000.0,1130875000.0,2.06,2.04,2.06,5033898000.0,4645934500.0,5033898000.0,17001746208.0,14.0,11.453,18090000.0,0.053,1.0,4113627000.0,0.352,234241000.0,64761000.0,7279188000.0,6959528500.0,1946977000.0,88767000.0,88767000.0,0.0,2945401000.0,1456058000.0,1489343000.0,15651803208.0,3969000.0,0.0,47094000.0,-13292000.0,0.0,44365000.0,-977491000.0,-54482000.0,937095000.0,0.0,703401000.0,703401000.0,703401000.0,0.0,0.0,0.06,2920300000.0,1193327000.0,704655000.0,0.0,3.109,22.252,22.146,3987945000.0,0.0,45.62,1.338,1.338,1389632000.0,3528893000.0,11700619000.0,11700619000.0,0.0,0.092,0.151,0.172,0.102,32812000.0,2582996000.0,1.0,343090820.0,343090820.0,,34.104,7745058000.0,54050000.0,427474000.0,406563000.0,22.574,2187379000.0
17,KSS,MRY,2003-12-31,2004-01-31,2004-01-31,2021-09-02,0.0,6690750000.0,6573190250.0,3024896000.0,3665854000.0,1.564,12.201,-857223000.0,112748000.0,112748000.0,6887033000.0,546463000.0,2.695,0.613,1088502000.0,12529000.0,1075973000.0,1088502000.0,0.0,246594000.0,0.0,0.0,0.0,954884000.0,1201478000.0,0.117,1201478000.0,954884000.0,878513000.0,1.61,1.59,1.61,4148509000.0,3885728250.0,4148509000.0,16359200686.0,17.0,13.616,-117559000.0,-0.346,1.0,3395061000.0,0.33,244829000.0,76371000.0,6299059000.0,6186079250.0,1606990000.0,34285000.0,34285000.0,0.0,2542241000.0,1122616000.0,1419625000.0,15062484686.0,22663000.0,0.0,46257000.0,-362538000.0,0.0,-301484000.0,-415517000.0,441706000.0,739664000.0,0.0,546463000.0,546463000.0,546463000.0,0.0,0.0,0.053,2443617000.0,951444000.0,532599000.0,0.0,3.631,27.564,27.516,3316486000.0,0.0,44.3,1.465,1.465,1150157000.0,2974589000.0,10282094000.0,10282094000.0,0.0,0.083,0.141,0.154,0.093,40561000.0,2157030000.0,1.0,340010941.0,340010941.0,,30.24,6445921000.0,49822000.0,332050000.0,345420000.0,18.958,1902280000.0
18,KSS,MRY,2002-12-31,2003-02-01,2003-02-01,2021-09-02,0.0,6315698000.0,5690416500.0,3284289000.0,3031409000.0,1.603,10.415,-748441000.0,90085000.0,90085000.0,5981219000.0,635470000.0,2.178,0.798,1414248000.0,355464000.0,1058784000.0,1414248000.0,0.0,194468000.0,0.0,0.0,0.0,1081106000.0,1275574000.0,0.14,1275574000.0,1081106000.0,1021657000.0,1.89,1.85,1.89,3511917000.0,3190806500.0,3511917000.0,19038878043.0,18.0,14.926,-78858000.0,-0.234,1.0,3139068000.0,0.344,189758000.0,59449000.0,5941916000.0,5475085500.0,1626996000.0,475991000.0,475991000.0,0.0,2803781000.0,1508187000.0,1295594000.0,17658323043.0,-16637000.0,0.0,31299000.0,277536000.0,0.0,308835000.0,-995055000.0,-246614000.0,669583000.0,0.0,635470000.0,635470000.0,635470000.0,0.0,0.0,0.07,2061402000.0,1077666000.0,650731000.0,0.0,5.028,27.788,27.709,2739290000.0,0.0,52.37,1.936,1.936,990810000.0,2426267000.0,9120287000.0,9120287000.0,0.0,0.112,0.199,0.197,0.119,0.0,1826707000.0,1.0,337183942.0,337183942.0,,27.048,6125940000.0,56693000.0,386187000.0,314101000.0,18.168,1776102000.0
19,KSS,MRY,2001-12-31,2002-02-02,2002-02-02,2021-09-02,0.0,4929586000.0,4569870250.0,2464044000.0,2465542000.0,1.639,8.334,-690531000.0,106722000.0,106722000.0,4923527000.0,495676000.0,2.8,0.766,1111838000.0,16418000.0,1095420000.0,1111838000.0,0.0,157939000.0,0.0,0.0,0.0,857215000.0,1015154000.0,0.136,1015154000.0,857215000.0,799864000.0,1.48,1.45,1.48,2791406000.0,2522330750.0,2791406000.0,23206115496.0,27.0,22.86,-148714000.0,-0.444,1.0,2565127000.0,0.343,184198000.0,57351000.0,4870533000.0,4824371500.0,1198307000.0,229377000.0,229377000.0,0.0,2138180000.0,879971000.0,1258209000.0,21939556496.0,-16899000.0,0.0,36128000.0,276464000.0,0.0,312592000.0,-871308000.0,-180777000.0,541817000.0,0.0,495676000.0,495676000.0,495676000.0,0.0,0.0,0.066,1715152000.0,849975000.0,478870000.0,0.0,7.86,44.262,44.257,2199494000.0,0.0,65.5,2.93,2.93,835946000.0,1782886000.0,7488654000.0,7488654000.0,0.0,0.108,0.197,0.178,0.114,0.0,1527478000.0,1.0,334955061.0,334955061.0,,22.357,4745388000.0,52292000.0,304188000.0,239313000.0,14.167,1584073000.0
20,KSS,MRY,2000-12-31,2001-02-03,2001-02-03,2021-09-02,0.0,3855154000.0,3585802000.0,1921897000.0,1933257000.0,1.716,6.64,-480981000.0,123621000.0,123621000.0,4056139000.0,372148000.0,2.657,0.75,824649000.0,21568000.0,803081000.0,824649000.0,0.0,127491000.0,0.0,0.0,0.0,654446000.0,781937000.0,0.127,781937000.0,654446000.0,605114000.0,1.13,1.1,1.13,2202639000.0,1977531500.0,2202639000.0,23780835267.0,36.0,30.413,-108906000.0,-0.328,1.0,2095857000.0,0.341,14538000.0,49332000.0,3818347000.0,3658392500.0,1003290000.0,48600000.0,48600000.0,0.0,1652515000.0,723297000.0,929218000.0,22718283267.0,111013000.0,0.0,45879000.0,220176000.0,0.0,266055000.0,-527117000.0,-21100000.0,372075000.0,0.0,372148000.0,372148000.0,372148000.0,0.0,0.0,0.06,1444542000.0,651315000.0,399939000.0,0.0,10.314,61.046,60.611,1726450000.0,0.0,68.49,3.693,3.693,681256000.0,1287210000.0,6151996000.0,6151996000.0,0.0,0.104,0.188,0.179,0.106,0.0,1282367000.0,1.0,331702194.0,331702194.0,,18.547,3840616000.0,39531000.0,232966000.0,197183000.0,11.579,1198600000.0
21,KSS,MRY,1999-12-31,2000-01-29,2000-01-29,2021-09-02,0.0,2921010000.0,2609149250.0,1372871000.0,1548139000.0,1.747,5.169,-621042000.0,12608000.0,12608000.0,3014073000.0,258142000.0,2.143,0.733,591582000.0,96589000.0,494993000.0,591582000.0,0.0,88776000.0,0.0,0.0,0.0,450582000.0,539358000.0,0.118,539358000.0,450582000.0,421112000.0,0.8,0.77,0.8,1685503000.0,1551282000.0,1685503000.0,11708684168.0,26.0,21.709,-463529000.0,-1.422,1.0,1543039000.0,0.339,19738000.0,29470000.0,2839486000.0,2541961250.0,794439000.0,27500000.0,27500000.0,0.0,1235507000.0,640760000.0,594747000.0,11217756168.0,9750000.0,0.0,217274000.0,276920000.0,0.0,494194000.0,-641957000.0,-764000.0,157513000.0,0.0,258142000.0,258142000.0,258142000.0,0.0,0.0,0.057,1094764000.0,448275000.0,336432000.0,0.0,6.655,43.456,43.006,1352956000.0,0.0,34.405,2.462,2.462,505010000.0,915062000.0,4557112000.0,4557112000.0,0.0,0.099,0.166,0.177,0.099,0.0,975269000.0,1.0,326050172.0,326050172.0,,13.977,2901272000.0,22184000.0,162970000.0,130437000.0,8.898,732111000.0
22,KSS,MRY,1998-12-31,1999-01-30,1999-01-30,2021-09-02,0.0,1936095000.0,1823634750.0,939438000.0,996657000.0,2.019,3.673,-247586000.0,2858000.0,2858000.0,2447301000.0,192266000.0,2.471,0.665,312445000.0,1533000.0,310912000.0,312445000.0,0.0,70249000.0,0.0,0.0,0.0,339621000.0,409870000.0,0.111,409870000.0,339621000.0,316749000.0,0.305,0.295,0.305,1162779000.0,1054552000.0,1162779000.0,11085942990.0,33.0,27.047,-7050000.0,-0.022,1.0,1234462000.0,0.335,24938000.0,22872000.0,1840513000.0,1759624750.0,617362000.0,26736000.0,26736000.0,0.0,773316000.0,380231000.0,393085000.0,10723064990.0,-41303000.0,0.0,5886000.0,1184000.0,0.0,7070000.0,-288909000.0,-26736000.0,240536000.0,0.0,192266000.0,192266000.0,192266000.0,0.0,0.0,0.052,896599000.0,337863000.0,212926000.0,0.0,9.222,55.772,111.066,933011000.0,0.0,33.875,2.912,2.912,270704000.0,656920000.0,3681763000.0,3681763000.0,0.0,0.105,0.182,0.193,0.092,9845000.0,810162000.0,1.0,316548044.0,316548044.0,,11.631,1911157000.0,14412000.0,124483000.0,102359000.0,6.037,559207000.0
23,KSS,MRY,1997-12-31,1998-01-31,1998-01-31,2021-09-02,0.0,1619721000.0,1450394750.0,811442000.0,808279000.0,2.11,3.023,-202440000.0,44161000.0,44161000.0,2046468000.0,141273000.0,2.835,0.696,312211000.0,1845000.0,310366000.0,312211000.0,0.0,57724000.0,0.0,0.0,0.0,259668000.0,317392000.0,0.104,317392000.0,259668000.0,235063000.0,0.23,0.225,0.23,954782000.0,730382500.0,954782000.0,,,,-252665000.0,-0.8,1.0,1013597000.0,0.331,30138000.0,24605000.0,1571442000.0,1456965500.0,515790000.0,0.0,0.0,0.0,664939000.0,286191000.0,378748000.0,5478513648.0,35255000.0,0.0,296038000.0,-1483000.0,0.0,294454000.0,-208974000.0,0.0,-50225000.0,0.0,141273000.0,141273000.0,141273000.0,0.0,0.0,0.046,754762000.0,258835000.0,150679000.0,0.0,5.738,38.78,75.413,749649000.0,0.0,17.345,1.79,1.79,239617000.0,464654000.0,3060065000.0,3060065000.0,0.0,0.097,0.193,0.178,0.085,0.0,678793000.0,1.0,315855500.0,315855500.0,,9.688,1589583000.0,6615000.0,93790000.0,83586000.0,5.033,525251000.0
24,KSS,MRY,1996-12-31,1997-02-01,1997-02-01,2021-09-02,,,,,,,,-222671000.0,,,1608688000.0,102478000.0,,,,,,,,44216000.0,,0.0,0.0,189113000.0,233329000.0,0.098,233329000.0,189113000.0,171368000.0,0.172,0.17,0.172,,,,,,,-118764000.0,,1.0,779533000.0,0.326,,17745000.0,,,,,,,,,,,6087000.0,0.0,4355000.0,124570000.0,0.0,126914000.0,-224734000.0,0.0,103907000.0,0.0,102478000.0,102478000.0,102478000.0,0.0,0.0,0.043,590543000.0,188990000.0,,0.0,,,56.512,,0.0,9.72,,,,,2388221000.0,2388221000.0,0.0,,,,0.079,0.0,536226000.0,1.0,,,,,,,68890000.0,,,
25,KSS,MRY,1995-12-31,1996-02-03,1996-02-03,2021-09-02,,,,,,,,-130832000.0,,,1294653000.0,72652000.0,,,,,,,,34008000.0,,0.0,0.0,136216000.0,170224000.0,0.088,170224000.0,136216000.0,122729000.0,0.122,0.122,0.122,,,,,,,-103497000.0,,1.0,631016000.0,0.328,,13487000.0,,,,,,,,,,,-27587000.0,0.0,3737000.0,72697000.0,0.0,76434000.0,-131356000.0,0.0,27335000.0,0.0,72652000.0,72652000.0,72652000.0,0.0,0.0,0.038,495137000.0,135879000.0,,0.0,,,57.761,,0.0,7.047,,,,,1925669000.0,1925669000.0,0.0,,,,0.071,0.0,436442000.0,1.0,,,,,,,50077000.0,,,
0,KSS,MRQ,2021-06-30,2021-07-31,2021-07-31,2021-09-02,0.0,15506000000.0,,5658000000.0,9848000000.0,,33.405,-132000000.0,2569000000.0,2569000000.0,2426000000.0,382000000.0,1.71,1.971,6607000000.0,260000000.0,6347000000.0,6607000000.0,0.0,246000000.0,0.0,0.01,0.25,570000000.0,816000000.0,0.183,816000000.0,570000000.0,508000000.0,2.51,2.48,2.51,5219000000.0,,5219000000.0,12600638889.0,13.0,6.37,1282000000.0,8.206,1.0,2021000000.0,0.454,0.0,62000000.0,16235000000.0,,2733000000.0,0.0,0.0,0.0,10287000000.0,3309000000.0,6978000000.0,7936638889.0,960000000.0,0.0,-255000000.0,-28000000.0,-38000000.0,-324000000.0,-130000000.0,0.0,1414000000.0,0.0,382000000.0,382000000.0,382000000.0,0.0,0.0,0.086,1451000000.0,570000000.0,1495000000.0,0.1,1.521,10.917,10.717,9408000000.0,0.0,50.8,0.43,0.43,0.0,13786000000.0,4447000000.0,4447000000.0,0.0,,,,,13000000.0,1241000000.0,1.0,156233049.0,156233049.0,,28.464,15506000000.0,0.0,126000000.0,245000000.0,99.249,2349000000.0
1,KSS,MRQ,2021-03-31,2021-05-01,2021-05-01,2021-09-02,0.0,14689000000.0,,5195000000.0,9494000000.0,,32.444,-59000000.0,1609000000.0,1609000000.0,2233000000.0,14000000.0,1.768,1.871,6273000000.0,271000000.0,6002000000.0,6273000000.0,0.0,249000000.0,0.0,0.004,0.25,72000000.0,321000000.0,0.083,321000000.0,72000000.0,5000000.0,0.09,0.09,0.09,5117000000.0,,5117000000.0,13719634638.0,26.0,8.932,219000000.0,1.389,1.0,1654000000.0,0.426,0.0,67000000.0,16415000000.0,,2667000000.0,0.0,0.0,0.0,9572000000.0,2938000000.0,6634000000.0,9251634638.0,-662000000.0,0.0,-45000000.0,-769000000.0,-39000000.0,-883000000.0,-57000000.0,0.0,278000000.0,0.0,14000000.0,14000000.0,14000000.0,0.0,0.0,0.004,1381000000.0,273000000.0,1378000000.0,2.778,1.808,23.601,23.094,9045000000.0,0.0,58.66,0.531,0.531,0.0,13443000000.0,3887000000.0,3887000000.0,0.0,,,,,12000000.0,1170000000.0,1.0,157716240.0,157716240.0,,24.646,14689000000.0,0.0,-9000000.0,242000000.0,93.136,2257000000.0
2,KSS,MRQ,2020-12-31,2021-01-30,2021-01-30,2021-09-02,0.0,15337000000.0,,5835000000.0,9502000000.0,,32.959,-70000000.0,2271000000.0,2271000000.0,4000000000.0,343000000.0,1.931,1.952,6739000000.0,276000000.0,6463000000.0,6739000000.0,0.0,256000000.0,0.0,0.016,0.0,316000000.0,572000000.0,0.093,572000000.0,316000000.0,246000000.0,2.22,2.22,2.22,5196000000.0,,5196000000.0,11790164524.0,-45.0,15.493,358000000.0,2.271,1.0,2141000000.0,0.349,0.0,70000000.0,16783000000.0,,2590000000.0,0.0,0.0,0.0,10141000000.0,3022000000.0,7119000000.0,6946164524.0,332000000.0,0.0,0.0,-28000000.0,0.0,-29000000.0,-67000000.0,0.0,428000000.0,0.0,343000000.0,343000000.0,343000000.0,0.0,0.0,0.056,1825000000.0,316000000.0,1476000000.0,0.0,1.337,-42.615,-41.566,9087000000.0,0.0,44.06,0.435,0.435,0.0,13468000000.0,6141000000.0,6141000000.0,0.0,,,,,14000000.0,1603000000.0,1.0,157652395.0,157652395.0,,38.953,15337000000.0,0.0,-97000000.0,302000000.0,97.284,2813000000.0
3,KSS,MRQ,2020-09-30,2020-10-31,2020-10-31,2021-09-02,0.0,15444000000.0,,5996000000.0,9448000000.0,,30.664,-68000000.0,1939000000.0,1939000000.0,2424000000.0,-12000000.0,1.602,2.192,6783000000.0,287000000.0,6496000000.0,6783000000.0,0.0,247000000.0,0.0,0.065,0.0,22000000.0,269000000.0,0.068,269000000.0,22000000.0,-56000000.0,-0.08,-0.08,-0.08,4838000000.0,,4838000000.0,8660031134.0,-49.0,10.093,538000000.0,3.41,1.0,1555000000.0,0.391,0.0,78000000.0,16545000000.0,,3607000000.0,0.0,0.0,0.0,10606000000.0,3743000000.0,6863000000.0,3359031134.0,-489000000.0,0.0,0.0,-1027000000.0,0.0,-1028000000.0,-67000000.0,0.0,606000000.0,0.0,-12000000.0,-12000000.0,-12000000.0,0.0,0.0,-0.003,1533000000.0,22000000.0,2184000000.0,0.0,0.694,-13.938,-13.39,9298000000.0,0.0,21.29,0.202,0.202,0.0,13125000000.0,3979000000.0,3979000000.0,0.0,,,,,12000000.0,1302000000.0,1.0,157775065.0,157775065.0,,25.219,15444000000.0,115000000.0,-44000000.0,74000000.0,97.886,2253000000.0
4,KSS,MRQ,2020-06-30,2020-08-01,2020-08-01,2021-09-02,0.0,15235000000.0,,5688000000.0,9547000000.0,,30.665,-34000000.0,2428000000.0,2428000000.0,2149000000.0,47000000.0,2.217,2.15,7729000000.0,286000000.0,7443000000.0,7729000000.0,0.0,256000000.0,0.0,0.107,0.0,118000000.0,374000000.0,0.11,374000000.0,118000000.0,40000000.0,0.31,0.3,0.31,4837000000.0,,4837000000.0,8652308824.0,618.0,8.101,217000000.0,1.376,1.0,1258000000.0,0.369,0.0,78000000.0,17970000000.0,,2698000000.0,0.0,0.0,0.0,10398000000.0,2566000000.0,7832000000.0,3003308824.0,389000000.0,0.0,0.0,-21000000.0,0.0,-21000000.0,159000000.0,0.0,251000000.0,0.0,47000000.0,47000000.0,47000000.0,0.0,0.0,0.014,1267000000.0,-9000000.0,1064000000.0,0.0,0.621,-28.333,-26.444,9388000000.0,0.0,19.04,0.174,0.174,0.0,13137000000.0,3407000000.0,3407000000.0,0.0,,,,,-1000000.0,1050000000.0,1.0,157736808.0,157736808.0,,21.599,15235000000.0,0.0,-7000000.0,122000000.0,96.585,3122000000.0
5,KSS,MRQ,2020-03-31,2020-05-02,2020-05-02,2021-09-02,0.0,15869000000.0,,6170000000.0,9699000000.0,,30.854,-162000000.0,2039000000.0,2039000000.0,1787000000.0,-541000000.0,1.877,2.313,7688000000.0,283000000.0,7405000000.0,7688000000.0,0.0,264000000.0,0.0,0.154,0.704,-718000000.0,-454000000.0,-0.187,-454000000.0,-718000000.0,-776000000.0,-3.52,-3.52,-3.52,4790000000.0,,4790000000.0,8139548260.0,30.0,6.092,-109000000.0,-0.702,1.0,641000000.0,0.264,0.0,58000000.0,18231000000.0,,3557000000.0,0.0,0.0,0.0,11079000000.0,3287000000.0,7792000000.0,2738548260.0,1316000000.0,0.0,-8000000.0,1580000000.0,-108000000.0,1425000000.0,-162000000.0,0.0,53000000.0,0.0,-541000000.0,-541000000.0,-541000000.0,0.0,0.0,-0.223,1359000000.0,-718000000.0,1866000000.0,-0.2,0.572,31.12,36.0,9542000000.0,0.0,17.64,0.15,0.15,0.0,13090000000.0,2428000000.0,2428000000.0,0.0,,,,,15000000.0,1066000000.0,1.0,155246500.0,155246500.0,,15.64,15869000000.0,0.0,-235000000.0,165000000.0,102.218,2883000000.0
6,KSS,MRQ,2019-12-31,2020-02-01,2020-02-01,2021-09-02,0.0,14555000000.0,,4649000000.0,9906000000.0,,34.809,-177000000.0,723000000.0,723000000.0,4400000000.0,265000000.0,1.679,1.671,6124000000.0,282000000.0,5842000000.0,6124000000.0,0.0,268000000.0,0.0,0.063,0.67,401000000.0,669000000.0,0.098,669000000.0,401000000.0,351000000.0,1.7,1.7,1.7,5450000000.0,,5450000000.0,12306277768.0,11.0,5.658,435000000.0,2.778,1.0,2432000000.0,0.356,0.0,50000000.0,17187000000.0,,3537000000.0,0.0,0.0,0.0,9105000000.0,2769000000.0,6336000000.0,6693277768.0,233000000.0,0.0,-84000000.0,-25000000.0,-104000000.0,-212000000.0,-167000000.0,0.0,612000000.0,0.0,265000000.0,265000000.0,265000000.0,0.0,0.0,0.039,2031000000.0,401000000.0,1206000000.0,0.394,1.228,9.686,9.738,9743000000.0,0.0,42.75,0.335,0.335,0.0,13745000000.0,6832000000.0,6832000000.0,0.0,,,,,9000000.0,1743000000.0,1.0,156567901.0,156567901.0,,43.636,14555000000.0,0.0,86000000.0,260000000.0,92.963,1880000000.0
7,KSS,MRQ,2019-09-30,2019-11-02,2019-11-02,2021-09-02,0.0,15739000000.0,,5781000000.0,9958000000.0,,33.652,-239000000.0,490000000.0,490000000.0,2775000000.0,123000000.0,1.419,1.939,6103000000.0,272000000.0,5831000000.0,6103000000.0,0.0,266000000.0,0.0,0.05,0.67,213000000.0,479000000.0,0.104,479000000.0,213000000.0,161000000.0,0.79,0.78,0.79,5355000000.0,,5355000000.0,13712911678.0,12.0,6.334,130000000.0,0.817,1.0,1850000000.0,0.4,0.0,52000000.0,17277000000.0,,4887000000.0,0.0,0.0,0.0,10384000000.0,4075000000.0,6309000000.0,8288911678.0,-135000000.0,0.0,-133000000.0,-30000000.0,-105000000.0,-273000000.0,-231000000.0,0.0,369000000.0,0.0,123000000.0,123000000.0,123000000.0,0.0,0.0,0.027,1646000000.0,204000000.0,2454000000.0,0.848,1.548,11.875,11.947,9791000000.0,0.0,52.09,0.415,0.415,0.0,13585000000.0,4625000000.0,4625000000.0,0.0,,,,,20000000.0,1419000000.0,1.0,159126736.0,159126736.0,,29.065,15739000000.0,25000000.0,38000000.0,260000000.0,98.909,1706000000.0
8,KSS,MRQ,2019-06-30,2019-08-03,2019-08-03,2021-09-02,0.0,14542000000.0,,4678000000.0,9864000000.0,,33.667,-201000000.0,625000000.0,625000000.0,2550000000.0,241000000.0,1.647,1.666,6049000000.0,277000000.0,5772000000.0,6049000000.0,0.0,266000000.0,0.0,0.051,0.67,376000000.0,642000000.0,0.145,642000000.0,376000000.0,323000000.0,1.52,1.51,1.52,5455000000.0,,5455000000.0,13620458558.0,12.0,6.231,339000000.0,2.092,1.0,1880000000.0,0.424,0.0,53000000.0,17126000000.0,,3656000000.0,0.0,0.0,0.0,9087000000.0,2840000000.0,6247000000.0,8130458558.0,82000000.0,0.0,-133000000.0,-16000000.0,-106000000.0,-257000000.0,-201000000.0,0.0,540000000.0,0.0,241000000.0,241000000.0,241000000.0,0.0,0.0,0.054,1504000000.0,376000000.0,1330000000.0,0.441,1.49,11.047,11.029,9704000000.0,0.0,50.18,0.407,0.407,0.0,13568000000.0,4430000000.0,4430000000.0,0.0,,,,,12000000.0,1269000000.0,1.0,162025878.0,162025878.0,,27.341,14542000000.0,16000000.0,82000000.0,288000000.0,89.751,1838000000.0
9,KSS,MRQ,2019-03-31,2019-05-04,2019-05-04,2021-09-02,0.0,14466000000.0,,4635000000.0,9831000000.0,,33.353,-238000000.0,543000000.0,543000000.0,2415000000.0,62000000.0,1.66,1.658,6033000000.0,273000000.0,5760000000.0,6033000000.0,0.0,267000000.0,0.0,0.036,0.67,118000000.0,385000000.0,0.094,385000000.0,118000000.0,66000000.0,0.38,0.38,0.38,5442000000.0,,5442000000.0,13854455817.0,11.0,6.196,-102000000.0,-0.625,1.0,1672000000.0,0.409,0.0,52000000.0,17164000000.0,,3680000000.0,0.0,0.0,0.0,9024000000.0,2792000000.0,6232000000.0,11289455817.0,-391000000.0,0.0,-119000000.0,-37000000.0,-108000000.0,-289000000.0,-238000000.0,0.0,136000000.0,0.0,62000000.0,62000000.0,62000000.0,0.0,0.0,0.015,1554000000.0,118000000.0,1295000000.0,1.763,2.075,14.345,14.415,9664000000.0,0.0,69.19,0.561,0.561,0.0,13436000000.0,4087000000.0,4087000000.0,0.0,,,,,15000000.0,1275000000.0,1.0,163166004.0,163166004.0,,25.048,14466000000.0,15000000.0,4000000.0,273000000.0,88.658,1843000000.0
10,KSS,MRQ,2018-12-31,2019-02-02,2019-02-02,2021-09-02,0.0,12469000000.0,,4835000000.0,7634000000.0,,33.471,-120000000.0,934000000.0,934000000.0,4345000000.0,272000000.0,1.771,1.256,3499000000.0,115000000.0,3384000000.0,3499000000.0,0.0,239000000.0,0.0,0.037,0.61,420000000.0,659000000.0,0.097,659000000.0,420000000.0,361000000.0,1.67,1.65,1.67,5527000000.0,,5527000000.0,13886477752.0,11.0,6.139,564000000.0,3.416,1.0,2478000000.0,0.363,0.0,59000000.0,12304000000.0,,3475000000.0,0.0,0.0,0.0,6942000000.0,2730000000.0,4212000000.0,11012477752.0,-113000000.0,0.0,-118000000.0,-455000000.0,-99000000.0,-677000000.0,-120000000.0,0.0,684000000.0,0.0,272000000.0,272000000.0,272000000.0,0.0,0.0,0.04,2037000000.0,441000000.0,1187000000.0,0.365,1.992,13.748,13.666,7428000000.0,0.0,66.69,0.544,0.544,0.0,13395000000.0,6823000000.0,6823000000.0,0.0,,,,,16000000.0,1694000000.0,1.0,165129371.0,165129371.0,,41.319,12469000000.0,0.0,89000000.0,248000000.0,75.51,2105000000.0
11,KSS,MRQ,2018-09-30,2018-11-03,2018-11-03,2021-09-02,-8000000.0,14118000000.0,,6337000000.0,7781000000.0,,32.709,-146000000.0,1047000000.0,1047000000.0,2752000000.0,161000000.0,1.581,1.589,3921000000.0,121000000.0,3800000000.0,3921000000.0,0.0,242000000.0,0.0,0.031,0.61,258000000.0,500000000.0,0.108,500000000.0,258000000.0,195000000.0,0.98,0.98,0.98,5453000000.0,,5453000000.0,15686217627.0,11.0,6.437,230000000.0,1.38,1.0,1876000000.0,0.405,0.0,63000000.0,12985000000.0,,4844000000.0,0.0,0.0,0.0,8665000000.0,4007000000.0,4658000000.0,12820217627.0,-19000000.0,0.0,-109000000.0,-33000000.0,-99000000.0,-249000000.0,-146000000.0,0.0,376000000.0,0.0,161000000.0,161000000.0,161000000.0,0.0,0.0,0.035,1618000000.0,258000000.0,2583000000.0,0.622,2.351,12.872,12.774,7538000000.0,0.0,76.9,0.627,0.627,0.0,13224000000.0,4628000000.0,4628000000.0,0.0,,,,,21000000.0,1375000000.0,1.0,166712843.0,166712843.0,,27.76,14118000000.0,0.0,34000000.0,215000000.0,84.685,2330000000.0
12,KSS,MRQ,2018-06-30,2018-08-04,2018-08-04,2021-09-02,-8000000.0,12915000000.0,,5042000000.0,7873000000.0,,32.837,-179000000.0,1066000000.0,1066000000.0,2605000000.0,292000000.0,1.82,1.354,3932000000.0,122000000.0,3810000000.0,3932000000.0,0.0,240000000.0,0.0,0.032,0.61,452000000.0,692000000.0,0.151,692000000.0,452000000.0,387000000.0,1.77,1.76,1.77,5487000000.0,,5487000000.0,15247735261.0,11.0,6.259,481000000.0,2.879,1.0,1965000000.0,0.43,0.0,65000000.0,13011000000.0,,3572000000.0,0.0,0.0,0.0,7428000000.0,2770000000.0,4658000000.0,12082735261.0,244000000.0,0.0,-79000000.0,-59000000.0,-101000000.0,-243000000.0,-173000000.0,0.0,660000000.0,0.0,292000000.0,292000000.0,292000000.0,0.0,0.0,0.064,1513000000.0,452000000.0,1404000000.0,0.345,2.202,12.692,12.598,7635000000.0,0.0,72.31,0.592,0.592,0.0,13163000000.0,4570000000.0,4570000000.0,0.0,,,,,20000000.0,1272000000.0,1.0,167096325.0,167096325.0,,27.349,12915000000.0,0.0,95000000.0,258000000.0,77.291,2272000000.0
13,KSS,MRQ,2018-03-31,2018-05-05,2018-05-05,2021-09-02,-8000000.0,12916000000.0,,4983000000.0,7933000000.0,,31.836,-133000000.0,822000000.0,822000000.0,2496000000.0,75000000.0,1.761,1.412,3987000000.0,123000000.0,3864000000.0,3987000000.0,0.0,243000000.0,0.0,0.036,0.61,168000000.0,411000000.0,0.098,411000000.0,168000000.0,97000000.0,0.46,0.45,0.46,5356000000.0,,5356000000.0,13821748327.0,10.0,5.771,254000000.0,1.51,1.0,1712000000.0,0.407,0.0,71000000.0,13251000000.0,,3726000000.0,0.0,0.0,0.0,7560000000.0,2830000000.0,4730000000.0,10615748327.0,-486000000.0,0.0,-54000000.0,-568000000.0,-101000000.0,-740000000.0,-133000000.0,0.0,387000000.0,0.0,75000000.0,75000000.0,75000000.0,0.0,0.0,0.018,1502000000.0,210000000.0,1454000000.0,1.326,1.982,12.23,12.111,7694000000.0,0.0,63.1,0.525,0.525,0.0,12972000000.0,4208000000.0,4208000000.0,0.0,,,,,30000000.0,1259000000.0,1.0,168236899.0,168236899.0,,25.012,12916000000.0,0.0,22000000.0,316000000.0,76.773,2153000000.0
14,KSS,MRQ,2017-12-31,2018-02-03,2018-02-03,2021-09-02,-11000000.0,13389000000.0,,5380000000.0,8009000000.0,,32.255,-125000000.0,1308000000.0,1308000000.0,4496000000.0,468000000.0,1.986,1.471,4514000000.0,126000000.0,4388000000.0,4514000000.0,0.0,267000000.0,0.0,0.035,0.55,567000000.0,834000000.0,0.118,834000000.0,567000000.0,493000000.0,2.81,2.8,2.81,5419000000.0,,5419000000.0,14476263831.0,10.0,6.014,697000000.0,4.149,1.0,2561000000.0,0.363,0.0,74000000.0,13886000000.0,,3542000000.0,0.0,0.0,0.0,7970000000.0,2709000000.0,5261000000.0,10663263831.0,572000000.0,0.0,0.0,-37000000.0,-91000000.0,-130000000.0,-120000000.0,0.0,822000000.0,0.0,468000000.0,468000000.0,468000000.0,0.0,0.0,0.066,1994000000.0,567000000.0,1271000000.0,0.196,1.968,12.414,12.348,7773000000.0,0.0,63.47,0.531,0.531,0.0,12999000000.0,7057000000.0,7057000000.0,0.0,,,,,21000000.0,1727000000.0,1.0,168004787.0,168004787.0,,42.005,13389000000.0,0.0,25000000.0,310000000.0,79.694,2671000000.0
15,KSS,MRQ,2017-09-30,2017-10-28,2017-10-28,2021-09-02,-12000000.0,13947000000.0,,5747000000.0,8200000000.0,,29.79,-148000000.0,736000000.0,736000000.0,2727000000.0,117000000.0,1.613,1.777,4549000000.0,131000000.0,4418000000.0,4549000000.0,0.0,242000000.0,0.0,0.05,0.55,257000000.0,499000000.0,0.109,499000000.0,257000000.0,183000000.0,0.7,0.7,0.7,5022000000.0,,5022000000.0,11192130609.0,8.0,4.898,345000000.0,2.047,1.0,1840000000.0,0.403,0.0,74000000.0,14198000000.0,,4632000000.0,0.0,0.0,0.0,8925000000.0,3562000000.0,5363000000.0,7178130609.0,184000000.0,0.0,-38000000.0,-34000000.0,-91000000.0,-163000000.0,-146000000.0,0.0,493000000.0,0.0,117000000.0,117000000.0,117000000.0,0.0,0.0,0.026,1583000000.0,257000000.0,2113000000.0,0.786,1.429,11.146,11.294,7974000000.0,0.0,42.58,0.355,0.355,0.0,12624000000.0,4567000000.0,4567000000.0,0.0,,,,,13000000.0,1340000000.0,1.0,168579864.0,168579864.0,,27.091,13947000000.0,0.0,66000000.0,296000000.0,82.732,2185000000.0
16,KSS,MRQ,2017-06-30,2017-07-29,2017-07-29,2021-09-02,-12000000.0,13084000000.0,,4786000000.0,8298000000.0,,29.452,-183000000.0,552000000.0,552000000.0,2525000000.0,208000000.0,1.792,1.606,4566000000.0,133000000.0,4433000000.0,4566000000.0,0.0,244000000.0,0.0,0.051,0.55,407000000.0,651000000.0,0.148,651000000.0,407000000.0,332000000.0,1.24,1.24,1.24,5021000000.0,,5021000000.0,10991652235.0,8.0,4.74,147000000.0,0.862,1.0,1870000000.0,0.425,0.0,75000000.0,14427000000.0,,3853000000.0,0.0,0.0,0.0,8063000000.0,2671000000.0,5392000000.0,7030652235.0,-73000000.0,0.0,-94000000.0,-35000000.0,-92000000.0,-223000000.0,-180000000.0,0.0,330000000.0,0.0,208000000.0,208000000.0,208000000.0,0.0,0.0,0.047,1463000000.0,407000000.0,1370000000.0,0.444,1.4,10.447,10.574,8068000000.0,0.0,41.24,0.352,0.352,0.0,12599000000.0,4395000000.0,4395000000.0,0.0,,,,,11000000.0,1220000000.0,1.0,170481383.0,170481383.0,,25.78,13084000000.0,0.0,124000000.0,311000000.0,76.747,2115000000.0
17,KSS,MRQ,2017-03-31,2017-04-29,2017-04-29,2021-09-02,-13000000.0,13294000000.0,,4994000000.0,8300000000.0,,28.934,-216000000.0,625000000.0,625000000.0,2428000000.0,66000000.0,1.723,1.666,4586000000.0,134000000.0,4452000000.0,4586000000.0,0.0,238000000.0,0.0,0.053,0.55,185000000.0,423000000.0,0.104,423000000.0,185000000.0,109000000.0,0.39,0.39,0.39,4987000000.0,,4987000000.0,10264066155.0,8.0,4.657,-170000000.0,-0.986,1.0,1637000000.0,0.403,0.0,76000000.0,14357000000.0,,3991000000.0,0.0,0.0,0.0,8307000000.0,2898000000.0,5409000000.0,6727066155.0,-449000000.0,0.0,-156000000.0,-32000000.0,-94000000.0,-292000000.0,-203000000.0,0.0,46000000.0,0.0,66000000.0,66000000.0,66000000.0,0.0,0.0,0.016,1452000000.0,185000000.0,1480000000.0,1.41,1.349,11.119,11.379,8069000000.0,0.0,39.03,0.34,0.34,0.0,12486000000.0,4065000000.0,4065000000.0,0.0,,,,,10000000.0,1214000000.0,1.0,172356294.0,172356294.0,,23.585,13294000000.0,0.0,43000000.0,420000000.0,77.131,2096000000.0
18,KSS,MRQ,2016-12-31,2017-01-28,2017-01-28,2021-09-02,-14000000.0,13574000000.0,,5247000000.0,8327000000.0,,29.336,-184000000.0,1074000000.0,1074000000.0,4132000000.0,253000000.0,1.764,1.622,4611000000.0,131000000.0,4480000000.0,4611000000.0,0.0,238000000.0,0.0,0.051,0.5,474000000.0,712000000.0,0.099,712000000.0,474000000.0,399000000.0,1.44,1.43,1.44,5177000000.0,,5177000000.0,10909445284.0,9.0,5.144,685000000.0,3.882,1.0,3068000000.0,0.426,0.0,75000000.0,14137000000.0,,3795000000.0,0.0,0.0,0.0,8397000000.0,2974000000.0,5423000000.0,6882445284.0,477000000.0,0.0,-104000000.0,-26000000.0,-88000000.0,-220000000.0,-172000000.0,0.0,869000000.0,0.0,253000000.0,253000000.0,253000000.0,0.0,0.0,0.035,2594000000.0,474000000.0,1507000000.0,0.347,1.329,12.378,12.5,8103000000.0,0.0,39.0,0.35,0.35,0.0,12522000000.0,7200000000.0,7200000000.0,0.0,,,,,10000000.0,2356000000.0,1.0,176472956.0,176472956.0,,40.799,13574000000.0,0.0,146000000.0,384000000.0,76.918,2273000000.0
19,KSS,MRQ,2016-09-30,2016-10-29,2016-10-29,2021-09-02,-15000000.0,14076000000.0,,5654000000.0,8422000000.0,,28.437,-247000000.0,597000000.0,597000000.0,2720000000.0,146000000.0,1.604,1.756,4624000000.0,128000000.0,4496000000.0,4624000000.0,0.0,232000000.0,0.0,0.044,0.5,301000000.0,533000000.0,0.123,533000000.0,301000000.0,225000000.0,0.83,0.83,0.83,5107000000.0,,5107000000.0,11852645631.0,9.0,5.415,191000000.0,1.064,1.0,1607000000.0,0.371,0.0,76000000.0,14577000000.0,,4721000000.0,0.0,0.0,0.0,8969000000.0,3526000000.0,5443000000.0,7923645631.0,-103000000.0,0.0,-174000000.0,-31000000.0,-88000000.0,-294000000.0,-247000000.0,0.0,438000000.0,0.0,146000000.0,146000000.0,146000000.0,0.0,0.0,0.034,1306000000.0,301000000.0,2097000000.0,0.602,1.552,13.228,13.617,8203000000.0,0.0,44.12,0.42,0.42,0.0,12358000000.0,4327000000.0,4327000000.0,0.0,,,,,9000000.0,1080000000.0,1.0,179593056.0,179593056.0,,24.093,14076000000.0,0.0,79000000.0,364000000.0,78.377,2128000000.0
20,KSS,MRQ,2016-06-30,2016-07-30,2016-07-30,2021-09-02,-16000000.0,13360000000.0,,4955000000.0,8405000000.0,,28.387,-163000000.0,700000000.0,700000000.0,2532000000.0,140000000.0,1.768,1.562,4629000000.0,127000000.0,4502000000.0,4629000000.0,0.0,234000000.0,0.0,0.046,0.5,302000000.0,536000000.0,0.128,536000000.0,302000000.0,224000000.0,0.77,0.77,0.77,5215000000.0,,5215000000.0,11907467375.0,10.0,5.508,543000000.0,2.956,1.0,1650000000.0,0.395,0.0,78000000.0,14486000000.0,,3928000000.0,0.0,0.0,0.0,8145000000.0,2803000000.0,5342000000.0,7640467375.0,277000000.0,0.0,-141000000.0,-32000000.0,-91000000.0,-266000000.0,-163000000.0,0.0,706000000.0,0.0,140000000.0,140000000.0,140000000.0,0.0,0.0,0.033,1348000000.0,302000000.0,1375000000.0,0.649,1.465,13.334,13.681,8192000000.0,0.0,41.59,0.403,0.403,0.0,12301000000.0,4182000000.0,4182000000.0,0.0,,,,,10000000.0,986000000.0,1.0,183709242.0,183709242.0,,22.764,13360000000.0,0.0,84000000.0,339000000.0,72.724,2152000000.0
21,KSS,MRQ,2016-03-31,2016-04-30,2016-04-30,2021-09-02,-16000000.0,13304000000.0,,4855000000.0,8449000000.0,,28.606,-174000000.0,423000000.0,423000000.0,2560000000.0,17000000.0,1.834,1.512,4690000000.0,127000000.0,4563000000.0,4690000000.0,0.0,234000000.0,0.0,0.042,0.5,106000000.0,340000000.0,0.086,340000000.0,106000000.0,27000000.0,0.09,0.09,0.09,5297000000.0,,5297000000.0,12203982669.0,10.0,5.674,-34000000.0,-0.184,1.0,1412000000.0,0.355,0.0,79000000.0,14924000000.0,,4084000000.0,0.0,0.0,0.0,8007000000.0,2647000000.0,5360000000.0,8202982669.0,-284000000.0,0.0,-120000000.0,-27000000.0,-91000000.0,-250000000.0,-174000000.0,0.0,140000000.0,0.0,17000000.0,17000000.0,17000000.0,0.0,0.0,0.004,1306000000.0,106000000.0,1346000000.0,5.556,1.549,14.57,15.119,8230000000.0,0.0,44.3,0.431,0.431,0.0,12254000000.0,3972000000.0,3972000000.0,0.0,,,,,12000000.0,1008000000.0,1.0,185168909.0,185168909.0,,21.451,13304000000.0,0.0,10000000.0,287000000.0,71.848,2208000000.0
22,KSS,MRQ,2015-12-31,2016-01-30,2016-01-30,2021-09-02,-17000000.0,13606000000.0,,5076000000.0,8530000000.0,,28.927,-139000000.0,707000000.0,707000000.0,4275000000.0,296000000.0,1.87,1.478,4708000000.0,127000000.0,4581000000.0,4708000000.0,0.0,239000000.0,0.0,0.036,0.45,541000000.0,780000000.0,0.122,780000000.0,541000000.0,462000000.0,1.55,1.54,1.55,5491000000.0,,5491000000.0,14077556990.0,10.0,6.073,938000000.0,4.942,1.0,2112000000.0,0.331,0.0,79000000.0,14893000000.0,,4038000000.0,0.0,0.0,0.0,8115000000.0,2714000000.0,5401000000.0,9443556990.0,206000000.0,0.0,-211000000.0,-431000000.0,-85000000.0,-738000000.0,-133000000.0,0.0,1077000000.0,0.0,296000000.0,296000000.0,296000000.0,0.0,0.0,0.046,1571000000.0,541000000.0,1251000000.0,0.29,1.72,14.032,14.296,8308000000.0,0.0,49.75,0.492,0.492,0.0,12329000000.0,6387000000.0,6387000000.0,0.0,,,,,22000000.0,1332000000.0,1.0,189820241.0,189820241.0,,33.648,13606000000.0,0.0,166000000.0,387000000.0,71.678,2362000000.0
23,KSS,MRQ,2015-09-30,2015-10-31,2015-10-31,2021-09-02,-18000000.0,14794000000.0,,6067000000.0,8727000000.0,,28.144,-174000000.0,501000000.0,501000000.0,2784000000.0,120000000.0,1.54,1.703,5135000000.0,526000000.0,4609000000.0,5135000000.0,0.0,236000000.0,0.0,0.038,0.45,270000000.0,506000000.0,0.114,506000000.0,270000000.0,189000000.0,0.63,0.63,0.63,5474000000.0,,5474000000.0,13082238029.0,9.0,5.422,-120000000.0,-0.617,1.0,1643000000.0,0.371,0.0,81000000.0,15489000000.0,,5254000000.0,0.0,0.0,0.0,9320000000.0,3939000000.0,5381000000.0,8970238029.0,-433000000.0,0.0,-240000000.0,16000000.0,-86000000.0,-313000000.0,-174000000.0,0.0,54000000.0,0.0,120000000.0,120000000.0,120000000.0,0.0,0.0,0.027,1335000000.0,308000000.0,2141000000.0,0.714,1.639,12.024,12.233,8499000000.0,0.0,46.12,0.468,0.468,0.0,12118000000.0,4427000000.0,4427000000.0,0.0,,,,,12000000.0,1099000000.0,1.0,194497789.0,194497789.0,,22.761,14794000000.0,0.0,69000000.0,244000000.0,76.063,2128000000.0
24,KSS,MRQ,2015-06-30,2015-08-01,2015-08-01,2021-09-02,-18000000.0,14256000000.0,,5496000000.0,8760000000.0,,28.69,-201000000.0,934000000.0,934000000.0,2605000000.0,130000000.0,1.729,1.511,5046000000.0,434000000.0,4612000000.0,5046000000.0,0.0,232000000.0,0.0,0.027,0.45,293000000.0,525000000.0,0.123,525000000.0,293000000.0,209000000.0,0.66,0.66,0.66,5677000000.0,,5677000000.0,15684784343.0,10.0,6.433,50000000.0,0.253,1.0,1662000000.0,0.39,0.0,84000000.0,15190000000.0,,4252000000.0,0.0,0.0,0.0,8579000000.0,3178000000.0,5401000000.0,12133784343.0,-261000000.0,0.0,-390000000.0,169000000.0,-88000000.0,-313000000.0,-199000000.0,0.0,251000000.0,0.0,130000000.0,130000000.0,130000000.0,0.0,0.0,0.03,1238000000.0,424000000.0,1566000000.0,0.682,2.137,15.799,15.969,8528000000.0,0.0,61.32,0.635,0.635,0.0,12085000000.0,4267000000.0,4267000000.0,0.0,,,,,9000000.0,1005000000.0,1.0,197876457.0,197876457.0,,21.564,14256000000.0,0.0,79000000.0,288000000.0,72.045,2318000000.0
25,KSS,MRQ,2015-03-31,2015-05-02,2015-05-02,2021-09-02,-19000000.0,14453000000.0,,5698000000.0,8755000000.0,,29.669,-176000000.0,1195000000.0,1195000000.0,2600000000.0,127000000.0,1.909,1.402,4733000000.0,113000000.0,4620000000.0,4733000000.0,0.0,227000000.0,0.0,0.022,0.45,280000000.0,507000000.0,0.123,507000000.0,280000000.0,196000000.0,0.64,0.63,0.64,6017000000.0,,6017000000.0,18176822154.0,11.0,7.029,-74000000.0,-0.365,1.0,1523000000.0,0.369,0.0,84000000.0,15006000000.0,,4165000000.0,0.0,0.0,0.0,8436000000.0,2985000000.0,5451000000.0,14822822154.0,-212000000.0,0.0,-13000000.0,-27000000.0,-90000000.0,-139000000.0,-175000000.0,0.0,102000000.0,0.0,127000000.0,127000000.0,127000000.0,0.0,0.0,0.031,1243000000.0,280000000.0,1645000000.0,0.703,2.463,17.038,16.919,8518000000.0,0.0,73.09,0.777,0.777,0.0,12044000000.0,4123000000.0,4123000000.0,0.0,,,,,5000000.0,1016000000.0,1.0,202802328.0,202802328.0,,20.33,14453000000.0,0.0,69000000.0,362000000.0,71.266,2713000000.0
26,KSS,MRQ,2014-12-31,2015-01-31,2015-01-31,2021-09-02,-20000000.0,14333000000.0,,5580000000.0,8753000000.0,,29.657,-121000000.0,1407000000.0,1407000000.0,4190000000.0,369000000.0,1.952,1.392,4748000000.0,110000000.0,4638000000.0,4748000000.0,0.0,221000000.0,0.0,0.026,0.39,654000000.0,875000000.0,0.138,875000000.0,654000000.0,569000000.0,1.84,1.81,1.84,5991000000.0,,5991000000.0,16220984348.0,10.0,6.299,973000000.0,4.817,1.0,2147000000.0,0.339,0.0,85000000.0,14815000000.0,,3814000000.0,0.0,0.0,0.0,8342000000.0,2859000000.0,5483000000.0,12063984348.0,776000000.0,0.0,-116000000.0,-26000000.0,-78000000.0,-221000000.0,-97000000.0,23000000.0,1094000000.0,0.0,369000000.0,369000000.0,369000000.0,0.0,0.0,0.058,1493000000.0,654000000.0,1511000000.0,0.212,2.014,13.915,13.953,8515000000.0,0.0,59.72,0.634,0.634,0.0,12008000000.0,6337000000.0,6337000000.0,0.0,,,,,9000000.0,1272000000.0,1.0,202009115.0,202009115.0,,31.37,14333000000.0,0.0,200000000.0,376000000.0,70.952,2721000000.0
27,KSS,MRQ,2014-09-30,2014-11-01,2014-11-01,2021-09-02,-21000000.0,15014000000.0,,6100000000.0,8914000000.0,,28.363,-187000000.0,631000000.0,631000000.0,2746000000.0,142000000.0,1.658,1.586,4774000000.0,109000000.0,4665000000.0,4774000000.0,0.0,227000000.0,0.0,0.028,0.39,304000000.0,531000000.0,0.121,531000000.0,304000000.0,219000000.0,0.7,0.7,0.7,5805000000.0,,5805000000.0,15144123305.0,9.0,5.979,13000000.0,0.064,1.0,1628000000.0,0.372,0.0,85000000.0,15478000000.0,,4973000000.0,0.0,0.0,0.0,9209000000.0,3679000000.0,5530000000.0,11097123305.0,-115000000.0,0.0,-83000000.0,-24000000.0,-79000000.0,-187000000.0,-128000000.0,59000000.0,200000000.0,0.0,142000000.0,142000000.0,142000000.0,0.0,0.0,0.032,1324000000.0,304000000.0,2384000000.0,0.557,1.912,13.322,13.589,8671000000.0,0.0,54.22,0.591,0.591,0.0,11718000000.0,4374000000.0,4374000000.0,0.0,,,,,14000000.0,1097000000.0,1.0,204668449.0,204668449.0,,21.371,15014000000.0,201000000.0,77000000.0,317000000.0,73.358,2421000000.0
28,KSS,MRQ,2014-06-30,2014-08-02,2014-08-02,2021-09-02,-30000000.0,14067000000.0,,5100000000.0,8967000000.0,,28.021,-198000000.0,746000000.0,746000000.0,2588000000.0,232000000.0,1.884,1.422,4779000000.0,105000000.0,4674000000.0,4779000000.0,0.0,222000000.0,0.0,0.028,0.39,451000000.0,673000000.0,0.159,673000000.0,451000000.0,366000000.0,1.14,1.13,1.14,5809000000.0,,5809000000.0,15246788186.0,9.0,5.88,353000000.0,1.703,1.0,1654000000.0,0.39,0.0,85000000.0,15393000000.0,,3899000000.0,0.0,0.0,0.0,8258000000.0,2707000000.0,5551000000.0,11140788186.0,29000000.0,0.0,-212000000.0,-32000000.0,-80000000.0,-326000000.0,-196000000.0,0.0,551000000.0,0.0,232000000.0,232000000.0,232000000.0,0.0,0.0,0.055,1203000000.0,451000000.0,1479000000.0,0.342,1.918,12.835,13.075,8686000000.0,0.0,53.74,0.591,0.591,0.0,11656000000.0,4242000000.0,4242000000.0,0.0,,,,,13000000.0,981000000.0,1.0,207309047.0,207309047.0,,20.462,14067000000.0,132000000.0,134000000.0,381000000.0,67.855,2393000000.0
29,KSS,MRQ,2014-03-31,2014-05-03,2014-05-03,2021-09-02,-33000000.0,14114000000.0,,5139000000.0,8975000000.0,,28.083,-176000000.0,717000000.0,717000000.0,2574000000.0,125000000.0,1.943,1.41,4823000000.0,112000000.0,4711000000.0,4823000000.0,0.0,216000000.0,0.0,0.026,0.39,280000000.0,496000000.0,0.122,496000000.0,280000000.0,195000000.0,0.6,0.6,0.6,5857000000.0,,5857000000.0,15510825014.0,9.0,5.975,3000000.0,0.014,1.0,1496000000.0,0.368,0.0,85000000.0,15575000000.0,,3981000000.0,0.0,0.0,0.0,8257000000.0,2645000000.0,5612000000.0,11620825014.0,-254000000.0,0.0,-143000000.0,-26000000.0,-80000000.0,-261000000.0,-172000000.0,0.0,179000000.0,0.0,125000000.0,125000000.0,125000000.0,0.0,0.0,0.031,1216000000.0,280000000.0,1382000000.0,0.65,1.984,13.403,13.861,8677000000.0,0.0,55.72,0.615,0.615,0.0,11506000000.0,4070000000.0,4070000000.0,0.0,,,,,9000000.0,1000000000.0,1.0,208557520.0,208557520.0,,19.515,14114000000.0,137000000.0,70000000.0,412000000.0,67.674,2494000000.0
30,KSS,MRQ,2013-12-31,2014-02-01,2014-02-01,2021-09-02,-34000000.0,14357000000.0,,5314000000.0,9043000000.0,,27.916,-178000000.0,971000000.0,971000000.0,4024000000.0,334000000.0,1.927,1.402,4861000000.0,139000000.0,4722000000.0,4861000000.0,0.0,224000000.0,0.0,0.028,0.35,609000000.0,833000000.0,0.137,833000000.0,609000000.0,522000000.0,1.55,1.54,1.55,5978000000.0,,5978000000.0,15126904301.0,9.0,5.749,692000000.0,3.232,1.0,2075000000.0,0.34,0.0,87000000.0,15489000000.0,,3874000000.0,0.0,0.0,0.0,8379000000.0,2758000000.0,5621000000.0,10841904301.0,373000000.0,0.0,-225000000.0,-27000000.0,-73000000.0,-325000000.0,-172000000.0,0.0,870000000.0,0.0,334000000.0,334000000.0,334000000.0,0.0,0.0,0.055,1466000000.0,609000000.0,1365000000.0,0.226,1.814,12.196,12.409,8745000000.0,0.0,50.63,0.57,0.57,0.0,11462000000.0,6099000000.0,6099000000.0,0.0,,,,,14000000.0,1242000000.0,1.0,214139923.0,214139923.0,,28.481,14357000000.0,142000000.0,188000000.0,455000000.0,67.045,2556000000.0
31,KSS,MRQ,2013-09-30,2013-11-02,2013-11-02,2021-09-02,-39000000.0,15245000000.0,,5987000000.0,9258000000.0,,27.276,-181000000.0,598000000.0,598000000.0,2778000000.0,177000000.0,1.644,1.573,4883000000.0,141000000.0,4742000000.0,4883000000.0,0.0,226000000.0,0.0,0.024,0.35,365000000.0,591000000.0,0.133,591000000.0,365000000.0,281000000.0,0.82,0.81,0.82,5924000000.0,,5924000000.0,16342015345.0,9.0,6.057,71000000.0,0.327,1.0,1666000000.0,0.375,0.0,84000000.0,15889000000.0,,4959000000.0,0.0,0.0,0.0,9321000000.0,3641000000.0,5680000000.0,12347015345.0,6000000.0,0.0,-252000000.0,265000000.0,-76000000.0,-65000000.0,-181000000.0,1000000.0,252000000.0,0.0,177000000.0,177000000.0,177000000.0,0.0,0.0,0.04,1301000000.0,365000000.0,2261000000.0,0.427,2.084,13.248,13.666,8925000000.0,0.0,56.85,0.641,0.641,0.0,11204000000.0,4444000000.0,4444000000.0,0.0,,,,,13000000.0,1073000000.0,1.0,217185846.0,217185846.0,,20.462,15245000000.0,147000000.0,104000000.0,431000000.0,70.193,2346000000.0
32,KSS,MRQ,2013-06-30,2013-08-03,2013-08-03,2021-09-02,-39000000.0,14097000000.0,,4882000000.0,9215000000.0,,27.331,-149000000.0,592000000.0,592000000.0,2613000000.0,231000000.0,1.82,1.329,4587000000.0,147000000.0,4440000000.0,4587000000.0,0.0,225000000.0,0.0,0.025,0.35,451000000.0,676000000.0,0.158,676000000.0,451000000.0,367000000.0,1.05,1.04,1.05,6053000000.0,,6053000000.0,15880949054.0,8.0,5.794,308000000.0,1.391,1.0,1676000000.0,0.391,0.0,84000000.0,15409000000.0,,3856000000.0,0.0,0.0,0.0,8044000000.0,2683000000.0,5361000000.0,11861949054.0,74000000.0,0.0,-127000000.0,-28000000.0,-76000000.0,-236000000.0,-147000000.0,0.0,457000000.0,0.0,231000000.0,231000000.0,231000000.0,0.0,0.0,0.054,1225000000.0,451000000.0,1396000000.0,0.333,1.96,12.229,12.573,8891000000.0,0.0,53.56,0.614,0.614,0.0,11103000000.0,4289000000.0,4289000000.0,0.0,,,,,17000000.0,1000000000.0,1.0,221470296.0,221470296.0,,19.366,14097000000.0,150000000.0,136000000.0,456000000.0,63.652,2199000000.0
33,KSS,MRQ,2013-03-31,2013-05-04,2013-05-04,2021-09-02,-40000000.0,14050000000.0,,4911000000.0,9139000000.0,,27.12,-135000000.0,518000000.0,518000000.0,2671000000.0,147000000.0,1.82,1.333,4537000000.0,107000000.0,4430000000.0,4537000000.0,0.0,214000000.0,0.0,0.027,0.35,317000000.0,531000000.0,0.126,531000000.0,317000000.0,234000000.0,0.66,0.66,0.66,6021000000.0,,6021000000.0,14741328221.0,8.0,5.396,170000000.0,0.766,1.0,1528000000.0,0.364,0.0,83000000.0,15370000000.0,,3961000000.0,0.0,0.0,0.0,8029000000.0,2699000000.0,5330000000.0,10725328221.0,-19000000.0,0.0,-93000000.0,-24000000.0,-77000000.0,-201000000.0,-123000000.0,0.0,305000000.0,0.0,147000000.0,147000000.0,147000000.0,0.0,0.0,0.035,1211000000.0,317000000.0,1452000000.0,0.53,1.781,10.955,11.448,8822000000.0,0.0,48.31,0.558,0.558,0.0,10948000000.0,4199000000.0,4199000000.0,0.0,,,,,8000000.0,997000000.0,1.0,222010520.0,222010520.0,,18.914,14050000000.0,138000000.0,87000000.0,485000000.0,63.285,2212000000.0
34,KSS,MRQ,2012-12-31,2013-02-02,2013-02-02,2021-09-02,-45000000.0,13905000000.0,,4719000000.0,9186000000.0,,26.295,-144000000.0,537000000.0,537000000.0,4230000000.0,377000000.0,1.862,1.299,4553000000.0,105000000.0,4448000000.0,4553000000.0,0.0,213000000.0,0.0,0.028,0.32,687000000.0,900000000.0,0.142,900000000.0,687000000.0,601000000.0,1.63,1.63,1.63,6048000000.0,,6048000000.0,14610760376.0,8.0,5.366,418000000.0,1.817,1.0,2112000000.0,0.333,0.0,86000000.0,15386000000.0,,3748000000.0,53000000.0,0.0,53000000.0,7857000000.0,2535000000.0,5322000000.0,10582760376.0,-13000000.0,0.0,-383000000.0,-22000000.0,-73000000.0,-483000000.0,-92000000.0,41000000.0,562000000.0,0.0,377000000.0,377000000.0,377000000.0,0.0,0.0,0.059,1425000000.0,687000000.0,1307000000.0,0.196,1.75,10.733,10.981,8872000000.0,0.0,46.01,0.549,0.549,0.0,10878000000.0,6342000000.0,6342000000.0,0.0,,,,,12000000.0,1212000000.0,1.0,230010006.0,230010006.0,,27.573,13905000000.0,122000000.0,224000000.0,499000000.0,60.454,2184000000.0
35,KSS,MRQ,2012-09-30,2012-10-27,2012-10-27,2021-09-02,-48000000.0,15161000000.0,,5806000000.0,9355000000.0,,26.206,-212000000.0,550000000.0,550000000.0,2778000000.0,215000000.0,1.567,1.483,4578000000.0,100000000.0,4478000000.0,4578000000.0,0.0,209000000.0,0.0,0.023,0.32,425000000.0,634000000.0,0.141,634000000.0,425000000.0,345000000.0,0.92,0.91,0.92,6106000000.0,,6106000000.0,15906123230.0,8.0,5.634,-91000000.0,-0.391,1.0,1712000000.0,0.381,0.0,80000000.0,15485000000.0,,4851000000.0,90000000.0,0.0,90000000.0,9055000000.0,3704000000.0,5351000000.0,12274123230.0,-50000000.0,0.0,-229000000.0,327000000.0,-74000000.0,21000000.0,-192000000.0,17000000.0,121000000.0,0.0,215000000.0,215000000.0,215000000.0,0.0,0.0,0.048,1287000000.0,425000000.0,2429000000.0,0.348,2.01,11.525,12.144,9009000000.0,0.0,52.34,0.648,0.643,0.0,10575000000.0,4490000000.0,4490000000.0,0.0,,,,,13000000.0,1077000000.0,1.0,234507513.0,233000000.0,235000000.0,19.27,15161000000.0,124000000.0,130000000.0,443000000.0,65.069,2102000000.0
36,KSS,MRQ,2012-06-30,2012-07-28,2012-07-28,2021-09-02,-51000000.0,13856000000.0,,4490000000.0,9366000000.0,,26.0,-252000000.0,600000000.0,600000000.0,2563000000.0,240000000.0,1.694,1.239,4232000000.0,94000000.0,4138000000.0,4232000000.0,0.0,210000000.0,0.0,0.023,0.32,457000000.0,667000000.0,0.159,667000000.0,457000000.0,377000000.0,1.01,1.0,1.01,6188000000.0,,6188000000.0,15032326134.0,8.0,5.359,-87000000.0,-0.366,1.0,1642000000.0,0.39,0.0,80000000.0,14838000000.0,,3521000000.0,102000000.0,0.0,102000000.0,7668000000.0,2650000000.0,5018000000.0,11814326134.0,-429000000.0,0.0,-287000000.0,-33000000.0,-76000000.0,-394000000.0,-200000000.0,50000000.0,165000000.0,0.0,240000000.0,240000000.0,240000000.0,0.0,0.0,0.057,1185000000.0,457000000.0,1531000000.0,0.317,1.909,11.135,11.759,9010000000.0,0.0,49.27,0.627,0.622,0.0,10434000000.0,4205000000.0,4205000000.0,0.0,,,,,10000000.0,975000000.0,1.0,239787419.0,238000000.0,239000000.0,17.668,13856000000.0,109000000.0,137000000.0,435000000.0,58.218,1840000000.0
37,KSS,MRQ,2012-03-31,2012-04-28,2012-04-28,2021-09-02,-50000000.0,14262000000.0,,4879000000.0,9383000000.0,,25.926,-177000000.0,1029000000.0,1029000000.0,2719000000.0,154000000.0,1.671,1.264,4247000000.0,98000000.0,4149000000.0,4247000000.0,0.0,201000000.0,0.0,0.021,0.32,321000000.0,522000000.0,0.123,522000000.0,321000000.0,239000000.0,0.63,0.63,0.63,6300000000.0,,6300000000.0,15396198755.0,7.0,5.353,240000000.0,0.988,1.0,1524000000.0,0.359,0.0,82000000.0,14561000000.0,,3454000000.0,156000000.0,0.0,156000000.0,7962000000.0,2919000000.0,5043000000.0,12357198755.0,-176000000.0,0.0,-317000000.0,-24000000.0,-77000000.0,-417000000.0,-176000000.0,1000000.0,417000000.0,0.0,154000000.0,154000000.0,154000000.0,0.0,0.0,0.036,1203000000.0,321000000.0,1609000000.0,0.508,1.961,11.033,11.925,8961000000.0,0.0,50.8,0.654,0.654,0.0,10271000000.0,4243000000.0,4243000000.0,0.0,,,,,11000000.0,1002000000.0,1.0,243251944.0,243000000.0,245000000.0,17.461,14262000000.0,119000000.0,85000000.0,501000000.0,58.691,1960000000.0
38,KSS,MRQ,2011-12-31,2012-01-28,2012-01-28,2021-09-02,-53000000.0,14148000000.0,,4829000000.0,9319000000.0,,25.68,-172000000.0,1205000000.0,1205000000.0,3841000000.0,456000000.0,1.852,1.174,4244000000.0,94000000.0,4150000000.0,4244000000.0,0.0,195000000.0,0.0,0.021,0.25,805000000.0,1000000000.0,0.166,1000000000.0,805000000.0,729000000.0,1.75,1.74,1.75,6508000000.0,,6508000000.0,15311684659.0,7.0,5.215,871000000.0,3.437,1.0,2177000000.0,0.362,0.0,76000000.0,14580000000.0,,3216000000.0,153000000.0,0.0,153000000.0,7640000000.0,2607000000.0,5033000000.0,11832684659.0,445000000.0,0.0,-339000000.0,-20000000.0,-64000000.0,-428000000.0,-170000000.0,2000000.0,1043000000.0,0.0,456000000.0,456000000.0,456000000.0,0.0,0.0,0.076,1372000000.0,805000000.0,1233000000.0,0.143,1.818,10.139,10.783,8905000000.0,0.0,46.69,0.629,0.629,0.0,10195000000.0,6018000000.0,6018000000.0,0.0,,,,,14000000.0,1177000000.0,1.0,253430813.0,253430813.0,,23.746,14148000000.0,109000000.0,273000000.0,556000000.0,55.826,2222000000.0
39,KSS,MRQ,2011-09-30,2011-10-29,2011-10-29,2021-09-02,-52000000.0,14719000000.0,,5380000000.0,9339000000.0,,24.511,-276000000.0,760000000.0,760000000.0,2688000000.0,211000000.0,1.681,1.275,4239000000.0,95000000.0,4144000000.0,4239000000.0,0.0,201000000.0,0.0,0.014,0.25,415000000.0,616000000.0,0.141,616000000.0,415000000.0,340000000.0,0.8,0.8,0.8,6471000000.0,,6471000000.0,16800117806.0,8.0,5.63,-60000000.0,-0.227,1.0,1688000000.0,0.386,0.0,75000000.0,14998000000.0,,4130000000.0,158000000.0,0.0,158000000.0,8248000000.0,3200000000.0,5048000000.0,14299117806.0,-409000000.0,0.0,-786000000.0,527000000.0,-65000000.0,-376000000.0,-249000000.0,46000000.0,216000000.0,0.0,211000000.0,211000000.0,211000000.0,0.0,0.0,0.048,1273000000.0,415000000.0,2080000000.0,0.312,2.21,11.866,12.546,8918000000.0,0.0,53.07,0.76,0.744,0.0,9803000000.0,4376000000.0,4376000000.0,0.0,,,,,13000000.0,1071000000.0,1.0,269438813.0,264000000.0,265000000.0,16.576,14719000000.0,233000000.0,129000000.0,445000000.0,55.754,2180000000.0
40,KSS,MRQ,2011-06-30,2011-07-30,2011-07-30,2021-09-02,-35000000.0,13974000000.0,,4635000000.0,9339000000.0,,25.645,-258000000.0,1169000000.0,1169000000.0,2520000000.0,299000000.0,1.771,0.974,3670000000.0,189000000.0,3481000000.0,3670000000.0,0.0,191000000.0,0.0,0.009,0.25,547000000.0,738000000.0,0.174,738000000.0,547000000.0,475000000.0,1.08,1.08,1.08,7078000000.0,,7078000000.0,15493396205.0,7.0,5.284,255000000.0,0.924,1.0,1728000000.0,0.407,0.0,72000000.0,13858000000.0,,3095000000.0,208000000.0,0.0,208000000.0,6896000000.0,2617000000.0,4279000000.0,15378396205.0,-499000000.0,0.0,-720000000.0,-16000000.0,-70000000.0,-809000000.0,-203000000.0,56000000.0,513000000.0,0.0,299000000.0,299000000.0,299000000.0,0.0,0.0,0.07,1181000000.0,547000000.0,1345000000.0,0.231,2.173,13.144,13.678,8876000000.0,0.0,54.71,0.824,0.809,0.0,9660000000.0,4248000000.0,4248000000.0,0.0,,,,,14000000.0,991000000.0,1.0,281089311.0,276000000.0,278000000.0,15.391,13974000000.0,115000000.0,176000000.0,356000000.0,50.63,2018000000.0
41,KSS,MRQ,2011-03-31,2011-04-30,2011-04-30,2021-09-02,-31000000.0,14453000000.0,,5227000000.0,9226000000.0,,26.257,-221000000.0,1668000000.0,1668000000.0,2576000000.0,201000000.0,1.983,0.911,3674000000.0,184000000.0,3490000000.0,3674000000.0,0.0,191000000.0,0.0,0.005,0.25,391000000.0,582000000.0,0.14,582000000.0,391000000.0,315000000.0,0.7,0.69,0.7,7562000000.0,,7562000000.0,15126926455.0,7.0,5.287,146000000.0,0.507,1.0,1586000000.0,0.381,0.0,76000000.0,13823000000.0,,3193000000.0,250000000.0,0.0,250000000.0,6891000000.0,2636000000.0,4255000000.0,15307926455.0,-609000000.0,0.0,-403000000.0,-322000000.0,-72000000.0,-796000000.0,-180000000.0,41000000.0,367000000.0,0.0,201000000.0,201000000.0,201000000.0,0.0,0.0,0.048,1195000000.0,391000000.0,1397000000.0,0.357,2.024,13.595,14.056,8718000000.0,0.0,52.71,0.827,0.82,0.0,9430000000.0,4162000000.0,4162000000.0,0.0,,,,,14000000.0,1004000000.0,1.0,290417880.0,288000000.0,290000000.0,14.451,14453000000.0,113000000.0,114000000.0,394000000.0,50.184,2591000000.0
42,KSS,MRQ,2010-12-31,2011-01-29,2011-01-29,2021-09-02,-37000000.0,14849000000.0,,5642000000.0,9207000000.0,,26.848,-128000000.0,2277000000.0,2277000000.0,3816000000.0,494000000.0,2.029,0.892,3998000000.0,486000000.0,3512000000.0,3998000000.0,0.0,187000000.0,0.0,0.0,0.0,861000000.0,1048000000.0,0.174,1048000000.0,861000000.0,790000000.0,1.65,1.63,1.65,7850000000.0,,7850000000.0,14627272614.0,7.0,5.147,828000000.0,2.832,1.0,2222000000.0,0.368,0.0,71000000.0,13789000000.0,,3036000000.0,277000000.0,0.0,277000000.0,6999000000.0,2781000000.0,4218000000.0,14970272614.0,-164000000.0,0.0,-977000000.0,-21000000.0,0.0,-992000000.0,-128000000.0,2000000.0,956000000.0,0.0,494000000.0,494000000.0,494000000.0,0.0,0.0,0.082,1361000000.0,861000000.0,1138000000.0,0.0,1.907,13.366,13.875,8692000000.0,0.0,51.2,0.814,0.814,0.0,9301000000.0,6038000000.0,6038000000.0,0.0,,,,,13000000.0,1174000000.0,1.0,292388137.0,292388137.0,,20.651,14849000000.0,77000000.0,296000000.0,383000000.0,50.785,2861000000.0
43,KSS,MRQ,2010-09-30,2010-10-30,2010-10-30,2021-09-02,-40000000.0,16005000000.0,,6803000000.0,9202000000.0,,27.078,-234000000.0,2441000000.0,2441000000.0,2596000000.0,176000000.0,1.921,0.925,3986000000.0,487000000.0,3499000000.0,3986000000.0,0.0,208000000.0,0.0,0.0,0.0,356000000.0,564000000.0,0.134,564000000.0,356000000.0,277000000.0,0.57,0.57,0.57,8313000000.0,,8313000000.0,15342319713.0,7.0,5.26,-104000000.0,-0.339,1.0,1622000000.0,0.385,0.0,79000000.0,14008000000.0,,4030000000.0,275000000.0,0.0,275000000.0,7692000000.0,3542000000.0,4150000000.0,15775319713.0,-77000000.0,0.0,15000000.0,-9000000.0,0.0,5000000.0,-212000000.0,20000000.0,130000000.0,0.0,176000000.0,176000000.0,176000000.0,0.0,0.0,0.042,1266000000.0,356000000.0,2125000000.0,0.0,1.898,15.183,15.154,8698000000.0,0.0,51.22,0.875,0.872,0.0,8806000000.0,4218000000.0,4218000000.0,0.0,,,,,16000000.0,1059000000.0,1.0,307991404.0,307000000.0,308000000.0,13.739,16005000000.0,117000000.0,101000000.0,216000000.0,52.134,3261000000.0
44,KSS,MRQ,2010-06-30,2010-07-31,2010-07-31,2021-09-02,-38000000.0,15011000000.0,,5770000000.0,9241000000.0,,26.414,-247000000.0,2518000000.0,2518000000.0,2449000000.0,255000000.0,2.085,0.851,3974000000.0,385000000.0,3589000000.0,3974000000.0,0.0,179000000.0,0.0,0.0,0.0,488000000.0,667000000.0,0.163,667000000.0,488000000.0,410000000.0,0.83,0.83,0.83,8109000000.0,,8109000000.0,14368672943.0,7.0,5.056,115000000.0,0.375,1.0,1651000000.0,0.403,0.0,78000000.0,13699000000.0,,2930000000.0,298000000.0,0.0,298000000.0,6902000000.0,2768000000.0,4134000000.0,14684672943.0,130000000.0,0.0,4000000.0,-8000000.0,0.0,-4000000.0,-228000000.0,16000000.0,362000000.0,0.0,255000000.0,255000000.0,255000000.0,0.0,0.0,0.062,1163000000.0,488000000.0,1345000000.0,0.0,1.811,13.906,13.863,8792000000.0,0.0,47.69,0.822,0.819,0.0,8631000000.0,4100000000.0,4100000000.0,0.0,,,,,18000000.0,983000000.0,1.0,307919332.0,307000000.0,308000000.0,13.355,15011000000.0,95000000.0,155000000.0,229000000.0,48.896,3002000000.0
45,KSS,MRQ,2010-03-31,2010-05-01,2010-05-01,2021-09-02,-36000000.0,14756000000.0,,5705000000.0,9051000000.0,,25.518,-192000000.0,2388000000.0,2388000000.0,2498000000.0,195000000.0,2.035,0.884,3939000000.0,382000000.0,3557000000.0,3939000000.0,0.0,176000000.0,0.0,0.0,0.0,388000000.0,564000000.0,0.14,564000000.0,388000000.0,311000000.0,0.63,0.63,0.63,7834000000.0,,7834000000.0,16681544032.0,8.0,6.137,110000000.0,0.358,1.0,1537000000.0,0.381,0.0,77000000.0,13503000000.0,,3017000000.0,318000000.0,0.0,318000000.0,6922000000.0,2804000000.0,4118000000.0,16880544032.0,121000000.0,0.0,29000000.0,-19000000.0,0.0,8000000.0,-189000000.0,4000000.0,302000000.0,0.0,195000000.0,195000000.0,195000000.0,0.0,0.0,0.048,1149000000.0,388000000.0,1412000000.0,0.0,2.155,16.389,16.318,8579000000.0,0.0,54.99,0.961,0.961,0.0,8375000000.0,4035000000.0,4035000000.0,0.0,,,,,16000000.0,973000000.0,1.0,306974796.0,307000000.0,309000000.0,13.143,14756000000.0,91000000.0,116000000.0,325000000.0,48.065,2901000000.0
46,KSS,MRQ,2009-12-31,2010-01-30,2010-01-30,2021-09-02,-36000000.0,14465000000.0,,5485000000.0,8980000000.0,,24.772,-125000000.0,2267000000.0,2267000000.0,3612000000.0,413000000.0,2.234,0.905,3940000000.0,78000000.0,3862000000.0,3940000000.0,0.0,253000000.0,0.0,0.0,0.0,869000000.0,1122000000.0,0.197,1122000000.0,869000000.0,661000000.0,1.35,1.34,1.35,7595000000.0,,7595000000.0,17282532918.0,9.0,6.785,798000000.0,2.603,1.0,2070000000.0,0.364,0.0,208000000.0,13683000000.0,,2923000000.0,321000000.0,0.0,321000000.0,6870000000.0,2455000000.0,4415000000.0,15443532918.0,764000000.0,0.0,7000000.0,-48000000.0,0.0,-41000000.0,-118000000.0,8000000.0,923000000.0,0.0,413000000.0,413000000.0,413000000.0,0.0,0.0,0.073,1201000000.0,869000000.0,1188000000.0,0.0,2.033,15.872,15.79,8506000000.0,0.0,50.37,0.899,0.899,0.0,8181000000.0,5682000000.0,5682000000.0,0.0,,,,,16000000.0,948000000.0,1.0,306601805.0,306601805.0,,18.532,14465000000.0,73000000.0,248000000.0,398000000.0,47.178,3030000000.0
47,KSS,MRQ,2009-09-30,2009-10-31,2009-10-31,2021-09-02,-38000000.0,13323000000.0,,5587000000.0,7736000000.0,,24.246,-214000000.0,1503000000.0,1503000000.0,2512000000.0,193000000.0,1.85,0.802,2071000000.0,17000000.0,2054000000.0,2071000000.0,0.0,150000000.0,0.0,0.0,0.0,339000000.0,489000000.0,0.121,489000000.0,339000000.0,308000000.0,0.63,0.63,0.63,7395000000.0,,7395000000.0,19333413942.0,12.0,8.234,148000000.0,0.485,1.0,1539000000.0,0.38,198000000.0,31000000.0,10673000000.0,,3807000000.0,326000000.0,0.0,326000000.0,5928000000.0,3020000000.0,2908000000.0,17485413942.0,193000000.0,0.0,40000000.0,-4000000.0,0.0,33000000.0,-202000000.0,12000000.0,362000000.0,0.0,193000000.0,193000000.0,193000000.0,0.0,0.0,0.048,1200000000.0,339000000.0,2071000000.0,0.0,2.364,20.168,20.077,7082000000.0,0.0,57.22,1.045,1.043,0.0,8008000000.0,4051000000.0,4051000000.0,0.0,,,,,21000000.0,1050000000.0,1.0,305582208.0,305000000.0,308000000.0,13.282,13125000000.0,69000000.0,115000000.0,404000000.0,43.033,2567000000.0
48,KSS,MRQ,2009-06-30,2009-08-01,2009-08-01,2021-09-02,-45000000.0,12086000000.0,,4307000000.0,7779000000.0,,23.397,-150000000.0,1310000000.0,1310000000.0,2286000000.0,229000000.0,2.024,0.694,2069000000.0,16000000.0,2053000000.0,2069000000.0,0.0,144000000.0,0.0,0.0,0.0,399000000.0,543000000.0,0.143,543000000.0,399000000.0,368000000.0,0.76,0.75,0.76,7136000000.0,,7136000000.0,16660554435.0,10.0,7.307,457000000.0,1.498,1.0,1520000000.0,0.399,196000000.0,31000000.0,10521000000.0,,2724000000.0,326000000.0,0.0,326000000.0,4950000000.0,2128000000.0,2822000000.0,14826554435.0,454000000.0,0.0,3000000.0,-4000000.0,0.0,-1000000.0,-152000000.0,1000000.0,607000000.0,0.0,229000000.0,229000000.0,229000000.0,0.0,0.0,0.06,1121000000.0,399000000.0,1153000000.0,0.0,2.078,17.778,17.655,7142000000.0,0.0,48.55,0.899,0.898,0.0,7816000000.0,3806000000.0,3806000000.0,0.0,,,,,16000000.0,966000000.0,1.0,305387321.0,305000000.0,306000000.0,12.479,11890000000.0,72000000.0,139000000.0,392000000.0,38.984,2179000000.0
49,KSS,MRQ,2009-03-31,2009-05-02,2009-05-02,2021-09-02,-46000000.0,11563000000.0,,3922000000.0,7641000000.0,,22.574,-186000000.0,856000000.0,856000000.0,2270000000.0,137000000.0,2.087,0.679,2073000000.0,17000000.0,2056000000.0,2073000000.0,0.0,141000000.0,0.0,0.0,0.0,251000000.0,392000000.0,0.108,392000000.0,251000000.0,219000000.0,0.45,0.45,0.45,6885000000.0,,6885000000.0,14871725600.0,9.0,6.534,208000000.0,0.682,1.0,1368000000.0,0.376,198000000.0,32000000.0,10703000000.0,,2804000000.0,327000000.0,0.0,327000000.0,4678000000.0,1879000000.0,2799000000.0,12968725600.0,213000000.0,0.0,0.0,-4000000.0,0.0,-4000000.0,-177000000.0,7000000.0,394000000.0,0.0,137000000.0,137000000.0,137000000.0,0.0,0.0,0.038,1117000000.0,251000000.0,1003000000.0,0.0,1.884,15.421,15.42,7001000000.0,0.0,42.56,0.791,0.791,0.0,7585000000.0,3638000000.0,3638000000.0,0.0,,,,,11000000.0,961000000.0,1.0,304716297.0,305000000.0,306000000.0,11.928,11365000000.0,74000000.0,82000000.0,405000000.0,37.262,2043000000.0
50,KSS,MRQ,2008-12-31,2009-01-31,2009-01-31,2021-09-02,-46000000.0,11363000000.0,,3728000000.0,7635000000.0,,22.116,-223000000.0,643000000.0,643000000.0,3414000000.0,308000000.0,2.022,0.686,2070000000.0,17000000.0,2053000000.0,2070000000.0,0.0,233000000.0,0.0,0.0,0.0,691000000.0,924000000.0,0.176,924000000.0,691000000.0,497000000.0,1.01,1.01,1.01,6739000000.0,,6739000000.0,13319112881.0,8.0,5.826,701000000.0,2.3,1.0,1822000000.0,0.348,201000000.0,194000000.0,10745000000.0,,2799000000.0,333000000.0,0.0,333000000.0,4624000000.0,1844000000.0,2780000000.0,11186198881.0,400000000.0,0.0,-1000000.0,-311000000.0,0.0,-312000000.0,-212000000.0,6000000.0,924000000.0,0.0,308000000.0,308000000.0,308000000.0,0.0,0.0,0.059,1131000000.0,691000000.0,881000000.0,0.0,1.66,13.053,13.111,6984000000.0,0.0,36.71,0.683,0.683,0.0,7448000000.0,5236000000.0,5236000000.0,0.0,,,,,16000000.0,935000000.0,1.0,304718030.0,304718030.0,,17.183,11162000000.0,74000000.0,189000000.0,425000000.0,36.631,1884000000.0
51,KSS,MRQ,2008-09-30,2008-11-01,2008-11-01,2021-09-02,-38000000.0,11886000000.0,,4232000000.0,7654000000.0,,20.967,-285000000.0,243000000.0,243000000.0,2381000000.0,160000000.0,1.548,0.859,2376000000.0,319000000.0,2057000000.0,2376000000.0,0.0,136000000.0,0.0,0.0,0.0,285000000.0,421000000.0,0.111,421000000.0,285000000.0,257000000.0,0.53,0.52,0.53,6395000000.0,,6395000000.0,12545797790.0,8.0,5.727,-331000000.0,-1.085,1.0,1423000000.0,0.374,208000000.0,28000000.0,11078000000.0,,3712000000.0,381000000.0,36000000.0,345000000.0,5491000000.0,2733000000.0,2758000000.0,10699096790.0,26000000.0,0.0,5000000.0,299000000.0,0.0,304000000.0,-232000000.0,50000000.0,-46000000.0,0.0,160000000.0,160000000.0,160000000.0,0.0,0.0,0.042,1138000000.0,285000000.0,1644000000.0,0.0,1.673,11.135,11.296,6991000000.0,0.0,35.13,0.643,0.644,0.0,7112000000.0,3804000000.0,3804000000.0,0.0,,,,,16000000.0,982000000.0,1.0,304557267.0,305000000.0,305000000.0,12.472,11678000000.0,76000000.0,97000000.0,315000000.0,38.289,1499000000.0
52,KSS,MRQ,2008-06-30,2008-08-02,2008-08-02,2021-09-02,-20000000.0,10876000000.0,,3212000000.0,7664000000.0,,20.369,-285000000.0,217000000.0,217000000.0,2250000000.0,236000000.0,1.66,0.745,2064000000.0,14000000.0,2050000000.0,2064000000.0,0.0,133000000.0,0.0,0.0,0.0,406000000.0,539000000.0,0.145,539000000.0,406000000.0,380000000.0,0.77,0.77,0.77,6233000000.0,,6233000000.0,14847164594.0,9.0,6.7,236000000.0,0.771,1.0,1475000000.0,0.396,211000000.0,26000000.0,10577000000.0,,2718000000.0,462000000.0,71000000.0,391000000.0,4643000000.0,1935000000.0,2708000000.0,12916111594.0,-22000000.0,0.0,-111000000.0,-112000000.0,0.0,-223000000.0,-320000000.0,-36000000.0,521000000.0,0.0,236000000.0,236000000.0,236000000.0,0.0,0.0,0.063,1069000000.0,406000000.0,1023000000.0,0.0,2.072,12.983,13.201,6951000000.0,0.0,42.11,0.775,0.773,0.0,6952000000.0,3725000000.0,3725000000.0,0.0,,,,,15000000.0,930000000.0,1.0,306723144.0,306000000.0,307000000.0,12.173,10665000000.0,72000000.0,144000000.0,357000000.0,34.853,1277000000.0
53,KSS,MRQ,2008-03-31,2008-05-03,2008-05-03,2021-09-02,-18000000.0,10630000000.0,,3296000000.0,7334000000.0,,19.722,-273000000.0,239000000.0,239000000.0,2289000000.0,153000000.0,1.785,0.744,2170000000.0,122000000.0,2048000000.0,2170000000.0,0.0,130000000.0,0.0,0.0,0.0,271000000.0,401000000.0,0.111,401000000.0,271000000.0,245000000.0,0.5,0.49,0.5,6094000000.0,,6094000000.0,17364080796.0,10.0,7.797,80000000.0,0.259,1.0,1335000000.0,0.368,213000000.0,26000000.0,10501000000.0,,2817000000.0,429000000.0,34000000.0,395000000.0,4536000000.0,1847000000.0,2689000000.0,15480047796.0,58000000.0,0.0,-150000000.0,106000000.0,0.0,-44000000.0,-251000000.0,20000000.0,353000000.0,0.0,153000000.0,153000000.0,153000000.0,0.0,0.0,0.042,1064000000.0,271000000.0,945000000.0,0.0,2.54,15.058,15.371,6619000000.0,0.0,50.11,0.937,0.937,0.0,6716000000.0,3624000000.0,3624000000.0,0.0,,,,,8000000.0,923000000.0,1.0,308921329.0,309000000.0,309000000.0,11.728,10417000000.0,65000000.0,92000000.0,347000000.0,33.712,1449000000.0
54,KSS,MRQ,2007-12-31,2008-02-02,2008-02-02,2021-09-02,0.0,10560000000.0,,3724000000.0,6836000000.0,,19.454,-314031000.0,181000000.0,181000000.0,3605863000.0,411818000.0,2.103,0.731,2065000000.0,13000000.0,2052000000.0,2065000000.0,0.0,126259000.0,0.0,0.0,0.0,703327000.0,829586000.0,0.151,829586000.0,703327000.0,660723000.0,1.31,1.3,1.31,6102000000.0,,6102000000.0,16338788838.0,9.0,7.176,590681000.0,1.883,1.0,1881725000.0,0.343,219000000.0,42604000.0,10454000000.0,,2856000000.0,483000000.0,483000000.0,0.0,4458000000.0,1771000000.0,2687000000.0,14406894838.0,-171816000.0,0.0,-134123000.0,-180387000.0,0.0,-307755000.0,-768773000.0,-485551000.0,904712000.0,0.0,411818000.0,411818000.0,411818000.0,0.0,0.0,0.075,1198398000.0,683327000.0,836000000.0,0.0,2.361,13.29,13.469,6510000000.0,0.0,45.93,0.875,0.875,0.0,6563000000.0,5487588000.0,5487588000.0,0.0,,,,,15673000.0,1067031000.0,1.0,313670691.0,313670691.0,,17.495,10341000000.0,71000000.0,248905000.0,386000000.0,32.968,1953000000.0
55,KSS,MRQ,2007-09-30,2007-11-03,2007-11-03,2021-09-02,0.0,11113983000.0,,4435228000.0,6678755000.0,,18.328,-455628000.0,294986000.0,294986000.0,2407131000.0,194005000.0,1.623,0.913,2226880000.0,181345000.0,2045535000.0,2226880000.0,0.0,115533000.0,0.0,0.0,0.0,330863000.0,446396000.0,0.117,446396000.0,330863000.0,312155000.0,0.61,0.61,0.61,5808905000.0,,5808905000.0,17899181772.0,9.0,7.564,-568742000.0,-1.794,1.0,1418031000.0,0.371,222636000.0,18708000.0,10090907000.0,,3908529000.0,25679000.0,25679000.0,0.0,5305078000.0,2732334000.0,2572744000.0,16782389772.0,65065000.0,0.0,-233902000.0,868348000.0,0.0,626834000.0,-448655000.0,9877000.0,-113114000.0,0.0,194005000.0,194005000.0,194005000.0,0.0,0.0,0.051,1087168000.0,330863000.0,1708891000.0,0.0,2.889,14.504,14.751,6383580000.0,0.0,52.81,1.021,1.018,0.0,6151716000.0,3825162000.0,3825162000.0,0.0,,,,,14179000.0,933706000.0,1.0,317788104.0,316948000.0,318593000.0,12.069,10891347000.0,62291000.0,118150000.0,321266000.0,34.363,1702894000.0
56,KSS,MRQ,2007-06-30,2007-08-04,2007-08-04,2021-09-02,0.0,9752001000.0,,3278012000.0,6473989000.0,,18.199,-496430000.0,229921000.0,229921000.0,2192801000.0,269224000.0,1.381,0.672,1346713000.0,305866000.0,1040847000.0,1346713000.0,0.0,106334000.0,0.0,0.0,0.0,443725000.0,550059000.0,0.153,550059000.0,443725000.0,433184000.0,0.84,0.83,0.84,5832463000.0,,5832463000.0,19292865652.0,10.0,8.094,-165664000.0,-0.517,1.0,1396409000.0,0.389,222892000.0,10541000.0,8272082000.0,,2802643000.0,35556000.0,35556000.0,0.0,3919538000.0,2373819000.0,1545719000.0,18492918652.0,-20968000.0,0.0,-363626000.0,292629000.0,0.0,-70996000.0,-280738000.0,217186000.0,330766000.0,0.0,269224000.0,269224000.0,269224000.0,0.0,0.0,0.075,952684000.0,443725000.0,1075228000.0,0.0,3.171,15.572,15.661,6190119000.0,0.0,57.32,1.137,1.13,0.0,5957711000.0,3589210000.0,3589210000.0,0.0,,,,,15904000.0,837790000.0,1.0,322625936.0,320488000.0,323213000.0,11.199,9529109000.0,46733000.0,163960000.0,379707000.0,29.733,904193000.0
57,KSS,MRQ,2007-03-31,2007-05-05,2007-05-05,2021-09-02,0.0,9251592000.0,,3388595000.0,5862997000.0,,18.368,-275911000.0,250889000.0,250889000.0,2254205000.0,208953000.0,1.886,0.565,1050836000.0,9921000.0,1040915000.0,1050836000.0,0.0,104874000.0,0.0,0.0,0.0,346085000.0,450959000.0,0.126,450959000.0,346085000.0,335938000.0,0.65,0.64,0.65,5910414000.0,,5910414000.0,24626652340.0,13.0,10.682,-193275000.0,-0.601,1.0,1317835000.0,0.369,225758000.0,10147000.0,8029493000.0,,2699293000.0,252741000.0,252741000.0,0.0,3341178000.0,1796288000.0,1544890000.0,23756924340.0,61719000.0,0.0,81651000.0,-11590000.0,0.0,76917000.0,-97834000.0,178488000.0,82636000.0,0.0,208953000.0,208953000.0,208953000.0,0.0,0.0,0.058,971750000.0,346085000.0,1022304000.0,0.0,4.02,20.645,21.017,5576938000.0,0.0,73.98,1.487,1.49,0.0,5688487000.0,3572040000.0,3572040000.0,0.0,,,,,2244000.0,858473000.0,1.0,321126309.0,321775000.0,325068000.0,11.101,9025834000.0,11590000.0,126985000.0,377471000.0,28.05,1592307000.0
58,KSS,MRQ,2006-12-31,2007-02-03,2007-02-03,2021-09-02,0.0,9034024000.0,,3393887000.0,5640137000.0,,17.135,-198489000.0,189170000.0,189170000.0,3519284000.0,484902000.0,1.776,0.612,1058898000.0,18841000.0,1040057000.0,1058898000.0,0.0,104815000.0,0.0,0.0,0.0,813983000.0,918798000.0,0.169,918798000.0,813983000.0,777378000.0,1.48,1.46,1.48,5603395000.0,,5603395000.0,24772176706.0,13.0,11.109,530888000.0,1.623,1.0,1929378000.0,0.354,228624000.0,36605000.0,7763623000.0,,2578378000.0,431230000.0,431230000.0,0.0,3430629000.0,1911505000.0,1519124000.0,23921603706.0,-9847000.0,0.0,-428274000.0,-3752000.0,0.0,-426506000.0,-312718000.0,-111085000.0,729377000.0,0.0,484902000.0,484902000.0,484902000.0,0.0,0.0,0.089,1141395000.0,787983000.0,934376000.0,0.0,4.269,21.57,21.901,5352974000.0,0.0,73.15,1.534,1.534,0.0,5479534000.0,5448662000.0,5448662000.0,0.0,,,,,8438000.0,1034670000.0,1.0,327021240.0,327021240.0,,16.661,8805400000.0,40190000.0,292476000.0,476793000.0,26.926,1482382000.0
59,KSS,MRQ,2006-09-30,2006-10-28,2006-10-28,2021-09-02,0.0,9478077000.0,,3922743000.0,5555334000.0,,16.914,-258022000.0,198686000.0,198686000.0,2299586000.0,224496000.0,1.611,0.714,1049259000.0,8809000.0,1040450000.0,1049259000.0,0.0,94540000.0,0.0,0.0,0.0,369384000.0,463924000.0,0.127,463924000.0,369384000.0,359195000.0,0.69,0.68,0.69,5529282000.0,,5529282000.0,24534630471.0,15.0,12.098,-136072000.0,-0.416,1.0,1350908000.0,0.37,232062000.0,10189000.0,7660960000.0,,3234793000.0,318992000.0,318992000.0,0.0,3948795000.0,2435628000.0,1513167000.0,23647880471.0,35879000.0,0.0,-31323000.0,-2652000.0,0.0,-27043000.0,-59028000.0,200284000.0,121950000.0,0.0,224496000.0,224496000.0,224496000.0,0.0,0.0,0.061,981524000.0,369384000.0,1648788000.0,0.0,4.277,23.671,24.402,5266048000.0,0.0,72.23,1.593,1.591,0.0,4994951000.0,3650494000.0,3650494000.0,0.0,,,,,3024000.0,858685000.0,1.0,327396933.0,326904000.0,329814000.0,11.167,9246015000.0,20909000.0,134699000.0,300978000.0,28.284,1487115000.0
60,KSS,MRQ,2006-06-30,2006-07-29,2006-07-29,2021-09-02,0.0,8648666000.0,,3257195000.0,5391471000.0,,15.953,-425854000.0,162807000.0,162807000.0,2062165000.0,232358000.0,1.755,0.626,1049557000.0,8243000.0,1041314000.0,1049557000.0,0.0,96238000.0,0.0,0.0,0.0,375419000.0,471657000.0,0.143,471657000.0,375419000.0,369408000.0,0.7,0.69,0.7,5318505000.0,,5318505000.0,19653074917.0,13.0,10.253,93234000.0,0.28,1.0,1239342000.0,0.375,235446000.0,6011000.0,7444316000.0,,2408149000.0,519276000.0,519276000.0,0.0,3330161000.0,1855654000.0,1474507000.0,18795884917.0,-32395000.0,0.0,-1011188000.0,-2907000.0,0.0,-1007499000.0,456016000.0,881860000.0,519088000.0,0.0,232358000.0,232358000.0,232358000.0,0.0,0.0,0.07,863923000.0,375419000.0,1012174000.0,0.0,3.534,20.218,20.298,5104521000.0,0.0,55.21,1.313,1.286,0.0,4770455000.0,3301507000.0,3301507000.0,0.0,,,,,4572000.0,759756000.0,1.0,340443487.0,333394000.0,335694000.0,9.903,8413220000.0,10591000.0,137050000.0,318223000.0,25.235,1401541000.0
61,KSS,MRQ,2006-03-31,2006-04-29,2006-04-29,2021-09-02,0.0,9191967000.0,,4129457000.0,5062510000.0,,17.607,-280635000.0,195202000.0,195202000.0,2040965000.0,167245000.0,2.508,0.512,1052392000.0,8440000.0,1043952000.0,1052392000.0,0.0,93407000.0,0.0,0.0,0.0,282215000.0,375622000.0,0.118,375622000.0,282215000.0,268020000.0,0.48,0.48,0.48,6079383000.0,,6079383000.0,20318559316.0,14.0,11.059,1468950000.0,4.254,1.0,1155372000.0,0.361,218563000.0,14195000.0,8184042000.0,,2347891000.0,1401136000.0,1401136000.0,0.0,3112584000.0,1646552000.0,1466032000.0,19291353316.0,68363000.0,0.0,-62215000.0,-101689000.0,0.0,-156952000.0,-1524270000.0,-1241059000.0,1749585000.0,0.0,167245000.0,167245000.0,167245000.0,0.0,0.0,0.052,873157000.0,282215000.0,868691000.0,0.0,3.173,21.811,21.812,4791447000.0,0.0,55.84,1.388,1.387,0.0,4538098000.0,3196337000.0,3196337000.0,0.0,,,,,2966000.0,768888000.0,1.0,345475525.0,345277000.0,347285000.0,9.257,8973404000.0,0.0,100775000.0,307991000.0,25.989,2482905000.0
62,KSS,MRQ,2005-12-31,2006-01-28,2006-01-28,2021-09-02,0.0,9153494000.0,,4266553000.0,4886941000.0,,17.28,-164359000.0,126839000.0,126839000.0,3098180000.0,374913000.0,2.442,0.537,1154045000.0,107941000.0,1046104000.0,1154045000.0,0.0,91558000.0,0.0,0.0,0.0,625183000.0,716741000.0,0.153,716741000.0,625183000.0,602755000.0,1.09,1.08,1.09,5957338000.0,,5957338000.0,16582962721.0,12.0,9.425,480308000.0,1.393,1.0,1595941000.0,0.34,221718000.0,22428000.0,8212071000.0,,2237568000.0,160077000.0,160077000.0,0.0,3196156000.0,1746911000.0,1449245000.0,15238068721.0,-5874000.0,0.0,3088000.0,-332823000.0,0.0,-325136000.0,-325405000.0,-160075000.0,644667000.0,0.0,374913000.0,374913000.0,374913000.0,0.0,0.0,0.08,974292000.0,621649000.0,829971000.0,0.0,2.558,18.098,18.041,4616303000.0,0.0,44.2,1.133,1.133,1652065000.0,4370853000.0,4694121000.0,4694121000.0,0.0,,,,,6807000.0,881670000.0,1.0,344752686.0,344752686.0,,13.616,8931776000.0,23677000.0,227842000.0,384709000.0,25.908,2519642000.0
63,KSS,MRQ,2005-09-30,2005-10-29,2005-10-29,2021-09-02,0.0,9404227000.0,,4573249000.0,4830978000.0,,16.152,-273428000.0,132713000.0,132713000.0,1986766000.0,155127000.0,1.907,0.69,1477607000.0,437375000.0,1040232000.0,1477607000.0,0.0,85273000.0,0.0,0.0,0.0,267431000.0,352704000.0,0.113,352704000.0,267431000.0,249400000.0,0.45,0.45,0.45,5563266000.0,,5563266000.0,16744694151.0,13.0,10.128,-449954000.0,-1.306,1.0,1132594000.0,0.363,224798000.0,18031000.0,8126684000.0,,2854317000.0,0.0,0.0,0.0,3840961000.0,2397639000.0,1443322000.0,15713302151.0,22394000.0,0.0,1519000.0,330156000.0,0.0,331928000.0,-133008000.0,140012000.0,-176526000.0,0.0,155127000.0,155127000.0,155127000.0,0.0,0.0,0.05,865163000.0,267431000.0,1330384000.0,0.0,2.824,19.995,19.996,4557827000.0,0.0,45.59,1.225,1.224,1492150000.0,3995940000.0,3119360000.0,3119360000.0,0.0,,,,,11242000.0,753799000.0,1.0,344665544.0,344441000.0,346778000.0,9.056,9179429000.0,16259000.0,94273000.0,275909000.0,26.65,2175610000.0
64,KSS,MRQ,2005-06-30,2005-07-30,2005-07-30,2021-09-02,0.0,8464036000.0,,3833402000.0,4630634000.0,,15.68,-240445000.0,110319000.0,110319000.0,1819493000.0,187186000.0,2.336,0.569,1141711000.0,105539000.0,1036172000.0,1141711000.0,0.0,82806000.0,0.0,0.0,0.0,309400000.0,392206000.0,0.136,392206000.0,309400000.0,293097000.0,0.54,0.54,0.54,5394802000.0,,5394802000.0,20565411437.0,16.0,12.819,308584000.0,0.897,1.0,1068585000.0,0.37,227915000.0,16303000.0,7626200000.0,,2197331000.0,140014000.0,140014000.0,0.0,3069234000.0,1641313000.0,1427921000.0,19372069437.0,-9410000.0,0.0,10930000.0,-191415000.0,0.0,-174443000.0,-383996000.0,-140014000.0,549029000.0,0.0,187186000.0,187186000.0,187186000.0,0.0,0.0,0.065,759185000.0,309400000.0,966572000.0,0.0,3.591,25.312,25.383,4360637000.0,0.0,56.35,1.556,1.557,1296406000.0,3840813000.0,2888078000.0,2888078000.0,0.0,,,,,5390000.0,672470000.0,1.0,343781179.0,344066000.0,346772000.0,8.394,8236121000.0,7013000.0,105911000.0,306357000.0,23.938,2192089000.0
65,KSS,MRQ,2005-03-31,2005-04-30,2005-04-30,2021-09-02,0.0,8100578000.0,,3651167000.0,4449411000.0,,15.076,-176332000.0,119729000.0,119729000.0,1759638000.0,124734000.0,2.409,0.564,1313071000.0,295038000.0,1018033000.0,1313071000.0,0.0,80189000.0,0.0,0.0,0.0,217700000.0,297889000.0,0.109,297889000.0,217700000.0,200538000.0,0.36,0.36,0.36,5179165000.0,,5179165000.0,17335948556.0,14.0,11.295,-285387000.0,-0.831,1.0,983200000.0,0.358,231113000.0,17162000.0,7547345000.0,,2112753000.0,0.0,0.0,0.0,2921413000.0,1515462000.0,1405951000.0,16345760556.0,3012000.0,0.0,7321000.0,188980000.0,0.0,199865000.0,-87798000.0,88767000.0,-109055000.0,0.0,124734000.0,124734000.0,124734000.0,0.0,0.0,0.045,765500000.0,217700000.0,686743000.0,0.0,3.156,22.544,22.559,4179569000.0,0.0,47.6,1.355,1.356,1309303000.0,3653627000.0,2742838000.0,2742838000.0,0.0,,,,,6044000.0,672915000.0,1.0,343398331.0,343526000.0,345906000.0,7.984,7869465000.0,3322000.0,75804000.0,282389000.0,22.908,2135705000.0
66,KSS,MRQ,2004-12-31,2005-01-29,2005-01-29,2021-09-02,0.0,7979299000.0,,3643437000.0,4335862000.0,,14.672,-249739000.0,116717000.0,116717000.0,2708116000.0,318826000.0,2.502,0.585,1106905000.0,3464000.0,1103441000.0,1106905000.0,0.0,78195000.0,0.0,0.0,0.0,532284000.0,610479000.0,0.15,610479000.0,532284000.0,512581000.0,0.93,0.92,0.93,5033898000.0,,5033898000.0,17001746208.0,14.0,11.453,438792000.0,1.279,1.0,1370590000.0,0.336,234241000.0,19703000.0,7279188000.0,,1946977000.0,88767000.0,88767000.0,0.0,2945401000.0,1456058000.0,1489343000.0,15651803208.0,4997000.0,0.0,5070000.0,-354819000.0,0.0,-364557000.0,-318977000.0,-30949000.0,688531000.0,0.0,318826000.0,318826000.0,318826000.0,0.0,0.0,0.078,840615000.0,529975000.0,704655000.0,0.0,3.109,22.252,22.146,3987945000.0,0.0,45.62,1.338,1.338,1389632000.0,3528893000.0,4078706000.0,4078706000.0,0.0,,,,,24633000.0,760029000.0,1.0,343090820.0,343090820.0,,11.888,7745058000.0,54050000.0,193755000.0,406563000.0,22.574,2187379000.0
67,KSS,MRQ,2004-09-30,2004-10-30,2004-10-30,2021-09-02,0.0,8335103000.0,,4155674000.0,4179429000.0,,13.722,-225949000.0,111720000.0,111720000.0,1758331000.0,134591000.0,1.923,0.775,1461663000.0,357380000.0,1104283000.0,1461663000.0,0.0,72304000.0,0.0,0.0,0.0,231457000.0,303761000.0,0.111,303761000.0,231457000.0,216386000.0,0.39,0.39,0.39,4697043000.0,,4697043000.0,18332898355.0,18.0,14.255,-551100000.0,-1.61,1.0,985551000.0,0.359,237368000.0,15071000.0,7286576000.0,,2640348000.0,0.0,0.0,0.0,3638060000.0,2161102000.0,1476958000.0,17343807355.0,6547000.0,0.0,25732000.0,353148000.0,0.0,400778000.0,-69080000.0,106225000.0,-325151000.0,0.0,134591000.0,134591000.0,134591000.0,0.0,0.0,0.049,754094000.0,231457000.0,1346486000.0,0.0,3.692,29.561,29.684,3835287000.0,0.0,50.76,1.551,1.554,1284734000.0,3210067000.0,2743882000.0,2743882000.0,0.0,,,,,-11702000.0,659520000.0,1.0,341682572.0,342312000.0,344896000.0,8.016,8097735000.0,40953000.0,81795000.0,232193000.0,23.656,1994572000.0
68,KSS,MRQ,2004-06-30,2004-07-31,2004-07-31,2021-09-02,0.0,7263599000.0,,3259188000.0,4004411000.0,,13.216,-275444000.0,105173000.0,105173000.0,1587809000.0,146900000.0,2.428,0.612,1094264000.0,2843000.0,1091421000.0,1094264000.0,0.0,71560000.0,0.0,0.0,0.0,251156000.0,322716000.0,0.129,322716000.0,251156000.0,236173000.0,0.43,0.43,0.43,4506931000.0,,4506931000.0,16705371776.0,17.0,13.332,285802000.0,0.838,1.0,910049000.0,0.364,239871000.0,14983000.0,6670678000.0,,1776212000.0,164043000.0,164043000.0,0.0,2756668000.0,1342141000.0,1414527000.0,15603758776.0,5363000.0,0.0,4610000.0,-110802000.0,0.0,-107687000.0,-448196000.0,-164043000.0,561246000.0,0.0,146900000.0,146900000.0,146900000.0,0.0,0.0,0.059,658893000.0,251156000.0,788707000.0,0.0,3.462,27.218,27.238,3657880000.0,0.0,45.76,1.44,1.44,1093455000.0,3075477000.0,2497858000.0,2497858000.0,0.0,,,,,12471000.0,582822000.0,1.0,340991232.0,341030000.0,344195000.0,7.324,7023728000.0,37804000.0,89273000.0,285937000.0,20.596,1917047000.0
69,KSS,MRQ,2004-03-31,2004-05-01,2004-05-01,2021-09-02,0.0,6995155000.0,,3206924000.0,3788231000.0,,12.766,-167873000.0,99810000.0,99810000.0,1532736000.0,103084000.0,2.561,0.61,1201423000.0,112760000.0,1088663000.0,1201423000.0,0.0,66833000.0,0.0,0.0,0.0,180739000.0,247572000.0,0.104,247572000.0,180739000.0,165735000.0,0.3,0.3,0.3,4345866000.0,,4345866000.0,15194076067.0,16.0,12.692,-155404000.0,-0.456,1.0,847437000.0,0.356,242664000.0,15004000.0,6601672000.0,,1862195000.0,0.0,0.0,0.0,2649289000.0,1252432000.0,1396857000.0,14218322067.0,-12938000.0,0.0,11682000.0,99181000.0,0.0,115831000.0,-141238000.0,34285000.0,12469000.0,0.0,103084000.0,103084000.0,103084000.0,0.0,0.0,0.043,666698000.0,180739000.0,746449000.0,0.0,3.272,26.402,26.449,3440274000.0,0.0,41.79,1.348,1.349,1113928000.0,2928568000.0,2380173000.0,2380173000.0,0.0,,,,,7410000.0,580625000.0,1.0,340232641.0,340434000.0,343858000.0,6.992,6752491000.0,30612000.0,62651000.0,208692000.0,19.835,1954492000.0
70,KSS,MRQ,2003-12-31,2004-01-31,2004-01-31,2021-09-02,0.0,6690750000.0,,3024896000.0,3665854000.0,,12.201,-327026000.0,112748000.0,112748000.0,2460290000.0,202135000.0,2.695,0.613,1088502000.0,12529000.0,1075973000.0,1088502000.0,0.0,67419000.0,0.0,0.0,0.0,344601000.0,412020000.0,0.116,412020000.0,344601000.0,324959000.0,0.59,0.59,0.59,4148509000.0,,4148509000.0,16359200686.0,17.0,13.616,317877000.0,0.935,1.0,1101651000.0,0.309,244829000.0,19642000.0,6299059000.0,,1606990000.0,34285000.0,34285000.0,0.0,2542241000.0,1122616000.0,1419625000.0,15062484686.0,4216000.0,0.0,4596000.0,-316801000.0,0.0,-297408000.0,-343279000.0,-34285000.0,644903000.0,0.0,202135000.0,202135000.0,202135000.0,0.0,0.0,0.057,760490000.0,341161000.0,532599000.0,0.0,3.631,27.564,27.516,3316486000.0,0.0,44.3,1.465,1.465,1150157000.0,2974589000.0,3561941000.0,3561941000.0,0.0,,,,,40561000.0,685120000.0,1.0,340010941.0,340010941.0,,10.476,6445921000.0,49822000.0,122824000.0,345420000.0,18.958,1902280000.0
71,KSS,MRQ,2003-09-30,2003-11-01,2003-11-01,2021-09-02,0.0,7140485000.0,,3706806000.0,3433679000.0,,11.592,-195551000.0,108532000.0,108532000.0,1578608000.0,121170000.0,2.033,0.813,1405248000.0,325611000.0,1079637000.0,1405248000.0,0.0,60128000.0,0.0,0.0,0.0,210563000.0,270691000.0,0.113,270691000.0,210563000.0,194808000.0,0.36,0.35,0.36,3938266000.0,,3938266000.0,20002871354.0,19.0,15.404,-357524000.0,-1.052,1.0,815342000.0,0.341,193147000.0,15755000.0,6421051000.0,,2424802000.0,0.0,0.0,0.0,3202219000.0,1823003000.0,1379216000.0,19034235354.0,554000.0,0.0,14944000.0,312316000.0,0.0,327260000.0,-164733000.0,35036000.0,-161973000.0,0.0,121170000.0,121170000.0,121170000.0,0.0,0.0,0.051,604779000.0,210563000.0,1118091000.0,0.0,4.833,30.931,30.639,3137052000.0,0.0,56.07,1.922,1.923,1048711000.0,2770595000.0,2393950000.0,2393950000.0,0.0,,,,,0.0,523962000.0,1.0,339472719.0,339751000.0,344447000.0,7.046,6947338000.0,39307000.0,73638000.0,291434000.0,20.448,1883803000.0
72,KSS,MRQ,2003-06-30,2003-08-02,2003-08-02,2021-09-02,0.0,6199185000.0,,2921412000.0,3277773000.0,,11.192,-211842000.0,107978000.0,107978000.0,1471656000.0,112145000.0,2.738,0.634,1076614000.0,12440000.0,1064174000.0,1076614000.0,0.0,63347000.0,0.0,0.0,0.0,203479000.0,266826000.0,0.121,266826000.0,203479000.0,180271000.0,0.33,0.33,0.33,3793464000.0,,3793464000.0,21437552772.0,20.0,16.421,239248000.0,0.706,1.0,736803000.0,0.334,195426000.0,23208000.0,5905350000.0,,1716763000.0,35036000.0,35036000.0,0.0,2405721000.0,1067045000.0,1338676000.0,20109471772.0,13304000.0,0.0,11805000.0,-347367000.0,0.0,-335562000.0,-102224000.0,118169000.0,451090000.0,0.0,112145000.0,112145000.0,112145000.0,0.0,0.0,0.051,533324000.0,203479000.0,701852000.0,0.0,5.301,32.041,31.738,2980460000.0,0.0,59.35,2.083,2.084,950142000.0,2649425000.0,2208459000.0,2208459000.0,0.0,,,,,0.0,473823000.0,1.0,338828505.0,338954000.0,343665000.0,6.516,6003759000.0,34146000.0,68126000.0,262799000.0,17.713,1854367000.0
73,KSS,MRQ,2003-03-31,2003-05-03,2003-05-03,2021-09-02,0.0,6262341000.0,,3141775000.0,3120566000.0,,10.836,-122804000.0,94674000.0,94674000.0,1376479000.0,111013000.0,2.453,0.71,1422755000.0,357919000.0,1064836000.0,1422755000.0,0.0,55700000.0,0.0,0.0,0.0,196241000.0,251941000.0,0.119,251941000.0,196241000.0,178475000.0,0.33,0.32,0.33,3662674000.0,,3662674000.0,20030540835.0,18.0,15.416,-317160000.0,-0.938,1.0,741265000.0,0.35,190833000.0,17766000.0,6118857000.0,,1810978000.0,153205000.0,153205000.0,0.0,2599667000.0,1280732000.0,1318935000.0,18706377835.0,4589000.0,0.0,14912000.0,-10686000.0,0.0,4226000.0,194719000.0,322786000.0,-194356000.0,0.0,111013000.0,111013000.0,111013000.0,0.0,0.0,0.052,545024000.0,196241000.0,608383000.0,0.0,5.107,29.235,29.031,2824510000.0,0.0,55.45,1.997,2.001,973256000.0,2537280000.0,2117744000.0,2117744000.0,0.0,,,,,0.0,474125000.0,1.0,337355777.0,338013000.0,342847000.0,6.265,6071508000.0,36064000.0,67462000.0,226484000.0,17.962,1861043000.0
74,KSS,MRQ,2002-12-31,2003-02-01,2003-02-01,2021-09-02,0.0,6315698000.0,,3284289000.0,3031409000.0,,10.415,-253631000.0,90085000.0,90085000.0,2133528000.0,271040000.0,2.178,0.798,1414248000.0,355464000.0,1058784000.0,1414248000.0,0.0,53324000.0,0.0,0.0,0.0,455806000.0,509130000.0,0.16,509130000.0,455806000.0,435754000.0,0.81,0.79,0.81,3511917000.0,,3511917000.0,19038878043.0,18.0,14.926,513272000.0,1.522,1.0,1050951000.0,0.33,189758000.0,20052000.0,5941916000.0,,1626996000.0,475991000.0,475991000.0,0.0,2803781000.0,1508187000.0,1295594000.0,17658323043.0,-2416000.0,0.0,3309000.0,-64988000.0,0.0,-61679000.0,-707640000.0,-475991000.0,766903000.0,0.0,271040000.0,271040000.0,271040000.0,0.0,0.0,0.085,598585000.0,452366000.0,650731000.0,0.0,5.028,27.788,27.709,2739290000.0,0.0,52.37,1.936,1.936,990810000.0,2426267000.0,3184479000.0,3184479000.0,0.0,,,,,0.0,535965000.0,1.0,337183942.0,337183942.0,,9.444,6125940000.0,56693000.0,164714000.0,314101000.0,18.168,1776102000.0
75,KSS,MRQ,2002-09-30,2002-11-02,2002-11-02,2021-09-02,0.0,6093012000.0,,3241768000.0,2851244000.0,,9.578,-184714000.0,92501000.0,92501000.0,1399097000.0,133421000.0,2.092,0.888,1473056000.0,369616000.0,1103440000.0,1473056000.0,0.0,49334000.0,0.0,0.0,0.0,228274000.0,277608000.0,0.13,277608000.0,228274000.0,214505000.0,0.4,0.39,0.4,3226976000.0,,3226976000.0,21567950428.0,21.0,17.901,-461628000.0,-1.37,1.0,744293000.0,0.347,188328000.0,13769000.0,5735840000.0,,2078374000.0,0.0,0.0,0.0,2866036000.0,1549399000.0,1316637000.0,20552153428.0,7462000.0,0.0,6166000.0,359120000.0,0.0,365286000.0,-80910000.0,113230000.0,-276914000.0,0.0,133421000.0,133421000.0,133421000.0,0.0,0.0,0.062,516019000.0,228274000.0,865431000.0,0.0,6.369,34.354,34.078,2568519000.0,0.0,61.0,2.373,2.373,975512000.0,2147316000.0,2143390000.0,2143390000.0,0.0,,,,,0.0,455217000.0,1.0,336920548.0,336920548.0,,6.362,5904684000.0,46513000.0,81084000.0,198207000.0,17.525,1692369000.0
76,KSS,MRQ,2002-06-30,2002-08-03,2002-08-03,2021-09-02,0.0,5273791000.0,,2578112000.0,2695679000.0,,9.147,-144339000.0,85039000.0,85039000.0,1234773000.0,124388000.0,2.81,0.713,1100836000.0,11141000.0,1089695000.0,1100836000.0,0.0,47643000.0,0.0,0.0,0.0,212994000.0,260637000.0,0.136,260637000.0,212994000.0,199981000.0,0.37,0.36,0.37,3079514000.0,,3079514000.0,22748758412.0,23.0,19.893,77577000.0,0.23,1.0,687057000.0,0.358,180345000.0,13013000.0,5191759000.0,,1454419000.0,113230000.0,113230000.0,0.0,2194277000.0,917484000.0,1276793000.0,21744908412.0,-15502000.0,0.0,5149000.0,-6789000.0,0.0,-1640000.0,-235778000.0,-88230000.0,221916000.0,0.0,124388000.0,124388000.0,124388000.0,0.0,0.0,0.065,474063000.0,212994000.0,590942000.0,0.0,7.061,38.482,38.219,2425389000.0,0.0,64.59,2.627,2.627,828458000.0,2013895000.0,1921830000.0,1921830000.0,0.0,,,,,0.0,423698000.0,1.0,336660604.0,336662000.0,343439000.0,5.708,5093446000.0,40593000.0,75593000.0,204100000.0,15.129,1660628000.0
77,KSS,MRQ,2002-03-31,2002-05-04,2002-05-04,2021-09-02,0.0,5079165000.0,,2482649000.0,2596516000.0,,8.768,-165757000.0,100541000.0,100541000.0,1213821000.0,106621000.0,2.854,0.725,1104391000.0,16509000.0,1087882000.0,1104391000.0,0.0,44167000.0,0.0,0.0,0.0,184032000.0,228199000.0,0.122,228199000.0,184032000.0,171417000.0,0.32,0.31,0.32,2944819000.0,,2944819000.0,25137341412.0,28.0,23.409,-208079000.0,-0.62,1.0,656767000.0,0.351,182350000.0,12615000.0,5030827000.0,,1418974000.0,25000000.0,25000000.0,0.0,2134346000.0,869838000.0,1264508000.0,24132225412.0,-6181000.0,0.0,16675000.0,-9807000.0,0.0,6868000.0,29273000.0,204377000.0,-42322000.0,0.0,106621000.0,106621000.0,106621000.0,0.0,0.0,0.057,472735000.0,184032000.0,581108000.0,0.0,8.195,45.776,45.443,2327094000.0,0.0,71.8,3.066,3.064,836661000.0,1889507000.0,1870588000.0,1870588000.0,0.0,,,,,0.0,411827000.0,1.0,336103418.0,335858000.0,342615000.0,5.57,4896815000.0,32426000.0,64796000.0,161490000.0,14.58,1612811000.0
78,KSS,MRQ,2001-12-31,2002-02-02,2002-02-02,2021-09-02,0.0,4929586000.0,,2464044000.0,2465542000.0,,8.334,-239425000.0,106722000.0,106722000.0,1825039000.0,233822000.0,2.8,0.766,1111838000.0,16418000.0,1095420000.0,1111838000.0,0.0,41900000.0,0.0,0.0,0.0,396520000.0,438420000.0,0.161,438420000.0,396520000.0,376152000.0,0.7,0.68,0.7,2791406000.0,,2791406000.0,23206115496.0,27.0,22.86,466327000.0,1.392,1.0,899186000.0,0.33,184198000.0,20368000.0,4870533000.0,,1198307000.0,229377000.0,229377000.0,0.0,2138180000.0,879971000.0,1258209000.0,21939556496.0,98416000.0,0.0,6162000.0,-165340000.0,0.0,-159178000.0,-448158000.0,-229377000.0,705752000.0,0.0,233822000.0,233822000.0,233822000.0,0.0,0.0,0.086,509906000.0,389280000.0,478870000.0,0.0,7.86,44.262,44.257,2199494000.0,0.0,65.5,2.93,2.93,835946000.0,1782886000.0,2724225000.0,2724225000.0,0.0,,,,,0.0,464335000.0,1.0,334955061.0,334955061.0,,8.133,4745388000.0,52292000.0,142330000.0,239313000.0,14.167,1584073000.0
79,KSS,MRQ,2001-09-30,2001-11-03,2001-11-03,2021-09-02,0.0,4892587000.0,,2603427000.0,2289160000.0,,7.599,-151966000.0,8306000.0,8306000.0,1152038000.0,100230000.0,2.349,0.924,1274865000.0,181358000.0,1093507000.0,1274865000.0,0.0,40464000.0,0.0,0.0,0.0,175835000.0,216299000.0,0.123,216299000.0,175835000.0,162184000.0,0.3,0.29,0.3,2542601000.0,,2542601000.0,20487973756.0,27.0,22.394,-318194000.0,-0.951,1.0,608308000.0,0.346,10638000.0,13651000.0,5040160000.0,,1701856000.0,0.0,0.0,0.0,2349986000.0,1108348000.0,1241638000.0,19380028756.0,3743000.0,0.0,2176000.0,160037000.0,0.0,162213000.0,7758000.0,164663000.0,-166228000.0,0.0,100230000.0,100230000.0,100230000.0,0.0,0.0,0.057,432473000.0,175835000.0,678257000.0,0.0,7.622,44.011,43.549,2027466000.0,0.0,57.92,2.774,2.774,804966000.0,1549064000.0,1760346000.0,1760346000.0,0.0,,,,,0.0,381002000.0,1.0,334599944.0,334616000.0,342292000.0,5.261,4881949000.0,43439000.0,61954000.0,151815000.0,14.59,1495079000.0
80,KSS,MRQ,2001-06-30,2001-08-04,2001-08-04,2021-09-02,0.0,4291383000.0,,2118715000.0,2172668000.0,,7.295,-123030000.0,4563000.0,4563000.0,978915000.0,86513000.0,3.403,0.76,1112508000.0,21358000.0,1091150000.0,1112508000.0,0.0,38578000.0,0.0,0.0,0.0,152350000.0,190928000.0,0.126,190928000.0,152350000.0,139594000.0,0.26,0.25,0.26,2437671000.0,,2437671000.0,20244435270.0,28.0,23.276,9870000.0,0.03,1.0,536835000.0,0.354,11938000.0,12756000.0,4764741000.0,,1167652000.0,164663000.0,164663000.0,0.0,1853712000.0,622649000.0,1231063000.0,19146926270.0,-8930000.0,0.0,11367000.0,-800000.0,0.0,10567000.0,-152397000.0,-20633000.0,132900000.0,0.0,86513000.0,86513000.0,86513000.0,0.0,0.0,0.057,384485000.0,152350000.0,397330000.0,0.0,7.855,45.931,45.444,1909180000.0,0.0,57.26,2.87,2.868,703630000.0,1448834000.0,1515750000.0,1515750000.0,0.0,,,,,0.0,343898000.0,1.0,334385719.0,334159000.0,342118000.0,4.536,4279445000.0,40770000.0,53081000.0,125033000.0,12.807,1496066000.0
81,KSS,MRQ,2001-03-31,2001-05-05,2001-05-05,2021-09-02,0.0,4165925000.0,,2086477000.0,2079448000.0,,6.964,-176110000.0,13493000.0,13493000.0,967535000.0,75111000.0,3.322,0.797,1111002000.0,21568000.0,1089434000.0,1111002000.0,0.0,36997000.0,0.0,0.0,0.0,132510000.0,169507000.0,0.114,169507000.0,132510000.0,121934000.0,0.23,0.22,0.23,2317645000.0,,2317645000.0,20504579204.0,30.0,24.805,-306717000.0,-0.922,1.0,520798000.0,0.35,13238000.0,10576000.0,4622052000.0,,1134129000.0,144030000.0,144030000.0,0.0,1848280000.0,628144000.0,1220136000.0,19803551204.0,-110128000.0,0.0,16423000.0,282567000.0,0.0,298990000.0,-278511000.0,-95430000.0,-130607000.0,0.0,75111000.0,75111000.0,75111000.0,0.0,0.0,0.05,388288000.0,132510000.0,387314000.0,0.0,8.545,50.181,49.958,1818746000.0,0.0,59.45,3.089,3.086,712032000.0,1362321000.0,1488333000.0,1488333000.0,0.0,,,,,0.0,338241000.0,1.0,333112720.0,332784000.0,341142000.0,4.472,4152687000.0,36569000.0,46823000.0,119834000.0,12.479,1458333000.0
82,KSS,MRQ,2000-12-31,2001-02-03,2001-02-03,2021-09-02,0.0,3855154000.0,,1921897000.0,1933257000.0,,6.64,-127055000.0,123621000.0,123621000.0,1486377000.0,178494000.0,2.657,0.75,824649000.0,21568000.0,803081000.0,824649000.0,0.0,34224000.0,0.0,0.0,0.0,303946000.0,338170000.0,0.152,338170000.0,303946000.0,289718000.0,0.54,0.53,0.54,2202639000.0,,2202639000.0,23780835267.0,36.0,30.413,415601000.0,1.253,1.0,736664000.0,0.331,14538000.0,14228000.0,3818347000.0,,1003290000.0,48600000.0,48600000.0,0.0,1652515000.0,723297000.0,929218000.0,22718283267.0,119472000.0,0.0,5412000.0,-244448000.0,0.0,-239036000.0,-184148000.0,-48600000.0,542656000.0,0.0,178494000.0,178494000.0,178494000.0,0.0,0.0,0.08,435849000.0,300815000.0,399939000.0,0.0,10.314,61.046,60.611,1726450000.0,0.0,68.49,3.693,3.693,681256000.0,1287210000.0,2223041000.0,2223041000.0,0.0,,,,,-89191000.0,396919000.0,1.0,331702194.0,331702194.0,,6.702,3840616000.0,39531000.0,111224000.0,197183000.0,11.579,1198600000.0
83,KSS,MRQ,2000-09-30,2000-10-28,2000-10-28,2021-09-02,0.0,3849298000.0,,2017267000.0,1832031000.0,,6.065,-114819000.0,4149000.0,4149000.0,949609000.0,76746000.0,2.251,0.916,1066701000.0,241589000.0,825112000.0,1066701000.0,0.0,33344000.0,0.0,0.0,0.0,137809000.0,171153000.0,0.118,171153000.0,137809000.0,124997000.0,0.23,0.23,0.23,2008815000.0,,2008815000.0,17539918392.0,31.0,26.001,-212458000.0,-0.641,1.0,495320000.0,0.343,15838000.0,12812000.0,3999668000.0,,1325172000.0,0.0,0.0,0.0,1840483000.0,896344000.0,944139000.0,16687660392.0,224000.0,0.0,9295000.0,208482000.0,0.0,217777000.0,-119914000.0,0.0,-97639000.0,0.0,76746000.0,76746000.0,76746000.0,0.0,0.0,0.053,357511000.0,137809000.0,485618000.0,0.0,8.307,53.107,52.542,1625679000.0,0.0,50.44,3.014,3.017,629971000.0,1108716000.0,1444929000.0,1444929000.0,0.0,,,,,31953000.0,315959000.0,1.0,330841800.0,331196000.0,339693000.0,4.363,3833460000.0,22839000.0,48251000.0,94135000.0,11.575,1120923000.0
84,KSS,MRQ,2000-06-30,2000-07-29,2000-07-29,2021-09-02,0.0,3349717000.0,,1603662000.0,1746055000.0,,5.732,-88044000.0,3925000.0,3925000.0,817407000.0,64290000.0,2.952,0.772,856183000.0,51589000.0,804594000.0,856183000.0,0.0,31317000.0,0.0,0.0,0.0,116474000.0,147791000.0,0.118,147791000.0,116474000.0,104636000.0,0.19,0.19,0.19,1890821000.0,,1890821000.0,20766241525.0,40.0,33.42,-86194000.0,-0.261,1.0,437953000.0,0.349,17138000.0,11838000.0,3641627000.0,,1007340000.0,0.0,0.0,0.0,1458896000.0,543210000.0,915686000.0,20007637525.0,286000.0,0.0,6727000.0,85525000.0,0.0,92252000.0,-93816000.0,0.0,1850000.0,0.0,64290000.0,64290000.0,64290000.0,0.0,0.0,0.051,321479000.0,116474000.0,328714000.0,0.0,10.581,68.874,68.191,1539271000.0,0.0,60.69,3.854,3.856,534265000.0,1031970000.0,1255360000.0,1255360000.0,0.0,,,,,11953000.0,287455000.0,1.0,329669427.0,329848000.0,338973000.0,3.806,3332579000.0,22346000.0,40346000.0,89784000.0,10.103,1060452000.0
85,KSS,MRQ,2000-03-31,2000-04-29,2000-04-29,2021-09-02,0.0,3289039000.0,,1612746000.0,1676293000.0,,5.515,-151063000.0,3639000.0,3639000.0,802746000.0,52618000.0,1.886,0.819,762243000.0,241589000.0,520654000.0,762243000.0,0.0,28606000.0,0.0,0.0,0.0,96217000.0,124823000.0,0.102,124823000.0,96217000.0,85765000.0,0.16,0.16,0.16,1807851000.0,,1807851000.0,16413839875.0,34.0,28.547,-225855000.0,-0.689,1.0,425920000.0,0.347,18438000.0,10452000.0,3173928000.0,,994493000.0,0.0,0.0,0.0,1481188000.0,855277000.0,625911000.0,15834865875.0,-8969000.0,0.0,24445000.0,170617000.0,0.0,195062000.0,-129239000.0,27500000.0,-74792000.0,0.0,52618000.0,52618000.0,52618000.0,0.0,0.0,0.043,329703000.0,96217000.0,461860000.0,0.0,8.759,58.336,57.298,1479627000.0,0.0,48.13,3.248,3.236,547887000.0,967680000.0,1228666000.0,1228666000.0,0.0,,,,,45285000.0,282034000.0,1.0,329001992.0,327806000.0,336353000.0,3.748,3270601000.0,27331000.0,33147000.0,69643000.0,9.977,757469000.0
86,KSS,MRQ,1999-12-31,2000-01-29,2000-01-29,2021-09-02,0.0,2921010000.0,,1372871000.0,1548139000.0,,5.169,-141548000.0,12608000.0,12608000.0,1078553000.0,120576000.0,2.143,0.733,591582000.0,96589000.0,494993000.0,591582000.0,0.0,24313000.0,0.0,0.0,0.0,206514000.0,230827000.0,0.144,230827000.0,206514000.0,196697000.0,0.38,0.36,0.38,1685503000.0,,1685503000.0,11708684168.0,26.0,21.709,-75951000.0,-0.233,1.0,528948000.0,0.329,19738000.0,9817000.0,2839486000.0,,794439000.0,27500000.0,27500000.0,0.0,1235507000.0,640760000.0,594747000.0,11217756168.0,-3458000.0,0.0,1675000.0,82593000.0,0.0,85924000.0,-154979000.0,-7500000.0,65597000.0,0.0,120576000.0,120576000.0,120576000.0,0.0,0.0,0.075,324741000.0,204207000.0,336432000.0,0.0,6.655,43.456,43.006,1352956000.0,0.0,34.405,2.462,2.462,505010000.0,915062000.0,1607501000.0,1607501000.0,0.0,,,,,-44906000.0,293616000.0,1.0,326050172.0,326050172.0,,4.93,2901272000.0,22184000.0,76121000.0,130437000.0,8.898,732111000.0
87,KSS,MRQ,1999-09-30,1999-10-30,1999-10-30,2021-09-02,0.0,2798306000.0,,1372732000.0,1425574000.0,,4.789,-159884000.0,16066000.0,16066000.0,724193000.0,53014000.0,2.116,0.793,506994000.0,11578000.0,495416000.0,506994000.0,0.0,23412000.0,0.0,0.0,0.0,94515000.0,117927000.0,0.107,117927000.0,94515000.0,86482000.0,0.16,0.16,0.16,1560850000.0,,1560850000.0,12708786387.0,31.0,25.965,-18424000.0,-0.057,1.0,375659000.0,0.342,21038000.0,8033000.0,2619370000.0,,1010965000.0,20000000.0,20000000.0,0.0,1237456000.0,648826000.0,588630000.0,12201501387.0,13106000.0,0.0,1248000.0,-3473000.0,0.0,-2041000.0,-126313000.0,38753000.0,141460000.0,0.0,53014000.0,53014000.0,53014000.0,0.0,0.0,0.048,281144000.0,94515000.0,471671000.0,0.0,7.817,52.677,52.0,1226585000.0,0.0,37.44,2.878,2.878,294672000.0,794486000.0,1099852000.0,1099852000.0,0.0,,,,,2541000.0,246751000.0,1.0,325894802.0,325906000.0,335350000.0,3.375,2777268000.0,16449000.0,33468000.0,90510000.0,8.522,723906000.0
88,KSS,MRQ,1999-06-30,1999-07-31,1999-07-31,2021-09-02,0.0,2521792000.0,,1237872000.0,1283920000.0,,4.619,-120616000.0,2960000.0,2960000.0,614199000.0,45233000.0,2.876,0.677,510245000.0,11578000.0,498667000.0,510245000.0,0.0,21124000.0,0.0,0.0,0.0,80279000.0,101403000.0,0.108,101403000.0,80279000.0,73791000.0,0.14,0.13,0.14,1504047000.0,,1504047000.0,12690355842.0,33.0,27.528,-111782000.0,-0.343,1.0,325304000.0,0.346,22338000.0,6488000.0,2576335000.0,,753964000.0,58753000.0,58753000.0,0.0,1017745000.0,430404000.0,587341000.0,12382859842.0,0.0,0.0,-38279000.0,199789000.0,0.0,159670000.0,-168504000.0,-43753000.0,8834000.0,0.0,45233000.0,45233000.0,45233000.0,0.0,0.0,0.048,245025000.0,80279000.0,286844000.0,0.0,8.233,56.641,55.518,1086985000.0,0.0,38.03,3.074,3.074,395005000.0,741472000.0,939503000.0,939503000.0,0.0,,,,,42365000.0,218870000.0,1.0,325607674.0,325647000.0,335097000.0,2.885,2499454000.0,17863000.0,28558000.0,69937000.0,7.675,807468000.0
89,KSS,MRQ,1999-03-31,1999-05-01,1999-05-01,2021-09-02,0.0,2195489000.0,,1017037000.0,1178452000.0,,4.534,-198994000.0,2960000.0,2960000.0,597128000.0,39319000.0,2.934,0.509,310456000.0,1578000.0,308878000.0,310456000.0,0.0,19927000.0,0.0,0.0,0.0,69274000.0,89201000.0,0.098,89201000.0,69274000.0,64142000.0,0.12,0.12,0.12,1454728000.0,,1454728000.0,11120199388.0,31.0,25.655,-257372000.0,-0.802,1.0,313128000.0,0.344,23638000.0,5132000.0,2132654000.0,,721955000.0,15000000.0,15000000.0,0.0,740761000.0,346693000.0,394068000.0,10810612388.0,102000.0,0.0,252630000.0,-1989000.0,0.0,250641000.0,-192161000.0,11736000.0,-58378000.0,0.0,39319000.0,39319000.0,39319000.0,0.0,0.0,0.043,243854000.0,69274000.0,237079000.0,0.0,7.431,52.802,51.504,984831000.0,0.0,33.22,2.81,2.77,235764000.0,696239000.0,910256000.0,910256000.0,0.0,,,,,0.0,216032000.0,1.0,325424816.0,320871000.0,330752000.0,2.837,2171851000.0,27228000.0,24823000.0,56670000.0,6.769,670344000.0
90,KSS,MRQ,1998-12-31,1999-01-30,1999-01-30,2021-09-02,0.0,1936095000.0,,939438000.0,996657000.0,,3.673,-65094000.0,2858000.0,2858000.0,864754000.0,94062000.0,2.471,0.665,312445000.0,1533000.0,310912000.0,312445000.0,0.0,18717000.0,0.0,0.0,0.0,162207000.0,180924000.0,0.14,180924000.0,162207000.0,154962000.0,-0.005,-0.005,-0.005,1162779000.0,,1162779000.0,11085942990.0,33.0,27.047,83118000.0,0.263,1.0,424794000.0,0.329,24938000.0,7245000.0,1840513000.0,,617362000.0,26736000.0,26736000.0,0.0,773316000.0,380231000.0,393085000.0,10723064990.0,101000.0,0.0,1934000.0,-68190000.0,0.0,-66256000.0,-81855000.0,-11736000.0,148212000.0,0.0,94062000.0,94062000.0,94062000.0,0.0,0.0,0.073,264345000.0,160449000.0,212926000.0,0.0,9.222,55.772,111.066,933011000.0,0.0,33.875,2.912,2.912,270704000.0,656920000.0,1289548000.0,1289548000.0,0.0,,,,,9845000.0,244882000.0,1.0,316548044.0,316548044.0,,4.074,1911157000.0,14412000.0,60900000.0,102359000.0,6.037,559207000.0
91,KSS,MRQ,1998-09-30,1998-10-31,1998-10-31,2021-09-02,0.0,1930086000.0,,985310000.0,944776000.0,,3.342,-72102000.0,2757000.0,2757000.0,589275000.0,40008000.0,2.353,0.826,380635000.0,1559000.0,379076000.0,380635000.0,0.0,18188000.0,0.0,0.0,0.0,71278000.0,89466000.0,0.101,89466000.0,71278000.0,65911000.0,0.125,0.125,0.125,1056938000.0,,1056938000.0,7860168951.0,26.0,21.155,-65443000.0,-0.207,1.0,299622000.0,0.337,26238000.0,5367000.0,1862973000.0,,832338000.0,15000000.0,15000000.0,0.0,873148000.0,418753000.0,454395000.0,7563016951.0,223000.0,0.0,1505000.0,67049000.0,0.0,68554000.0,-74990000.0,-150000.0,6659000.0,0.0,40008000.0,40008000.0,40008000.0,0.0,0.0,0.045,228344000.0,71278000.0,315770000.0,0.0,7.156,44.279,77.113,883602000.0,0.0,23.905,2.18,2.179,123459000.0,562858000.0,888897000.0,888897000.0,0.0,,,,,0.0,202156000.0,1.0,316378036.0,316264000.0,325446000.0,2.811,1903848000.0,6576000.0,25903000.0,64459000.0,6.02,566557000.0
92,KSS,MRQ,1998-06-30,1998-08-01,1998-08-01,2021-09-02,0.0,1748949000.0,,856800000.0,892149000.0,,3.213,-64544000.0,2534000.0,2534000.0,502170000.0,31348000.0,2.474,0.722,314536000.0,1877000.0,312659000.0,314536000.0,0.0,17009000.0,0.0,0.0,0.0,56846000.0,73855000.0,0.097,73855000.0,56846000.0,51645000.0,0.1,0.095,0.1,1015425000.0,,1015425000.0,8036819923.0,27.0,,155000.0,0.0,1.0,256577000.0,0.338,27538000.0,5201000.0,1687091000.0,,634805000.0,14850000.0,14850000.0,0.0,733524000.0,346322000.0,387202000.0,7741383923.0,-17000.0,0.0,1011000.0,1549000.0,0.0,2560000.0,-67276000.0,150000.0,64699000.0,0.0,31348000.0,31348000.0,31348000.0,0.0,0.0,0.041,199731000.0,56846000.0,239827000.0,0.0,7.624,47.4,84.483,831116000.0,0.0,24.5,2.319,2.319,191519000.0,522850000.0,758747000.0,758747000.0,0.0,,,,,0.0,182771000.0,1.0,315974854.0,316044000.0,325504000.0,2.401,1721411000.0,8520000.0,20297000.0,62465000.0,5.447,510478000.0
93,KSS,MRQ,1998-03-31,1998-05-02,1998-05-02,2021-09-02,0.0,1679409000.0,,837677000.0,841732000.0,,3.114,-45846000.0,2551000.0,2551000.0,491102000.0,26848000.0,2.676,0.708,312987000.0,1845000.0,311142000.0,312987000.0,0.0,16335000.0,0.0,0.0,0.0,49290000.0,65625000.0,0.088,65625000.0,49290000.0,44231000.0,0.085,0.085,0.085,983066000.0,,983066000.0,6803100295.0,25.0,,-24880000.0,-0.079,1.0,253469000.0,0.34,28838000.0,5059000.0,1647922000.0,,623486000.0,15000000.0,15000000.0,0.0,696343000.0,313085000.0,383258000.0,6535050295.0,-41610000.0,0.0,1436000.0,776000.0,0.0,2212000.0,-64788000.0,-15000000.0,20966000.0,0.0,26848000.0,26848000.0,26848000.0,0.0,0.0,0.036,204179000.0,49290000.0,209403000.0,0.0,6.648,42.765,79.577,781325000.0,0.0,20.69,2.04,2.039,183079000.0,491502000.0,744571000.0,744571000.0,0.0,,,,,0.0,180353000.0,1.0,315855500.0,315734000.0,324362000.0,2.358,1650571000.0,5226000.0,17383000.0,63543000.0,5.228,524592000.0
94,KSS,MRQ,1997-12-31,1998-01-31,1998-01-31,2021-09-02,0.0,1619721000.0,,811442000.0,808279000.0,,3.023,-38519000.0,44161000.0,44161000.0,729347000.0,72598000.0,2.835,0.696,312211000.0,1845000.0,310366000.0,312211000.0,0.0,15617000.0,0.0,0.0,0.0,126995000.0,142612000.0,0.132,142612000.0,126995000.0,120795000.0,0.0,0.0,0.0,954782000.0,,954782000.0,,,,31741000.0,0.1,1.0,348461000.0,0.323,30138000.0,6200000.0,1571442000.0,,515790000.0,0.0,0.0,0.0,664939000.0,286191000.0,378748000.0,5478513648.0,35795000.0,0.0,7623000.0,-490000.0,0.0,7133000.0,-41598000.0,0.0,70260000.0,0.0,72598000.0,72598000.0,72598000.0,0.0,0.0,0.067,222299000.0,126162000.0,150679000.0,,5.738,38.78,75.413,749649000.0,0.0,17.345,1.79,1.79,239617000.0,464654000.0,1077808000.0,1077808000.0,0.0,,,,,0.0,206732000.0,1.0,315855500.0,315855500.0,,3.412,1589583000.0,6615000.0,48197000.0,83586000.0,5.033,525251000.0
95,KSS,MRQ,1997-09-30,1997-11-01,1997-11-01,2021-09-02,0.0,1607536000.0,,825238000.0,782298000.0,,2.802,,8366000.0,8366000.0,503892000.0,32526000.0,2.31,0.838,312701000.0,1769000.0,310932000.0,312701000.0,0.0,,0.0,0.0,0.0,59703000.0,,,,59703000.0,54120000.0,0.105,0.1,0.105,874561000.0,,874561000.0,,,,,,1.0,253881000.0,0.335,31438000.0,5583000.0,1523204000.0,,752665000.0,0.0,0.0,0.0,732975000.0,357229000.0,375746000.0,,,,,,,,,,,,32526000.0,32526000.0,32526000.0,0.0,0.0,0.043,194178000.0,59703000.0,259989000.0,0.0,,,,724019000.0,0.0,16.782,,,56869000.0,392056000.0,757773000.0,757773000.0,0.0,,,,,,173065000.0,1.0,,312090000.0,319998000.0,2.428,1576098000.0,1042000.0,21594000.0,51261000.0,5.05,468009000.0
96,KSS,MRQ,1997-06-30,1997-08-02,1997-08-02,2021-09-02,0.0,1306981000.0,,571924000.0,735057000.0,,1.88,,2205000.0,2205000.0,415852000.0,20841000.0,2.007,1.345,405925000.0,1663000.0,404262000.0,405925000.0,0.0,,0.0,0.0,0.0,41663000.0,,,,41663000.0,34677000.0,0.07,0.07,0.07,557297000.0,,557297000.0,,,,,,1.0,208085000.0,0.334,32738000.0,6986000.0,1392942000.0,,553317000.0,0.0,0.0,0.0,749684000.0,285021000.0,464663000.0,,,,,,,,,,,,20841000.0,20841000.0,20841000.0,0.0,0.0,0.033,166422000.0,41663000.0,187449000.0,0.0,,,,677023000.0,0.0,15.438,,,11482000.0,359530000.0,623937000.0,623937000.0,0.0,,,,,,152245000.0,1.0,,296380000.0,303610000.0,2.105,1274243000.0,0.0,13836000.0,51110000.0,4.299,286903000.0
97,KSS,MRQ,1997-03-31,1997-05-03,1997-05-03,2021-09-02,0.0,1267341000.0,,559712000.0,707629000.0,,1.807,-63071000.0,2191000.0,2191000.0,397377000.0,15308000.0,1.98,1.369,391836000.0,1663000.0,390173000.0,391836000.0,0.0,13063000.0,0.0,0.0,0.0,31307000.0,44370000.0,0.074,44370000.0,31307000.0,25471000.0,0.05,0.05,0.05,534890000.0,,534890000.0,,,,-86603000.0,-0.293,1.0,203170000.0,0.338,34038000.0,5836000.0,1340274000.0,,537893000.0,0.0,0.0,0.0,732451000.0,282674000.0,449777000.0,,-6715000.0,0.0,2111000.0,78142000.0,0.0,80247000.0,-63430000.0,0.0,-23532000.0,0.0,15308000.0,15308000.0,15308000.0,0.0,0.0,0.025,171863000.0,31307000.0,191927000.0,0.0,,,,648057000.0,0.0,12.625,,,13185000.0,338689000.0,600547000.0,600547000.0,0.0,,,,,0.0,146751000.0,1.0,,295968000.0,302152000.0,2.029,1233303000.0,0.0,10163000.0,50097000.0,4.167,277038000.0
0,KSS,MRT,2021-06-30,2021-07-31,2021-07-31,2021-09-02,0.0,15506000000.0,15244000000.0,5658000000.0,9848000000.0,1.211,33.405,-329000000.0,2569000000.0,2569000000.0,11083000000.0,727000000.0,1.71,1.971,6607000000.0,260000000.0,6347000000.0,6607000000.0,0.0,998000000.0,0.0,0.01,0.5,980000000.0,1978000000.0,0.107,1978000000.0,980000000.0,703000000.0,4.74,4.71,4.74,5219000000.0,5092500000.0,5219000000.0,12600638889.0,13.0,6.37,2397000000.0,15.342,1.0,7371000000.0,0.399,0.0,277000000.0,16235000000.0,16494500000.0,2733000000.0,0.0,0.0,0.0,10287000000.0,3309000000.0,6978000000.0,7936638889.0,141000000.0,0.0,-300000000.0,-1852000000.0,-77000000.0,-2264000000.0,-321000000.0,0.0,2726000000.0,0.0,727000000.0,727000000.0,727000000.0,0.0,0.0,0.039,6190000000.0,1181000000.0,1495000000.0,0.105,1.521,10.917,10.717,9408000000.0,0.0,50.8,0.43,0.43,0.0,13786000000.0,18454000000.0,18454000000.0,0.0,0.048,0.143,0.059,0.053,51000000.0,5316000000.0,1.0,156233049.0,156233049.0,,118.118,15506000000.0,0.0,-24000000.0,245000000.0,99.249,2349000000.0
1,KSS,MRT,2021-03-31,2021-05-01,2021-05-01,2021-09-02,0.0,14689000000.0,15176250000.0,5195000000.0,9494000000.0,1.147,32.444,-231000000.0,1609000000.0,1609000000.0,10806000000.0,392000000.0,1.768,1.871,6273000000.0,271000000.0,6002000000.0,6273000000.0,0.0,1008000000.0,0.0,0.004,0.25,528000000.0,1536000000.0,0.088,1536000000.0,528000000.0,235000000.0,2.54,2.53,2.54,5117000000.0,4997000000.0,5117000000.0,13719634638.0,26.0,8.932,1332000000.0,8.446,1.0,6608000000.0,0.379,0.0,293000000.0,16415000000.0,16928250000.0,2667000000.0,0.0,0.0,0.0,9572000000.0,2938000000.0,6634000000.0,9251634638.0,-430000000.0,0.0,-45000000.0,-1845000000.0,-39000000.0,-1961000000.0,-32000000.0,0.0,1563000000.0,0.0,392000000.0,392000000.0,392000000.0,0.0,0.0,0.023,6006000000.0,602000000.0,1378000000.0,0.098,1.808,23.601,23.094,9045000000.0,0.0,58.66,0.531,0.531,0.0,13443000000.0,17414000000.0,17414000000.0,0.0,0.026,0.078,0.031,0.03,37000000.0,5125000000.0,1.0,157716240.0,157716240.0,,110.413,14689000000.0,0.0,-157000000.0,242000000.0,93.136,2257000000.0
2,KSS,MRT,2020-12-31,2021-01-30,2021-01-30,2021-09-02,0.0,15337000000.0,15471250000.0,5835000000.0,9502000000.0,1.031,32.959,-334000000.0,2271000000.0,2271000000.0,10360000000.0,-163000000.0,1.931,1.952,6739000000.0,276000000.0,6463000000.0,6739000000.0,0.0,1023000000.0,0.0,0.016,0.704,-262000000.0,761000000.0,0.048,761000000.0,-262000000.0,-546000000.0,-1.06,-1.06,-1.06,5196000000.0,4915250000.0,5196000000.0,11790164524.0,-45.0,15.493,1004000000.0,6.368,1.0,5595000000.0,0.351,0.0,284000000.0,16783000000.0,17382250000.0,2590000000.0,0.0,0.0,0.0,10141000000.0,3022000000.0,7119000000.0,6946164524.0,1548000000.0,0.0,-8000000.0,504000000.0,-108000000.0,347000000.0,-137000000.0,0.0,1338000000.0,0.0,-163000000.0,-163000000.0,-163000000.0,0.0,0.0,-0.01,5984000000.0,-389000000.0,1476000000.0,-0.664,1.337,-42.615,-41.566,9087000000.0,0.0,44.06,0.435,0.435,0.0,13468000000.0,15955000000.0,15955000000.0,0.0,-0.011,-0.033,-0.015,-0.016,40000000.0,5021000000.0,1.0,157652395.0,157652395.0,,101.204,15337000000.0,0.0,-383000000.0,302000000.0,97.284,2813000000.0
3,KSS,MRT,2020-09-30,2020-10-31,2020-10-31,2021-09-02,0.0,15444000000.0,15275750000.0,5996000000.0,9448000000.0,1.09,30.664,-441000000.0,1939000000.0,1939000000.0,10760000000.0,-241000000.0,1.602,2.192,6783000000.0,287000000.0,6496000000.0,6783000000.0,0.0,1035000000.0,0.0,0.065,1.374,-177000000.0,858000000.0,0.052,858000000.0,-177000000.0,-441000000.0,-1.59,-1.6,-1.59,4838000000.0,4978750000.0,4838000000.0,8660031134.0,-49.0,10.093,1081000000.0,6.852,1.0,5886000000.0,0.354,0.0,264000000.0,16545000000.0,17483250000.0,3607000000.0,0.0,0.0,0.0,10606000000.0,3743000000.0,6863000000.0,3359031134.0,1449000000.0,0.0,-92000000.0,507000000.0,-212000000.0,164000000.0,-237000000.0,0.0,1522000000.0,0.0,-241000000.0,-241000000.0,-241000000.0,0.0,0.0,-0.014,6190000000.0,-304000000.0,2184000000.0,-0.864,0.694,-13.938,-13.39,9298000000.0,0.0,21.29,0.202,0.202,0.0,13125000000.0,16646000000.0,16646000000.0,0.0,-0.016,-0.048,-0.01,-0.011,35000000.0,5161000000.0,1.0,157775065.0,157775065.0,,105.505,15444000000.0,115000000.0,-200000000.0,74000000.0,97.886,2253000000.0
4,KSS,MRT,2020-06-30,2020-08-01,2020-08-01,2021-09-02,0.0,15235000000.0,15349500000.0,5688000000.0,9547000000.0,1.127,30.665,-612000000.0,2428000000.0,2428000000.0,11111000000.0,-106000000.0,2.217,2.15,7729000000.0,286000000.0,7443000000.0,7729000000.0,0.0,1054000000.0,0.0,0.107,2.044,14000000.0,1068000000.0,0.062,1068000000.0,14000000.0,-224000000.0,-0.72,-0.74,-0.72,4837000000.0,5108000000.0,4837000000.0,8652308824.0,618.0,8.101,673000000.0,4.267,1.0,6181000000.0,0.357,0.0,238000000.0,17970000000.0,17666250000.0,2698000000.0,0.0,0.0,0.0,10398000000.0,2566000000.0,7832000000.0,3003308824.0,1803000000.0,0.0,-225000000.0,1504000000.0,-317000000.0,919000000.0,-401000000.0,0.0,1285000000.0,0.0,-106000000.0,-106000000.0,-106000000.0,0.0,0.0,-0.006,6303000000.0,-122000000.0,1064000000.0,-2.839,0.621,-28.333,-26.444,9388000000.0,0.0,19.04,0.174,0.174,0.0,13137000000.0,17292000000.0,17292000000.0,0.0,-0.007,-0.021,0.001,0.001,43000000.0,5278000000.0,1.0,157736808.0,157736808.0,,109.626,15235000000.0,0.0,-118000000.0,122000000.0,96.585,3122000000.0
5,KSS,MRT,2020-03-31,2020-05-02,2020-05-02,2021-09-02,0.0,15869000000.0,15176250000.0,6170000000.0,9699000000.0,1.207,30.854,-779000000.0,2039000000.0,2039000000.0,11512000000.0,88000000.0,1.877,2.313,7688000000.0,283000000.0,7405000000.0,7688000000.0,0.0,1064000000.0,0.0,0.154,2.714,272000000.0,1336000000.0,0.073,1336000000.0,272000000.0,59000000.0,0.49,0.47,0.49,4790000000.0,5262500000.0,4790000000.0,8139548260.0,30.0,6.092,795000000.0,5.121,1.0,6803000000.0,0.371,0.0,213000000.0,18231000000.0,17455250000.0,3557000000.0,0.0,0.0,0.0,11079000000.0,3287000000.0,7792000000.0,2738548260.0,1496000000.0,0.0,-358000000.0,1509000000.0,-423000000.0,683000000.0,-761000000.0,0.0,1574000000.0,0.0,88000000.0,88000000.0,88000000.0,0.0,0.0,0.005,6540000000.0,263000000.0,1866000000.0,5.539,0.572,31.12,36.0,9542000000.0,0.0,17.64,0.15,0.15,0.0,13090000000.0,18315000000.0,18315000000.0,0.0,0.006,0.017,0.016,0.015,56000000.0,5497000000.0,1.0,155246500.0,155246500.0,,117.974,15869000000.0,0.0,-29000000.0,165000000.0,102.218,2883000000.0
6,KSS,MRT,2019-12-31,2020-02-01,2020-02-01,2021-09-02,0.0,14555000000.0,14825500000.0,4649000000.0,9906000000.0,1.347,34.809,-855000000.0,723000000.0,723000000.0,12140000000.0,691000000.0,1.679,1.671,6124000000.0,282000000.0,5842000000.0,6124000000.0,0.0,1067000000.0,0.0,0.063,2.68,1108000000.0,2175000000.0,0.109,2175000000.0,1108000000.0,901000000.0,4.39,4.37,4.39,5450000000.0,5425500000.0,5450000000.0,12306277768.0,11.0,5.658,802000000.0,5.122,1.0,7834000000.0,0.392,0.0,207000000.0,17187000000.0,17188500000.0,3537000000.0,0.0,0.0,0.0,9105000000.0,2769000000.0,6336000000.0,6693277768.0,-211000000.0,0.0,-469000000.0,-108000000.0,-423000000.0,-1031000000.0,-837000000.0,0.0,1657000000.0,0.0,691000000.0,691000000.0,691000000.0,0.0,0.0,0.035,6735000000.0,1099000000.0,1206000000.0,0.61,1.228,9.686,9.738,9743000000.0,0.0,42.75,0.335,0.335,0.0,13745000000.0,19974000000.0,19974000000.0,0.0,0.047,0.127,0.064,0.055,56000000.0,5705000000.0,1.0,156567901.0,156567901.0,,127.574,14555000000.0,0.0,210000000.0,260000000.0,92.963,1880000000.0
7,KSS,MRT,2019-09-30,2019-11-02,2019-11-02,2021-09-02,0.0,15739000000.0,14304000000.0,5781000000.0,9958000000.0,1.396,33.652,-798000000.0,490000000.0,490000000.0,12085000000.0,698000000.0,1.419,1.939,6103000000.0,272000000.0,5831000000.0,6103000000.0,0.0,1038000000.0,0.0,0.05,2.62,1127000000.0,2165000000.0,0.108,2165000000.0,1127000000.0,911000000.0,4.36,4.32,4.36,5355000000.0,5444750000.0,5355000000.0,13712911678.0,12.0,6.334,931000000.0,5.851,1.0,7880000000.0,0.395,0.0,216000000.0,17277000000.0,15967750000.0,4887000000.0,0.0,0.0,0.0,10384000000.0,4075000000.0,6309000000.0,8288911678.0,-557000000.0,0.0,-503000000.0,-538000000.0,-418000000.0,-1496000000.0,-790000000.0,0.0,1729000000.0,0.0,698000000.0,698000000.0,698000000.0,0.0,0.0,0.035,6741000000.0,1139000000.0,2454000000.0,0.601,1.548,11.875,11.947,9791000000.0,0.0,52.09,0.415,0.415,0.0,13585000000.0,19965000000.0,19965000000.0,0.0,0.049,0.128,0.071,0.056,63000000.0,5657000000.0,1.0,159126736.0,159126736.0,,125.466,15739000000.0,25000000.0,213000000.0,260000000.0,98.909,1706000000.0
8,KSS,MRT,2019-06-30,2019-08-03,2019-08-03,2021-09-02,0.0,14542000000.0,13898750000.0,4678000000.0,9864000000.0,1.437,33.667,-705000000.0,625000000.0,625000000.0,12062000000.0,736000000.0,1.647,1.666,6049000000.0,277000000.0,5772000000.0,6049000000.0,0.0,1014000000.0,0.0,0.051,2.56,1172000000.0,2186000000.0,0.109,2186000000.0,1172000000.0,945000000.0,4.55,4.52,4.55,5455000000.0,5469250000.0,5455000000.0,13620458558.0,12.0,6.231,1031000000.0,6.363,1.0,7906000000.0,0.396,0.0,227000000.0,17126000000.0,14894750000.0,3656000000.0,0.0,0.0,0.0,9087000000.0,2840000000.0,6247000000.0,8130458558.0,-441000000.0,0.0,-479000000.0,-541000000.0,-412000000.0,-1472000000.0,-705000000.0,0.0,1736000000.0,0.0,736000000.0,736000000.0,736000000.0,0.0,0.0,0.037,6713000000.0,1193000000.0,1330000000.0,0.563,1.49,11.047,11.029,9704000000.0,0.0,50.18,0.407,0.407,0.0,13568000000.0,19968000000.0,19968000000.0,0.0,0.053,0.135,0.079,0.059,64000000.0,5613000000.0,1.0,162025878.0,162025878.0,,123.24,14542000000.0,16000000.0,209000000.0,288000000.0,89.751,1838000000.0
9,KSS,MRT,2019-03-31,2019-05-04,2019-05-04,2021-09-02,0.0,14466000000.0,13492000000.0,4635000000.0,9831000000.0,1.49,33.353,-683000000.0,543000000.0,543000000.0,12117000000.0,787000000.0,1.66,1.658,6033000000.0,273000000.0,5760000000.0,6033000000.0,0.0,988000000.0,0.0,0.036,2.5,1248000000.0,2236000000.0,0.111,2236000000.0,1248000000.0,1009000000.0,4.8,4.77,4.8,5442000000.0,5477250000.0,5442000000.0,13854455817.0,11.0,6.196,1173000000.0,7.189,1.0,7991000000.0,0.397,0.0,239000000.0,17164000000.0,13866000000.0,3680000000.0,0.0,0.0,0.0,9024000000.0,2792000000.0,6232000000.0,11289455817.0,-279000000.0,0.0,-425000000.0,-584000000.0,-407000000.0,-1458000000.0,-677000000.0,0.0,1856000000.0,0.0,787000000.0,787000000.0,787000000.0,0.0,0.0,0.039,6722000000.0,1269000000.0,1295000000.0,0.521,2.075,14.345,14.415,9664000000.0,0.0,69.19,0.561,0.561,0.0,13436000000.0,20108000000.0,20108000000.0,0.0,0.058,0.144,0.09,0.062,72000000.0,5616000000.0,1.0,163166004.0,163166004.0,,123.236,14466000000.0,15000000.0,222000000.0,273000000.0,88.658,1843000000.0
10,KSS,MRT,2018-12-31,2019-02-02,2019-02-02,2021-09-02,0.0,12469000000.0,13104500000.0,4835000000.0,7634000000.0,1.544,33.471,-578000000.0,934000000.0,934000000.0,12199000000.0,801000000.0,1.771,1.256,3499000000.0,115000000.0,3384000000.0,3499000000.0,0.0,964000000.0,0.0,0.037,2.44,1298000000.0,2262000000.0,0.112,2262000000.0,1298000000.0,1042000000.0,4.88,4.84,4.88,5527000000.0,5455750000.0,5527000000.0,13886477752.0,11.0,6.139,1529000000.0,9.259,1.0,8030000000.0,0.397,0.0,256000000.0,12304000000.0,12887750000.0,3475000000.0,0.0,0.0,0.0,6942000000.0,2730000000.0,4212000000.0,11012477752.0,-374000000.0,0.0,-360000000.0,-1115000000.0,-400000000.0,-1909000000.0,-572000000.0,0.0,2107000000.0,0.0,801000000.0,801000000.0,801000000.0,0.0,0.0,0.04,6669000000.0,1361000000.0,1187000000.0,0.5,1.992,13.748,13.666,7428000000.0,0.0,66.69,0.544,0.544,0.0,13395000000.0,20229000000.0,20229000000.0,0.0,0.061,0.147,0.101,0.064,87000000.0,5601000000.0,1.0,165129371.0,165129371.0,,122.504,12469000000.0,0.0,241000000.0,248000000.0,75.51,2105000000.0
11,KSS,MRT,2018-09-30,2018-11-03,2018-11-03,2021-09-02,-8000000.0,14118000000.0,13334500000.0,6337000000.0,7781000000.0,1.535,32.709,-583000000.0,1047000000.0,1047000000.0,12349000000.0,996000000.0,1.581,1.589,3921000000.0,121000000.0,3800000000.0,3921000000.0,0.0,992000000.0,0.0,0.031,2.38,1445000000.0,2437000000.0,0.119,2437000000.0,1445000000.0,1172000000.0,6.02,5.99,6.02,5453000000.0,5428750000.0,5453000000.0,15686217627.0,11.0,6.437,1662000000.0,9.969,1.0,8114000000.0,0.397,0.0,273000000.0,12985000000.0,13283250000.0,4844000000.0,0.0,0.0,0.0,8665000000.0,4007000000.0,4658000000.0,12820217627.0,311000000.0,0.0,-242000000.0,-697000000.0,-392000000.0,-1362000000.0,-572000000.0,0.0,2245000000.0,0.0,996000000.0,996000000.0,996000000.0,0.0,0.0,0.049,6627000000.0,1487000000.0,2583000000.0,0.395,2.351,12.872,12.774,7538000000.0,0.0,76.9,0.627,0.627,0.0,13224000000.0,20463000000.0,20463000000.0,0.0,0.075,0.183,0.109,0.071,92000000.0,5633000000.0,1.0,166712843.0,166712843.0,,122.744,14118000000.0,0.0,176000000.0,215000000.0,84.685,2330000000.0
12,KSS,MRT,2018-06-30,2018-08-04,2018-08-04,2021-09-02,-8000000.0,12915000000.0,13291750000.0,5042000000.0,7873000000.0,1.535,32.837,-585000000.0,1066000000.0,1066000000.0,12324000000.0,952000000.0,1.82,1.354,3932000000.0,122000000.0,3810000000.0,3932000000.0,0.0,992000000.0,0.0,0.032,2.32,1444000000.0,2436000000.0,0.119,2436000000.0,1444000000.0,1160000000.0,5.74,5.71,5.74,5487000000.0,5321000000.0,5487000000.0,15247735261.0,11.0,6.259,1777000000.0,10.635,1.0,8078000000.0,0.396,0.0,284000000.0,13011000000.0,13586500000.0,3572000000.0,0.0,0.0,0.0,7428000000.0,2770000000.0,4658000000.0,12082735261.0,514000000.0,0.0,-171000000.0,-698000000.0,-384000000.0,-1276000000.0,-572000000.0,0.0,2362000000.0,0.0,952000000.0,952000000.0,952000000.0,0.0,0.0,0.047,6592000000.0,1486000000.0,1404000000.0,0.404,2.202,12.692,12.598,7635000000.0,0.0,72.31,0.592,0.592,0.0,13163000000.0,20402000000.0,20402000000.0,0.0,0.072,0.179,0.106,0.071,84000000.0,5598000000.0,1.0,167096325.0,167096325.0,,122.097,12915000000.0,0.0,208000000.0,258000000.0,77.291,2272000000.0
13,KSS,MRT,2018-03-31,2018-05-05,2018-05-05,2021-09-02,-8000000.0,12916000000.0,13334000000.0,4983000000.0,7933000000.0,1.517,31.836,-589000000.0,822000000.0,822000000.0,12244000000.0,868000000.0,1.761,1.412,3987000000.0,123000000.0,3864000000.0,3987000000.0,0.0,996000000.0,0.0,0.036,2.26,1399000000.0,2395000000.0,0.118,2395000000.0,1399000000.0,1105000000.0,5.21,5.19,5.21,5356000000.0,5204500000.0,5356000000.0,13821748327.0,10.0,5.771,1443000000.0,8.577,1.0,7983000000.0,0.395,0.0,294000000.0,13251000000.0,13940500000.0,3726000000.0,0.0,0.0,0.0,7560000000.0,2830000000.0,4730000000.0,10615748327.0,197000000.0,0.0,-186000000.0,-674000000.0,-375000000.0,-1256000000.0,-579000000.0,0.0,2032000000.0,0.0,868000000.0,868000000.0,868000000.0,0.0,0.0,0.043,6542000000.0,1441000000.0,1454000000.0,0.434,1.982,12.23,12.111,7694000000.0,0.0,63.1,0.525,0.525,0.0,12972000000.0,20227000000.0,20227000000.0,0.0,0.065,0.167,0.1,0.069,75000000.0,5546000000.0,1.0,168236899.0,168236899.0,,120.229,12916000000.0,0.0,237000000.0,316000000.0,76.773,2153000000.0
14,KSS,MRT,2017-12-31,2018-02-03,2018-02-03,2021-09-02,-11000000.0,13389000000.0,13428500000.0,5380000000.0,8009000000.0,1.496,32.255,-672000000.0,1308000000.0,1308000000.0,12176000000.0,859000000.0,1.986,1.471,4514000000.0,126000000.0,4388000000.0,4514000000.0,0.0,991000000.0,0.0,0.035,2.2,1416000000.0,2407000000.0,0.12,2407000000.0,1416000000.0,1117000000.0,5.14,5.12,5.14,5419000000.0,5112250000.0,5419000000.0,14476263831.0,10.0,6.014,1019000000.0,6.065,1.0,7908000000.0,0.394,0.0,299000000.0,13886000000.0,14217000000.0,3542000000.0,0.0,0.0,0.0,7970000000.0,2709000000.0,5261000000.0,10663263831.0,234000000.0,0.0,-288000000.0,-138000000.0,-368000000.0,-808000000.0,-649000000.0,0.0,1691000000.0,0.0,859000000.0,859000000.0,859000000.0,0.0,0.0,0.043,6492000000.0,1416000000.0,1271000000.0,0.428,1.968,12.414,12.348,7773000000.0,0.0,63.47,0.531,0.531,0.0,12999000000.0,20084000000.0,20084000000.0,0.0,0.064,0.168,0.1,0.071,55000000.0,5501000000.0,1.0,168004787.0,168004787.0,,119.544,13389000000.0,0.0,258000000.0,310000000.0,79.694,2671000000.0
15,KSS,MRT,2017-09-30,2017-10-28,2017-10-28,2021-09-02,-12000000.0,13947000000.0,13474750000.0,5747000000.0,8200000000.0,1.501,29.79,-731000000.0,736000000.0,736000000.0,11812000000.0,644000000.0,1.613,1.777,4549000000.0,131000000.0,4418000000.0,4549000000.0,0.0,962000000.0,0.0,0.05,2.15,1323000000.0,2285000000.0,0.113,2285000000.0,1323000000.0,1023000000.0,3.77,3.76,3.77,5022000000.0,5051750000.0,5022000000.0,11192130609.0,8.0,4.898,1007000000.0,5.973,1.0,8415000000.0,0.416,0.0,300000000.0,14198000000.0,14279750000.0,4632000000.0,0.0,0.0,0.0,8925000000.0,3562000000.0,5363000000.0,7178130609.0,139000000.0,0.0,-392000000.0,-127000000.0,-365000000.0,-898000000.0,-701000000.0,0.0,1738000000.0,0.0,644000000.0,644000000.0,644000000.0,0.0,0.0,0.032,7092000000.0,1323000000.0,2113000000.0,0.57,1.429,11.146,11.294,7974000000.0,0.0,42.58,0.355,0.355,0.0,12624000000.0,20227000000.0,20227000000.0,0.0,0.048,0.127,0.093,0.065,44000000.0,6130000000.0,1.0,168579864.0,168579864.0,,119.985,13947000000.0,0.0,379000000.0,296000000.0,82.732,2185000000.0
16,KSS,MRT,2017-06-30,2017-07-29,2017-07-29,2021-09-02,-12000000.0,13084000000.0,13507000000.0,4786000000.0,8298000000.0,1.48,29.452,-830000000.0,552000000.0,552000000.0,11805000000.0,673000000.0,1.792,1.606,4566000000.0,133000000.0,4433000000.0,4566000000.0,0.0,952000000.0,0.0,0.051,2.1,1367000000.0,2319000000.0,0.116,2319000000.0,1367000000.0,1065000000.0,3.9,3.89,3.9,5021000000.0,5073000000.0,5021000000.0,10991652235.0,8.0,4.74,853000000.0,5.003,1.0,8182000000.0,0.409,0.0,302000000.0,14427000000.0,14374500000.0,3853000000.0,0.0,0.0,0.0,8063000000.0,2671000000.0,5392000000.0,7030652235.0,-148000000.0,0.0,-528000000.0,-124000000.0,-362000000.0,-1029000000.0,-802000000.0,0.0,1683000000.0,0.0,673000000.0,673000000.0,673000000.0,0.0,0.0,0.034,6815000000.0,1367000000.0,1370000000.0,0.538,1.4,10.447,10.574,8068000000.0,0.0,41.24,0.352,0.352,0.0,12599000000.0,19987000000.0,19987000000.0,0.0,0.05,0.133,0.095,0.068,40000000.0,5870000000.0,1.0,170481383.0,170481383.0,,117.239,13084000000.0,0.0,392000000.0,311000000.0,76.747,2115000000.0
17,KSS,MRT,2017-03-31,2017-04-29,2017-04-29,2021-09-02,-13000000.0,13294000000.0,13576000000.0,4994000000.0,8300000000.0,1.457,28.934,-810000000.0,625000000.0,625000000.0,11812000000.0,605000000.0,1.723,1.666,4586000000.0,134000000.0,4452000000.0,4586000000.0,0.0,942000000.0,0.0,0.053,2.05,1262000000.0,2204000000.0,0.111,2204000000.0,1262000000.0,957000000.0,3.43,3.42,3.43,4987000000.0,5121500000.0,4987000000.0,10264066155.0,8.0,4.657,1249000000.0,7.247,1.0,7962000000.0,0.403,0.0,305000000.0,14357000000.0,14389250000.0,3991000000.0,0.0,0.0,0.0,8307000000.0,2898000000.0,5409000000.0,6727066155.0,202000000.0,0.0,-575000000.0,-121000000.0,-361000000.0,-1072000000.0,-785000000.0,0.0,2059000000.0,0.0,605000000.0,605000000.0,605000000.0,0.0,0.0,0.031,6700000000.0,1262000000.0,1480000000.0,0.598,1.349,11.119,11.379,8069000000.0,0.0,39.03,0.34,0.34,0.0,12486000000.0,19774000000.0,19774000000.0,0.0,0.045,0.118,0.088,0.064,39000000.0,5636000000.0,1.0,172356294.0,172356294.0,,114.727,13294000000.0,0.0,352000000.0,420000000.0,77.131,2096000000.0
18,KSS,MRT,2016-12-31,2017-01-28,2017-01-28,2021-09-02,-14000000.0,13574000000.0,13578500000.0,5247000000.0,8327000000.0,1.449,29.336,-768000000.0,1074000000.0,1074000000.0,11944000000.0,556000000.0,1.764,1.622,4611000000.0,131000000.0,4480000000.0,4611000000.0,0.0,938000000.0,0.0,0.051,2.0,1183000000.0,2121000000.0,0.108,2121000000.0,1183000000.0,875000000.0,3.12,3.11,3.12,5177000000.0,5199000000.0,5177000000.0,10909445284.0,9.0,5.144,1385000000.0,7.848,1.0,7737000000.0,0.393,0.0,308000000.0,14137000000.0,14531000000.0,3795000000.0,0.0,0.0,0.0,8397000000.0,2974000000.0,5423000000.0,6882445284.0,367000000.0,0.0,-539000000.0,-116000000.0,-358000000.0,-1030000000.0,-756000000.0,0.0,2153000000.0,0.0,556000000.0,556000000.0,556000000.0,0.0,0.0,0.028,6554000000.0,1183000000.0,1507000000.0,0.641,1.329,12.378,12.5,8103000000.0,0.0,39.0,0.35,0.35,0.0,12522000000.0,19681000000.0,19681000000.0,0.0,0.041,0.107,0.081,0.06,41000000.0,5430000000.0,1.0,176472956.0,176472956.0,,111.524,13574000000.0,0.0,319000000.0,384000000.0,76.918,2273000000.0
19,KSS,MRT,2016-09-30,2016-10-29,2016-10-29,2021-09-02,-15000000.0,14076000000.0,13586500000.0,5654000000.0,8422000000.0,1.389,28.437,-723000000.0,597000000.0,597000000.0,12087000000.0,599000000.0,1.604,1.756,4624000000.0,128000000.0,4496000000.0,4624000000.0,0.0,939000000.0,0.0,0.044,1.95,1250000000.0,2189000000.0,0.116,2189000000.0,1250000000.0,938000000.0,3.24,3.23,3.24,5107000000.0,5277500000.0,5107000000.0,11852645631.0,9.0,5.415,1638000000.0,9.121,1.0,6781000000.0,0.359,0.0,312000000.0,14577000000.0,14720000000.0,4721000000.0,0.0,0.0,0.0,8969000000.0,3526000000.0,5443000000.0,7923645631.0,96000000.0,0.0,-646000000.0,-521000000.0,-355000000.0,-1548000000.0,-717000000.0,0.0,2361000000.0,0.0,599000000.0,599000000.0,599000000.0,0.0,0.0,0.032,5531000000.0,1250000000.0,2097000000.0,0.602,1.552,13.228,13.617,8203000000.0,0.0,44.12,0.42,0.42,0.0,12358000000.0,18868000000.0,18868000000.0,0.0,0.044,0.114,0.085,0.066,53000000.0,4406000000.0,1.0,179593056.0,179593056.0,,105.06,14076000000.0,0.0,339000000.0,364000000.0,78.377,2128000000.0
20,KSS,MRT,2016-06-30,2016-07-30,2016-07-30,2021-09-02,-16000000.0,13360000000.0,13766000000.0,4955000000.0,8405000000.0,1.378,28.387,-650000000.0,700000000.0,700000000.0,12151000000.0,573000000.0,1.768,1.562,4629000000.0,127000000.0,4502000000.0,4629000000.0,0.0,943000000.0,0.0,0.046,1.9,1219000000.0,2162000000.0,0.114,2162000000.0,1219000000.0,902000000.0,3.04,3.03,3.04,5215000000.0,5369250000.0,5215000000.0,11907467375.0,10.0,5.508,1327000000.0,7.223,1.0,6817000000.0,0.359,0.0,317000000.0,14486000000.0,14948000000.0,3928000000.0,0.0,0.0,0.0,8145000000.0,2803000000.0,5342000000.0,7640467375.0,-234000000.0,0.0,-712000000.0,-474000000.0,-353000000.0,-1567000000.0,-644000000.0,0.0,1977000000.0,0.0,573000000.0,573000000.0,573000000.0,0.0,0.0,0.03,5560000000.0,1257000000.0,1375000000.0,0.625,1.465,13.334,13.681,8192000000.0,0.0,41.59,0.403,0.403,0.0,12301000000.0,18968000000.0,18968000000.0,0.0,0.042,0.107,0.082,0.064,56000000.0,4425000000.0,1.0,183709242.0,183709242.0,,103.25,13360000000.0,0.0,329000000.0,339000000.0,72.724,2152000000.0
21,KSS,MRT,2016-03-31,2016-04-30,2016-04-30,2021-09-02,-16000000.0,13304000000.0,13990000000.0,4855000000.0,8449000000.0,1.362,28.606,-688000000.0,423000000.0,423000000.0,12224000000.0,563000000.0,1.834,1.512,4690000000.0,127000000.0,4563000000.0,4690000000.0,0.0,941000000.0,0.0,0.042,1.85,1210000000.0,2151000000.0,0.113,2151000000.0,1210000000.0,887000000.0,2.93,2.92,2.93,5297000000.0,5484750000.0,5297000000.0,12203982669.0,10.0,5.674,834000000.0,4.504,1.0,6829000000.0,0.358,0.0,323000000.0,14924000000.0,15124000000.0,4084000000.0,0.0,0.0,0.0,8007000000.0,2647000000.0,5360000000.0,8202982669.0,-772000000.0,0.0,-961000000.0,-273000000.0,-350000000.0,-1614000000.0,-680000000.0,0.0,1522000000.0,0.0,563000000.0,563000000.0,563000000.0,0.0,0.0,0.03,5450000000.0,1379000000.0,1346000000.0,0.631,1.549,14.57,15.119,8230000000.0,0.0,44.3,0.431,0.431,0.0,12254000000.0,19053000000.0,19053000000.0,0.0,0.04,0.103,0.08,0.064,55000000.0,4444000000.0,1.0,185168909.0,185168909.0,,102.895,13304000000.0,0.0,324000000.0,287000000.0,71.848,2208000000.0
22,KSS,MRT,2015-12-31,2016-01-30,2016-01-30,2021-09-02,-17000000.0,13606000000.0,14277250000.0,5076000000.0,8530000000.0,1.345,28.927,-690000000.0,707000000.0,707000000.0,12265000000.0,673000000.0,1.87,1.478,4708000000.0,127000000.0,4581000000.0,4708000000.0,0.0,934000000.0,0.0,0.036,1.8,1384000000.0,2318000000.0,0.121,2318000000.0,1384000000.0,1057000000.0,3.48,3.46,3.48,5491000000.0,5664750000.0,5491000000.0,14077556990.0,10.0,6.073,794000000.0,4.183,1.0,6939000000.0,0.361,0.0,327000000.0,14893000000.0,15144500000.0,4038000000.0,0.0,0.0,0.0,8115000000.0,2714000000.0,5401000000.0,9443556990.0,-700000000.0,0.0,-854000000.0,-273000000.0,-349000000.0,-1503000000.0,-681000000.0,0.0,1484000000.0,0.0,673000000.0,673000000.0,673000000.0,0.0,0.0,0.035,5386000000.0,1553000000.0,1251000000.0,0.517,1.72,14.032,14.296,8308000000.0,0.0,49.75,0.492,0.492,0.0,12329000000.0,19204000000.0,19204000000.0,0.0,0.047,0.119,0.091,0.072,48000000.0,4452000000.0,1.0,189820241.0,189820241.0,,101.169,13606000000.0,0.0,384000000.0,387000000.0,71.678,2362000000.0
23,KSS,MRT,2015-09-30,2015-10-31,2015-10-31,2021-09-02,-18000000.0,14794000000.0,14459000000.0,6067000000.0,8727000000.0,1.325,28.144,-672000000.0,501000000.0,501000000.0,12179000000.0,746000000.0,1.54,1.703,5135000000.0,526000000.0,4609000000.0,5135000000.0,0.0,916000000.0,0.0,0.038,1.74,1497000000.0,2413000000.0,0.126,2413000000.0,1497000000.0,1163000000.0,3.77,3.73,3.77,5474000000.0,5789750000.0,5474000000.0,13082238029.0,9.0,5.422,829000000.0,4.262,1.0,6975000000.0,0.364,0.0,334000000.0,15489000000.0,15125000000.0,5254000000.0,0.0,0.0,0.0,9320000000.0,3939000000.0,5381000000.0,8970238029.0,-130000000.0,0.0,-759000000.0,132000000.0,-342000000.0,-986000000.0,-645000000.0,23000000.0,1501000000.0,0.0,746000000.0,746000000.0,746000000.0,0.0,0.0,0.039,5309000000.0,1666000000.0,2141000000.0,0.462,1.639,12.024,12.233,8499000000.0,0.0,46.12,0.468,0.468,0.0,12118000000.0,19154000000.0,19154000000.0,0.0,0.052,0.129,0.099,0.078,35000000.0,4392000000.0,1.0,194497789.0,194497789.0,,98.479,14794000000.0,0.0,417000000.0,244000000.0,76.063,2128000000.0
24,KSS,MRT,2015-06-30,2015-08-01,2015-08-01,2021-09-02,-18000000.0,14256000000.0,14514000000.0,5496000000.0,8760000000.0,1.316,28.69,-685000000.0,934000000.0,934000000.0,12141000000.0,768000000.0,1.729,1.511,5046000000.0,434000000.0,4612000000.0,5046000000.0,0.0,907000000.0,0.0,0.027,1.68,1531000000.0,2438000000.0,0.128,2438000000.0,1531000000.0,1193000000.0,3.84,3.8,3.84,5677000000.0,5872500000.0,5677000000.0,15684784343.0,10.0,6.433,962000000.0,4.862,1.0,6960000000.0,0.364,0.0,338000000.0,15190000000.0,15122250000.0,4252000000.0,0.0,0.0,0.0,8579000000.0,3178000000.0,5401000000.0,12133784343.0,188000000.0,0.0,-602000000.0,92000000.0,-335000000.0,-860000000.0,-599000000.0,82000000.0,1647000000.0,0.0,768000000.0,768000000.0,768000000.0,0.0,0.0,0.04,5298000000.0,1662000000.0,1566000000.0,0.438,2.137,15.799,15.969,8528000000.0,0.0,61.32,0.635,0.635,0.0,12085000000.0,19101000000.0,19101000000.0,0.0,0.053,0.131,0.101,0.08,37000000.0,4390000000.0,1.0,197876457.0,197876457.0,,96.53,14256000000.0,0.0,425000000.0,288000000.0,72.045,2318000000.0
25,KSS,MRT,2015-03-31,2015-05-02,2015-05-02,2021-09-02,-19000000.0,14453000000.0,14466750000.0,5698000000.0,8755000000.0,1.319,29.669,-682000000.0,1195000000.0,1195000000.0,12124000000.0,870000000.0,1.909,1.402,4733000000.0,113000000.0,4620000000.0,4733000000.0,0.0,897000000.0,0.0,0.022,1.62,1689000000.0,2586000000.0,0.136,2586000000.0,1689000000.0,1350000000.0,4.32,4.27,4.32,6017000000.0,5905500000.0,6017000000.0,18176822154.0,11.0,7.029,1265000000.0,6.238,1.0,6952000000.0,0.364,0.0,339000000.0,15006000000.0,15173000000.0,4165000000.0,0.0,0.0,0.0,8436000000.0,2985000000.0,5451000000.0,14822822154.0,478000000.0,0.0,-424000000.0,-109000000.0,-327000000.0,-873000000.0,-596000000.0,82000000.0,1947000000.0,0.0,870000000.0,870000000.0,870000000.0,0.0,0.0,0.046,5263000000.0,1689000000.0,1645000000.0,0.375,2.463,17.038,16.919,8518000000.0,0.0,73.09,0.777,0.777,0.0,12044000000.0,19076000000.0,19076000000.0,0.0,0.06,0.147,0.111,0.089,41000000.0,4366000000.0,1.0,202802328.0,202802328.0,,94.062,14453000000.0,0.0,480000000.0,362000000.0,71.266,2713000000.0
26,KSS,MRT,2014-12-31,2015-01-31,2015-01-31,2021-09-02,-20000000.0,14333000000.0,14382000000.0,5580000000.0,8753000000.0,1.323,29.657,-682000000.0,1407000000.0,1407000000.0,12098000000.0,867000000.0,1.952,1.392,4748000000.0,110000000.0,4638000000.0,4748000000.0,0.0,886000000.0,0.0,0.026,1.56,1689000000.0,2575000000.0,0.135,2575000000.0,1689000000.0,1349000000.0,4.28,4.24,4.28,5991000000.0,5865500000.0,5991000000.0,16220984348.0,10.0,6.299,1342000000.0,6.643,1.0,6925000000.0,0.364,0.0,340000000.0,14815000000.0,15315250000.0,3814000000.0,0.0,0.0,0.0,8342000000.0,2859000000.0,5483000000.0,12063984348.0,436000000.0,0.0,-554000000.0,-108000000.0,-317000000.0,-995000000.0,-593000000.0,82000000.0,2024000000.0,0.0,867000000.0,867000000.0,867000000.0,0.0,0.0,0.046,5236000000.0,1689000000.0,1511000000.0,0.364,2.014,13.915,13.953,8515000000.0,0.0,59.72,0.634,0.634,0.0,12008000000.0,19023000000.0,19023000000.0,0.0,0.06,0.148,0.11,0.089,45000000.0,4350000000.0,1.0,202009115.0,202009115.0,,94.169,14333000000.0,0.0,482000000.0,376000000.0,70.952,2721000000.0
27,KSS,MRT,2014-09-30,2014-11-01,2014-11-01,2021-09-02,-21000000.0,15014000000.0,14388000000.0,6100000000.0,8914000000.0,1.306,28.363,-739000000.0,631000000.0,631000000.0,11932000000.0,833000000.0,1.658,1.586,4774000000.0,109000000.0,4665000000.0,4774000000.0,0.0,889000000.0,0.0,0.028,1.52,1644000000.0,2533000000.0,0.135,2533000000.0,1644000000.0,1302000000.0,3.99,3.97,3.99,5805000000.0,5862250000.0,5805000000.0,15144123305.0,9.0,5.979,1061000000.0,5.184,1.0,6853000000.0,0.365,0.0,342000000.0,15478000000.0,15483750000.0,4973000000.0,0.0,0.0,0.0,9209000000.0,3679000000.0,5530000000.0,11097123305.0,33000000.0,0.0,-663000000.0,-109000000.0,-312000000.0,-1099000000.0,-668000000.0,59000000.0,1800000000.0,0.0,833000000.0,833000000.0,833000000.0,0.0,0.0,0.044,5209000000.0,1644000000.0,2384000000.0,0.381,1.912,13.322,13.589,8671000000.0,0.0,54.22,0.591,0.591,0.0,11718000000.0,18785000000.0,18785000000.0,0.0,0.058,0.142,0.106,0.088,50000000.0,4320000000.0,1.0,204668449.0,204668449.0,,91.783,15014000000.0,201000000.0,469000000.0,317000000.0,73.358,2421000000.0
28,KSS,MRT,2014-06-30,2014-08-02,2014-08-02,2021-09-02,-30000000.0,14067000000.0,14445750000.0,5100000000.0,8967000000.0,1.305,28.021,-733000000.0,746000000.0,746000000.0,11964000000.0,868000000.0,1.884,1.422,4779000000.0,105000000.0,4674000000.0,4779000000.0,0.0,888000000.0,0.0,0.028,1.48,1705000000.0,2593000000.0,0.138,2593000000.0,1705000000.0,1364000000.0,4.11,4.08,4.11,5809000000.0,5892000000.0,5809000000.0,15246788186.0,9.0,5.88,1119000000.0,5.398,1.0,6891000000.0,0.365,0.0,341000000.0,15393000000.0,15586500000.0,3899000000.0,0.0,0.0,0.0,8258000000.0,2707000000.0,5551000000.0,11140788186.0,154000000.0,0.0,-832000000.0,180000000.0,-309000000.0,-977000000.0,-721000000.0,1000000.0,1852000000.0,0.0,868000000.0,868000000.0,868000000.0,0.0,0.0,0.046,5186000000.0,1705000000.0,1479000000.0,0.36,1.918,12.835,13.075,8686000000.0,0.0,53.74,0.591,0.591,0.0,11656000000.0,18855000000.0,18855000000.0,0.0,0.06,0.147,0.109,0.09,49000000.0,4296000000.0,1.0,207309047.0,207309047.0,,90.951,14067000000.0,132000000.0,496000000.0,381000000.0,67.855,2393000000.0
29,KSS,MRT,2014-03-31,2014-05-03,2014-05-03,2021-09-02,-33000000.0,14114000000.0,14453250000.0,5139000000.0,8975000000.0,1.308,28.083,-684000000.0,717000000.0,717000000.0,11989000000.0,867000000.0,1.943,1.41,4823000000.0,112000000.0,4711000000.0,4823000000.0,0.0,891000000.0,0.0,0.026,1.44,1705000000.0,2596000000.0,0.137,2596000000.0,1705000000.0,1365000000.0,4.02,3.99,4.02,5857000000.0,5953000000.0,5857000000.0,15510825014.0,9.0,5.975,1074000000.0,5.15,1.0,6913000000.0,0.366,0.0,340000000.0,15575000000.0,15590500000.0,3981000000.0,0.0,0.0,0.0,8257000000.0,2645000000.0,5612000000.0,11620825014.0,199000000.0,0.0,-747000000.0,184000000.0,-305000000.0,-887000000.0,-672000000.0,1000000.0,1758000000.0,0.0,867000000.0,867000000.0,867000000.0,0.0,0.0,0.046,5208000000.0,1705000000.0,1382000000.0,0.358,1.984,13.403,13.861,8677000000.0,0.0,55.72,0.615,0.615,0.0,11506000000.0,18902000000.0,18902000000.0,0.0,0.06,0.146,0.109,0.09,53000000.0,4315000000.0,1.0,208557520.0,208557520.0,,90.632,14114000000.0,137000000.0,498000000.0,412000000.0,67.674,2494000000.0
30,KSS,MRT,2013-12-31,2014-02-01,2014-02-01,2021-09-02,-34000000.0,14357000000.0,14437250000.0,5314000000.0,9043000000.0,1.318,27.916,-643000000.0,971000000.0,971000000.0,12087000000.0,889000000.0,1.927,1.402,4861000000.0,139000000.0,4722000000.0,4861000000.0,0.0,889000000.0,0.0,0.028,1.4,1742000000.0,2631000000.0,0.138,2631000000.0,1742000000.0,1404000000.0,4.08,4.05,4.08,5978000000.0,5994000000.0,5978000000.0,15126904301.0,9.0,5.749,1241000000.0,5.795,1.0,6944000000.0,0.365,0.0,338000000.0,15489000000.0,15539250000.0,3874000000.0,0.0,0.0,0.0,8379000000.0,2758000000.0,5621000000.0,10841904301.0,434000000.0,0.0,-697000000.0,186000000.0,-302000000.0,-827000000.0,-623000000.0,1000000.0,1884000000.0,0.0,889000000.0,889000000.0,889000000.0,0.0,0.0,0.047,5202000000.0,1742000000.0,1365000000.0,0.343,1.814,12.196,12.409,8745000000.0,0.0,50.63,0.57,0.57,0.0,11462000000.0,19031000000.0,19031000000.0,0.0,0.062,0.148,0.112,0.092,52000000.0,4313000000.0,1.0,214139923.0,214139923.0,,88.872,14357000000.0,142000000.0,515000000.0,455000000.0,67.045,2556000000.0
31,KSS,MRT,2013-09-30,2013-11-02,2013-11-02,2021-09-02,-39000000.0,15245000000.0,14324250000.0,5987000000.0,9258000000.0,1.346,27.276,-609000000.0,598000000.0,598000000.0,12292000000.0,932000000.0,1.644,1.573,4883000000.0,141000000.0,4742000000.0,4883000000.0,0.0,878000000.0,0.0,0.024,1.37,1820000000.0,2698000000.0,0.14,2698000000.0,1820000000.0,1483000000.0,4.16,4.14,4.16,5924000000.0,6011500000.0,5924000000.0,16342015345.0,9.0,6.057,967000000.0,4.452,1.0,6982000000.0,0.362,0.0,337000000.0,15889000000.0,15513500000.0,4959000000.0,0.0,0.0,0.0,9321000000.0,3641000000.0,5680000000.0,12347015345.0,48000000.0,0.0,-855000000.0,191000000.0,-302000000.0,-985000000.0,-543000000.0,42000000.0,1576000000.0,0.0,932000000.0,932000000.0,932000000.0,0.0,0.0,0.048,5162000000.0,1820000000.0,2261000000.0,0.329,2.084,13.248,13.666,8925000000.0,0.0,56.85,0.641,0.641,0.0,11204000000.0,19274000000.0,19274000000.0,0.0,0.065,0.155,0.117,0.094,50000000.0,4282000000.0,1.0,217185846.0,217185846.0,,88.744,15245000000.0,147000000.0,551000000.0,431000000.0,70.193,2346000000.0
32,KSS,MRT,2013-06-30,2013-08-03,2013-08-03,2021-09-02,-39000000.0,14097000000.0,14303250000.0,4882000000.0,9215000000.0,1.351,27.331,-640000000.0,592000000.0,592000000.0,12292000000.0,970000000.0,1.82,1.329,4587000000.0,147000000.0,4440000000.0,4587000000.0,0.0,861000000.0,0.0,0.025,1.34,1880000000.0,2741000000.0,0.142,2741000000.0,1880000000.0,1547000000.0,4.26,4.24,4.26,6053000000.0,6057000000.0,6053000000.0,15880949054.0,8.0,5.794,805000000.0,3.635,1.0,7028000000.0,0.364,0.0,333000000.0,15409000000.0,15412500000.0,3856000000.0,0.0,0.0,0.0,8044000000.0,2683000000.0,5361000000.0,11861949054.0,-8000000.0,0.0,-832000000.0,253000000.0,-300000000.0,-899000000.0,-554000000.0,58000000.0,1445000000.0,0.0,970000000.0,970000000.0,970000000.0,0.0,0.0,0.05,5148000000.0,1880000000.0,1396000000.0,0.315,1.96,12.229,12.573,8891000000.0,0.0,53.56,0.614,0.614,0.0,11103000000.0,19320000000.0,19320000000.0,0.0,0.068,0.16,0.122,0.097,50000000.0,4286000000.0,1.0,221470296.0,221470296.0,,87.235,14097000000.0,150000000.0,577000000.0,456000000.0,63.652,2199000000.0
33,KSS,MRT,2013-03-31,2013-05-04,2013-05-04,2021-09-02,-40000000.0,14050000000.0,14243000000.0,4911000000.0,9139000000.0,1.351,27.12,-743000000.0,518000000.0,518000000.0,12242000000.0,979000000.0,1.82,1.333,4537000000.0,107000000.0,4430000000.0,4537000000.0,0.0,846000000.0,0.0,0.027,1.31,1886000000.0,2732000000.0,0.142,2732000000.0,1886000000.0,1557000000.0,4.22,4.2,4.22,6021000000.0,6090750000.0,6021000000.0,14741328221.0,8.0,5.396,410000000.0,1.847,1.0,6994000000.0,0.364,0.0,329000000.0,15370000000.0,15269750000.0,3961000000.0,0.0,0.0,0.0,8029000000.0,2699000000.0,5330000000.0,10725328221.0,-511000000.0,0.0,-992000000.0,248000000.0,-300000000.0,-1057000000.0,-607000000.0,108000000.0,1153000000.0,0.0,979000000.0,979000000.0,979000000.0,0.0,0.0,0.051,5108000000.0,1886000000.0,1452000000.0,0.31,1.781,10.955,11.448,8822000000.0,0.0,48.31,0.558,0.558,0.0,10948000000.0,19236000000.0,19236000000.0,0.0,0.069,0.161,0.124,0.098,43000000.0,4261000000.0,1.0,222010520.0,222010520.0,,86.645,14050000000.0,138000000.0,578000000.0,485000000.0,63.285,2212000000.0
34,KSS,MRT,2012-12-31,2013-02-02,2013-02-02,2021-09-02,-45000000.0,13905000000.0,14296000000.0,4719000000.0,9186000000.0,1.349,26.295,-785000000.0,537000000.0,537000000.0,12289000000.0,986000000.0,1.862,1.299,4553000000.0,105000000.0,4448000000.0,4553000000.0,0.0,833000000.0,0.0,0.028,1.28,1890000000.0,2723000000.0,0.141,2723000000.0,1890000000.0,1561000000.0,4.19,4.17,4.19,6048000000.0,6160500000.0,6048000000.0,14610760376.0,8.0,5.366,480000000.0,2.087,1.0,6990000000.0,0.363,0.0,329000000.0,15386000000.0,15067500000.0,3748000000.0,53000000.0,0.0,53000000.0,7857000000.0,2535000000.0,5322000000.0,10582760376.0,-668000000.0,0.0,-1216000000.0,248000000.0,-300000000.0,-1273000000.0,-660000000.0,109000000.0,1265000000.0,0.0,986000000.0,986000000.0,986000000.0,0.0,0.0,0.051,5100000000.0,1890000000.0,1307000000.0,0.305,1.75,10.733,10.981,8872000000.0,0.0,46.01,0.549,0.549,0.0,10878000000.0,19279000000.0,19279000000.0,0.0,0.069,0.16,0.125,0.098,46000000.0,4267000000.0,1.0,230010006.0,230010006.0,,83.818,13905000000.0,122000000.0,575000000.0,499000000.0,60.454,2184000000.0
35,KSS,MRT,2012-09-30,2012-10-27,2012-10-27,2021-09-02,-48000000.0,15161000000.0,14356750000.0,5806000000.0,9355000000.0,1.32,26.206,-813000000.0,550000000.0,550000000.0,11901000000.0,1065000000.0,1.567,1.483,4578000000.0,100000000.0,4478000000.0,4578000000.0,0.0,815000000.0,0.0,0.023,1.21,2008000000.0,2823000000.0,0.149,2823000000.0,2008000000.0,1690000000.0,4.31,4.28,4.31,6106000000.0,6275500000.0,6106000000.0,15906123230.0,8.0,5.634,933000000.0,4.004,1.0,7055000000.0,0.372,0.0,318000000.0,15485000000.0,14866000000.0,4851000000.0,90000000.0,0.0,90000000.0,9055000000.0,3704000000.0,5351000000.0,12274123230.0,-210000000.0,0.0,-1172000000.0,250000000.0,-291000000.0,-1218000000.0,-738000000.0,70000000.0,1746000000.0,0.0,1065000000.0,1065000000.0,1065000000.0,0.0,0.0,0.056,5047000000.0,2008000000.0,2429000000.0,0.281,2.01,11.525,12.144,9009000000.0,0.0,52.34,0.648,0.643,0.0,10575000000.0,18956000000.0,18956000000.0,0.0,0.074,0.17,0.135,0.106,48000000.0,4231000000.0,1.0,234507513.0,233000000.0,,81.356,15161000000.0,124000000.0,625000000.0,443000000.0,65.069,2102000000.0
36,KSS,MRT,2012-06-30,2012-07-28,2012-07-28,2021-09-02,-51000000.0,13856000000.0,14246250000.0,4490000000.0,9366000000.0,1.323,26.0,-877000000.0,600000000.0,600000000.0,11811000000.0,1061000000.0,1.694,1.239,4232000000.0,94000000.0,4138000000.0,4232000000.0,0.0,807000000.0,0.0,0.023,1.14,1998000000.0,2805000000.0,0.149,2805000000.0,1998000000.0,1685000000.0,4.19,4.17,4.19,6188000000.0,6366750000.0,6188000000.0,15032326134.0,8.0,5.359,964000000.0,4.05,1.0,7031000000.0,0.373,0.0,313000000.0,14838000000.0,14744250000.0,3521000000.0,102000000.0,0.0,102000000.0,7668000000.0,2650000000.0,5018000000.0,11814326134.0,-569000000.0,0.0,-1729000000.0,450000000.0,-282000000.0,-1615000000.0,-795000000.0,99000000.0,1841000000.0,0.0,1061000000.0,1061000000.0,1061000000.0,0.0,0.0,0.056,5033000000.0,1998000000.0,1531000000.0,0.272,1.909,11.135,11.759,9010000000.0,0.0,49.27,0.627,0.622,0.0,10434000000.0,18842000000.0,18842000000.0,0.0,0.074,0.167,0.136,0.106,48000000.0,4225000000.0,1.0,239787419.0,238000000.0,,79.168,13856000000.0,109000000.0,624000000.0,435000000.0,58.218,1840000000.0
37,KSS,MRT,2012-03-31,2012-04-28,2012-04-28,2021-09-02,-50000000.0,14262000000.0,14275750000.0,4879000000.0,9383000000.0,1.323,25.926,-883000000.0,1029000000.0,1029000000.0,11768000000.0,1120000000.0,1.671,1.264,4247000000.0,98000000.0,4149000000.0,4247000000.0,0.0,788000000.0,0.0,0.021,1.07,2088000000.0,2876000000.0,0.152,2876000000.0,2088000000.0,1783000000.0,4.26,4.25,4.26,6300000000.0,6589250000.0,6300000000.0,15396198755.0,7.0,5.353,1306000000.0,5.374,1.0,7117000000.0,0.377,0.0,305000000.0,14561000000.0,14499250000.0,3454000000.0,156000000.0,0.0,156000000.0,7962000000.0,2919000000.0,5043000000.0,12357198755.0,-639000000.0,0.0,-2162000000.0,467000000.0,-276000000.0,-2030000000.0,-798000000.0,105000000.0,2189000000.0,0.0,1120000000.0,1120000000.0,1120000000.0,0.0,0.0,0.059,5029000000.0,2088000000.0,1609000000.0,0.251,1.961,11.033,11.925,8961000000.0,0.0,50.8,0.654,0.654,0.0,10271000000.0,18885000000.0,18885000000.0,0.0,0.078,0.17,0.144,0.111,52000000.0,4241000000.0,1.0,243251944.0,243000000.0,,77.716,14262000000.0,119000000.0,663000000.0,501000000.0,58.691,1960000000.0
38,KSS,MRT,2011-12-31,2012-01-28,2012-01-28,2021-09-02,-53000000.0,14148000000.0,14323500000.0,4829000000.0,9319000000.0,1.313,25.68,-927000000.0,1205000000.0,1205000000.0,11625000000.0,1167000000.0,1.852,1.174,4244000000.0,94000000.0,4150000000.0,4244000000.0,0.0,778000000.0,0.0,0.021,1.0,2158000000.0,2936000000.0,0.156,2936000000.0,2158000000.0,1859000000.0,4.33,4.3,4.33,6508000000.0,6904750000.0,6508000000.0,15311684659.0,7.0,5.215,1212000000.0,4.782,1.0,7179000000.0,0.382,0.0,299000000.0,14580000000.0,14314750000.0,3216000000.0,153000000.0,0.0,153000000.0,7640000000.0,2607000000.0,5033000000.0,11832684659.0,-1072000000.0,0.0,-2248000000.0,169000000.0,-271000000.0,-2409000000.0,-802000000.0,145000000.0,2139000000.0,0.0,1167000000.0,1167000000.0,1167000000.0,0.0,0.0,0.062,5021000000.0,2158000000.0,1233000000.0,0.231,1.818,10.139,10.783,8905000000.0,0.0,46.69,0.629,0.629,0.0,10195000000.0,18804000000.0,18804000000.0,0.0,0.081,0.169,0.151,0.115,55000000.0,4243000000.0,1.0,253430813.0,253430813.0,,74.198,14148000000.0,109000000.0,692000000.0,556000000.0,55.826,2222000000.0
39,KSS,MRT,2011-09-30,2011-10-29,2011-10-29,2021-09-02,-52000000.0,14719000000.0,14498750000.0,5380000000.0,9339000000.0,1.298,24.511,-883000000.0,760000000.0,760000000.0,11600000000.0,1205000000.0,1.681,1.275,4239000000.0,95000000.0,4144000000.0,4239000000.0,0.0,770000000.0,0.0,0.014,0.75,2214000000.0,2984000000.0,0.159,2984000000.0,2214000000.0,1920000000.0,4.23,4.2,4.23,6471000000.0,7240250000.0,6471000000.0,16800117806.0,8.0,5.63,1169000000.0,4.428,1.0,7224000000.0,0.384,0.0,294000000.0,14998000000.0,14117000000.0,4130000000.0,158000000.0,0.0,158000000.0,8248000000.0,3200000000.0,5048000000.0,14299117806.0,-1681000000.0,0.0,-2886000000.0,168000000.0,-207000000.0,-2973000000.0,-760000000.0,145000000.0,2052000000.0,0.0,1205000000.0,1205000000.0,1205000000.0,0.0,0.0,0.064,5010000000.0,2214000000.0,2080000000.0,0.177,2.21,11.866,12.546,8918000000.0,0.0,53.07,0.76,0.744,0.0,9803000000.0,18824000000.0,18824000000.0,0.0,0.083,0.166,0.157,0.118,54000000.0,4240000000.0,1.0,269438813.0,264000000.0,,71.303,14719000000.0,233000000.0,715000000.0,445000000.0,55.754,2180000000.0
40,KSS,MRT,2011-06-30,2011-07-30,2011-07-30,2021-09-02,-35000000.0,13974000000.0,14820250000.0,4635000000.0,9339000000.0,1.259,25.645,-841000000.0,1169000000.0,1169000000.0,11508000000.0,1170000000.0,1.771,0.974,3670000000.0,189000000.0,3481000000.0,3670000000.0,0.0,777000000.0,0.0,0.009,0.5,2155000000.0,2932000000.0,0.157,2932000000.0,2155000000.0,1857000000.0,4.0,3.97,4.0,7078000000.0,7700750000.0,7078000000.0,15493396205.0,7.0,5.284,1125000000.0,4.076,1.0,7158000000.0,0.383,0.0,298000000.0,13858000000.0,13869500000.0,3095000000.0,208000000.0,0.0,208000000.0,6896000000.0,2617000000.0,4279000000.0,15378396205.0,-1349000000.0,0.0,-2085000000.0,-368000000.0,-142000000.0,-2592000000.0,-723000000.0,119000000.0,1966000000.0,0.0,1170000000.0,1170000000.0,1170000000.0,0.0,0.0,0.063,5003000000.0,2155000000.0,1345000000.0,0.125,2.173,13.144,13.678,8876000000.0,0.0,54.71,0.824,0.809,0.0,9660000000.0,18666000000.0,18666000000.0,0.0,0.079,0.152,0.155,0.115,57000000.0,4228000000.0,1.0,281089311.0,276000000.0,,67.63,13974000000.0,115000000.0,687000000.0,356000000.0,50.63,2018000000.0
41,KSS,MRT,2011-03-31,2011-04-30,2011-04-30,2021-09-02,-31000000.0,14453000000.0,15079500000.0,5227000000.0,9226000000.0,1.228,26.257,-830000000.0,1668000000.0,1668000000.0,11437000000.0,1126000000.0,1.983,0.911,3674000000.0,184000000.0,3490000000.0,3674000000.0,0.0,765000000.0,0.0,0.005,0.25,2096000000.0,2861000000.0,0.154,2861000000.0,2096000000.0,1792000000.0,3.75,3.72,3.75,7562000000.0,7958500000.0,7562000000.0,15126926455.0,7.0,5.287,985000000.0,3.42,1.0,7081000000.0,0.382,0.0,304000000.0,13823000000.0,13829750000.0,3193000000.0,250000000.0,0.0,250000000.0,6891000000.0,2636000000.0,4255000000.0,15307926455.0,-720000000.0,0.0,-1361000000.0,-360000000.0,-72000000.0,-1787000000.0,-748000000.0,79000000.0,1815000000.0,0.0,1126000000.0,1126000000.0,1126000000.0,0.0,0.0,0.061,4985000000.0,2096000000.0,1397000000.0,0.067,2.024,13.595,14.056,8718000000.0,0.0,52.71,0.827,0.82,0.0,9430000000.0,18518000000.0,18518000000.0,0.0,0.075,0.141,0.152,0.113,61000000.0,4220000000.0,1.0,290417880.0,288000000.0,,64.299,14453000000.0,113000000.0,666000000.0,394000000.0,50.184,2591000000.0
42,KSS,MRT,2010-12-31,2011-01-29,2011-01-29,2021-09-02,-37000000.0,14849000000.0,15155250000.0,5642000000.0,9207000000.0,1.214,26.848,-801000000.0,2277000000.0,2277000000.0,11359000000.0,1120000000.0,2.029,0.892,3998000000.0,486000000.0,3512000000.0,3998000000.0,0.0,750000000.0,0.0,0.0,0.0,2092000000.0,2842000000.0,0.155,2842000000.0,2092000000.0,1788000000.0,3.69,3.66,3.69,7850000000.0,8026500000.0,7850000000.0,14627272614.0,7.0,5.147,949000000.0,3.246,1.0,7032000000.0,0.382,0.0,304000000.0,13789000000.0,13749750000.0,3036000000.0,277000000.0,0.0,277000000.0,6999000000.0,2781000000.0,4218000000.0,14970272614.0,10000000.0,0.0,-929000000.0,-57000000.0,0.0,-983000000.0,-757000000.0,42000000.0,1750000000.0,0.0,1120000000.0,1120000000.0,1120000000.0,0.0,0.0,0.061,4940000000.0,2092000000.0,1138000000.0,0.0,1.907,13.366,13.875,8692000000.0,0.0,51.2,0.814,0.814,0.0,9301000000.0,18391000000.0,18391000000.0,0.0,0.074,0.14,0.152,0.114,63000000.0,4190000000.0,1.0,292388137.0,292388137.0,,62.899,14849000000.0,77000000.0,668000000.0,383000000.0,50.785,2861000000.0
43,KSS,MRT,2010-09-30,2010-10-30,2010-10-30,2021-09-02,-40000000.0,16005000000.0,15059250000.0,6803000000.0,9202000000.0,1.198,27.078,-798000000.0,2441000000.0,2441000000.0,11155000000.0,1039000000.0,1.921,0.925,3986000000.0,487000000.0,3499000000.0,3986000000.0,0.0,816000000.0,0.0,0.0,0.0,2101000000.0,2917000000.0,0.162,2917000000.0,2101000000.0,1659000000.0,3.38,3.37,3.38,8313000000.0,7962750000.0,8313000000.0,15342319713.0,7.0,5.26,919000000.0,2.993,1.0,6880000000.0,0.381,0.0,442000000.0,14008000000.0,13723250000.0,4030000000.0,275000000.0,0.0,275000000.0,7692000000.0,3542000000.0,4150000000.0,15775319713.0,938000000.0,0.0,55000000.0,-84000000.0,0.0,-32000000.0,-747000000.0,48000000.0,1717000000.0,0.0,1039000000.0,1039000000.0,1039000000.0,0.0,0.0,0.058,4779000000.0,2101000000.0,2125000000.0,0.0,1.898,15.183,15.154,8698000000.0,0.0,51.22,0.875,0.872,0.0,8806000000.0,18035000000.0,18035000000.0,0.0,0.069,0.13,0.153,0.116,66000000.0,3963000000.0,1.0,307991404.0,307000000.0,,58.746,16005000000.0,117000000.0,620000000.0,216000000.0,52.134,3261000000.0
44,KSS,MRT,2010-06-30,2010-07-31,2010-07-31,2021-09-02,-38000000.0,15011000000.0,14388750000.0,5770000000.0,9241000000.0,1.242,26.414,-778000000.0,2518000000.0,2518000000.0,11071000000.0,1056000000.0,2.085,0.851,3974000000.0,385000000.0,3589000000.0,3974000000.0,0.0,758000000.0,0.0,0.0,0.0,2084000000.0,2842000000.0,0.159,2842000000.0,2084000000.0,1690000000.0,3.44,3.43,3.44,8109000000.0,7733250000.0,8109000000.0,14368672943.0,7.0,5.056,1171000000.0,3.814,1.0,6797000000.0,0.38,0.0,394000000.0,13699000000.0,12889500000.0,2930000000.0,298000000.0,0.0,298000000.0,6902000000.0,2768000000.0,4134000000.0,14684672943.0,1208000000.0,0.0,80000000.0,-79000000.0,0.0,-4000000.0,-737000000.0,40000000.0,1949000000.0,0.0,1056000000.0,1056000000.0,1056000000.0,0.0,0.0,0.059,4713000000.0,2084000000.0,1345000000.0,0.0,1.811,13.906,13.863,8792000000.0,0.0,47.69,0.822,0.819,0.0,8631000000.0,17868000000.0,17868000000.0,0.0,0.073,0.137,0.162,0.117,71000000.0,3954000000.0,1.0,307919332.0,307000000.0,,58.202,15011000000.0,95000000.0,634000000.0,229000000.0,48.896,3002000000.0
45,KSS,MRT,2010-03-31,2010-05-01,2010-05-01,2021-09-02,-36000000.0,14756000000.0,13657500000.0,5705000000.0,9051000000.0,1.287,25.518,-681000000.0,2388000000.0,2388000000.0,10908000000.0,1030000000.0,2.035,0.884,3939000000.0,382000000.0,3557000000.0,3939000000.0,0.0,723000000.0,0.0,0.0,0.0,1995000000.0,2718000000.0,0.155,2718000000.0,1995000000.0,1648000000.0,3.37,3.35,3.37,7834000000.0,7490000000.0,7834000000.0,16681544032.0,8.0,6.137,1513000000.0,4.928,1.0,6666000000.0,0.379,0.0,347000000.0,13503000000.0,12095000000.0,3017000000.0,318000000.0,0.0,318000000.0,6922000000.0,2804000000.0,4118000000.0,16880544032.0,1532000000.0,0.0,79000000.0,-75000000.0,0.0,-1000000.0,-661000000.0,25000000.0,2194000000.0,0.0,1030000000.0,1030000000.0,1030000000.0,0.0,0.0,0.059,4671000000.0,1995000000.0,1412000000.0,0.0,2.155,16.389,16.318,8579000000.0,0.0,54.99,0.961,0.961,0.0,8375000000.0,17574000000.0,17574000000.0,0.0,0.075,0.138,0.165,0.114,69000000.0,3937000000.0,1.0,306974796.0,307000000.0,,57.244,14756000000.0,91000000.0,618000000.0,325000000.0,48.065,2901000000.0
46,KSS,MRT,2009-12-31,2010-01-30,2010-01-30,2021-09-02,-36000000.0,14465000000.0,12859250000.0,5485000000.0,8980000000.0,1.336,24.772,-675000000.0,2267000000.0,2267000000.0,10680000000.0,973000000.0,2.234,0.905,3940000000.0,78000000.0,3862000000.0,3940000000.0,0.0,688000000.0,0.0,0.0,0.0,1859000000.0,2547000000.0,0.148,2547000000.0,1859000000.0,1558000000.0,3.19,3.17,3.19,7595000000.0,7252750000.0,7595000000.0,17282532918.0,9.0,6.785,1611000000.0,5.254,1.0,6498000000.0,0.378,0.0,301000000.0,13683000000.0,11395000000.0,2923000000.0,321000000.0,0.0,321000000.0,6870000000.0,2455000000.0,4415000000.0,15443532918.0,1624000000.0,0.0,50000000.0,-60000000.0,0.0,-13000000.0,-649000000.0,28000000.0,2286000000.0,0.0,973000000.0,973000000.0,973000000.0,0.0,0.0,0.057,4639000000.0,1859000000.0,1188000000.0,0.0,2.033,15.872,15.79,8506000000.0,0.0,50.37,0.899,0.899,0.0,8181000000.0,17178000000.0,17178000000.0,0.0,0.076,0.134,0.163,0.108,64000000.0,3951000000.0,1.0,306601805.0,306601805.0,,56.027,14465000000.0,73000000.0,585000000.0,398000000.0,47.178,3030000000.0
47,KSS,MRT,2009-09-30,2009-10-31,2009-10-31,2021-09-02,-38000000.0,13323000000.0,12083750000.0,5587000000.0,7736000000.0,1.385,24.246,-773000000.0,1503000000.0,1503000000.0,10482000000.0,867000000.0,1.85,0.802,2071000000.0,17000000.0,2054000000.0,2071000000.0,0.0,668000000.0,0.0,0.0,0.0,1680000000.0,2348000000.0,0.14,2348000000.0,1680000000.0,1392000000.0,2.85,2.84,2.85,7395000000.0,7038750000.0,7395000000.0,19333413942.0,12.0,8.234,1514000000.0,4.964,1.0,6249000000.0,0.373,198000000.0,288000000.0,10673000000.0,10660500000.0,3807000000.0,326000000.0,0.0,326000000.0,5928000000.0,3020000000.0,2908000000.0,17485413942.0,1260000000.0,0.0,42000000.0,-323000000.0,0.0,-284000000.0,-743000000.0,26000000.0,2287000000.0,0.0,867000000.0,867000000.0,867000000.0,0.0,0.0,0.052,4569000000.0,1680000000.0,2071000000.0,0.0,2.364,20.168,20.077,7082000000.0,0.0,57.22,1.045,1.043,0.0,8008000000.0,16731000000.0,16731000000.0,0.0,0.072,0.123,0.158,0.1,64000000.0,3912000000.0,1.0,305582208.0,305000000.0,,54.856,13125000000.0,69000000.0,525000000.0,404000000.0,43.033,2567000000.0
48,KSS,MRT,2009-06-30,2009-08-01,2009-08-01,2021-09-02,-45000000.0,12086000000.0,11724500000.0,4307000000.0,7779000000.0,1.406,23.397,-844000000.0,1310000000.0,1310000000.0,10351000000.0,834000000.0,2.024,0.694,2069000000.0,16000000.0,2053000000.0,2069000000.0,0.0,654000000.0,0.0,0.0,0.0,1626000000.0,2280000000.0,0.138,2280000000.0,1626000000.0,1341000000.0,2.75,2.73,2.75,7136000000.0,6788750000.0,7136000000.0,16660554435.0,10.0,7.307,1035000000.0,3.393,1.0,6133000000.0,0.372,196000000.0,285000000.0,10521000000.0,10761750000.0,2724000000.0,326000000.0,0.0,326000000.0,4950000000.0,2128000000.0,2822000000.0,14826554435.0,1093000000.0,0.0,7000000.0,-20000000.0,0.0,-13000000.0,-773000000.0,64000000.0,1879000000.0,0.0,834000000.0,834000000.0,834000000.0,0.0,0.0,0.051,4507000000.0,1626000000.0,1153000000.0,0.0,2.078,17.778,17.655,7142000000.0,0.0,48.55,0.899,0.898,0.0,7816000000.0,16484000000.0,16484000000.0,0.0,0.071,0.123,0.151,0.099,59000000.0,3844000000.0,1.0,305387321.0,305000000.0,,54.046,11890000000.0,72000000.0,507000000.0,392000000.0,38.984,2179000000.0
49,KSS,MRT,2009-03-31,2009-05-02,2009-05-02,2021-09-02,-46000000.0,11563000000.0,11422000000.0,3922000000.0,7641000000.0,1.436,22.574,-979000000.0,856000000.0,856000000.0,10315000000.0,841000000.0,2.087,0.679,2073000000.0,17000000.0,2056000000.0,2073000000.0,0.0,643000000.0,0.0,0.0,0.0,1633000000.0,2276000000.0,0.139,2276000000.0,1633000000.0,1353000000.0,2.76,2.75,2.76,6885000000.0,6563000000.0,6885000000.0,14871725600.0,9.0,6.534,814000000.0,2.669,1.0,6088000000.0,0.371,198000000.0,280000000.0,10703000000.0,10775750000.0,2804000000.0,327000000.0,0.0,327000000.0,4678000000.0,1879000000.0,2799000000.0,12968725600.0,617000000.0,0.0,-107000000.0,-128000000.0,0.0,-235000000.0,-941000000.0,27000000.0,1793000000.0,0.0,841000000.0,841000000.0,841000000.0,0.0,0.0,0.051,4455000000.0,1633000000.0,1003000000.0,0.0,1.884,15.421,15.42,7001000000.0,0.0,42.56,0.791,0.791,0.0,7585000000.0,16403000000.0,16403000000.0,0.0,0.074,0.128,0.152,0.1,58000000.0,3808000000.0,1.0,304716297.0,305000000.0,,53.78,11365000000.0,74000000.0,512000000.0,405000000.0,37.262,2043000000.0
50,KSS,MRT,2008-12-31,2009-01-31,2009-01-31,2021-09-02,-46000000.0,11363000000.0,11188750000.0,3728000000.0,7635000000.0,1.465,22.116,-1066000000.0,643000000.0,643000000.0,10334000000.0,857000000.0,2.022,0.686,2070000000.0,17000000.0,2053000000.0,2070000000.0,0.0,632000000.0,0.0,0.0,0.0,1654000000.0,2286000000.0,0.139,2286000000.0,1654000000.0,1379000000.0,2.8,2.8,2.8,6739000000.0,6365250000.0,6739000000.0,13319112881.0,8.0,5.826,686000000.0,2.251,1.0,6055000000.0,0.369,201000000.0,275000000.0,10745000000.0,10725250000.0,2799000000.0,333000000.0,0.0,333000000.0,4624000000.0,1844000000.0,2780000000.0,11186198881.0,462000000.0,0.0,-257000000.0,-18000000.0,0.0,-275000000.0,-1015000000.0,40000000.0,1752000000.0,0.0,857000000.0,857000000.0,857000000.0,0.0,0.0,0.052,4401000000.0,1654000000.0,881000000.0,0.0,1.66,13.053,13.111,6984000000.0,0.0,36.71,0.683,0.683,0.0,7448000000.0,16389000000.0,16389000000.0,0.0,0.077,0.135,0.154,0.101,55000000.0,3769000000.0,1.0,304718030.0,304718030.0,,53.784,11162000000.0,74000000.0,522000000.0,425000000.0,36.631,1884000000.0
51,KSS,MRT,2008-09-30,2008-11-01,2008-11-01,2021-09-02,-38000000.0,11886000000.0,10988000000.0,4232000000.0,7654000000.0,1.514,20.967,-1157031000.0,243000000.0,243000000.0,10525863000.0,960818000.0,1.548,0.859,2376000000.0,319000000.0,2057000000.0,2376000000.0,0.0,525259000.0,0.0,0.0,0.0,1665327000.0,2190586000.0,0.132,2190586000.0,1665327000.0,1542723000.0,3.11,3.08,3.11,6395000000.0,6206000000.0,6395000000.0,12545797790.0,8.0,5.727,575681000.0,1.887,1.0,6114725000.0,0.367,208000000.0,122604000.0,11078000000.0,10652500000.0,3712000000.0,381000000.0,36000000.0,345000000.0,5491000000.0,2733000000.0,2758000000.0,10699096790.0,-109816000.0,0.0,-390123000.0,112613000.0,0.0,-270755000.0,-1571773000.0,-451551000.0,1732712000.0,0.0,960818000.0,960818000.0,960818000.0,0.0,0.0,0.058,4469398000.0,1645327000.0,1644000000.0,0.0,1.673,11.135,11.296,6991000000.0,0.0,35.13,0.643,0.644,0.0,7112000000.0,16640588000.0,16640588000.0,0.0,0.087,0.155,0.156,0.1,54673000.0,3902031000.0,1.0,304557267.0,305000000.0,,54.559,11678000000.0,76000000.0,581905000.0,315000000.0,38.289,1499000000.0
52,KSS,MRT,2008-06-30,2008-08-02,2008-08-02,2021-09-02,-20000000.0,10876000000.0,10794995750.0,3212000000.0,7664000000.0,1.543,20.369,-1327659000.0,217000000.0,217000000.0,10551994000.0,994823000.0,1.66,0.745,2064000000.0,14000000.0,2050000000.0,2064000000.0,0.0,504792000.0,0.0,0.0,0.0,1711190000.0,2215982000.0,0.133,2215982000.0,1711190000.0,1597878000.0,3.19,3.17,3.19,6233000000.0,6059476250.0,6233000000.0,14847164594.0,9.0,6.7,337939000.0,1.104,1.0,6109756000.0,0.367,211000000.0,113312000.0,10577000000.0,10405726750.0,2718000000.0,462000000.0,71000000.0,391000000.0,4643000000.0,1935000000.0,2708000000.0,12916111594.0,-70751000.0,0.0,-629025000.0,681961000.0,0.0,52079000.0,-1788428000.0,-491674000.0,1665598000.0,0.0,994823000.0,994823000.0,994823000.0,0.0,0.0,0.06,4418566000.0,1691190000.0,1023000000.0,0.0,2.072,12.983,13.201,6951000000.0,0.0,42.11,0.775,0.773,0.0,6952000000.0,16661750000.0,16661750000.0,0.0,0.092,0.164,0.164,0.103,52852000.0,3853737000.0,1.0,306723144.0,306000000.0,,54.45,10665000000.0,72000000.0,603055000.0,357000000.0,34.853,1277000000.0
53,KSS,MRT,2008-03-31,2008-05-03,2008-05-03,2021-09-02,-18000000.0,10630000000.0,10513996000.0,3296000000.0,7334000000.0,1.572,19.722,-1539089000.0,239000000.0,239000000.0,10494795000.0,1028047000.0,1.785,0.744,2170000000.0,122000000.0,2048000000.0,2170000000.0,0.0,478126000.0,0.0,0.0,0.0,1748915000.0,2227041000.0,0.135,2227041000.0,1748915000.0,1651062000.0,3.26,3.23,3.26,6094000000.0,5959342000.0,6094000000.0,17364080796.0,10.0,7.797,-63725000.0,-0.206,1.0,6031165000.0,0.365,213000000.0,97853000.0,10501000000.0,9829497250.0,2817000000.0,429000000.0,34000000.0,395000000.0,4536000000.0,1847000000.0,2689000000.0,15480047796.0,-69719000.0,0.0,-881651000.0,1086590000.0,0.0,204083000.0,-1749166000.0,-238488000.0,1475364000.0,0.0,1028047000.0,1028047000.0,1028047000.0,0.0,0.0,0.062,4302250000.0,1728915000.0,945000000.0,0.0,2.54,15.058,15.371,6619000000.0,0.0,50.11,0.937,0.937,0.0,6716000000.0,16525960000.0,16525960000.0,0.0,0.098,0.173,0.178,0.106,53756000.0,3761527000.0,1.0,308921329.0,309000000.0,,53.482,10417000000.0,65000000.0,623015000.0,347000000.0,33.712,1449000000.0
54,KSS,MRT,2007-12-31,2008-02-02,2008-02-02,2021-09-02,0.0,10560000000.0,10169394000.0,3724000000.0,6836000000.0,1.62,19.454,-1542000000.0,181000000.0,181000000.0,10460000000.0,1084000000.0,2.103,0.731,2065000000.0,13000000.0,2052000000.0,2065000000.0,0.0,453000000.0,0.0,0.0,0.0,1824000000.0,2277000000.0,0.138,2277000000.0,1824000000.0,1742000000.0,3.41,3.39,3.41,6102000000.0,5913445500.0,6102000000.0,16338788838.0,9.0,7.176,-337000000.0,-1.074,1.0,6014000000.0,0.365,219000000.0,82000000.0,10454000000.0,9211620500.0,2856000000.0,483000000.0,483000000.0,0.0,4458000000.0,1771000000.0,2687000000.0,14406894838.0,-66000000.0,0.0,-650000000.0,969000000.0,0.0,325000000.0,-1596000000.0,-80000000.0,1205000000.0,0.0,1084000000.0,1084000000.0,1084000000.0,0.0,0.0,0.066,4210000000.0,1804000000.0,836000000.0,0.0,2.361,13.29,13.469,6510000000.0,0.0,45.93,0.875,0.875,0.0,6563000000.0,16474000000.0,16474000000.0,0.0,0.107,0.183,0.198,0.111,48000000.0,3697000000.0,1.0,313670691.0,313670691.0,,52.52,10341000000.0,71000000.0,658000000.0,386000000.0,32.968,1953000000.0
55,KSS,MRT,2007-09-30,2007-11-03,2007-11-03,2021-09-02,0.0,11113983000.0,9787900000.0,4435228000.0,6678755000.0,1.679,18.328,-1426458000.0,294986000.0,294986000.0,10373421000.0,1157084000.0,1.623,0.913,2226880000.0,181345000.0,2045535000.0,2226880000.0,0.0,431556000.0,0.0,0.0,0.0,1934656000.0,2366212000.0,0.144,2366212000.0,1934656000.0,1858655000.0,3.58,3.54,3.58,5808905000.0,5788794250.0,5808905000.0,17899181772.0,9.0,7.564,-396793000.0,-1.252,1.0,6061653000.0,0.369,222636000.0,76001000.0,10090907000.0,8539026250.0,3908529000.0,25679000.0,25679000.0,0.0,5305078000.0,2732334000.0,2572744000.0,16782389772.0,95969000.0,0.0,-944151000.0,1145635000.0,0.0,206249000.0,-1139945000.0,294466000.0,1029665000.0,0.0,1157084000.0,1157084000.0,1157084000.0,0.0,0.0,0.07,4152997000.0,1908656000.0,1708891000.0,0.0,2.889,14.504,14.751,6383580000.0,0.0,52.81,1.021,1.018,0.0,6151716000.0,16435074000.0,16435074000.0,0.0,0.118,0.2,0.227,0.118,40765000.0,3664639000.0,1.0,317788104.0,316948000.0,,51.854,10891347000.0,62291000.0,701571000.0,321266000.0,34.363,1702894000.0
56,KSS,MRT,2007-06-30,2007-08-04,2007-08-04,2021-09-02,0.0,9752001000.0,9378923500.0,3278012000.0,6473989000.0,1.734,18.199,-1228852000.0,229921000.0,229921000.0,10265876000.0,1187575000.0,1.381,0.672,1346713000.0,305866000.0,1040847000.0,1346713000.0,0.0,410563000.0,0.0,0.0,0.0,1973177000.0,2383740000.0,0.147,2383740000.0,1973177000.0,1905695000.0,3.66,3.61,3.66,5832463000.0,5718888500.0,5832463000.0,19292865652.0,10.0,8.094,35877000.0,0.112,1.0,5994530000.0,0.369,222892000.0,67482000.0,8272082000.0,7931539500.0,2802643000.0,35556000.0,35556000.0,0.0,3919538000.0,2373819000.0,1545719000.0,18492918652.0,66783000.0,0.0,-741572000.0,274635000.0,0.0,-447628000.0,-750318000.0,484873000.0,1264729000.0,0.0,1187575000.0,1187575000.0,1187575000.0,0.0,0.0,0.073,4047353000.0,1947177000.0,1075228000.0,0.0,3.171,15.572,15.661,6190119000.0,0.0,57.32,1.137,1.13,0.0,5957711000.0,16260406000.0,16260406000.0,0.0,0.127,0.208,0.249,0.121,29610000.0,3589618000.0,1.0,322625936.0,320488000.0,,50.736,9529109000.0,46733000.0,718120000.0,379707000.0,29.733,904193000.0
57,KSS,MRT,2007-03-31,2007-05-05,2007-05-05,2021-09-02,0.0,9251592000.0,9103089750.0,3388595000.0,5862997000.0,1.755,18.368,-1158276000.0,250889000.0,250889000.0,10135240000.0,1150709000.0,1.886,0.565,1050836000.0,9921000.0,1040915000.0,1050836000.0,0.0,400467000.0,0.0,0.0,0.0,1904871000.0,2305338000.0,0.144,2305338000.0,1904871000.0,1841919000.0,3.52,3.47,3.52,5910414000.0,5590399000.0,5910414000.0,24626652340.0,13.0,10.682,294775000.0,0.916,1.0,5837463000.0,0.365,225758000.0,62952000.0,8029493000.0,7724598000.0,2699293000.0,252741000.0,252741000.0,0.0,3341178000.0,1796288000.0,1544890000.0,23756924340.0,55356000.0,0.0,-1389134000.0,-20901000.0,0.0,-1384131000.0,-13564000.0,1149547000.0,1453051000.0,0.0,1150709000.0,1150709000.0,1150709000.0,0.0,0.0,0.072,3958592000.0,1878871000.0,1022304000.0,0.0,4.02,20.645,21.017,5576938000.0,0.0,73.98,1.487,1.49,0.0,5688487000.0,15972703000.0,15972703000.0,0.0,0.126,0.206,0.247,0.119,18278000.0,3511584000.0,1.0,321126309.0,321775000.0,,49.639,9025834000.0,11590000.0,691210000.0,377471000.0,28.05,1592307000.0
58,KSS,MRT,2006-12-31,2007-02-03,2007-02-03,2021-09-02,0.0,9034024000.0,9088183500.0,3393887000.0,5640137000.0,1.716,17.135,-1163000000.0,189170000.0,189170000.0,9922000000.0,1109000000.0,1.776,0.612,1058898000.0,18841000.0,1040057000.0,1058898000.0,0.0,389000000.0,0.0,0.0,0.0,1841000000.0,2230000000.0,0.143,2230000000.0,1841000000.0,1774000000.0,3.34,3.31,3.34,5603395000.0,5632641250.0,5603395000.0,24772176706.0,13.0,11.109,1957000000.0,5.984,1.0,5675000000.0,0.364,228624000.0,67000000.0,7763623000.0,7763235250.0,2578378000.0,431230000.0,431230000.0,0.0,3430629000.0,1911505000.0,1519124000.0,23921603706.0,62000000.0,0.0,-1533000000.0,-111000000.0,0.0,-1618000000.0,-1440000000.0,-270000000.0,3120000000.0,0.0,1109000000.0,1109000000.0,1109000000.0,0.0,0.0,0.071,3860000000.0,1815000000.0,934376000.0,0.0,4.269,21.57,21.901,5352974000.0,0.0,73.15,1.534,1.534,0.0,5479534000.0,15597000000.0,15597000000.0,0.0,0.122,0.197,0.237,0.118,19000000.0,3422000000.0,1.0,327021240.0,327021240.0,,47.694,8805400000.0,40190000.0,665000000.0,476793000.0,26.926,1482382000.0
59,KSS,MRT,2006-09-30,2006-10-28,2006-10-28,2021-09-02,0.0,9478077000.0,9118051000.0,3922743000.0,5555334000.0,1.628,16.914,-1128870000.0,198686000.0,198686000.0,9500896000.0,999012000.0,1.611,0.714,1049259000.0,8809000.0,1040450000.0,1049259000.0,0.0,375743000.0,0.0,0.0,0.0,1652201000.0,2027944000.0,0.137,2027944000.0,1652201000.0,1599378000.0,2.96,2.93,2.96,5529282000.0,5721127000.0,5529282000.0,24534630471.0,15.0,12.098,1906420000.0,5.832,1.0,5341563000.0,0.36,232062000.0,52823000.0,7660960000.0,7875347250.0,3234793000.0,318992000.0,318992000.0,0.0,3948795000.0,2435628000.0,1513167000.0,23647880471.0,65973000.0,0.0,-1101638000.0,-440071000.0,0.0,-1516630000.0,-1452687000.0,-318990000.0,3035290000.0,0.0,999012000.0,999012000.0,999012000.0,0.0,0.0,0.067,3692896000.0,1648667000.0,1648788000.0,0.0,4.277,23.671,24.402,5266048000.0,0.0,72.23,1.593,1.591,0.0,4994951000.0,14842459000.0,14842459000.0,0.0,0.11,0.175,0.21,0.111,17369000.0,3268999000.0,1.0,327396933.0,326904000.0,,45.403,9246015000.0,20909000.0,600366000.0,300978000.0,28.284,1487115000.0
60,KSS,MRT,2006-06-30,2006-07-29,2006-07-29,2021-09-02,0.0,8648666000.0,9099588500.0,3257195000.0,5391471000.0,1.573,15.953,-1144276000.0,162807000.0,162807000.0,9188076000.0,929643000.0,1.755,0.626,1049557000.0,8243000.0,1041314000.0,1049557000.0,0.0,366476000.0,0.0,0.0,0.0,1550248000.0,1916724000.0,0.134,1916724000.0,1550248000.0,1489583000.0,2.72,2.7,2.72,5318505000.0,5729623000.0,5318505000.0,19653074917.0,13.0,10.253,1592538000.0,4.777,1.0,5123249000.0,0.358,235446000.0,60665000.0,7444316000.0,7991778250.0,2408149000.0,519276000.0,519276000.0,0.0,3330161000.0,1855654000.0,1474507000.0,18795884917.0,52488000.0,0.0,-1068796000.0,-107263000.0,0.0,-1157659000.0,-1526667000.0,-379262000.0,2736814000.0,0.0,929643000.0,929643000.0,929643000.0,0.0,0.0,0.065,3576535000.0,1546714000.0,1012174000.0,0.0,3.534,20.218,20.298,5104521000.0,0.0,55.21,1.313,1.286,0.0,4770455000.0,14311325000.0,14311325000.0,0.0,0.102,0.162,0.194,0.108,25587000.0,3164113000.0,1.0,340443487.0,333394000.0,,42.926,8413220000.0,10591000.0,559940000.0,318223000.0,25.235,1401541000.0
61,KSS,MRT,2006-03-31,2006-04-29,2006-04-29,2021-09-02,0.0,9191967000.0,9053431000.0,4129457000.0,5062510000.0,1.535,17.607,-958867000.0,195202000.0,195202000.0,8945404000.0,884471000.0,2.508,0.512,1052392000.0,8440000.0,1043952000.0,1052392000.0,0.0,353044000.0,0.0,0.0,0.0,1484229000.0,1837273000.0,0.132,1837273000.0,1484229000.0,1413272000.0,2.56,2.55,2.56,6079383000.0,5748697250.0,6079383000.0,20318559316.0,14.0,11.059,1807888000.0,5.236,1.0,4952492000.0,0.356,218563000.0,70957000.0,8184042000.0,8037249250.0,2347891000.0,1401136000.0,1401136000.0,0.0,3112584000.0,1646552000.0,1466032000.0,19291353316.0,75473000.0,0.0,-46678000.0,-295771000.0,0.0,-324603000.0,-2366679000.0,-1401136000.0,2766755000.0,0.0,884471000.0,884471000.0,884471000.0,0.0,0.0,0.064,3471797000.0,1480695000.0,868691000.0,0.0,3.173,21.811,21.812,4791447000.0,0.0,55.84,1.388,1.387,0.0,4538098000.0,13897896000.0,13897896000.0,0.0,0.098,0.154,0.185,0.107,26405000.0,3076827000.0,1.0,345475525.0,345277000.0,,40.251,8973404000.0,0.0,528801000.0,307991000.0,25.989,2482905000.0
62,KSS,MRT,2005-12-31,2006-01-28,2006-01-28,2021-09-02,0.0,9153494000.0,8780583750.0,4266553000.0,4886941000.0,1.531,17.28,-854564000.0,126839000.0,126839000.0,8664077000.0,841960000.0,2.442,0.537,1154045000.0,107941000.0,1046104000.0,1154045000.0,0.0,339826000.0,0.0,0.0,0.0,1419715000.0,1759541000.0,0.131,1759541000.0,1419715000.0,1345790000.0,2.45,2.43,2.45,5957338000.0,5523642750.0,5957338000.0,16582962721.0,12.0,9.425,53551000.0,0.155,1.0,4780320000.0,0.356,221718000.0,73925000.0,8212071000.0,7878075000.0,2237568000.0,160077000.0,160077000.0,0.0,3196156000.0,1746911000.0,1449245000.0,15238068721.0,10122000.0,0.0,22858000.0,-5102000.0,0.0,32214000.0,-930207000.0,-71310000.0,908115000.0,0.0,841960000.0,841960000.0,841960000.0,0.0,0.0,0.063,3364139000.0,1416181000.0,829971000.0,0.0,2.558,18.098,18.041,4616303000.0,0.0,44.2,1.133,1.133,1652065000.0,4370853000.0,13444397000.0,13444397000.0,0.0,0.096,0.152,0.18,0.106,29483000.0,2980853000.0,1.0,344752686.0,344752686.0,,38.997,8931776000.0,23677000.0,503830000.0,384709000.0,25.908,2519642000.0
63,KSS,MRT,2005-09-30,2005-10-29,2005-10-29,2021-09-02,0.0,9404227000.0,8487035000.0,4573249000.0,4830978000.0,1.512,16.152,-939944000.0,132713000.0,132713000.0,8274013000.0,785873000.0,1.907,0.69,1477607000.0,437375000.0,1040232000.0,1477607000.0,0.0,326463000.0,0.0,0.0,0.0,1326815000.0,1653278000.0,0.129,1653278000.0,1326815000.0,1255616000.0,2.28,2.27,2.28,5563266000.0,5292782750.0,5563266000.0,16744694151.0,13.0,10.128,12035000.0,0.035,1.0,4554969000.0,0.355,224798000.0,71199000.0,8126684000.0,7644854250.0,2854317000.0,0.0,0.0,0.0,3840961000.0,2397639000.0,1443322000.0,15713302151.0,20993000.0,0.0,24840000.0,-27098000.0,0.0,-7207000.0,-923779000.0,57816000.0,951979000.0,0.0,785873000.0,785873000.0,785873000.0,0.0,0.0,0.061,3230463000.0,1324506000.0,1330384000.0,0.0,2.824,19.995,19.996,4557827000.0,0.0,45.59,1.225,1.224,1492150000.0,3995940000.0,12828982000.0,12828982000.0,0.0,0.093,0.148,0.174,0.103,47309000.0,2859213000.0,1.0,344665544.0,344441000.0,,37.246,9179429000.0,16259000.0,469743000.0,275909000.0,26.65,2175610000.0
64,KSS,MRT,2005-06-30,2005-07-30,2005-07-30,2021-09-02,0.0,8464036000.0,8219754000.0,3833402000.0,4630634000.0,1.515,15.68,-892465000.0,110319000.0,110319000.0,8045578000.0,765337000.0,2.336,0.569,1141711000.0,105539000.0,1036172000.0,1141711000.0,0.0,313494000.0,0.0,0.0,0.0,1290841000.0,1604335000.0,0.129,1604335000.0,1290841000.0,1222602000.0,2.22,2.21,2.22,5394802000.0,5076227000.0,5394802000.0,20565411437.0,16.0,12.819,-89111000.0,-0.259,1.0,4407926000.0,0.354,227915000.0,68239000.0,7626200000.0,7434827250.0,2197331000.0,140014000.0,140014000.0,0.0,3069234000.0,1641313000.0,1427921000.0,19372069437.0,5146000.0,0.0,49053000.0,-4106000.0,0.0,61643000.0,-859851000.0,24029000.0,803354000.0,0.0,765337000.0,765337000.0,765337000.0,0.0,0.0,0.061,3119394000.0,1288532000.0,966572000.0,0.0,3.591,25.312,25.383,4360637000.0,0.0,56.35,1.556,1.557,1296406000.0,3840813000.0,12453504000.0,12453504000.0,0.0,0.093,0.151,0.174,0.104,24365000.0,2764934000.0,1.0,343781179.0,344066000.0,,36.195,8236121000.0,7013000.0,457265000.0,306357000.0,23.938,2192089000.0
65,KSS,MRT,2005-03-31,2005-04-30,2005-04-30,2021-09-02,0.0,8100578000.0,7919644750.0,3651167000.0,4449411000.0,1.523,15.076,-927464000.0,119729000.0,119729000.0,7813894000.0,725051000.0,2.409,0.564,1313071000.0,295038000.0,1018033000.0,1313071000.0,0.0,302248000.0,0.0,0.0,0.0,1232597000.0,1534845000.0,0.127,1534845000.0,1232597000.0,1165678000.0,2.11,2.1,2.11,5179165000.0,4854259250.0,5179165000.0,17335948556.0,14.0,11.295,-111893000.0,-0.326,1.0,4249390000.0,0.352,231113000.0,66919000.0,7547345000.0,7195946750.0,2112753000.0,0.0,0.0,0.0,2921413000.0,1515462000.0,1405951000.0,16345760556.0,19919000.0,0.0,42733000.0,76507000.0,0.0,128399000.0,-924051000.0,0.0,815571000.0,0.0,725051000.0,725051000.0,725051000.0,0.0,0.0,0.06,3019102000.0,1230288000.0,686743000.0,0.0,3.156,22.544,22.559,4179569000.0,0.0,47.6,1.355,1.356,1309303000.0,3653627000.0,12063284000.0,12063284000.0,0.0,0.092,0.149,0.171,0.102,31446000.0,2675286000.0,1.0,343398331.0,343526000.0,,35.116,7869465000.0,3322000.0,440627000.0,282389000.0,22.908,2135705000.0
66,KSS,MRT,2004-12-31,2005-01-29,2005-01-29,2021-09-02,0.0,7979299000.0,7643289000.0,3643437000.0,4335862000.0,1.531,14.672,-919005000.0,116717000.0,116717000.0,7586992000.0,703401000.0,2.502,0.585,1106905000.0,3464000.0,1103441000.0,1106905000.0,0.0,288892000.0,0.0,0.0,0.0,1195636000.0,1484528000.0,0.127,1484528000.0,1195636000.0,1130875000.0,2.06,2.04,2.06,5033898000.0,4645934500.0,5033898000.0,17001746208.0,14.0,11.453,18090000.0,0.053,1.0,4113627000.0,0.352,234241000.0,64761000.0,7279188000.0,6959528500.0,1946977000.0,88767000.0,88767000.0,0.0,2945401000.0,1456058000.0,1489343000.0,15651803208.0,3969000.0,0.0,47094000.0,-13292000.0,0.0,44365000.0,-977491000.0,-54482000.0,937095000.0,0.0,703401000.0,703401000.0,703401000.0,0.0,0.0,0.06,2920300000.0,1193327000.0,704655000.0,0.0,3.109,22.252,22.146,3987945000.0,0.0,45.62,1.338,1.338,1389632000.0,3528893000.0,11700619000.0,11700619000.0,0.0,0.092,0.151,0.172,0.102,32812000.0,2582996000.0,1.0,343090820.0,343090820.0,,34.104,7745058000.0,54050000.0,427474000.0,406563000.0,22.574,2187379000.0
67,KSS,MRT,2004-09-30,2004-10-30,2004-10-30,2021-09-02,0.0,8335103000.0,7321151750.0,4155674000.0,4179429000.0,1.528,13.722,-996292000.0,111720000.0,111720000.0,7339166000.0,586710000.0,1.923,0.775,1461663000.0,357380000.0,1104283000.0,1461663000.0,0.0,278116000.0,0.0,0.0,0.0,1007953000.0,1286069000.0,0.115,1286069000.0,1007953000.0,943253000.0,1.71,1.71,1.71,4697043000.0,4424587250.0,4697043000.0,18332898355.0,18.0,14.255,-102825000.0,-0.3,1.0,3844688000.0,0.344,237368000.0,64700000.0,7286576000.0,6714496250.0,2640348000.0,0.0,0.0,0.0,3638060000.0,2161102000.0,1476958000.0,17343807355.0,3188000.0,0.0,46620000.0,24726000.0,0.0,111514000.0,-1001793000.0,-57818000.0,893467000.0,0.0,586710000.0,586710000.0,586710000.0,0.0,0.0,0.052,2840175000.0,1004513000.0,1346486000.0,0.0,3.692,29.561,29.684,3835287000.0,0.0,50.76,1.551,1.554,1284734000.0,3210067000.0,11183854000.0,11183854000.0,0.0,0.08,0.133,0.15,0.09,48740000.0,2508087000.0,1.0,341682572.0,342312000.0,,32.672,8097735000.0,40953000.0,356543000.0,232193000.0,23.656,1994572000.0
68,KSS,MRT,2004-06-30,2004-07-31,2004-07-31,2021-09-02,0.0,7263599000.0,7022497250.0,3259188000.0,4004411000.0,1.543,13.216,-965894000.0,105173000.0,105173000.0,7159443000.0,573289000.0,2.428,0.612,1094264000.0,2843000.0,1091421000.0,1094264000.0,0.0,265940000.0,0.0,0.0,0.0,987059000.0,1252999000.0,0.116,1252999000.0,987059000.0,921675000.0,1.68,1.67,1.68,4506931000.0,4234893000.0,4506931000.0,16705371776.0,17.0,13.332,90751000.0,0.266,1.0,3674479000.0,0.339,239871000.0,65384000.0,6670678000.0,6498115000.0,1776212000.0,164043000.0,164043000.0,0.0,2756668000.0,1342141000.0,1414527000.0,15603758776.0,-2805000.0,0.0,35832000.0,-16106000.0,0.0,37996000.0,-1097446000.0,-129007000.0,1056645000.0,0.0,573289000.0,573289000.0,573289000.0,0.0,0.0,0.053,2690860000.0,983619000.0,788707000.0,0.0,3.462,27.218,27.238,3657880000.0,0.0,45.76,1.44,1.44,1093455000.0,3075477000.0,10833922000.0,10833922000.0,0.0,0.082,0.135,0.152,0.091,60442000.0,2372529000.0,1.0,340991232.0,341030000.0,,31.768,7023728000.0,37804000.0,348386000.0,285937000.0,20.596,1917047000.0
69,KSS,MRT,2004-03-31,2004-05-01,2004-05-01,2021-09-02,0.0,6995155000.0,6756393750.0,3206924000.0,3788231000.0,1.561,12.766,-902292000.0,99810000.0,99810000.0,7043290000.0,538534000.0,2.561,0.61,1201423000.0,112760000.0,1088663000.0,1201423000.0,0.0,257727000.0,0.0,0.0,0.0,939382000.0,1197109000.0,0.114,1197109000.0,939382000.0,865773000.0,1.58,1.57,1.58,4345866000.0,4056526250.0,4345866000.0,15194076067.0,16.0,12.692,44197000.0,0.13,1.0,3501233000.0,0.332,242664000.0,73609000.0,6601672000.0,6306783000.0,1862195000.0,0.0,0.0,0.0,2649289000.0,1252432000.0,1396857000.0,14218322067.0,5136000.0,0.0,43027000.0,-252671000.0,0.0,-189879000.0,-751474000.0,153205000.0,946489000.0,0.0,538534000.0,538534000.0,538534000.0,0.0,0.0,0.051,2565291000.0,935942000.0,746449000.0,0.0,3.272,26.402,26.449,3440274000.0,0.0,41.79,1.348,1.349,1113928000.0,2928568000.0,10544523000.0,10544523000.0,0.0,0.08,0.133,0.149,0.089,47971000.0,2263530000.0,1.0,340232641.0,340434000.0,,30.974,6752491000.0,30612000.0,327239000.0,208692000.0,19.835,1954492000.0
70,KSS,MRT,2003-12-31,2004-01-31,2004-01-31,2021-09-02,0.0,6690750000.0,6573190250.0,3024896000.0,3665854000.0,1.564,12.201,-857223000.0,112748000.0,112748000.0,6887033000.0,546463000.0,2.695,0.613,1088502000.0,12529000.0,1075973000.0,1088502000.0,0.0,246594000.0,0.0,0.0,0.0,954884000.0,1201478000.0,0.117,1201478000.0,954884000.0,878513000.0,1.61,1.59,1.61,4148509000.0,3885728250.0,4148509000.0,16359200686.0,17.0,13.616,-117559000.0,-0.346,1.0,3395061000.0,0.33,244829000.0,76371000.0,6299059000.0,6186079250.0,1606990000.0,34285000.0,34285000.0,0.0,2542241000.0,1122616000.0,1419625000.0,15062484686.0,22663000.0,0.0,46257000.0,-362538000.0,0.0,-301484000.0,-415517000.0,441706000.0,739664000.0,0.0,546463000.0,546463000.0,546463000.0,0.0,0.0,0.053,2443617000.0,951444000.0,532599000.0,0.0,3.631,27.564,27.516,3316486000.0,0.0,44.3,1.465,1.465,1150157000.0,2974589000.0,10282094000.0,10282094000.0,0.0,0.083,0.141,0.154,0.093,40561000.0,2157030000.0,1.0,340010941.0,340010941.0,,30.24,6445921000.0,49822000.0,332050000.0,345420000.0,18.958,1902280000.0
71,KSS,MRT,2003-09-30,2003-11-01,2003-11-01,2021-09-02,0.0,7140485000.0,6479427250.0,3706806000.0,3433679000.0,1.529,11.592,-783828000.0,108532000.0,108532000.0,6560271000.0,615368000.0,2.033,0.813,1405248000.0,325611000.0,1079637000.0,1405248000.0,0.0,232499000.0,0.0,0.0,0.0,1066089000.0,1298588000.0,0.131,1298588000.0,1066089000.0,989308000.0,1.83,1.79,1.83,3938266000.0,3726580250.0,3938266000.0,20002871354.0,19.0,15.404,77836000.0,0.229,1.0,3344361000.0,0.338,193147000.0,76781000.0,6421051000.0,6096793500.0,2424802000.0,0.0,0.0,0.0,3202219000.0,1823003000.0,1379216000.0,19034235354.0,16031000.0,0.0,44970000.0,-110725000.0,0.0,-65755000.0,-779878000.0,0.0,861664000.0,0.0,615368000.0,615368000.0,615368000.0,0.0,0.0,0.062,2281712000.0,1062649000.0,1118091000.0,0.0,4.833,30.931,30.639,3137052000.0,0.0,56.07,1.922,1.923,1048711000.0,2770595000.0,9904632000.0,9904632000.0,0.0,0.095,0.165,0.175,0.108,0.0,2007875000.0,1.0,339472719.0,339751000.0,,29.153,6947338000.0,39307000.0,373940000.0,291434000.0,20.448,1883803000.0
72,KSS,MRT,2003-06-30,2003-08-02,2003-08-02,2021-09-02,0.0,6199185000.0,6217559000.0,2921412000.0,3277773000.0,1.553,11.192,-772991000.0,107978000.0,107978000.0,6380760000.0,627619000.0,2.738,0.634,1076614000.0,12440000.0,1064174000.0,1076614000.0,0.0,221705000.0,0.0,0.0,0.0,1083800000.0,1305505000.0,0.135,1305505000.0,1083800000.0,1009005000.0,1.87,1.83,1.87,3793464000.0,3548757750.0,3793464000.0,21437552772.0,20.0,16.421,-26268000.0,-0.077,1.0,3273312000.0,0.339,195426000.0,74795000.0,5905350000.0,5925490750.0,1716763000.0,35036000.0,35036000.0,0.0,2405721000.0,1067045000.0,1338676000.0,20109471772.0,22939000.0,0.0,36192000.0,-63921000.0,0.0,-27729000.0,-696055000.0,78194000.0,746723000.0,0.0,627619000.0,627619000.0,627619000.0,0.0,0.0,0.065,2192952000.0,1080360000.0,701852000.0,0.0,5.301,32.041,31.738,2980460000.0,0.0,59.35,2.083,2.084,950142000.0,2649425000.0,9654072000.0,9654072000.0,0.0,0.101,0.177,0.183,0.112,0.0,1939130000.0,1.0,338828505.0,338954000.0,,28.482,6003759000.0,34146000.0,381386000.0,262799000.0,17.713,1854367000.0
73,KSS,MRT,2003-03-31,2003-05-03,2003-05-03,2021-09-02,0.0,6262341000.0,5986210500.0,3141775000.0,3120566000.0,1.565,10.836,-705488000.0,94674000.0,94674000.0,6143877000.0,639862000.0,2.453,0.71,1422755000.0,357919000.0,1064836000.0,1422755000.0,0.0,206001000.0,0.0,0.0,0.0,1093315000.0,1299316000.0,0.139,1299316000.0,1093315000.0,1028715000.0,1.91,1.86,1.91,3662674000.0,3370270250.0,3662674000.0,20030540835.0,18.0,15.416,-187939000.0,-0.556,1.0,3223566000.0,0.344,190833000.0,64600000.0,6118857000.0,5747093000.0,1810978000.0,153205000.0,153205000.0,0.0,2599667000.0,1280732000.0,1318935000.0,18706377835.0,-5867000.0,0.0,29536000.0,276657000.0,0.0,306193000.0,-829609000.0,-128205000.0,517549000.0,0.0,639862000.0,639862000.0,639862000.0,0.0,0.0,0.068,2133691000.0,1089875000.0,608383000.0,0.0,5.107,29.235,29.031,2824510000.0,0.0,55.45,1.997,2.001,973256000.0,2537280000.0,9367443000.0,9367443000.0,0.0,0.107,0.19,0.19,0.117,0.0,1889005000.0,1.0,337355777.0,338013000.0,,27.713,6071508000.0,36064000.0,388853000.0,226484000.0,17.962,1861043000.0
74,KSS,MRT,2002-12-31,2003-02-01,2003-02-01,2021-09-02,0.0,6315698000.0,5690416500.0,3284289000.0,3031409000.0,1.603,10.415,-748441000.0,90085000.0,90085000.0,5981219000.0,635470000.0,2.178,0.798,1414248000.0,355464000.0,1058784000.0,1414248000.0,0.0,194468000.0,0.0,0.0,0.0,1081106000.0,1275574000.0,0.14,1275574000.0,1081106000.0,1021657000.0,1.89,1.85,1.89,3511917000.0,3190806500.0,3511917000.0,19038878043.0,18.0,14.926,-78858000.0,-0.234,1.0,3139068000.0,0.344,189758000.0,59449000.0,5941916000.0,5475085500.0,1626996000.0,475991000.0,475991000.0,0.0,2803781000.0,1508187000.0,1295594000.0,17658323043.0,-16637000.0,0.0,31299000.0,277536000.0,0.0,308835000.0,-995055000.0,-246614000.0,669583000.0,0.0,635470000.0,635470000.0,635470000.0,0.0,0.0,0.07,2061402000.0,1077666000.0,650731000.0,0.0,5.028,27.788,27.709,2739290000.0,0.0,52.37,1.936,1.936,990810000.0,2426267000.0,9120287000.0,9120287000.0,0.0,0.112,0.199,0.197,0.119,0.0,1826707000.0,1.0,337183942.0,337183942.0,,27.048,6125940000.0,56693000.0,386187000.0,314101000.0,18.168,1776102000.0
75,KSS,MRT,2002-09-30,2002-11-02,2002-11-02,2021-09-02,0.0,6093012000.0,5343888500.0,3241768000.0,2851244000.0,1.621,9.578,-734235000.0,92501000.0,92501000.0,5672730000.0,598252000.0,2.092,0.888,1473056000.0,369616000.0,1103440000.0,1473056000.0,0.0,183044000.0,0.0,0.0,0.0,1021820000.0,1204864000.0,0.139,1204864000.0,1021820000.0,962055000.0,1.79,1.74,1.79,3226976000.0,3010678750.0,3226976000.0,21567950428.0,21.0,17.901,-125803000.0,-0.373,1.0,2987303000.0,0.345,188328000.0,59765000.0,5735840000.0,5207239750.0,2078374000.0,0.0,0.0,0.0,2866036000.0,1549399000.0,1316637000.0,20552153428.0,84195000.0,0.0,34152000.0,177184000.0,0.0,211336000.0,-735573000.0,0.0,608432000.0,0.0,598252000.0,598252000.0,598252000.0,0.0,0.0,0.069,1972723000.0,1014580000.0,865431000.0,0.0,6.369,34.354,34.078,2568519000.0,0.0,61.0,2.373,2.373,975512000.0,2147316000.0,8660033000.0,8660033000.0,0.0,0.112,0.199,0.196,0.118,0.0,1755077000.0,1.0,336920548.0,336920548.0,,25.703,5904684000.0,46513000.0,363803000.0,198207000.0,17.525,1692369000.0
76,KSS,MRT,2002-06-30,2002-08-03,2002-08-03,2021-09-02,0.0,5273791000.0,5043782250.0,2578112000.0,2695679000.0,1.641,9.147,-701487000.0,85039000.0,85039000.0,5425671000.0,565061000.0,2.81,0.713,1100836000.0,11141000.0,1089695000.0,1100836000.0,0.0,174174000.0,0.0,0.0,0.0,969381000.0,1143555000.0,0.138,1143555000.0,969381000.0,909734000.0,1.69,1.64,1.69,3079514000.0,2839585000.0,3079514000.0,22748758412.0,23.0,19.893,17631000.0,0.052,1.0,2851318000.0,0.344,180345000.0,59647000.0,5191759000.0,5033319750.0,1454419000.0,113230000.0,113230000.0,0.0,2194277000.0,917484000.0,1276793000.0,21744908412.0,80476000.0,0.0,30162000.0,-21899000.0,0.0,8263000.0,-646905000.0,51433000.0,719118000.0,0.0,565061000.0,565061000.0,565061000.0,0.0,0.0,0.068,1889177000.0,962141000.0,590942000.0,0.0,7.061,38.482,38.219,2425389000.0,0.0,64.59,2.627,2.627,828458000.0,2013895000.0,8276989000.0,8276989000.0,0.0,0.112,0.199,0.193,0.117,0.0,1680862000.0,1.0,336660604.0,336662000.0,,24.585,5093446000.0,40593000.0,344673000.0,204100000.0,15.129,1660628000.0
77,KSS,MRT,2002-03-31,2002-05-04,2002-05-04,2021-09-02,0.0,5079165000.0,4798180250.0,2482649000.0,2596516000.0,1.64,8.768,-680178000.0,100541000.0,100541000.0,5169813000.0,527186000.0,2.854,0.725,1104391000.0,16509000.0,1087882000.0,1104391000.0,0.0,165109000.0,0.0,0.0,0.0,908737000.0,1073846000.0,0.136,1073846000.0,908737000.0,849347000.0,1.58,1.53,1.58,2944819000.0,2679124250.0,2944819000.0,25137341412.0,28.0,23.409,-50076000.0,-0.149,1.0,2701096000.0,0.343,182350000.0,59390000.0,5030827000.0,4926565250.0,1418974000.0,25000000.0,25000000.0,0.0,2134346000.0,869838000.0,1264508000.0,24132225412.0,87048000.0,0.0,36380000.0,-15910000.0,0.0,20470000.0,-563524000.0,119030000.0,630102000.0,0.0,527186000.0,527186000.0,527186000.0,0.0,0.0,0.067,1799599000.0,901497000.0,581108000.0,0.0,8.195,45.776,45.443,2327094000.0,0.0,71.8,3.066,3.064,836661000.0,1889507000.0,7870909000.0,7870909000.0,0.0,0.11,0.197,0.184,0.115,0.0,1601062000.0,1.0,336103418.0,335858000.0,,23.435,4896815000.0,32426000.0,322161000.0,161490000.0,14.58,1612811000.0
78,KSS,MRT,2001-12-31,2002-02-02,2002-02-02,2021-09-02,0.0,4929586000.0,4569870250.0,2464044000.0,2465542000.0,1.639,8.334,-690531000.0,106722000.0,106722000.0,4923527000.0,495676000.0,2.8,0.766,1111838000.0,16418000.0,1095420000.0,1111838000.0,0.0,157939000.0,0.0,0.0,0.0,857215000.0,1015154000.0,0.136,1015154000.0,857215000.0,799864000.0,1.48,1.45,1.48,2791406000.0,2522330750.0,2791406000.0,23206115496.0,27.0,22.86,-148714000.0,-0.444,1.0,2565127000.0,0.343,184198000.0,57351000.0,4870533000.0,4824371500.0,1198307000.0,229377000.0,229377000.0,0.0,2138180000.0,879971000.0,1258209000.0,21939556496.0,-16899000.0,0.0,36128000.0,276464000.0,0.0,312592000.0,-871308000.0,-180777000.0,541817000.0,0.0,495676000.0,495676000.0,495676000.0,0.0,0.0,0.066,1715152000.0,849975000.0,478870000.0,0.0,7.86,44.262,44.257,2199494000.0,0.0,65.5,2.93,2.93,835946000.0,1782886000.0,7488654000.0,7488654000.0,0.0,0.108,0.197,0.178,0.114,0.0,1527478000.0,1.0,334955061.0,334955061.0,,22.357,4745388000.0,52292000.0,304188000.0,239313000.0,14.167,1584073000.0
79,KSS,MRT,2001-09-30,2001-11-03,2001-11-03,2021-09-02,0.0,4892587000.0,4301262250.0,2603427000.0,2289160000.0,1.625,7.599,-578161000.0,8306000.0,8306000.0,4584865000.0,440348000.0,2.349,0.924,1274865000.0,181358000.0,1093507000.0,1274865000.0,0.0,150263000.0,0.0,0.0,0.0,764641000.0,914904000.0,0.131,914904000.0,764641000.0,713430000.0,1.33,1.29,1.33,2542601000.0,2375139000.0,2542601000.0,20487973756.0,27.0,22.394,-199440000.0,-0.596,1.0,2402605000.0,0.344,10638000.0,51211000.0,5040160000.0,4561325000.0,1701856000.0,0.0,0.0,0.0,2349986000.0,1108348000.0,1241638000.0,19380028756.0,4157000.0,0.0,35378000.0,197356000.0,0.0,232734000.0,-607298000.0,0.0,378721000.0,0.0,440348000.0,440348000.0,440348000.0,0.0,0.0,0.063,1641095000.0,761510000.0,678257000.0,0.0,7.622,44.011,43.549,2027466000.0,0.0,57.92,2.774,2.774,804966000.0,1549064000.0,6987470000.0,6987470000.0,0.0,0.102,0.185,0.168,0.109,-89191000.0,1460060000.0,1.0,334599944.0,334616000.0,,20.882,4881949000.0,43439000.0,273082000.0,151815000.0,14.59,1495079000.0
80,KSS,MRT,2001-06-30,2001-08-04,2001-08-04,2021-09-02,0.0,4291383000.0,4040440000.0,2118715000.0,2172668000.0,1.651,7.295,-541014000.0,4563000.0,4563000.0,4382436000.0,416864000.0,3.403,0.76,1112508000.0,21358000.0,1091150000.0,1112508000.0,0.0,143143000.0,0.0,0.0,0.0,726615000.0,869758000.0,0.13,869758000.0,726615000.0,676243000.0,1.26,1.23,1.26,2437671000.0,2241692500.0,2437671000.0,20244435270.0,28.0,23.276,-93704000.0,-0.28,1.0,2289617000.0,0.343,11938000.0,50372000.0,4764741000.0,4301202000.0,1167652000.0,164663000.0,164663000.0,0.0,1853712000.0,622649000.0,1231063000.0,19146926270.0,638000.0,0.0,42497000.0,245801000.0,0.0,288298000.0,-734970000.0,-164663000.0,447310000.0,0.0,416864000.0,416864000.0,416864000.0,0.0,0.0,0.062,1566133000.0,723484000.0,397330000.0,0.0,7.855,45.931,45.444,1909180000.0,0.0,57.26,2.87,2.868,703630000.0,1448834000.0,6672053000.0,6672053000.0,0.0,0.103,0.186,0.169,0.109,-57238000.0,1395017000.0,1.0,334385719.0,334159000.0,,19.967,4279445000.0,40770000.0,259379000.0,125033000.0,12.807,1496066000.0
81,KSS,MRT,2001-03-31,2001-05-05,2001-05-05,2021-09-02,0.0,4165925000.0,3805023500.0,2086477000.0,2079448000.0,1.685,6.964,-506028000.0,13493000.0,13493000.0,4220928000.0,394641000.0,3.322,0.797,1111002000.0,21568000.0,1089434000.0,1111002000.0,0.0,135882000.0,0.0,0.0,0.0,690739000.0,826621000.0,0.129,826621000.0,690739000.0,641285000.0,1.19,1.17,1.19,2317645000.0,2104980000.0,2317645000.0,20504579204.0,30.0,24.805,-189768000.0,-0.57,1.0,2190735000.0,0.342,13238000.0,49454000.0,4622052000.0,4020423500.0,1134129000.0,144030000.0,144030000.0,0.0,1848280000.0,628144000.0,1220136000.0,19803551204.0,9854000.0,0.0,37857000.0,332126000.0,0.0,369983000.0,-676389000.0,-144030000.0,316260000.0,0.0,394641000.0,394641000.0,394641000.0,0.0,0.0,0.062,1503127000.0,687608000.0,387314000.0,0.0,8.545,50.181,49.958,1818746000.0,0.0,59.45,3.089,3.086,712032000.0,1362321000.0,6411663000.0,6411663000.0,0.0,0.104,0.187,0.172,0.108,-45285000.0,1338574000.0,1.0,333112720.0,332784000.0,,19.267,4152687000.0,36569000.0,246644000.0,119834000.0,12.479,1458333000.0
82,KSS,MRT,2000-12-31,2001-02-03,2001-02-03,2021-09-02,0.0,3855154000.0,3585802000.0,1921897000.0,1933257000.0,1.716,6.64,-480981000.0,123621000.0,123621000.0,4056139000.0,372148000.0,2.657,0.75,824649000.0,21568000.0,803081000.0,824649000.0,0.0,127491000.0,0.0,0.0,0.0,654446000.0,781937000.0,0.127,781937000.0,654446000.0,605114000.0,1.13,1.1,1.13,2202639000.0,1977531500.0,2202639000.0,23780835267.0,36.0,30.413,-108906000.0,-0.328,1.0,2095857000.0,0.341,14538000.0,49332000.0,3818347000.0,3658392500.0,1003290000.0,48600000.0,48600000.0,0.0,1652515000.0,723297000.0,929218000.0,22718283267.0,111013000.0,0.0,45879000.0,220176000.0,0.0,266055000.0,-527117000.0,-21100000.0,372075000.0,0.0,372148000.0,372148000.0,372148000.0,0.0,0.0,0.06,1444542000.0,651315000.0,399939000.0,0.0,10.314,61.046,60.611,1726450000.0,0.0,68.49,3.693,3.693,681256000.0,1287210000.0,6151996000.0,6151996000.0,0.0,0.104,0.188,0.179,0.106,0.0,1282367000.0,1.0,331702194.0,331702194.0,,18.547,3840616000.0,39531000.0,232966000.0,197183000.0,11.579,1198600000.0
83,KSS,MRT,2000-09-30,2000-10-28,2000-10-28,2021-09-02,0.0,3849298000.0,3352266000.0,2017267000.0,1832031000.0,1.652,6.065,-495474000.0,4149000.0,4149000.0,3648315000.0,314230000.0,2.251,0.916,1066701000.0,241589000.0,825112000.0,1066701000.0,0.0,117580000.0,0.0,0.0,0.0,557014000.0,674594000.0,0.122,674594000.0,557014000.0,512095000.0,0.96,0.94,0.96,2008815000.0,1848247500.0,2008815000.0,17539918392.0,31.0,26.001,-600458000.0,-1.813,1.0,1888141000.0,0.341,15838000.0,44919000.0,3999668000.0,3413677250.0,1325172000.0,0.0,0.0,0.0,1840483000.0,896344000.0,944139000.0,16687660392.0,-11917000.0,0.0,42142000.0,547217000.0,0.0,591015000.0,-497948000.0,20000000.0,-104984000.0,0.0,314230000.0,314230000.0,314230000.0,0.0,0.0,0.057,1333434000.0,554707000.0,485618000.0,0.0,8.307,53.107,52.542,1625679000.0,0.0,50.44,3.014,3.017,629971000.0,1108716000.0,5536456000.0,5536456000.0,0.0,0.094,0.17,0.163,0.101,44285000.0,1179064000.0,1.0,330841800.0,331196000.0,,16.717,3833460000.0,22839000.0,197865000.0,94135000.0,11.575,1120923000.0
84,KSS,MRT,2000-06-30,2000-07-29,2000-07-29,2021-09-02,0.0,3349717000.0,3089518000.0,1603662000.0,1746055000.0,1.68,5.732,-540539000.0,3925000.0,3925000.0,3422899000.0,290498000.0,2.952,0.772,856183000.0,51589000.0,804594000.0,856183000.0,0.0,107648000.0,0.0,0.0,0.0,513720000.0,621368000.0,0.12,621368000.0,513720000.0,473580000.0,0.89,0.87,0.89,1890821000.0,1736256250.0,1890821000.0,20766241525.0,40.0,33.42,-406424000.0,-1.232,1.0,1768480000.0,0.341,17138000.0,40140000.0,3641627000.0,3068602750.0,1007340000.0,0.0,0.0,0.0,1458896000.0,543210000.0,915686000.0,20007637525.0,965000.0,0.0,34095000.0,335262000.0,0.0,371197000.0,-504347000.0,58753000.0,134115000.0,0.0,290498000.0,290498000.0,290498000.0,0.0,0.0,0.056,1257067000.0,511413000.0,328714000.0,0.0,10.581,68.874,68.191,1539271000.0,0.0,60.69,3.854,3.856,534265000.0,1031970000.0,5191379000.0,5191379000.0,0.0,0.094,0.167,0.167,0.099,14873000.0,1109856000.0,1.0,329669427.0,329848000.0,,15.739,3332579000.0,22346000.0,183082000.0,89784000.0,10.103,1060452000.0
85,KSS,MRT,2000-03-31,2000-04-29,2000-04-29,2021-09-02,0.0,3289039000.0,2882536750.0,1612746000.0,1676293000.0,1.691,5.515,-573111000.0,3639000.0,3639000.0,3219691000.0,271441000.0,1.886,0.819,762243000.0,241589000.0,520654000.0,762243000.0,0.0,97455000.0,0.0,0.0,0.0,477525000.0,574980000.0,0.118,574980000.0,477525000.0,442735000.0,0.84,0.81,0.84,1807851000.0,1639562750.0,1807851000.0,16413839875.0,34.0,28.547,-432012000.0,-1.318,1.0,1655831000.0,0.34,18438000.0,34790000.0,3173928000.0,2802279750.0,994493000.0,0.0,0.0,0.0,1481188000.0,855277000.0,625911000.0,15834865875.0,679000.0,0.0,-10911000.0,449526000.0,0.0,438615000.0,-579035000.0,15000000.0,141099000.0,0.0,271441000.0,271441000.0,271441000.0,0.0,0.0,0.056,1180613000.0,475218000.0,461860000.0,0.0,8.759,58.336,57.298,1479627000.0,0.0,48.13,3.248,3.236,547887000.0,967680000.0,4875522000.0,4875522000.0,0.0,0.094,0.166,0.17,0.098,45285000.0,1041271000.0,1.0,329001992.0,327806000.0,,14.873,3270601000.0,27331000.0,171294000.0,69643000.0,9.977,757469000.0
86,KSS,MRT,1999-12-31,2000-01-29,2000-01-29,2021-09-02,0.0,2921010000.0,2609149250.0,1372871000.0,1548139000.0,1.747,5.169,-621042000.0,12608000.0,12608000.0,3014073000.0,258142000.0,2.143,0.733,591582000.0,96589000.0,494993000.0,591582000.0,0.0,88776000.0,0.0,0.0,0.0,450582000.0,539358000.0,0.118,539358000.0,450582000.0,421112000.0,0.8,0.77,0.8,1685503000.0,1551282000.0,1685503000.0,11708684168.0,26.0,21.709,-463529000.0,-1.422,1.0,1543039000.0,0.339,19738000.0,29470000.0,2839486000.0,2541961250.0,794439000.0,27500000.0,27500000.0,0.0,1235507000.0,640760000.0,594747000.0,11217756168.0,9750000.0,0.0,217274000.0,276920000.0,0.0,494194000.0,-641957000.0,-764000.0,157513000.0,0.0,258142000.0,258142000.0,258142000.0,0.0,0.0,0.057,1094764000.0,448275000.0,336432000.0,0.0,6.655,43.456,43.006,1352956000.0,0.0,34.405,2.462,2.462,505010000.0,915062000.0,4557112000.0,4557112000.0,0.0,0.099,0.166,0.177,0.099,0.0,975269000.0,1.0,326050172.0,326050172.0,,13.977,2901272000.0,22184000.0,162970000.0,130437000.0,8.898,732111000.0
87,KSS,MRT,1999-09-30,1999-10-30,1999-10-30,2021-09-02,0.0,2798306000.0,2362920500.0,1372732000.0,1425574000.0,1.794,4.789,-544588000.0,16066000.0,16066000.0,2800274000.0,231628000.0,2.116,0.793,506994000.0,11578000.0,495416000.0,506994000.0,0.0,83180000.0,0.0,0.0,0.0,406275000.0,489455000.0,0.115,489455000.0,406275000.0,379377000.0,0.72,0.7,0.72,1560850000.0,1420601000.0,1560850000.0,12708786387.0,31.0,25.965,-304460000.0,-0.934,1.0,1438885000.0,0.339,21038000.0,26898000.0,2619370000.0,2292218000.0,1010965000.0,20000000.0,20000000.0,0.0,1237456000.0,648826000.0,588630000.0,12201501387.0,13309000.0,0.0,217533000.0,126137000.0,0.0,342014000.0,-568833000.0,-5000000.0,240128000.0,0.0,231628000.0,231628000.0,231628000.0,0.0,0.0,0.055,1034368000.0,404517000.0,471671000.0,0.0,7.817,52.677,52.0,1226585000.0,0.0,37.44,2.878,2.878,294672000.0,794486000.0,4239159000.0,4239159000.0,0.0,0.098,0.163,0.177,0.096,54751000.0,926535000.0,1.0,325894802.0,325906000.0,,13.007,2777268000.0,16449000.0,147749000.0,90510000.0,8.522,723906000.0
88,KSS,MRT,1999-06-30,1999-07-31,1999-07-31,2021-09-02,0.0,2521792000.0,2145865500.0,1237872000.0,1283920000.0,1.877,4.619,-456806000.0,2960000.0,2960000.0,2665356000.0,218622000.0,2.876,0.677,510245000.0,11578000.0,498667000.0,510245000.0,0.0,77956000.0,0.0,0.0,0.0,383038000.0,460994000.0,0.114,460994000.0,383038000.0,358806000.0,0.685,0.665,0.685,1504047000.0,1294623000.0,1504047000.0,12690355842.0,33.0,27.528,-351479000.0,-1.079,1.0,1362848000.0,0.338,22338000.0,24232000.0,2576335000.0,2103118750.0,753964000.0,58753000.0,58753000.0,0.0,1017745000.0,430404000.0,587341000.0,12382859842.0,426000.0,0.0,217790000.0,196659000.0,0.0,412609000.0,-517510000.0,-43903000.0,105327000.0,0.0,218622000.0,218622000.0,218622000.0,0.0,0.0,0.054,981568000.0,381280000.0,286844000.0,0.0,8.233,56.641,55.518,1086985000.0,0.0,38.03,3.074,3.074,395005000.0,741472000.0,4028204000.0,4028204000.0,0.0,0.102,0.169,0.182,0.095,52210000.0,881940000.0,1.0,325607674.0,325647000.0,,12.37,2499454000.0,17863000.0,140184000.0,69937000.0,7.675,807468000.0
89,KSS,MRT,1999-03-31,1999-05-01,1999-05-01,2021-09-02,0.0,2195489000.0,1952654750.0,1017037000.0,1178452000.0,1.97,4.534,-400734000.0,2960000.0,2960000.0,2553327000.0,204737000.0,2.934,0.509,310456000.0,1578000.0,308878000.0,310456000.0,0.0,73841000.0,0.0,0.0,0.0,359605000.0,433446000.0,0.113,433446000.0,359605000.0,336660000.0,0.645,0.63,0.645,1454728000.0,1172467500.0,1454728000.0,11120199388.0,31.0,25.655,-239542000.0,-0.747,1.0,1294121000.0,0.336,23638000.0,22945000.0,2132654000.0,1880807750.0,721955000.0,15000000.0,15000000.0,0.0,740761000.0,346693000.0,394068000.0,10810612388.0,409000.0,0.0,257080000.0,-1581000.0,0.0,255499000.0,-416282000.0,0.0,161192000.0,0.0,204737000.0,204737000.0,204737000.0,0.0,0.0,0.053,936274000.0,357847000.0,237079000.0,0.0,7.431,52.802,51.504,984831000.0,0.0,33.22,2.81,2.77,235764000.0,696239000.0,3847448000.0,3847448000.0,0.0,0.105,0.175,0.191,0.093,9845000.0,845841000.0,1.0,325424816.0,320871000.0,,11.991,2171851000.0,27228000.0,131923000.0,56670000.0,6.769,670344000.0
90,KSS,MRT,1998-12-31,1999-01-30,1999-01-30,2021-09-02,0.0,1936095000.0,1823634750.0,939438000.0,996657000.0,2.019,3.673,-247586000.0,2858000.0,2858000.0,2447301000.0,192266000.0,2.471,0.665,312445000.0,1533000.0,310912000.0,312445000.0,0.0,70249000.0,0.0,0.0,0.0,339621000.0,409870000.0,0.111,409870000.0,339621000.0,316749000.0,0.305,0.295,0.305,1162779000.0,1054552000.0,1162779000.0,11085942990.0,33.0,27.047,-7050000.0,-0.022,1.0,1234462000.0,0.335,24938000.0,22872000.0,1840513000.0,1759624750.0,617362000.0,26736000.0,26736000.0,0.0,773316000.0,380231000.0,393085000.0,10723064990.0,-41303000.0,0.0,5886000.0,1184000.0,0.0,7070000.0,-288909000.0,-26736000.0,240536000.0,0.0,192266000.0,192266000.0,192266000.0,0.0,0.0,0.052,896599000.0,337863000.0,212926000.0,0.0,9.222,55.772,111.066,933011000.0,0.0,33.875,2.912,2.912,270704000.0,656920000.0,3681763000.0,3681763000.0,0.0,0.105,0.182,0.193,0.092,9845000.0,810162000.0,1.0,316548044.0,316548044.0,,11.631,1911157000.0,14412000.0,124483000.0,102359000.0,6.037,559207000.0
91,KSS,MRT,1998-09-30,1998-10-31,1998-10-31,2021-09-02,0.0,1930086000.0,1744541250.0,985310000.0,944776000.0,1.989,3.342,-221011000.0,2757000.0,2757000.0,2311894000.0,170802000.0,2.353,0.826,380635000.0,1559000.0,379076000.0,380635000.0,0.0,67149000.0,0.0,0.0,0.0,304409000.0,371558000.0,0.107,371558000.0,304409000.0,282582000.0,0.31,0.305,0.31,1056938000.0,1002552750.0,1056938000.0,7860168951.0,26.0,21.155,-58427000.0,-0.185,1.0,1158129000.0,0.334,26238000.0,21827000.0,1862973000.0,1692357000.0,832338000.0,15000000.0,15000000.0,0.0,873148000.0,418753000.0,454395000.0,7563016951.0,-5609000.0,0.0,11575000.0,68884000.0,0.0,80459000.0,-248652000.0,-15000000.0,162584000.0,0.0,170802000.0,170802000.0,170802000.0,0.0,0.0,0.049,854553000.0,303576000.0,315770000.0,0.0,7.156,44.279,77.113,883602000.0,0.0,23.905,2.18,2.179,123459000.0,562858000.0,3470023000.0,3470023000.0,0.0,0.098,0.17,0.18,0.088,0.0,772012000.0,1.0,316378036.0,316264000.0,,10.972,1903848000.0,6576000.0,111780000.0,64459000.0,6.02,566557000.0
92,KSS,MRT,1998-06-30,1998-08-01,1998-08-01,2021-09-02,0.0,1748949000.0,1663903750.0,856800000.0,892149000.0,2.007,3.213,,2534000.0,2534000.0,2226511000.0,163320000.0,2.474,0.722,314536000.0,1877000.0,312659000.0,314536000.0,0.0,,0.0,0.0,0.0,292834000.0,,,,292834000.0,270791000.0,0.29,0.28,0.29,1015425000.0,956958500.0,1015425000.0,8036819923.0,27.0,,,,1.0,1112388000.0,0.333,27538000.0,22043000.0,1687091000.0,1607414750.0,634805000.0,14850000.0,14850000.0,0.0,733524000.0,346322000.0,387202000.0,7741383923.0,,,,,,,,,,,163320000.0,163320000.0,163320000.0,0.0,0.0,0.049,820387000.0,292001000.0,239827000.0,0.0,7.624,47.4,84.483,831116000.0,0.0,24.5,2.319,2.319,191519000.0,522850000.0,3338899000.0,3338899000.0,0.0,0.098,0.171,0.182,0.088,,742921000.0,1.0,315974854.0,316044000.0,,10.565,1721411000.0,8520000.0,107471000.0,62465000.0,5.447,510478000.0
93,KSS,MRT,1998-03-31,1998-05-02,1998-05-02,2021-09-02,0.0,1679409000.0,1553411750.0,837677000.0,841732000.0,2.063,3.114,,2551000.0,2551000.0,2140193000.0,152813000.0,2.676,0.708,312987000.0,1845000.0,311142000.0,312987000.0,0.0,,0.0,0.0,0.0,277651000.0,,,,277651000.0,253823000.0,0.26,0.255,0.26,983066000.0,842426500.0,983066000.0,6803100295.0,25.0,,,,1.0,1063896000.0,0.332,28838000.0,23828000.0,1647922000.0,1533877500.0,623486000.0,15000000.0,15000000.0,0.0,696343000.0,313085000.0,383258000.0,6535050295.0,,,,,,,,,,,152813000.0,152813000.0,152813000.0,0.0,0.0,0.048,787078000.0,276818000.0,209403000.0,0.0,6.648,42.765,79.577,781325000.0,0.0,20.69,2.04,2.039,183079000.0,491502000.0,3204089000.0,3204089000.0,0.0,0.098,0.181,0.181,0.087,,712395000.0,1.0,315855500.0,315734000.0,,10.148,1650571000.0,5226000.0,101010000.0,63543000.0,5.228,524592000.0
94,KSS,MRT,1997-12-31,1998-01-31,1998-01-31,2021-09-02,0.0,1619721000.0,1450394750.0,811442000.0,808279000.0,2.11,3.023,-202440000.0,44161000.0,44161000.0,2046468000.0,141273000.0,2.835,0.696,312211000.0,1845000.0,310366000.0,312211000.0,0.0,57724000.0,0.0,0.0,0.0,259668000.0,317392000.0,0.104,317392000.0,259668000.0,235063000.0,0.23,0.225,0.23,954782000.0,730382500.0,954782000.0,,,,-252665000.0,-0.8,1.0,1013597000.0,0.331,30138000.0,24605000.0,1571442000.0,1456965500.0,515790000.0,0.0,0.0,0.0,664939000.0,286191000.0,378748000.0,5478513648.0,35255000.0,0.0,296038000.0,-1483000.0,0.0,294454000.0,-208974000.0,0.0,-50225000.0,0.0,141273000.0,141273000.0,141273000.0,0.0,0.0,0.046,754762000.0,258835000.0,150679000.0,0.0,5.738,38.78,75.413,749649000.0,0.0,17.345,1.79,1.79,239617000.0,464654000.0,3060065000.0,3060065000.0,0.0,0.097,0.193,0.178,0.085,0.0,678793000.0,1.0,315855500.0,315855500.0,,9.688,1589583000.0,6615000.0,93790000.0,83586000.0,5.033,525251000.0
95,KSS,MRT,1997-09-30,1997-11-01,1997-11-01,2021-09-02,0.0,1607536000.0,,825238000.0,782298000.0,,2.802,,8366000.0,8366000.0,,,2.31,0.838,312701000.0,1769000.0,310932000.0,312701000.0,0.0,,0.0,0.0,0.0,,,,,,,,,,874561000.0,,874561000.0,,,,,,1.0,,,31438000.0,,1523204000.0,,752665000.0,0.0,0.0,0.0,732975000.0,357229000.0,375746000.0,,,,,,,,,,,,,,,,,,,,259989000.0,,,,,724019000.0,,16.782,,,56869000.0,392056000.0,,,,,,,,,,1.0,,312090000.0,,,1576098000.0,1042000.0,,51261000.0,5.05,468009000.0
96,KSS,MRT,1997-06-30,1997-08-02,1997-08-02,2021-09-02,0.0,1306981000.0,,571924000.0,735057000.0,,1.88,,2205000.0,2205000.0,,,2.007,1.345,405925000.0,1663000.0,404262000.0,405925000.0,0.0,,0.0,0.0,0.0,,,,,,,,,,557297000.0,,557297000.0,,,,,,1.0,,,32738000.0,,1392942000.0,,553317000.0,0.0,0.0,0.0,749684000.0,285021000.0,464663000.0,,,,,,,,,,,,,,,,,,,,187449000.0,,,,,677023000.0,,15.438,,,11482000.0,359530000.0,,,,,,,,,,1.0,,296380000.0,,,1274243000.0,0.0,,51110000.0,4.299,286903000.0
97,KSS,MRT,1997-03-31,1997-05-03,1997-05-03,2021-09-02,0.0,1267341000.0,,559712000.0,707629000.0,,1.807,,2191000.0,2191000.0,,,1.98,1.369,391836000.0,1663000.0,390173000.0,391836000.0,0.0,,0.0,0.0,0.0,,,,,,,,,,534890000.0,,534890000.0,,,,,,1.0,,,34038000.0,,1340274000.0,,537893000.0,0.0,0.0,0.0,732451000.0,282674000.0,449777000.0,,,,,,,,,,,,,,,,,,,,191927000.0,,,,,648057000.0,,12.625,,,13185000.0,338689000.0,,,,,,,,,,1.0,,295968000.0,,,1233303000.0,0.0,,50097000.0,4.167,277038000.0
98,KSS,MRT,1996-12-31,1997-02-01,1997-02-01,2021-09-02,,,,,,,,-222671000.0,,,1608688000.0,102478000.0,,,,,,,,44216000.0,,0.0,0.0,189113000.0,233329000.0,0.098,233329000.0,189113000.0,171368000.0,0.172,0.17,0.172,,,,,,,-118764000.0,,1.0,779533000.0,0.326,,17745000.0,,,,,,,,,,,6087000.0,0.0,4355000.0,124570000.0,0.0,126914000.0,-224734000.0,0.0,103907000.0,0.0,102478000.0,102478000.0,102478000.0,0.0,0.0,0.043,590543000.0,188990000.0,,0.0,,,56.512,,0.0,9.72,,,,,2388221000.0,2388221000.0,0.0,,,,0.079,0.0,536226000.0,1.0,,,,,,,68890000.0,,,
99,KSS,MRT,1995-12-31,1996-02-03,1996-02-03,2021-09-02,,,,,,,,-130832000.0,,,1294653000.0,72652000.0,,,,,,,,34008000.0,,0.0,0.0,136216000.0,170224000.0,0.088,170224000.0,136216000.0,122729000.0,0.122,0.122,0.122,,,,,,,-103497000.0,,1.0,631016000.0,0.328,,13487000.0,,,,,,,,,,,-27587000.0,0.0,3737000.0,72697000.0,0.0,76434000.0,-131356000.0,0.0,27335000.0,0.0,72652000.0,72652000.0,72652000.0,0.0,0.0,0.038,495137000.0,135879000.0,,0.0,,,57.761,,0.0,7.047,,,,,1925669000.0,1925669000.0,0.0,,,,0.071,0.0,436442000.0,1.0,,,,,,,50077000.0,,,
