None,ticker,dimension,calendardate,datekey,reportperiod,lastupdated,accoci,assets,assetsavg,assetsc,assetsnc,assetturnover,bvps,capex,cashneq,cashnequsd,cor,consolinc,currentratio,de,debt,debtc,debtnc,debtusd,deferredrev,depamor,deposits,divyield,dps,ebit,ebitda,ebitdamargin,ebitdausd,ebitusd,ebt,eps,epsdil,epsusd,equity,equityavg,equityusd,ev,evebit,evebitda,fcf,fcfps,fxusd,gp,grossmargin,intangibles,intexp,invcap,invcapavg,inventory,investments,investmentsc,investmentsnc,liabilities,liabilitiesc,liabilitiesnc,marketcap,ncf,ncfbus,ncfcommon,ncfdebt,ncfdiv,ncff,ncfi,ncfinv,ncfo,ncfx,netinc,netinccmn,netinccmnusd,netincdis,netincnci,netmargin,opex,opinc,payables,payoutratio,pb,pe,pe1,ppnenet,prefdivis,price,ps,ps1,receivables,retearn,revenue,revenueusd,rnd,roa,roe,roic,ros,sbcomp,sgna,sharefactor,sharesbas,shareswa,shareswadil,sps,tangibles,taxassets,taxexp,taxliabilities,tbvps,workingcapital
0,WRB,MRY,2020-12-31,2020-12-31,2020-12-31,2021-09-07,-62172000.0,28571965000.0,27549389000.0,,,0.294,35.41,-38171000.0,2372366000.0,2372366000.0,4468706000.0,532985000.0,,3.525,2735382000.0,,,2735382000.0,4073191000.0,135065000.0,0.0,0.007,0.47,853024000.0,988089000.0,0.122,988089000.0,853024000.0,702487000.0,2.84,2.81,2.84,6310802000.0,5900126250.0,6310802000.0,12358052377.0,14.0,12.507,1578515000.0,8.857,1.0,3630219000.0,0.448,169652000.0,150537000.0,28765329000.0,28149319500.0,0.0,18481766000.0,,,22246168000.0,,,11837432377.0,1348656000.0,0.0,-346357000.0,88886000.0,-84147000.0,-397843000.0,119696000.0,184382000.0,1616686000.0,10117000.0,530670000.0,530670000.0,530670000.0,0.0,2315000.0,0.066,2774880000.0,855339000.0,426124000.0,0.165,1.876,22.307,23.387,405930000.0,0.0,66.42,1.462,1.462,5765404000.0,8348381000.0,8098925000.0,8098925000.0,0.0,0.019,0.09,0.03,0.105,49658000.0,2390392000.0,1.0,178220903.0,178220903.0,,45.443,28402313000.0,0.0,171817000.0,48495000.0,159.366,
1,WRB,MRY,2019-12-31,2019-12-31,2019-12-31,2021-09-07,-257299000.0,26662144000.0,26238454500.0,,,0.301,33.074,-60457000.0,1023710000.0,1023710000.0,4131116000.0,683985000.0,,3.382,2662422000.0,,,2662422000.0,3656507000.0,113387000.0,0.0,0.024,1.68,1004288000.0,1117675000.0,0.141,1117675000.0,1004288000.0,850879000.0,3.58,3.52,3.58,6074939000.0,5966986750.0,6074939000.0,14291126323.0,14.0,12.786,1083336000.0,5.898,1.0,3771080000.0,0.477,169652000.0,153409000.0,28131204000.0,27773153250.0,0.0,18473674000.0,,,20543802000.0,,,12691922323.0,206108000.0,0.0,-18225000.0,-165386000.0,-308191000.0,-513193000.0,-424871000.0,-367258000.0,1143793000.0,379000.0,681944000.0,681944000.0,681944000.0,0.0,2041000.0,0.086,2764751000.0,1006329000.0,360314000.0,0.469,2.089,18.611,19.302,422091000.0,0.0,69.1,1.606,1.606,5122007000.0,7932372000.0,7902196000.0,7902196000.0,0.0,0.026,0.114,0.036,0.127,49274000.0,2362082000.0,1.0,183674708.0,183674708.0,,43.023,26492492000.0,32114000.0,168935000.0,36422000.0,144.236,
2,WRB,MRY,2018-12-31,2018-12-31,2018-12-31,2021-09-07,-510470000.0,24895977000.0,24740150500.0,,,0.311,29.685,-49860000.0,817602000.0,817602000.0,3974702000.0,649066000.0,,3.571,2827639000.0,,,2827639000.0,3359991000.0,131108000.0,0.0,0.028,1.393,960962000.0,1092070000.0,0.142,1092070000.0,960962000.0,803777000.0,3.37,3.33,3.37,5437851000.0,5438398250.0,5437851000.0,11016993800.0,11.0,10.088,570339000.0,3.113,1.0,3716949000.0,0.483,173037000.0,157185000.0,26732977000.0,26472511000.0,0.0,17723089000.0,,,19416179000.0,,,9026202800.0,-132869000.0,2027000.0,-24750000.0,290038000.0,-254951000.0,-7403000.0,-714244000.0,-670673000.0,620199000.0,-31421000.0,640749000.0,640749000.0,640749000.0,0.0,8317000.0,0.083,2747670000.0,969279000.0,256917000.0,0.413,1.66,14.087,14.621,416372000.0,0.0,49.273,1.174,1.174,4586161000.0,7558619000.0,7691651000.0,7691651000.0,0.0,0.026,0.118,0.036,0.125,36591000.0,2383221000.0,1.0,183186364.0,183186364.0,,41.988,24722940000.0,36193000.0,163028000.0,0.0,134.961,
3,WRB,MRY,2017-12-31,2017-12-31,2017-12-31,2021-09-07,68541000.0,24299917000.0,24044224500.0,,,0.32,29.62,-115719000.0,950471000.0,950471000.0,4002348000.0,553337000.0,,3.483,2561628000.0,,,2561628000.0,3290180000.0,112956000.0,0.0,0.022,1.033,915824000.0,1028780000.0,0.134,1028780000.0,915824000.0,768527000.0,2.93,2.84,2.93,5411344000.0,5327001000.0,5411344000.0,10485534411.0,11.0,10.192,595164000.0,3.258,1.0,3682416000.0,0.479,178945000.0,147297000.0,25732129000.0,25649243250.0,0.0,17450508000.0,,,18848754000.0,,,8726594411.0,155186000.0,-70570000.0,-47807000.0,6963000.0,-188199000.0,-235086000.0,-333464000.0,-142803000.0,710883000.0,12853000.0,549094000.0,549094000.0,549094000.0,0.0,4243000.0,0.071,2762349000.0,920067000.0,246460000.0,0.353,1.613,15.893,16.303,422960000.0,0.0,47.767,1.136,1.136,4218333000.0,6956882000.0,7684764000.0,7684764000.0,0.0,0.023,0.103,0.036,0.119,40490000.0,2436932000.0,1.0,182692137.0,182692137.0,,42.064,24120972000.0,0.0,219433000.0,98091000.0,132.031,
4,WRB,MRY,2016-12-31,2016-12-31,2016-12-31,2021-09-07,55568000.0,23364844000.0,22991824250.0,,,0.333,27.723,-50829000.0,795285000.0,795285000.0,3845800000.0,603485000.0,,3.623,2539404000.0,,,2539404000.0,3283300000.0,86051000.0,0.0,0.023,1.007,1035765000.0,1121816000.0,0.147,1121816000.0,1035765000.0,894869000.0,3.273,3.12,3.273,5047208000.0,4906671750.0,5047208000.0,9750215739.0,9.0,8.691,797547000.0,4.381,1.0,3808384000.0,0.498,144513000.0,140896000.0,24964450000.0,24492524000.0,0.0,16649792000.0,,,18283710000.0,,,8072443739.0,31654000.0,196765000.0,-132392000.0,313282000.0,-183999000.0,-6932000.0,-794488000.0,-961416000.0,848376000.0,-15302000.0,601916000.0,601916000.0,601916000.0,0.0,1569000.0,0.079,2771050000.0,1037334000.0,213128000.0,0.308,1.599,13.411,13.547,349432000.0,0.0,44.34,1.055,1.055,4343567000.0,6595987000.0,7654184000.0,7654184000.0,0.0,0.026,0.123,0.042,0.135,37174000.0,2395619000.0,1.0,182057820.0,182057820.0,,42.043,23220331000.0,14768000.0,292953000.0,134365000.0,127.544,
5,WRB,MRY,2015-12-31,2015-12-31,2015-12-31,2021-09-07,-66698000.0,21730967000.0,21751598500.0,,,0.331,24.876,-63562000.0,763631000.0,763631000.0,3656270000.0,504107000.0,,3.717,2221976000.0,,,2221976000.0,3137133000.0,85139000.0,0.0,0.009,0.313,862563000.0,947702000.0,0.132,947702000.0,862563000.0,731617000.0,2.707,2.58,2.707,4600246000.0,4566080250.0,4600246000.0,8082541470.0,9.0,8.529,817742000.0,4.422,1.0,3550187000.0,0.493,153291000.0,130946000.0,23036021000.0,23177484000.0,0.0,15351467000.0,,,17097759000.0,,,6749895470.0,89190000.0,-7312000.0,-223652000.0,-272030000.0,-58034000.0,-555318000.0,-170763000.0,-77223000.0,881304000.0,-66033000.0,503694000.0,503694000.0,503694000.0,0.0,413000.0,0.07,2687211000.0,862976000.0,224752000.0,0.116,1.467,13.401,13.484,348224000.0,0.0,36.5,0.937,0.937,3979517000.0,6178070000.0,7206457000.0,7206457000.0,0.0,0.023,0.11,0.037,0.12,32123000.0,2289750000.0,1.0,184928643.0,184928643.0,,38.969,21577676000.0,55763000.0,227923000.0,6811000.0,116.681,
6,WRB,MRY,2014-12-31,2014-12-31,2014-12-31,2021-09-07,183550000.0,21716691000.0,21421437250.0,,,0.333,24.111,-41958000.0,674441000.0,674441000.0,3490567000.0,649603000.0,,3.724,2561666000.0,,,2561666000.0,3026732000.0,88836000.0,0.0,0.028,0.953,1079651000.0,1168487000.0,0.164,1168487000.0,1079651000.0,951477000.0,3.38,3.24,3.38,4589945000.0,4573626250.0,4589945000.0,7784659918.0,7.0,6.662,692889000.0,3.64,1.0,3638361000.0,0.51,150944000.0,128174000.0,23452972000.0,22792637000.0,0.0,15591824000.0,,,17092557000.0,,,6505382918.0,-165297000.0,-49638000.0,-238933000.0,350312000.0,-181489000.0,-69773000.0,-808311000.0,-1093055000.0,734847000.0,-22060000.0,648884000.0,648884000.0,648884000.0,0.0,719000.0,0.091,2557991000.0,1080370000.0,237270000.0,0.282,1.417,10.025,10.11,332098000.0,0.0,34.173,0.913,0.913,3921311000.0,5732410000.0,7128928000.0,7128928000.0,0.0,0.03,0.142,0.047,0.151,28068000.0,2157456000.0,1.0,190364307.0,190364307.0,,37.449,21565747000.0,67623000.0,302593000.0,37452000.0,113.287,
7,WRB,MRY,2013-12-31,2013-12-31,2013-12-31,2021-09-07,189391000.0,20551796000.0,20351922750.0,,,0.315,21.403,-63150000.0,839738000.0,839738000.0,3197024000.0,505301000.0,,3.732,2194520000.0,,,2194520000.0,2781437000.0,103090000.0,0.0,0.009,0.26,816689000.0,919779000.0,0.144,919779000.0,816689000.0,693512000.0,2.46,2.367,2.46,4336035000.0,4330063500.0,4336035000.0,7018578761.0,9.0,7.631,756648000.0,3.735,1.0,3211510000.0,0.501,110146000.0,123177000.0,21796432000.0,21524261250.0,0.0,14548630000.0,,,16182402000.0,,,5860182761.0,-65932000.0,-56878000.0,-166420000.0,-118567000.0,-52717000.0,-330262000.0,-545364000.0,-399181000.0,819798000.0,-10104000.0,499925000.0,499925000.0,499925000.0,0.0,5376000.0,0.078,2389445000.0,822065000.0,276755000.0,0.106,1.352,11.722,11.759,339448000.0,0.0,28.927,0.914,0.914,3763322000.0,5265015000.0,6408534000.0,6408534000.0,0.0,0.025,0.115,0.038,0.127,23784000.0,2000684000.0,1.0,202587558.0,202587558.0,,31.633,20441650000.0,44857000.0,193587000.0,0.0,100.903,
8,WRB,MRY,2012-12-31,2012-12-31,2012-12-31,2021-09-07,465631000.0,20155896000.0,19671136500.0,,,0.296,21.138,-40556000.0,905670000.0,905670000.0,2948479000.0,510643000.0,,3.674,2236228000.0,,,2236228000.0,2474847000.0,103419000.0,0.0,0.036,0.9,828179000.0,931598000.0,0.16,931598000.0,828179000.0,701877000.0,2.48,2.373,2.48,4306217000.0,4241329500.0,4306217000.0,6206114179.0,7.0,6.662,634902000.0,3.116,1.0,2875075000.0,0.494,87865000.0,126302000.0,21398589000.0,20741021500.0,0.0,14467440000.0,,,15820430000.0,,,5125688179.0,-6072000.0,-42779000.0,-120003000.0,369291000.0,-183947000.0,97192000.0,-775068000.0,-665934000.0,675458000.0,-3654000.0,510592000.0,510592000.0,510592000.0,0.0,51000.0,0.088,2046845000.0,828230000.0,316388000.0,0.363,1.19,10.039,10.145,267227000.0,0.0,25.16,0.88,0.88,3654282000.0,4817807000.0,5823554000.0,5823554000.0,0.0,0.026,0.12,0.04,0.142,26763000.0,1799623000.0,1.0,203723696.0,203723696.0,,28.586,20068031000.0,0.0,191285000.0,60255000.0,98.506,
9,WRB,MRY,2011-12-31,2011-12-31,2011-12-31,2021-09-07,354851000.0,18403873000.0,18228332250.0,,,0.283,19.223,-45320000.0,911742000.0,911742000.0,2658365000.0,391141000.0,,3.653,1806014000.0,,,1806014000.0,2189575000.0,88012000.0,0.0,0.009,0.207,625668000.0,713680000.0,0.138,713680000.0,625668000.0,513156000.0,1.867,1.793,1.867,3953356000.0,3880085000.0,3953356000.0,5654500809.0,9.0,7.923,624959000.0,3.039,1.0,2497619000.0,0.484,87865000.0,112512000.0,19210280000.0,19159704750.0,0.0,13439518000.0,,,14442991000.0,,,4714939809.0,268790000.0,-261992000.0,-165200000.0,-1310000.0,-43253000.0,-195213000.0,-204274000.0,119232000.0,670279000.0,-2002000.0,391211000.0,391211000.0,391211000.0,0.0,-70000.0,0.076,1872021000.0,625598000.0,241204000.0,0.111,1.193,12.052,12.28,262275000.0,0.0,22.927,0.914,0.914,2998394000.0,4491162000.0,5155984000.0,5155984000.0,0.0,0.021,0.101,0.033,0.121,27175000.0,1626526000.0,1.0,205653088.0,205653088.0,,25.071,18316008000.0,9670000.0,121945000.0,2835000.0,89.063,
10,WRB,MRY,2010-12-31,2010-12-31,2010-12-31,2021-09-07,276563000.0,17528547000.0,17497561750.0,,,0.27,17.02,-49605000.0,642952000.0,642952000.0,2309867000.0,446684000.0,,3.732,1796697000.0,,,1796697000.0,1953721000.0,82867000.0,0.0,0.01,0.18,705600000.0,788467000.0,0.167,788467000.0,705600000.0,598631000.0,2.0,1.92,2.0,3702876000.0,3714653500.0,3702876000.0,4851815500.0,7.0,6.153,401711000.0,1.846,1.0,2414202000.0,0.511,90581000.0,106969000.0,18591711000.0,18423224000.0,0.0,12995393000.0,,,13818691000.0,,,3971197500.0,127522000.0,0.0,-453277000.0,146345000.0,-49348000.0,-359075000.0,37347000.0,87249000.0,451316000.0,-2066000.0,446405000.0,446405000.0,446405000.0,0.0,279000.0,0.094,1708323000.0,705879000.0,215723000.0,0.09,1.072,8.896,9.127,254720000.0,0.0,18.253,0.841,0.841,2712515000.0,4194684000.0,4724069000.0,4724069000.0,0.0,0.026,0.12,0.038,0.149,27407000.0,1500757000.0,1.0,217560126.0,217560126.0,,21.714,17437966000.0,89097000.0,152226000.0,0.0,80.152,
11,WRB,MRY,2009-12-31,2009-12-31,2009-12-31,2021-09-07,163207000.0,17328596000.0,16892728250.0,,,0.262,14.914,-30455000.0,515430000.0,515430000.0,2336707000.0,309080000.0,,3.817,1739159000.0,,,1739159000.0,1928428000.0,78875000.0,0.0,0.01,0.16,470196000.0,549071000.0,0.124,549071000.0,470196000.0,382207000.0,1.287,1.24,1.287,3596067000.0,3390997250.0,3596067000.0,4929873221.0,10.0,8.979,285599000.0,1.184,1.0,2094471000.0,0.473,90581000.0,87989000.0,18461744000.0,17624133500.0,0.0,13050238000.0,,,13726650000.0,,,3960839221.0,-619405000.0,-33812000.0,-141718000.0,322424000.0,-28843000.0,173385000.0,-1116234000.0,-1195990000.0,316054000.0,7390000.0,309057000.0,309057000.0,309057000.0,0.0,23000.0,0.07,1624252000.0,470219000.0,208045000.0,0.124,1.101,12.816,12.764,246605000.0,0.0,16.427,0.894,0.894,2541892000.0,3785187000.0,4431178000.0,4431178000.0,0.0,0.018,0.091,0.027,0.106,24465000.0,1440838000.0,1.0,241122518.0,241122518.0,,18.377,17238015000.0,190450000.0,73150000.0,0.0,71.491,
12,WRB,MRY,2008-12-31,2008-12-31,2008-12-31,2021-09-07,-228959000.0,16121158000.0,16480296500.0,,,0.286,12.595,-78947000.0,1134835000.0,1134835000.0,2688661000.0,281403000.0,,4.29,1294503000.0,,,1294503000.0,1966150000.0,83953000.0,0.0,0.007,0.153,410683000.0,494636000.0,0.105,494636000.0,410683000.0,326060000.0,1.12,1.08,1.12,3046319000.0,3215309500.0,3046319000.0,5326025544.0,13.0,10.768,1474013000.0,6.094,1.0,2020147000.0,0.429,107564000.0,84623000.0,16173262000.0,16856128250.0,0.0,11143281000.0,,,13069478000.0,,,4998589544.0,182972000.0,-48895000.0,-538478000.0,-95798000.0,-46978000.0,-663291000.0,-614564000.0,-348441000.0,1552960000.0,-92133000.0,281141000.0,281141000.0,281141000.0,0.0,262000.0,0.06,1609202000.0,410945000.0,114974000.0,0.137,1.641,17.78,18.452,260522000.0,0.0,20.667,1.062,1.062,2435967000.0,3514531000.0,4708808000.0,4708808000.0,0.0,0.017,0.087,0.024,0.087,24139000.0,1475165000.0,1.0,241867236.0,241867236.0,,19.469,16013594000.0,405908000.0,44919000.0,0.0,66.208,
13,WRB,MRY,2007-12-31,2007-12-31,2007-12-31,2021-09-07,53201000.0,16820005000.0,16670218750.0,,,0.335,13.08,-31108000.0,951863000.0,951863000.0,2779578000.0,769322000.0,,3.672,1438307000.0,,,1438307000.0,2240690000.0,73697000.0,0.0,0.007,0.133,1178305000.0,1252002000.0,0.224,1252002000.0,1178305000.0,1089309000.0,2.7,2.6,2.7,3592368000.0,3554325750.0,3592368000.0,6376870057.0,5.0,5.093,1418776000.0,5.166,1.0,2808819000.0,0.503,102462000.0,88996000.0,17203987000.0,17356531250.0,0.0,11956717000.0,,,13192141000.0,,,5458213057.0,197616000.0,-47223000.0,-463118000.0,243970000.0,-36284000.0,-244158000.0,-1017639000.0,-940720000.0,1449884000.0,9529000.0,766239000.0,766239000.0,766239000.0,0.0,3083000.0,0.137,1627431000.0,1181388000.0,108178000.0,0.049,1.519,7.123,7.36,204252000.0,0.0,19.873,0.977,0.977,2693062000.0,3271355000.0,5588397000.0,5588397000.0,0.0,0.046,0.216,0.068,0.211,21105000.0,1530987000.0,1.0,274650104.0,274650104.0,,20.347,16717543000.0,174504000.0,323070000.0,0.0,60.869,
14,WRB,MRY,2006-12-31,2006-12-31,2006-12-31,2021-09-07,111613000.0,15656489000.0,15079194250.0,,,0.358,11.603,-42593000.0,754247000.0,754247000.0,2864498000.0,699518000.0,,3.685,1281215000.0,,,1281215000.0,2314282000.0,65674000.0,106926000.0,0.006,0.133,1078438000.0,1144112000.0,0.212,1144112000.0,1078438000.0,985916000.0,2.433,2.307,2.433,3335159000.0,2985483000.0,3335159000.0,7511324189.0,7.0,6.565,1523577000.0,5.301,1.0,2530333000.0,0.469,67962000.0,92522000.0,16115495000.0,15782127750.0,0.0,11114364000.0,,,12290715000.0,,,6612836189.0,81306000.0,0.0,-25657000.0,-317375000.0,-29430000.0,-342741000.0,-1167576000.0,-1118958000.0,1566170000.0,25453000.0,699518000.0,699518000.0,699518000.0,0.0,0.0,0.13,1449166000.0,1081167000.0,149427000.0,0.055,1.983,9.453,9.456,183249000.0,0.0,23.007,1.226,1.226,2656104000.0,2542744000.0,5394831000.0,5394831000.0,0.0,0.046,0.234,0.068,0.2,17888000.0,1449166000.0,1.0,287431304.0,287431304.0,,18.769,15588527000.0,142634000.0,286398000.0,0.0,54.234,
15,WRB,MRY,2005-12-31,2005-12-31,2005-12-31,2021-09-07,24903000.0,13896287000.0,13142251500.0,,,0.38,8.953,-32564000.0,672941000.0,672941000.0,2781802000.0,544892000.0,,4.405,1616878000.0,,,1616878000.0,2189001000.0,63052000.0,83893000.0,0.005,0.11,853339000.0,916391000.0,0.183,916391000.0,853339000.0,767413000.0,1.907,1.813,1.907,2567077000.0,2380137000.0,2567077000.0,6694976080.0,8.0,7.306,1701795000.0,5.935,1.0,2215037000.0,0.443,67962000.0,85926000.0,14772262000.0,13753651750.0,0.0,9810225000.0,,,11307896000.0,,,6068409080.0,-259138000.0,-73129000.0,10614000.0,406672000.0,-19055000.0,389863000.0,-2365214000.0,-2254402000.0,1734359000.0,-18146000.0,544892000.0,544892000.0,544892000.0,0.0,0.0,0.109,1358574000.0,856463000.0,87652000.0,0.058,2.364,11.137,11.098,169472000.0,0.0,21.164,1.214,1.214,2337593000.0,1873953000.0,4996839000.0,4996839000.0,0.0,0.041,0.229,0.062,0.171,8852000.0,1358574000.0,1.0,286726594.0,286726594.0,,17.427,13828325000.0,132059000.0,222521000.0,0.0,48.228,
16,WRB,MRY,2004-12-31,2004-12-31,2004-12-31,2021-09-07,112055000.0,11451033000.0,10726108000.0,,,0.421,7.429,-41556000.0,932079000.0,932079000.0,2559310000.0,438105000.0,,4.406,1087217000.0,,,1087217000.0,2064519000.0,54829000.0,65982000.0,0.007,0.104,700763000.0,755592000.0,0.167,755592000.0,700763000.0,634340000.0,1.547,1.473,1.547,2109702000.0,1927751750.0,2109702000.0,4107639565.0,6.0,5.436,1572726000.0,5.538,1.0,1952925000.0,0.433,59021000.0,66423000.0,11547150000.0,10701172750.0,0.0,7303889000.0,,,9295180000.0,,,3969073565.0,-499387000.0,-96702000.0,10792000.0,149129000.0,-23527000.0,159426000.0,-2285193000.0,-2153203000.0,1614282000.0,12098000.0,438105000.0,438105000.0,438105000.0,0.0,0.0,0.097,1247989000.0,704936000.0,119901000.0,0.067,1.881,9.06,9.034,162941000.0,0.0,13.976,0.88,0.88,2261503000.0,1354489000.0,4512235000.0,4512235000.0,0.0,0.041,0.227,0.065,0.155,5342000.0,1247989000.0,1.0,283986078.0,283986078.0,,15.889,11392012000.0,90810000.0,196235000.0,0.0,40.115,
17,WRB,MRY,2003-12-31,2003-12-31,2003-12-31,2021-09-07,119977000.0,9334685000.0,8596708250.0,,,0.422,5.972,-28315000.0,1431466000.0,1431466000.0,2050177000.0,337220000.0,,4.525,971644000.0,,,971644000.0,1857895000.0,20324000.0,53405000.0,0.01,0.101,542579000.0,562903000.0,0.155,562903000.0,542579000.0,487846000.0,1.204,1.147,1.204,1682562000.0,1545890500.0,1682562000.0,2653493521.0,5.0,4.714,1371653000.0,4.869,1.0,1579931000.0,0.435,59021000.0,54733000.0,8815842000.0,8287271500.0,0.0,5068670000.0,,,7613975000.0,,,2917422521.0,837283000.0,-69138000.0,13401000.0,305081000.0,-27681000.0,327670000.0,-890355000.0,-792806000.0,1399968000.0,0.0,337220000.0,337220000.0,337220000.0,0.0,0.0,0.093,1035894000.0,544037000.0,123226000.0,0.084,1.734,8.651,8.601,143792000.0,0.0,10.356,0.804,0.804,2051463000.0,939911000.0,3630108000.0,3630108000.0,0.0,0.039,0.218,0.065,0.149,2328000.0,1035894000.0,1.0,281725351.0,281725351.0,,12.885,9275664000.0,35813000.0,150626000.0,0.0,32.924,
18,WRB,MRY,2002-12-31,2002-12-31,2002-12-31,2021-09-07,104603000.0,7031323000.0,6376237500.0,,,0.402,5.252,-36570000.0,594183000.0,594183000.0,1463971000.0,175045000.0,,4.252,597351000.0,,,597351000.0,1390246000.0,17944000.0,42707000.0,0.009,0.07,304659000.0,322603000.0,0.126,322603000.0,304659000.0,259184000.0,0.679,0.655,0.679,1335199000.0,1101650500.0,1335199000.0,2164055969.0,7.0,6.708,925024000.0,3.638,1.0,1102113000.0,0.429,59021000.0,45475000.0,6975470000.0,6434736000.0,0.0,3927723000.0,,,5677475000.0,,,1989257969.0,60096000.0,2250000.0,179875000.0,-6750000.0,-17872000.0,128892000.0,-1030390000.0,-1020739000.0,961594000.0,0.0,175045000.0,175045000.0,175045000.0,0.0,0.0,0.068,797205000.0,304908000.0,184912000.0,0.103,1.49,11.364,11.523,135488000.0,0.0,7.824,0.775,0.775,1898340000.0,623651000.0,2566084000.0,2566084000.0,0.0,0.027,0.159,0.047,0.119,0.0,797205000.0,1.0,254244344.0,254244344.0,,10.093,6972302000.0,20585000.0,84139000.0,0.0,27.424,
19,WRB,MRY,2001-12-31,2001-12-31,2001-12-31,2021-09-07,37340000.0,5633509000.0,5382225500.0,,,0.361,3.723,-22076000.0,534087000.0,534087000.0,1380500000.0,-91546000.0,,4.808,625754000.0,,,625754000.0,879640000.0,17493000.0,0.0,0.01,0.068,-102488000.0,-84995000.0,-0.044,-84995000.0,-102488000.0,-148207000.0,-0.412,-0.412,-0.412,931595000.0,850467000.0,931595000.0,1895049280.0,-18.0,-22.296,131193000.0,0.524,1.0,561297000.0,0.289,59021000.0,45719000.0,5666155000.0,5459593000.0,0.0,2778782000.0,,,4479408000.0,,,1769733280.0,224956000.0,3215000.0,339890000.0,-10000000.0,-14707000.0,307978000.0,-236291000.0,-228733000.0,153269000.0,0.0,-91546000.0,-91546000.0,-91546000.0,0.0,0.0,-0.047,666972000.0,-105675000.0,139322000.0,-0.165,1.9,-19.332,-17.164,118344000.0,0.0,7.072,0.911,0.911,1709586000.0,467185000.0,1941797000.0,1941797000.0,0.0,-0.017,-0.108,-0.019,-0.053,0.0,663776000.0,1.0,250259071.0,250259071.0,,7.759,5574488000.0,99921000.0,-56661000.0,0.0,22.275,
20,WRB,MRY,2000-12-31,2000-12-31,2000-12-31,2021-09-07,19371000.0,5022070000.0,4883063750.0,,,0.365,3.516,-7529000.0,309131000.0,309131000.0,1094411000.0,36238000.0,,6.038,578327000.0,,,578327000.0,713239000.0,21700000.0,0.0,0.014,0.086,86285000.0,107985000.0,0.061,107985000.0,86285000.0,38689000.0,0.186,0.184,0.186,680896000.0,626161000.0,680896000.0,1494346970.0,17.0,13.838,-20804000.0,-0.107,1.0,686876000.0,0.386,71496000.0,47596000.0,5219770000.0,5076259000.0,0.0,2702985000.0,,,4111128000.0,,,1203384970.0,-6343000.0,2187000.0,2304000.0,-50000000.0,-12701000.0,-60786000.0,67718000.0,71884000.0,-13275000.0,0.0,36238000.0,36238000.0,36238000.0,0.0,0.0,0.02,598429000.0,88447000.0,132521000.0,0.462,1.767,33.208,33.41,118282000.0,0.0,6.214,0.676,0.676,1498523000.0,574345000.0,1781287000.0,1781287000.0,0.0,0.007,0.058,0.017,0.048,0.0,596579000.0,1.0,193647057.0,193647057.0,,9.199,4950574000.0,47567000.0,2451000.0,0.0,25.565,
21,WRB,MRY,1999-12-31,1999-12-31,1999-12-31,2021-09-07,-44500000.0,4784791000.0,4811488000.0,,,0.348,3.042,-8127000.0,315474000.0,315474000.0,1085826000.0,-33482000.0,,6.699,627918000.0,,,627918000.0,689826000.0,23598000.0,0.0,0.031,0.086,-31528000.0,-7930000.0,-0.005,-7930000.0,-31528000.0,-82329000.0,-0.19,-0.19,-0.19,591778000.0,663240000.0,591778000.0,912495753.0,-29.0,-115.069,40942000.0,0.21,1.0,587842000.0,0.351,76523000.0,50801000.0,5020712000.0,5123365750.0,0.0,2577878000.0,,,3964612000.0,,,534864753.0,-70804000.0,-1533000.0,-21336000.0,-29274000.0,-13888000.0,-159314000.0,39441000.0,49536000.0,49069000.0,0.0,-36563000.0,-37060000.0,-37060000.0,0.0,3081000.0,-0.022,616289000.0,-28447000.0,144712000.0,-0.453,0.904,-14.432,-14.472,128735000.0,497000.0,2.75,0.32,0.32,1350792000.0,551401000.0,1673668000.0,1673668000.0,0.0,-0.008,-0.056,-0.006,-0.019,0.0,604784000.0,1.0,194522472.0,194522472.0,,8.604,4708268000.0,81976000.0,-45766000.0,0.0,24.204,
22,WRB,MRY,1998-12-31,1998-12-31,1998-12-31,2021-09-07,54672000.0,4983431000.0,4886004000.0,,,0.324,4.282,-27167000.0,386278000.0,386278000.0,914762000.0,57316000.0,,4.786,657932000.0,,,657932000.0,664861000.0,22658000.0,0.0,0.018,0.079,108027000.0,130685000.0,0.083,130685000.0,108027000.0,59208000.0,0.216,0.209,0.216,861281000.0,916343750.0,861281000.0,1040651396.0,10.0,7.963,192536000.0,0.957,1.0,667755000.0,0.422,76645000.0,48819000.0,5178440000.0,4949835000.0,0.0,2931948000.0,,,4122150000.0,,,902141396.0,105431000.0,-3304000.0,-117944000.0,54278000.0,-13518000.0,-83805000.0,-30467000.0,-3952000.0,219703000.0,0.0,53743000.0,46195000.0,46195000.0,0.0,3573000.0,0.029,556155000.0,111600000.0,130517000.0,0.366,1.047,19.529,20.765,136884000.0,7548000.0,4.485,0.57,0.57,1199848000.0,601908000.0,1582517000.0,1582517000.0,0.0,0.009,0.05,0.022,0.068,0.0,556155000.0,1.0,201134358.0,201134358.0,,7.868,4906786000.0,0.0,5465000.0,6877000.0,24.396,
23,WRB,MRY,1997-12-31,1997-12-31,1997-12-31,2021-09-07,58206000.0,4544318000.0,4351457750.0,,,0.322,4.222,-17898000.0,280847000.0,280847000.0,734424000.0,91219000.0,,3.797,598359000.0,,,598359000.0,589384000.0,11852000.0,0.0,0.01,0.055,170756000.0,182608000.0,0.13,182608000.0,170756000.0,121887000.0,0.407,0.398,0.407,947292000.0,898999250.0,947292000.0,1360337429.0,8.0,7.449,122301000.0,0.545,1.0,665886000.0,0.476,73142000.0,48869000.0,4788688000.0,4511313750.0,0.0,2903355000.0,,,3597026000.0,,,1296558429.0,-65638000.0,585000.0,0.0,0.0,-11695000.0,-48568000.0,-157269000.0,-130052000.0,140199000.0,0.0,91219000.0,91219000.0,91219000.0,0.0,0.0,0.065,487776000.0,178110000.0,95140000.0,0.135,1.369,14.214,14.198,126831000.0,0.0,5.778,0.926,0.926,940261000.0,569160000.0,1400310000.0,1400310000.0,0.0,0.021,0.101,0.038,0.122,0.0,487776000.0,1.0,224378773.0,224378773.0,,6.241,4471176000.0,0.0,30668000.0,32887000.0,19.927,
24,WRB,MRY,1996-12-31,1996-12-31,1996-12-31,2021-09-07,31075000.0,4136973000.0,3877828500.0,,,0.316,3.932,-46983000.0,346485000.0,346485000.0,669160000.0,90263000.0,,3.703,598005000.0,,,598005000.0,514213000.0,8590000.0,0.0,0.01,0.046,147328000.0,155918000.0,0.127,155918000.0,147328000.0,115365000.0,0.337,0.333,0.337,879732000.0,904773500.0,879732000.0,,,,116928000.0,0.523,1.0,556006000.0,0.454,73404000.0,31963000.0,4315089000.0,3988271500.0,0.0,2664413000.0,,,3257241000.0,,,996785774.0,139568000.0,-11739000.0,-24152000.0,278444000.0,-10143000.0,157856000.0,-182199000.0,-118394000.0,163911000.0,0.0,90263000.0,76354000.0,76354000.0,0.0,0.0,0.062,408994000.0,147012000.0,71352000.0,0.136,1.133,13.055,13.221,116303000.0,13909000.0,4.455,0.814,0.814,753917000.0,490338000.0,1225166000.0,1225166000.0,0.0,0.02,0.084,0.037,0.12,0.0,408994000.0,1.0,223724393.0,223724393.0,,5.476,4063569000.0,0.0,25102000.0,4013000.0,18.163,
25,WRB,MRY,1995-12-31,1995-12-31,1995-12-31,2021-09-07,48450000.0,3618684000.0,,,,,,-14472000.0,206917000.0,206917000.0,570998000.0,60882000.0,,2.892,319287000.0,,,319287000.0,450522000.0,14286000.0,0.0,0.011,0.053,106645000.0,120931000.0,0.118,120931000.0,106645000.0,78436000.0,0.252,0.25,0.252,929815000.0,,929815000.0,,,,144809000.0,,1.0,450945000.0,0.441,69600000.0,28209000.0,3661454000.0,,0.0,2391614000.0,,,2688869000.0,,,,-12712000.0,-197404000.0,140644000.0,-31847000.0,-7844000.0,157332000.0,-329325000.0,-109351000.0,159281000.0,0.0,60882000.0,49820000.0,49820000.0,0.0,0.0,0.049,339989000.0,110956000.0,65798000.0,0.21,,,18.725,77016000.0,11062000.0,4.719,,,732375000.0,424261000.0,1021943000.0,1021943000.0,0.0,,,,0.104,0.0,339989000.0,1.0,,,,,3549084000.0,0.0,17554000.0,14363000.0,,
26,WRB,MRY,1994-12-31,1994-12-31,1994-12-31,2021-09-07,,,,,,,,-35298000.0,,,486149000.0,35094000.0,,,,,,,,14989000.0,,0.015,0.048,61143000.0,76132000.0,0.092,76132000.0,61143000.0,33542000.0,0.126,,0.126,,,,,,,81978000.0,,1.0,344641000.0,0.415,,27601000.0,,,,,,,,,,,-5911000.0,0.0,-26357000.0,-4527000.0,-7459000.0,99037000.0,-222224000.0,-199807000.0,117276000.0,0.0,35094000.0,24738000.0,24738000.0,0.0,0.0,0.03,286266000.0,58375000.0,,0.381,,,26.128,,10356000.0,3.292,,,,,830790000.0,830790000.0,0.0,,,,0.074,0.0,286266000.0,1.0,,,,,,,-1552000.0,,,
0,WRB,MRQ,2021-06-30,2021-06-30,2021-06-30,2021-09-07,-122444000.0,30297917000.0,,,,,37.086,-37401000.0,1790199000.0,1790199000.0,1203647000.0,237678000.0,,3.604,2919236000.0,,,2919236000.0,4544524000.0,37054000.0,0.0,0.013,0.63,337596000.0,374650000.0,0.163,374650000.0,337596000.0,299500000.0,1.28,1.27,1.28,6578276000.0,,6578276000.0,14498155188.0,11.0,9.731,347418000.0,1.959,1.0,1092439000.0,0.476,169652000.0,38096000.0,31257302000.0,,0.0,20227502000.0,,,23709963000.0,,,13202434188.0,-224712000.0,0.0,525000.0,-399550000.0,0.0,-404247000.0,-206411000.0,-82987000.0,384819000.0,1127000.0,237238000.0,237238000.0,237238000.0,0.0,440000.0,0.103,754403000.0,338036000.0,535286000.0,0.492,2.007,14.187,14.856,428723000.0,0.0,74.43,1.499,1.499,6211274000.0,8682088000.0,2296086000.0,2296086000.0,0.0,,,,,11305000.0,647705000.0,1.0,177380548.0,177380548.0,,12.944,30128265000.0,44659000.0,62262000.0,0.0,169.851,
1,WRB,MRQ,2021-03-31,2021-03-31,2021-03-31,2021-09-07,-148252000.0,29791274000.0,,,,,36.167,-10872000.0,2014911000.0,2014911000.0,1121592000.0,231716000.0,,3.642,3310632000.0,,,3310632000.0,4288252000.0,33543000.0,0.0,0.006,0.12,330528000.0,364071000.0,0.169,364071000.0,330528000.0,293877000.0,1.24,1.23,1.24,6414600000.0,,6414600000.0,13727232754.0,12.0,10.578,300118000.0,1.692,1.0,1035277000.0,0.48,169652000.0,36651000.0,30917343000.0,,0.0,20033573000.0,,,23360990000.0,,,13364216754.0,-357455000.0,0.0,-30208000.0,581213000.0,-21285000.0,528217000.0,-1195231000.0,-1336135000.0,310990000.0,-1431000.0,229525000.0,229525000.0,229525000.0,0.0,2191000.0,0.106,702558000.0,332719000.0,463467000.0,0.097,2.083,17.478,18.333,404281000.0,0.0,75.35,1.582,1.582,5735632000.0,8556621000.0,2156869000.0,2156869000.0,0.0,,,,,11817000.0,616268000.0,1.0,177361868.0,177361868.0,,12.161,29621622000.0,0.0,64352000.0,76667000.0,167.012,
2,WRB,MRQ,2020-12-31,2020-12-31,2020-12-31,2021-09-07,-62172000.0,28571965000.0,,,,,35.41,-7124000.0,2372366000.0,2372366000.0,1111695000.0,312490000.0,,3.525,2735382000.0,,,2735382000.0,4073191000.0,38870000.0,0.0,0.007,0.12,434730000.0,473600000.0,0.205,473600000.0,434730000.0,399067000.0,1.67,1.66,1.67,6310802000.0,,6310802000.0,12358052377.0,14.0,12.507,472617000.0,2.652,1.0,1200776000.0,0.519,169652000.0,35663000.0,28765329000.0,,0.0,18481766000.0,,,22246168000.0,,,11837432377.0,-199081000.0,0.0,-34498000.0,-356060000.0,-21325000.0,-449643000.0,-245764000.0,-175499000.0,479741000.0,16585000.0,312150000.0,312150000.0,312150000.0,0.0,340000.0,0.135,765706000.0,435070000.0,426124000.0,0.072,1.876,22.307,23.387,405930000.0,0.0,66.42,1.462,1.462,5765404000.0,8348381000.0,2312471000.0,2312471000.0,0.0,,,,,11816000.0,637250000.0,1.0,178220903.0,178220903.0,,12.975,28402313000.0,0.0,86917000.0,48495000.0,159.366,
3,WRB,MRQ,2020-09-30,2020-09-30,2020-09-30,2021-09-07,-170886000.0,28212370000.0,,,,,33.68,-8041000.0,2571447000.0,2571447000.0,1114632000.0,152366000.0,,3.698,3092067000.0,,,3092067000.0,4054471000.0,32130000.0,0.0,0.02,0.12,245494000.0,277624000.0,0.136,277624000.0,245494000.0,205726000.0,0.82,0.81,0.82,5995112000.0,,5995112000.0,11399567798.0,19.0,14.889,549053000.0,3.085,1.0,925187000.0,0.454,169652000.0,39768000.0,28563338000.0,,0.0,18279028000.0,,,22172698000.0,,,10884932798.0,140621000.0,0.0,-12957000.0,147659000.0,-21402000.0,98975000.0,-520848000.0,-573730000.0,557094000.0,5400000.0,151678000.0,151678000.0,151678000.0,0.0,688000.0,0.074,679005000.0,246182000.0,406844000.0,0.146,1.816,32.221,33.785,410228000.0,0.0,61.15,1.402,1.402,5364477000.0,8057556000.0,2039819000.0,2039819000.0,0.0,,,,,12111000.0,593969000.0,1.0,178003807.0,178003807.0,,11.459,28042718000.0,30069000.0,54048000.0,0.0,157.54,
4,WRB,MRQ,2020-06-30,2020-06-30,2020-06-30,2021-09-07,-249350000.0,27323292000.0,,,,,32.458,-8369000.0,2430826000.0,2430826000.0,1135126000.0,71656000.0,,3.702,2945461000.0,,,2945461000.0,3902913000.0,39002000.0,0.0,0.021,0.12,143426000.0,182428000.0,0.094,182428000.0,143426000.0,105053000.0,0.38,0.38,0.38,5801116000.0,,5801116000.0,11919174777.0,20.0,16.549,418912000.0,2.344,1.0,800900000.0,0.414,169652000.0,38373000.0,27668275000.0,,0.0,17538443000.0,,,21477901000.0,,,10239115777.0,1465814000.0,0.0,-92960000.0,293028000.0,-21351000.0,174781000.0,855486000.0,853860000.0,427281000.0,8266000.0,71260000.0,71260000.0,71260000.0,0.0,396000.0,0.037,657078000.0,143822000.0,424806000.0,0.316,1.765,29.142,30.801,414335000.0,0.0,57.29,1.332,1.332,5323745000.0,7927280000.0,1936026000.0,1936026000.0,0.0,,,,,14048000.0,580840000.0,1.0,178724311.0,178724311.0,,10.832,27153640000.0,0.0,33793000.0,10921000.0,151.93,
5,WRB,MRQ,2020-03-31,2020-03-31,2020-03-31,2021-09-07,-589521000.0,26089929000.0,,,,,29.95,-14637000.0,965012000.0,965012000.0,1107253000.0,-3526000.0,,3.741,2645071000.0,,,2645071000.0,3800642000.0,25063000.0,0.0,0.032,0.11,29374000.0,54437000.0,0.03,54437000.0,29374000.0,-7360000.0,-0.02,-0.02,-0.02,5493475000.0,,5493475000.0,11207822559.0,15.0,12.803,137933000.0,0.752,1.0,703357000.0,0.388,169652000.0,36734000.0,27600336000.0,,0.0,18039301000.0,,,20552385000.0,,,9569110559.0,-58698000.0,0.0,-205942000.0,4259000.0,-20069000.0,-221956000.0,30822000.0,79751000.0,152570000.0,-20134000.0,-4418000.0,-4418000.0,-4418000.0,0.0,892000.0,-0.002,673091000.0,30266000.0,368724000.0,-5.5,1.742,19.261,19.912,422012000.0,0.0,52.17,1.231,1.231,4963351000.0,7877371000.0,1810610000.0,1810610000.0,0.0,,,,,11683000.0,578334000.0,1.0,183421709.0,183421709.0,,9.871,25920277000.0,83677000.0,-2942000.0,0.0,141.315,
6,WRB,MRQ,2019-12-31,2019-12-31,2019-12-31,2021-09-07,-257299000.0,26662144000.0,,,,,33.074,-58655000.0,1023710000.0,1023710000.0,1072166000.0,119793000.0,,3.382,2662422000.0,,,2662422000.0,3656507000.0,71380000.0,0.0,0.024,0.86,179772000.0,251152000.0,0.127,251152000.0,179772000.0,146276000.0,0.63,0.61,0.63,6074939000.0,,6074939000.0,14291126323.0,14.0,12.786,290094000.0,1.579,1.0,903908000.0,0.457,169652000.0,33496000.0,28131204000.0,,0.0,18473674000.0,,,20543802000.0,,,12691922323.0,211160000.0,0.0,-18225000.0,283023000.0,-178156000.0,86001000.0,-232921000.0,-122445000.0,348749000.0,9331000.0,119306000.0,119306000.0,119306000.0,0.0,487000.0,0.06,723649000.0,180259000.0,360314000.0,1.365,2.089,18.611,19.302,422091000.0,0.0,69.1,1.606,1.606,5122007000.0,7932372000.0,1976074000.0,1976074000.0,0.0,,,,,10834000.0,601121000.0,1.0,183674708.0,183674708.0,,10.759,26492492000.0,32114000.0,26970000.0,36422000.0,144.236,
7,WRB,MRQ,2019-09-30,2019-09-30,2019-09-30,2021-09-07,-322100000.0,26218511000.0,,,,,33.063,9002000.0,812550000.0,812550000.0,1041471000.0,165151000.0,,3.322,2411754000.0,,,2411754000.0,3691312000.0,-9282000.0,0.0,0.017,0.11,241514000.0,232232000.0,0.118,232232000.0,241514000.0,203039000.0,0.87,0.85,0.87,6056296000.0,,6056296000.0,14913672383.0,15.0,13.311,401400000.0,2.191,1.0,924245000.0,0.47,169652000.0,38475000.0,27648063000.0,,0.0,18593696000.0,,,20119068000.0,,,13230832383.0,-445624000.0,0.0,0.0,-448409000.0,-111733000.0,-575344000.0,-254567000.0,-299138000.0,392398000.0,-8111000.0,165208000.0,165208000.0,165208000.0,0.0,-57000.0,0.084,682788000.0,241457000.0,336547000.0,0.126,2.185,19.037,19.789,416966000.0,0.0,72.23,1.68,1.68,4845232000.0,7971019000.0,1965716000.0,1965716000.0,0.0,,,,,11100000.0,581045000.0,1.0,183176414.0,183176414.0,,10.731,26048859000.0,0.0,37831000.0,15279000.0,142.206,
8,WRB,MRQ,2019-06-30,2019-06-30,2019-06-30,2021-09-07,-260796000.0,26487903000.0,,,,,32.639,-7505000.0,1258174000.0,1258174000.0,1028830000.0,217427000.0,,3.425,2941014000.0,,,2941014000.0,3614152000.0,23865000.0,0.0,0.024,0.61,313736000.0,337601000.0,0.167,337601000.0,313736000.0,273018000.0,1.14,1.12,1.14,5976760000.0,,5976760000.0,13976424782.0,14.0,12.102,316811000.0,1.73,1.0,994554000.0,0.492,173037000.0,40718000.0,27997706000.0,,0.0,18246642000.0,,,20467825000.0,,,12073007782.0,320746000.0,0.0,0.0,0.0,-18302000.0,-22874000.0,20826000.0,-12776000.0,324316000.0,-1522000.0,216709000.0,216709000.0,216709000.0,0.0,718000.0,0.107,680100000.0,314454000.0,294949000.0,0.535,2.02,17.454,18.163,398885000.0,0.0,65.93,1.538,1.538,5015005000.0,7826015000.0,2023384000.0,2023384000.0,0.0,,,,,12512000.0,591828000.0,1.0,183118577.0,183118577.0,,11.05,26314866000.0,0.0,56309000.0,38437000.0,143.704,
9,WRB,MRQ,2019-03-31,2019-03-31,2019-03-31,2021-09-07,-364983000.0,25585260000.0,,,,,31.472,-3299000.0,937428000.0,937428000.0,988650000.0,181614000.0,,3.434,2840845000.0,,,2840845000.0,3496199000.0,27424000.0,0.0,0.025,0.1,269268000.0,296692000.0,0.153,296692000.0,269268000.0,228547000.0,0.95,0.94,0.95,5759952000.0,,5759952000.0,12347030971.0,13.0,11.095,75031000.0,0.41,1.0,948372000.0,0.49,173037000.0,40721000.0,27315640000.0,,0.0,17961871000.0,,,19782464000.0,,,10336993971.0,119826000.0,0.0,0.0,0.0,0.0,-976000.0,41791000.0,67101000.0,78330000.0,681000.0,180722000.0,180722000.0,180722000.0,0.0,892000.0,0.093,678212000.0,270160000.0,262781000.0,0.105,1.795,15.78,16.419,406841000.0,0.0,56.48,1.336,1.336,4745171000.0,7721039000.0,1937022000.0,1937022000.0,0.0,,,,,14828000.0,588087000.0,1.0,183020432.0,183020432.0,,10.584,25412223000.0,0.0,47825000.0,43243000.0,138.849,
10,WRB,MRQ,2018-12-31,2018-12-31,2018-12-31,2021-09-07,-510470000.0,24895977000.0,,,,,29.685,-14278000.0,817602000.0,817602000.0,1020127000.0,136272000.0,,3.571,2827639000.0,,,2827639000.0,3359991000.0,54567000.0,0.0,0.028,0.433,199301000.0,253868000.0,0.13,253868000.0,199301000.0,158724000.0,0.69,0.69,0.69,5437851000.0,,5437851000.0,11016993800.0,11.0,10.088,263397000.0,1.438,1.0,931458000.0,0.477,173037000.0,40577000.0,26732977000.0,,0.0,17723089000.0,,,19416179000.0,,,9026202800.0,-1764000.0,0.0,-17951000.0,91156000.0,-158820000.0,-99117000.0,-187781000.0,-172607000.0,277675000.0,7459000.0,132357000.0,132357000.0,132357000.0,0.0,3915000.0,0.068,728242000.0,203216000.0,256917000.0,0.628,1.66,14.087,14.621,416372000.0,0.0,49.273,1.174,1.174,4586161000.0,7558619000.0,1951585000.0,1951585000.0,0.0,,,,,8063000.0,601991000.0,1.0,183186364.0,183186364.0,,10.654,24722940000.0,36193000.0,26367000.0,0.0,134.961,
11,WRB,MRQ,2018-09-30,2018-09-30,2018-09-30,2021-09-07,-474938000.0,24855649000.0,,,,,29.762,-5878000.0,819366000.0,819366000.0,1017720000.0,164443000.0,,3.563,2810157000.0,,,2810157000.0,3454955000.0,20169000.0,0.0,0.026,0.433,246548000.0,266717000.0,0.138,266717000.0,246548000.0,206700000.0,0.85,0.84,0.85,5437848000.0,,5437848000.0,11614468189.0,12.0,10.467,217284000.0,1.189,1.0,920182000.0,0.475,171095000.0,39848000.0,26675345000.0,,0.0,17841565000.0,,,19376616000.0,,,9736217189.0,-91836000.0,8664000.0,0.0,-1933000.0,-18258000.0,-22666000.0,-310039000.0,-271342000.0,223162000.0,17707000.0,161920000.0,161920000.0,161920000.0,0.0,2523000.0,0.084,671111000.0,249071000.0,231197000.0,0.509,1.79,14.686,15.238,424754000.0,0.0,53.287,1.269,1.269,4421056000.0,7505706000.0,1937902000.0,1937902000.0,0.0,,,,,8806000.0,577648000.0,1.0,182713947.0,182713947.0,,10.606,24684554000.0,37196000.0,44780000.0,0.0,135.099,
12,WRB,MRQ,2018-06-30,2018-06-30,2018-06-30,2021-09-07,-395842000.0,24621144000.0,,,,,29.732,-15602000.0,911202000.0,911202000.0,973636000.0,180778000.0,,3.53,2789453000.0,,,2789453000.0,3441774000.0,27345000.0,0.0,0.022,0.433,268244000.0,295589000.0,0.155,295589000.0,268244000.0,228539000.0,0.95,0.93,0.95,5426118000.0,,5426118000.0,10562474386.0,10.0,9.277,123795000.0,0.678,1.0,937280000.0,0.49,178975000.0,39705000.0,26320420000.0,,0.0,17602502000.0,,,19155516000.0,,,8810059386.0,-45401000.0,-6637000.0,0.0,19046000.0,-60857000.0,-43030000.0,-84940000.0,-50842000.0,139397000.0,-56828000.0,180075000.0,180075000.0,180075000.0,0.0,703000.0,0.094,668333000.0,268947000.0,252358000.0,0.456,1.624,13.286,13.765,427619000.0,0.0,48.273,1.134,1.134,4366312000.0,7423162000.0,1910916000.0,1910916000.0,0.0,,,,,10288000.0,593142000.0,1.0,182503647.0,182503647.0,,10.471,24442169000.0,576000.0,48464000.0,0.0,133.927,
13,WRB,MRQ,2018-03-31,2018-03-31,2018-03-31,2021-09-07,-258982000.0,24587832000.0,,,,,29.903,-14102000.0,956603000.0,956603000.0,963219000.0,167573000.0,,3.503,2709018000.0,,,2709018000.0,3404003000.0,29027000.0,0.0,0.021,0.093,246869000.0,275896000.0,0.146,275896000.0,246869000.0,209813000.0,0.88,0.87,0.88,5451776000.0,,5451776000.0,10447260691.0,11.0,9.794,-34137000.0,-0.187,1.0,928028000.0,0.491,178945000.0,37056000.0,26161302000.0,,0.0,17654391000.0,,,19095652000.0,,,8836103691.0,6132000.0,0.0,-6799000.0,181769000.0,-17016000.0,157410000.0,-131484000.0,-175882000.0,-20035000.0,241000.0,166396000.0,166396000.0,166396000.0,0.0,1177000.0,0.088,679982000.0,248046000.0,248746000.0,0.106,1.621,14.925,15.45,424751000.0,0.0,48.467,1.147,1.147,4231639000.0,7322201000.0,1891247000.0,1891247000.0,0.0,,,,,9434000.0,610439000.0,1.0,182313006.0,182313006.0,,10.374,24408887000.0,0.0,43417000.0,96735000.0,133.885,
14,WRB,MRQ,2017-12-31,2017-12-31,2017-12-31,2021-09-07,68541000.0,24299917000.0,,,,,29.62,-41451000.0,950471000.0,950471000.0,976873000.0,156272000.0,,3.483,2561628000.0,,,2561628000.0,3290180000.0,34819000.0,0.0,0.022,0.427,236595000.0,271414000.0,0.14,271414000.0,236595000.0,199717000.0,0.817,0.807,0.817,5411344000.0,,5411344000.0,10485534411.0,11.0,10.192,147574000.0,0.808,1.0,958083000.0,0.495,178945000.0,36878000.0,25732129000.0,,0.0,17450508000.0,,,18848754000.0,,,8726594411.0,176474000.0,0.0,-19429000.0,8751000.0,-94828000.0,-107714000.0,100613000.0,186414000.0,189025000.0,-5450000.0,154589000.0,154589000.0,154589000.0,0.0,1683000.0,0.08,719805000.0,238278000.0,246460000.0,0.523,1.613,15.893,16.303,422960000.0,0.0,47.767,1.136,1.136,4218333000.0,6956882000.0,1934956000.0,1934956000.0,0.0,,,,,8607000.0,615777000.0,1.0,182692137.0,182692137.0,,10.591,24120972000.0,0.0,45128000.0,98091000.0,132.031,
15,WRB,MRQ,2017-09-30,2017-09-30,2017-09-30,2021-09-07,153759000.0,24336076000.0,,,,,29.852,15447000.0,773997000.0,773997000.0,1081174000.0,162818000.0,,3.474,2532937000.0,,,2532937000.0,3409628000.0,33458000.0,0.0,0.023,0.093,262170000.0,295628000.0,0.146,295628000.0,262170000.0,225349000.0,0.86,0.84,0.86,5430536000.0,,5430536000.0,9855574783.0,10.0,9.457,312447000.0,1.718,1.0,950168000.0,0.468,173422000.0,36821000.0,25921594000.0,,0.0,17561363000.0,,,18865427000.0,,,8094029783.0,-14357000.0,776000.0,-28378000.0,-313000.0,-77613000.0,-108879000.0,-209763000.0,-161501000.0,297000000.0,7285000.0,162054000.0,162054000.0,162054000.0,0.0,764000.0,0.08,687234000.0,262934000.0,228539000.0,0.108,1.49,14.789,15.098,399924000.0,0.0,44.493,1.048,1.048,4329645000.0,6880062000.0,2031342000.0,2031342000.0,0.0,,,,,9375000.0,600822000.0,1.0,181915563.0,181915563.0,,11.166,24162654000.0,0.0,63295000.0,116608000.0,132.823,
16,WRB,MRQ,2017-06-30,2017-06-30,2017-06-30,2021-09-07,133302000.0,23993491000.0,,,,,29.072,-77258000.0,788354000.0,788354000.0,964698000.0,109573000.0,,3.531,2549899000.0,,,2549899000.0,3425534000.0,26546000.0,0.0,0.029,0.427,197191000.0,223737000.0,0.121,223737000.0,197191000.0,160392000.0,0.58,0.567,0.58,5286518000.0,,5286518000.0,10315574230.0,10.0,9.069,72128000.0,0.397,1.0,883351000.0,0.478,144913000.0,36799000.0,25610123000.0,,0.0,17365024000.0,,,18667542000.0,,,8385348230.0,179961000.0,0.0,0.0,0.0,-15758000.0,-15737000.0,45441000.0,-3798000.0,149386000.0,871000.0,109004000.0,109004000.0,109004000.0,0.0,569000.0,0.059,685591000.0,197760000.0,221633000.0,0.736,1.586,13.84,14.029,424984000.0,0.0,46.113,1.088,1.088,4160589000.0,6735066000.0,1848049000.0,1848049000.0,0.0,,,,,11728000.0,616632000.0,1.0,181842162.0,181842162.0,,10.163,23848578000.0,0.0,51388000.0,94887000.0,131.15,
17,WRB,MRQ,2017-03-31,2017-03-31,2017-03-31,2021-09-07,69491000.0,23547414000.0,,,,,28.488,-12457000.0,608393000.0,608393000.0,979603000.0,124674000.0,,3.539,2538619000.0,,,2538619000.0,3402892000.0,18133000.0,0.0,0.022,0.087,219869000.0,238002000.0,0.127,238002000.0,219869000.0,183070000.0,0.673,0.64,0.673,5179606000.0,,5179606000.0,10305405833.0,10.0,9.173,63015000.0,0.347,1.0,890815000.0,0.476,144513000.0,36799000.0,25333127000.0,,0.0,17367581000.0,,,18328873000.0,,,8561286833.0,-186892000.0,-71346000.0,0.0,-1475000.0,0.0,-2756000.0,-269755000.0,-163918000.0,75472000.0,10147000.0,123447000.0,123447000.0,123447000.0,0.0,1227000.0,0.066,669719000.0,221096000.0,218040000.0,0.129,1.653,14.131,14.269,356908000.0,0.0,47.087,1.109,1.109,3887685000.0,6703675000.0,1870418000.0,1870418000.0,0.0,,,,,10780000.0,603700000.0,1.0,181819768.0,181819768.0,,10.287,23402901000.0,0.0,59623000.0,169959000.0,128.715,
18,WRB,MRQ,2016-12-31,2016-12-31,2016-12-31,2021-09-07,55568000.0,23364844000.0,,,,,27.723,-12934000.0,795285000.0,795285000.0,993461000.0,153669000.0,,3.623,2539404000.0,,,2539404000.0,3283300000.0,16898000.0,0.0,0.023,0.42,267830000.0,284728000.0,0.144,284728000.0,267830000.0,230953000.0,0.833,0.787,0.833,5047208000.0,,5047208000.0,9750215739.0,9.0,8.691,108932000.0,0.598,1.0,978183000.0,0.496,144513000.0,36877000.0,24964450000.0,,0.0,16649792000.0,,,18283710000.0,,,8072443739.0,-77779000.0,73000.0,-32522000.0,-2999000.0,-153345000.0,-191313000.0,7383000.0,102233000.0,121866000.0,-15715000.0,152789000.0,152789000.0,152789000.0,0.0,880000.0,0.077,709473000.0,268710000.0,213128000.0,0.504,1.599,13.411,13.547,349432000.0,0.0,44.34,1.055,1.055,4343567000.0,6595987000.0,1971644000.0,1971644000.0,0.0,,,,,10141000.0,625169000.0,1.0,182057820.0,182057820.0,,10.83,23220331000.0,14768000.0,78164000.0,134365000.0,127.544,
19,WRB,MRQ,2016-09-30,2016-09-30,2016-09-30,2021-09-07,-9808000.0,23345656000.0,,,,,26.751,-16671000.0,873064000.0,873064000.0,965856000.0,220663000.0,,3.732,2550836000.0,,,2550836000.0,3408640000.0,22280000.0,0.0,0.017,0.42,368645000.0,390925000.0,0.194,390925000.0,368645000.0,331602000.0,1.2,1.147,1.2,4925765000.0,,4925765000.0,8798069886.0,9.0,8.422,377521000.0,2.05,1.0,1053871000.0,0.522,134146000.0,37043000.0,24889282000.0,,0.0,16832789000.0,,,18383832000.0,,,7090352886.0,-75646000.0,237905000.0,-62446000.0,-34193000.0,1000.0,-97088000.0,-372500000.0,-644797000.0,394192000.0,-250000.0,220650000.0,220650000.0,220650000.0,0.0,13000.0,0.109,685213000.0,368658000.0,261622000.0,0.35,1.439,12.687,12.696,348169000.0,0.0,38.507,0.946,0.946,4050387000.0,6519536000.0,2019727000.0,2019727000.0,0.0,,,,,9157000.0,606348000.0,1.0,184133126.0,184133126.0,,10.969,23211510000.0,0.0,110952000.0,96885000.0,126.058,
20,WRB,MRQ,2016-06-30,2016-06-30,2016-06-30,2021-09-07,57282000.0,23025863000.0,,,,,26.658,-8763000.0,948710000.0,948710000.0,964162000.0,108906000.0,,3.689,2656427000.0,,,2656427000.0,3417068000.0,16628000.0,0.0,0.008,0.087,193127000.0,209755000.0,0.113,209755000.0,193127000.0,158375000.0,0.593,0.567,0.593,4902501000.0,,4902501000.0,8806288689.0,10.0,9.396,182787000.0,0.994,1.0,891752000.0,0.48,154327000.0,34752000.0,24579253000.0,,0.0,16110189000.0,,,18086810000.0,,,7346364689.0,111195000.0,13100000.0,0.0,274102000.0,-15944000.0,254074000.0,-323821000.0,-310434000.0,191550000.0,-10608000.0,108967000.0,108967000.0,108967000.0,0.0,-61000.0,0.059,698686000.0,193066000.0,246490000.0,0.147,1.498,14.967,15.018,346024000.0,0.0,39.947,1.002,1.002,4245558000.0,6375893000.0,1855914000.0,1855914000.0,0.0,,,,,9110000.0,581955000.0,1.0,183904323.0,183904323.0,,10.092,22871536000.0,0.0,49408000.0,40162000.0,124.366,
21,WRB,MRQ,2016-03-31,2016-03-31,2016-03-31,2021-09-07,8124000.0,22230934000.0,,,,,25.839,-12461000.0,837515000.0,837515000.0,922321000.0,120248000.0,,3.671,2297439000.0,,,2297439000.0,3314676000.0,30245000.0,0.0,0.009,0.08,206163000.0,236408000.0,0.131,236408000.0,206163000.0,173939000.0,0.647,0.62,0.647,4751213000.0,,4751213000.0,8347720462.0,10.0,8.679,128307000.0,0.698,1.0,884890000.0,0.49,153747000.0,32224000.0,23537111000.0,,0.0,15587162000.0,,,17442878000.0,,,6889375462.0,73884000.0,-54313000.0,-37424000.0,76372000.0,-14711000.0,27395000.0,-105550000.0,-108418000.0,140768000.0,11271000.0,119511000.0,119511000.0,119511000.0,0.0,737000.0,0.066,677990000.0,206900000.0,256838000.0,0.124,1.45,13.645,13.739,346471000.0,0.0,37.467,0.948,0.948,4110913000.0,6282870000.0,1807211000.0,1807211000.0,0.0,,,,,8766000.0,582459000.0,1.0,183880128.0,183880128.0,,9.828,22077187000.0,0.0,54428000.0,31291000.0,120.063,
22,WRB,MRQ,2015-12-31,2015-12-31,2015-12-31,2021-09-07,-66698000.0,21730967000.0,,,,,24.876,-23300000.0,763631000.0,763631000.0,922972000.0,109878000.0,,3.717,2221976000.0,,,2221976000.0,3137133000.0,19755000.0,0.0,0.009,0.08,187809000.0,207564000.0,0.115,207564000.0,187809000.0,156073000.0,0.593,0.567,0.593,4600246000.0,,4600246000.0,8082541470.0,9.0,8.529,237669000.0,1.285,1.0,888084000.0,0.49,153291000.0,31736000.0,23036021000.0,,0.0,15351467000.0,,,17097759000.0,,,6749895470.0,-116303000.0,-156000.0,0.0,5283000.0,-14795000.0,-7769000.0,-341837000.0,-252286000.0,260969000.0,-27666000.0,109745000.0,109745000.0,109745000.0,0.0,133000.0,0.061,700142000.0,187942000.0,224752000.0,0.135,1.467,13.401,13.484,348224000.0,0.0,36.5,0.937,0.937,3979517000.0,6178070000.0,1811056000.0,1811056000.0,0.0,,,,,8071000.0,591581000.0,1.0,184928643.0,184928643.0,,9.793,21577676000.0,55763000.0,46328000.0,6811000.0,116.681,
23,WRB,MRQ,2015-09-30,2015-09-30,2015-09-30,2021-09-07,28111000.0,21738566000.0,,,,,24.768,-16758000.0,879934000.0,879934000.0,926355000.0,152736000.0,,3.736,2212580000.0,,,2212580000.0,3198009000.0,23117000.0,0.0,0.027,0.08,260432000.0,283549000.0,0.152,283549000.0,260432000.0,228791000.0,0.827,0.787,0.827,4583266000.0,,4583266000.0,8290585476.0,10.0,8.612,270694000.0,1.463,1.0,934602000.0,0.502,153281000.0,31641000.0,22917931000.0,,0.0,15197775000.0,,,17121929000.0,,,6707414476.0,123566000.0,-7156000.0,-5520000.0,-5274000.0,-14792000.0,-28840000.0,-106368000.0,-107585000.0,287452000.0,-28678000.0,152607000.0,152607000.0,152607000.0,0.0,129000.0,0.082,674041000.0,260561000.0,230008000.0,0.097,1.463,13.291,13.46,336825000.0,0.0,36.247,0.934,0.934,4082247000.0,6083120000.0,1860957000.0,1860957000.0,0.0,,,,,9079000.0,573541000.0,1.0,185049140.0,185049140.0,,10.057,21585285000.0,2021000.0,76184000.0,0.0,116.646,
24,WRB,MRQ,2015-06-30,2015-06-30,2015-06-30,2021-09-07,86055000.0,21689809000.0,,,,,24.042,-15824000.0,756368000.0,756368000.0,906235000.0,123049000.0,,3.81,2339539000.0,,,2339539000.0,3190144000.0,23064000.0,0.0,0.028,0.08,211204000.0,234268000.0,0.131,234268000.0,211204000.0,178173000.0,0.66,0.633,0.66,4502187000.0,,4502187000.0,8420145466.0,9.0,8.397,256047000.0,1.367,1.0,883530000.0,0.494,150682000.0,33031000.0,23122298000.0,,0.0,15583032000.0,,,17153477000.0,,,6482960466.0,141673000.0,0.0,-126919000.0,-268799000.0,-14698000.0,-409320000.0,271966000.0,266840000.0,271871000.0,7156000.0,123035000.0,123035000.0,123035000.0,0.0,14000.0,0.069,672312000.0,211218000.0,225213000.0,0.121,1.44,11.992,12.135,332015000.0,0.0,34.62,0.906,0.906,3757169000.0,5945305000.0,1789765000.0,1789765000.0,0.0,,,,,6802000.0,573582000.0,1.0,187260556.0,187260556.0,,9.558,21539127000.0,29135000.0,55138000.0,0.0,115.022,
25,WRB,MRQ,2015-03-31,2015-03-31,2015-03-31,2021-09-07,152058000.0,21847052000.0,,,,,24.262,-7680000.0,614695000.0,614695000.0,900708000.0,118444000.0,,3.764,2551880000.0,,,2551880000.0,3128637000.0,19203000.0,0.0,0.029,0.073,203118000.0,222321000.0,0.127,222321000.0,203118000.0,168580000.0,0.627,0.593,0.627,4578622000.0,,4578622000.0,8241919214.0,8.0,7.578,53332000.0,0.283,1.0,843971000.0,0.484,150551000.0,34538000.0,23633686000.0,,0.0,16056504000.0,,,17234015000.0,,,6354694214.0,-59746000.0,0.0,-91213000.0,-3240000.0,-13749000.0,-109389000.0,5476000.0,15808000.0,61012000.0,-16845000.0,118307000.0,118307000.0,118307000.0,0.0,137000.0,0.068,640716000.0,203255000.0,383863000.0,0.116,1.388,10.635,10.748,327231000.0,0.0,33.673,0.887,0.887,3636712000.0,5836968000.0,1744679000.0,1744679000.0,0.0,,,,,8171000.0,551046000.0,1.0,188715924.0,188715924.0,,9.245,21696501000.0,0.0,50273000.0,20957000.0,114.969,
26,WRB,MRQ,2014-12-31,2014-12-31,2014-12-31,2021-09-07,183550000.0,21716691000.0,,,,,24.111,-11161000.0,674441000.0,674441000.0,913571000.0,110951000.0,,3.724,2561666000.0,,,2561666000.0,3026732000.0,25421000.0,0.0,0.028,0.74,197068000.0,222489000.0,0.125,222489000.0,197068000.0,162464000.0,0.58,0.56,0.58,4589945000.0,,4589945000.0,7784659918.0,7.0,6.662,148900000.0,0.782,1.0,870857000.0,0.488,150944000.0,34604000.0,23452972000.0,,0.0,15591824000.0,,,17092557000.0,,,6505382918.0,-667844000.0,173000.0,-2230000.0,-79268000.0,-140707000.0,-222781000.0,-589450000.0,-886391000.0,160061000.0,-15674000.0,110711000.0,110711000.0,110711000.0,0.0,240000.0,0.062,673549000.0,197308000.0,237270000.0,1.276,1.417,10.025,10.11,332098000.0,0.0,34.173,0.913,0.913,3921311000.0,5732410000.0,1784428000.0,1784428000.0,0.0,,,,,6519000.0,563837000.0,1.0,190364307.0,190364307.0,,9.374,21565747000.0,67623000.0,51753000.0,37452000.0,113.287,
27,WRB,MRQ,2014-09-30,2014-09-30,2014-09-30,2021-09-07,273545000.0,22097597000.0,,,,,24.616,-8242000.0,1342285000.0,1342285000.0,887123000.0,188791000.0,,3.685,2621562000.0,,,2621562000.0,3111013000.0,12583000.0,0.0,0.009,0.073,311130000.0,323713000.0,0.176,323713000.0,311130000.0,278201000.0,0.987,0.947,0.987,4708903000.0,,4708903000.0,7402238495.0,7.0,6.293,311921000.0,1.631,1.0,953482000.0,0.518,103337000.0,32929000.0,23273537000.0,,0.0,15605429000.0,,,17354123000.0,,,6095951495.0,499614000.0,-65359000.0,-39502000.0,424592000.0,-13957000.0,370681000.0,-177473000.0,-143970000.0,320163000.0,-13757000.0,188539000.0,188539000.0,188539000.0,0.0,252000.0,0.102,642100000.0,311382000.0,351111000.0,0.074,1.295,9.118,9.245,333938000.0,0.0,31.867,0.866,0.866,3552148000.0,5762406000.0,1840605000.0,1840605000.0,0.0,,,,,7934000.0,544303000.0,1.0,191295549.0,191295549.0,,9.622,21994260000.0,0.0,89662000.0,17618000.0,114.975,
28,WRB,MRQ,2014-06-30,2014-06-30,2014-06-30,2021-09-07,333899000.0,21167194000.0,,,,,24.124,-12693000.0,842671000.0,842671000.0,867778000.0,180177000.0,,3.574,2148958000.0,,,2148958000.0,3081888000.0,25596000.0,0.0,0.009,0.073,293549000.0,319145000.0,0.178,319145000.0,293549000.0,263238000.0,0.94,0.9,0.94,4619713000.0,,4619713000.0,7392316666.0,7.0,6.664,98766000.0,0.516,1.0,929211000.0,0.517,103565000.0,30311000.0,22369916000.0,,0.0,15248159000.0,,,16512636000.0,,,5912218666.0,199096000.0,15645000.0,-4533000.0,5113000.0,-14050000.0,-13782000.0,92607000.0,112899000.0,111459000.0,8812000.0,179961000.0,179961000.0,179961000.0,0.0,216000.0,0.1,635446000.0,293765000.0,272455000.0,0.078,1.28,9.582,9.854,335741000.0,0.0,30.873,0.865,0.865,3702306000.0,5587824000.0,1796989000.0,1796989000.0,0.0,,,,,7428000.0,534150000.0,1.0,191499201.0,191499201.0,,9.384,21063629000.0,0.0,83277000.0,24779000.0,109.993,
29,WRB,MRQ,2014-03-31,2014-03-31,2014-03-31,2021-09-07,258883000.0,20704267000.0,,,,,22.696,-9862000.0,643575000.0,643575000.0,822095000.0,169684000.0,,3.723,2123673000.0,,,2123673000.0,2979086000.0,25236000.0,0.0,0.01,0.067,277904000.0,303140000.0,0.178,303140000.0,277904000.0,247574000.0,0.873,0.833,0.873,4375944000.0,,4375944000.0,6704544589.0,7.0,6.634,133302000.0,0.691,1.0,884811000.0,0.518,110242000.0,30330000.0,22074123000.0,,0.0,15072570000.0,,,16293409000.0,,,5349762589.0,-196163000.0,-97000.0,-192668000.0,-125000.0,-12775000.0,-203891000.0,-133995000.0,-175593000.0,143164000.0,-1441000.0,169673000.0,169673000.0,169673000.0,0.0,11000.0,0.099,606896000.0,277915000.0,236688000.0,0.077,1.223,9.674,10.053,337982000.0,0.0,27.747,0.81,0.81,3638779000.0,5421913000.0,1706906000.0,1706906000.0,0.0,,,,,6187000.0,515166000.0,1.0,192807398.0,192807398.0,,8.853,20594025000.0,0.0,77901000.0,59184000.0,106.811,
30,WRB,MRQ,2013-12-31,2013-12-31,2013-12-31,2021-09-07,189391000.0,20551796000.0,,,,,21.403,-13725000.0,839738000.0,839738000.0,848599000.0,135388000.0,,3.732,2194520000.0,,,2194520000.0,2781437000.0,23041000.0,0.0,0.009,0.067,207227000.0,230268000.0,0.136,230268000.0,207227000.0,176717000.0,0.647,0.62,0.647,4336035000.0,,4336035000.0,7018578761.0,9.0,7.631,179378000.0,0.885,1.0,848080000.0,0.5,110146000.0,30510000.0,21796432000.0,,0.0,14548630000.0,,,16182402000.0,,,5860182761.0,-126588000.0,3086000.0,-127050000.0,-4390000.0,-13381000.0,-144720000.0,-169359000.0,-170119000.0,193103000.0,-5612000.0,130379000.0,130379000.0,130379000.0,0.0,5009000.0,0.077,635844000.0,212236000.0,276755000.0,0.104,1.352,11.722,11.759,339448000.0,0.0,28.927,0.914,0.914,3763322000.0,5265015000.0,1696679000.0,1696679000.0,0.0,,,,,5621000.0,520698000.0,1.0,202587558.0,202587558.0,,8.375,20441650000.0,44857000.0,46338000.0,0.0,100.903,
31,WRB,MRQ,2013-09-30,2013-09-30,2013-09-30,2021-09-07,217479000.0,20523719000.0,,,,,21.515,-5979000.0,966326000.0,966326000.0,798276000.0,138188000.0,,3.693,2124722000.0,,,2124722000.0,2825105000.0,29432000.0,0.0,0.032,0.067,227368000.0,256800000.0,0.157,256800000.0,227368000.0,197019000.0,0.673,0.647,0.673,4367074000.0,,4367074000.0,7348477480.0,8.0,7.401,306784000.0,1.511,1.0,835848000.0,0.511,113169000.0,30349000.0,21568946000.0,,0.0,14504268000.0,,,16128421000.0,,,5799726480.0,307487000.0,0.0,-8059000.0,197000.0,-27093000.0,-34887000.0,-4342000.0,33024000.0,312763000.0,33953000.0,136974000.0,136974000.0,136974000.0,0.0,1214000.0,0.084,607266000.0,228582000.0,285152000.0,0.1,1.328,10.84,10.906,336515000.0,0.0,28.573,0.918,0.918,3616004000.0,5148017000.0,1634124000.0,1634124000.0,0.0,,,,,5768000.0,504096000.0,1.0,202976895.0,202976895.0,,8.051,20410550000.0,63630000.0,60045000.0,0.0,100.556,
32,WRB,MRQ,2013-06-30,2013-06-30,2013-06-30,2021-09-07,210225000.0,20211542000.0,,,,,20.772,-30404000.0,658839000.0,658839000.0,805470000.0,115127000.0,,3.762,2207590000.0,,,2207590000.0,2721228000.0,29707000.0,0.0,0.034,0.067,190743000.0,220450000.0,0.14,220450000.0,190743000.0,159536000.0,0.567,0.547,0.567,4238604000.0,,4238604000.0,6629477203.0,8.0,7.205,168416000.0,0.825,1.0,765492000.0,0.487,112741000.0,31207000.0,21647552000.0,,0.0,14558239000.0,,,15945887000.0,,,5558467203.0,-286653000.0,-21408000.0,-31311000.0,91906000.0,-12243000.0,47987000.0,-515095000.0,-413791000.0,198820000.0,-18365000.0,115957000.0,115957000.0,115957000.0,0.0,-830000.0,0.074,575579000.0,189913000.0,337370000.0,0.118,1.311,11.139,11.164,291831000.0,0.0,27.24,0.91,0.91,3586496000.0,5024565000.0,1570962000.0,1570962000.0,0.0,,,,,7406000.0,494286000.0,1.0,204055330.0,204055330.0,,7.699,20098801000.0,67666000.0,43579000.0,0.0,98.497,
33,WRB,MRQ,2013-03-31,2013-03-31,2013-03-31,2021-09-07,428592000.0,20120634000.0,,,,,21.46,-13042000.0,945492000.0,945492000.0,744679000.0,116598000.0,,3.588,2016502000.0,,,2016502000.0,2635995000.0,20910000.0,0.0,0.031,0.06,191351000.0,212261000.0,0.141,212261000.0,191351000.0,160240000.0,0.573,0.553,0.573,4378541000.0,,4378541000.0,7365916790.0,9.0,8.135,102070000.0,0.5,1.0,762090000.0,0.506,107529000.0,31111000.0,21084115000.0,,0.0,14604639000.0,,,15710004000.0,,,6035358790.0,39822000.0,-38556000.0,0.0,-206280000.0,0.0,-198642000.0,143432000.0,151705000.0,115112000.0,-20080000.0,116615000.0,116615000.0,116615000.0,0.0,-17000.0,0.077,570756000.0,191334000.0,298557000.0,0.105,1.378,12.27,12.325,271012000.0,0.0,29.58,1.014,1.014,3319973000.0,4922178000.0,1506769000.0,1506769000.0,0.0,,,,,4989000.0,481604000.0,1.0,204035118.0,204035118.0,,7.385,20013105000.0,0.0,43625000.0,104810000.0,98.087,
34,WRB,MRQ,2012-12-31,2012-12-31,2012-12-31,2021-09-07,465631000.0,20155896000.0,,,,,21.138,-18237000.0,905670000.0,905670000.0,801173000.0,165499000.0,,3.674,2236228000.0,,,2236228000.0,2474847000.0,38330000.0,0.0,0.036,0.727,265035000.0,303365000.0,0.189,303365000.0,265035000.0,232483000.0,0.807,0.767,0.807,4306217000.0,,4306217000.0,6206114179.0,7.0,6.662,203872000.0,1.001,1.0,807428000.0,0.502,87865000.0,32552000.0,21398589000.0,,0.0,14467440000.0,,,15820430000.0,,,5125688179.0,-283894000.0,-42779000.0,-7308000.0,-6350000.0,-148217000.0,-145823000.0,-361785000.0,-195626000.0,222109000.0,1605000.0,165489000.0,165489000.0,165489000.0,0.0,10000.0,0.103,542383000.0,265045000.0,316388000.0,0.901,1.19,10.039,10.145,267227000.0,0.0,25.16,0.88,0.88,3654282000.0,4817807000.0,1608601000.0,1608601000.0,0.0,,,,,5693000.0,467599000.0,1.0,203723696.0,203723696.0,,7.896,20068031000.0,0.0,66994000.0,60255000.0,98.506,
35,WRB,MRQ,2012-09-30,2012-09-30,2012-09-30,2021-09-07,508152000.0,19932912000.0,,,,,21.022,-1943000.0,1189564000.0,1189564000.0,736632000.0,101008000.0,,3.607,2269990000.0,,,2269990000.0,2480449000.0,17942000.0,0.0,0.009,0.06,166144000.0,184086000.0,0.13,184086000.0,166144000.0,133632000.0,0.493,0.473,0.493,4324401000.0,,4324401000.0,6278008840.0,8.0,7.511,138995000.0,0.676,1.0,683869000.0,0.481,87865000.0,32512000.0,20925473000.0,,0.0,14287912000.0,,,15599065000.0,,,5141226840.0,177344000.0,0.0,-69125000.0,11597000.0,-24688000.0,-85917000.0,101696000.0,62995000.0,140938000.0,20627000.0,100947000.0,100947000.0,100947000.0,0.0,61000.0,0.071,517664000.0,166205000.0,303424000.0,0.122,1.189,11.125,11.158,258368000.0,0.0,24.993,0.92,0.92,3417416000.0,4800537000.0,1420501000.0,1420501000.0,0.0,,,,,5243000.0,451487000.0,1.0,205703928.0,205703928.0,,6.906,19845047000.0,5122000.0,32685000.0,69968000.0,96.474,
36,WRB,MRQ,2012-06-30,2012-06-30,2012-06-30,2021-09-07,416355000.0,19462106000.0,,,,,20.28,-5321000.0,1012220000.0,1012220000.0,731202000.0,108904000.0,,3.623,2149002000.0,,,2149002000.0,2380002000.0,24935000.0,0.0,0.008,0.06,180790000.0,205725000.0,0.145,205725000.0,180790000.0,148373000.0,0.527,0.507,0.527,4207784000.0,,4207784000.0,6469178061.0,9.0,8.085,233328000.0,1.125,1.0,684545000.0,0.484,87865000.0,32417000.0,20511023000.0,,0.0,14222327000.0,,,15245264000.0,,,5383637061.0,-70187000.0,0.0,-46998000.0,11413000.0,-11042000.0,-37573000.0,-236385000.0,-253618000.0,238649000.0,-34878000.0,108838000.0,108838000.0,108838000.0,0.0,66000.0,0.077,503689000.0,180856000.0,299220000.0,0.114,1.279,12.303,12.28,264413000.0,0.0,25.947,0.989,0.989,3198874000.0,4711836000.0,1415747000.0,1415747000.0,0.0,,,,,8380000.0,448758000.0,1.0,207488582.0,207488582.0,,6.823,19374241000.0,0.0,39535000.0,47202000.0,93.375,
37,WRB,MRQ,2012-03-31,2012-03-31,2012-03-31,2021-09-07,393259000.0,19133632000.0,,,,,19.954,-15055000.0,1082407000.0,1082407000.0,679472000.0,135232000.0,,3.634,2167948000.0,,,2167948000.0,2311187000.0,22212000.0,0.0,0.009,0.053,216210000.0,238422000.0,0.173,238422000.0,216210000.0,187389000.0,0.653,0.627,0.653,4126916000.0,,4126916000.0,5874529927.0,9.0,7.91,58707000.0,0.284,1.0,699233000.0,0.507,90172000.0,28821000.0,20129001000.0,,0.0,13780385000.0,,,14998177000.0,,,4980257927.0,170665000.0,0.0,3428000.0,352631000.0,0.0,366505000.0,-278594000.0,-279685000.0,73762000.0,8992000.0,135318000.0,135318000.0,135318000.0,0.0,-86000.0,0.098,483109000.0,216124000.0,268288000.0,0.081,1.207,12.119,12.205,268229000.0,0.0,24.08,0.94,0.94,3206692000.0,4615439000.0,1378705000.0,1378705000.0,0.0,,,,,7447000.0,431779000.0,1.0,206821342.0,206821342.0,,6.666,19043460000.0,0.0,52071000.0,54747000.0,92.077,
38,WRB,MRQ,2011-12-31,2011-12-31,2011-12-31,2021-09-07,354851000.0,18403873000.0,,,,,19.223,-7915000.0,911742000.0,911742000.0,693014000.0,117055000.0,,3.653,1806014000.0,,,1806014000.0,2189575000.0,30680000.0,0.0,0.009,0.053,176885000.0,207565000.0,0.151,207565000.0,176885000.0,148690000.0,0.567,0.547,0.567,3953356000.0,,3953356000.0,5654500809.0,9.0,7.923,177121000.0,0.861,1.0,677939000.0,0.495,87865000.0,28195000.0,19210280000.0,,0.0,13439518000.0,,,14442991000.0,,,4714939809.0,45612000.0,-253413000.0,-1309000.0,-1619000.0,-10981000.0,-16175000.0,-120801000.0,279168000.0,185036000.0,-2448000.0,117027000.0,117027000.0,117027000.0,0.0,28000.0,0.085,501026000.0,176913000.0,241204000.0,0.093,1.193,12.052,12.28,262275000.0,0.0,22.927,0.914,0.914,2998394000.0,4491162000.0,1370953000.0,1370953000.0,0.0,,,,,7448000.0,429590000.0,1.0,205653088.0,205653088.0,,6.666,18316008000.0,9670000.0,31663000.0,2835000.0,89.063,
39,WRB,MRQ,2011-09-30,2011-09-30,2011-09-30,2021-09-07,335741000.0,18330821000.0,,,,,18.375,-18726000.0,866130000.0,866130000.0,683980000.0,76371000.0,,3.744,1805691000.0,,,1805691000.0,2214954000.0,24153000.0,0.0,0.01,0.053,124253000.0,148406000.0,0.116,148406000.0,124253000.0,96185000.0,0.367,0.353,0.367,3862393000.0,,3862393000.0,5178535887.0,8.0,7.15,250125000.0,1.19,1.0,595751000.0,0.466,90581000.0,28068000.0,19179801000.0,,0.0,13293812000.0,,,14461013000.0,,,4160529887.0,71249000.0,0.0,-117949000.0,-315000.0,-10999000.0,-135082000.0,-49101000.0,-79511000.0,268851000.0,-13419000.0,76410000.0,76410000.0,76410000.0,0.0,-39000.0,0.06,471537000.0,124214000.0,254117000.0,0.144,1.077,10.45,10.568,263689000.0,0.0,19.793,0.829,0.829,3038728000.0,4439287000.0,1279731000.0,1279731000.0,0.0,,,,,6701000.0,407149000.0,1.0,210198546.0,210198546.0,,6.088,18240240000.0,2863000.0,19775000.0,0.0,86.776,
40,WRB,MRQ,2011-06-30,2011-06-30,2011-06-30,2021-09-07,340743000.0,18195124000.0,,,,,18.417,-6795000.0,794881000.0,794881000.0,674276000.0,82120000.0,,3.648,1812887000.0,,,1812887000.0,2166032000.0,11100000.0,0.0,0.009,0.053,137224000.0,148324000.0,0.117,148324000.0,137224000.0,109092000.0,0.387,0.373,0.387,3912807000.0,,3912807000.0,5828034778.0,9.0,7.818,154154000.0,0.726,1.0,596673000.0,0.469,90581000.0,28132000.0,19122549000.0,,0.0,13360903000.0,,,14275052000.0,,,4594775778.0,164730000.0,2481000.0,-35856000.0,4296000.0,-11362000.0,-35990000.0,40656000.0,46645000.0,160949000.0,-885000.0,82184000.0,82184000.0,82184000.0,0.0,-64000.0,0.065,459513000.0,137160000.0,264929000.0,0.137,1.174,11.062,11.188,254792000.0,0.0,21.627,0.935,0.935,2889884000.0,4372978000.0,1270949000.0,1270949000.0,0.0,,,,,6558000.0,403658000.0,1.0,212458806.0,212458806.0,,5.982,18104543000.0,30587000.0,26908000.0,0.0,85.214,
41,WRB,MRQ,2011-03-31,2011-03-31,2011-03-31,2021-09-07,263176000.0,17983511000.0,,,,,17.922,-11884000.0,630151000.0,630151000.0,607095000.0,115595000.0,,3.741,1863410000.0,,,1863410000.0,2112709000.0,22079000.0,0.0,0.009,0.047,187306000.0,209385000.0,0.17,209385000.0,187306000.0,159189000.0,0.547,0.52,0.547,3791784000.0,,3791784000.0,5696951746.0,8.0,7.203,43559000.0,0.206,1.0,627256000.0,0.508,90581000.0,28117000.0,19126189000.0,,0.0,13242366000.0,,,14184534000.0,,,4543206746.0,-12801000.0,-11060000.0,-10086000.0,-3672000.0,-9911000.0,-7966000.0,-75028000.0,-127070000.0,55443000.0,14750000.0,115590000.0,115590000.0,115590000.0,0.0,5000.0,0.094,439945000.0,187311000.0,227017000.0,0.086,1.198,10.247,10.562,256973000.0,0.0,21.473,0.946,0.946,2905494000.0,4301258000.0,1234351000.0,1234351000.0,0.0,,,,,6468000.0,386129000.0,1.0,211574360.0,211574360.0,,5.834,17892930000.0,76167000.0,43599000.0,0.0,84.57,
42,WRB,MRQ,2010-12-31,2010-12-31,2010-12-31,2021-09-07,276563000.0,17528547000.0,,,,,17.02,-12917000.0,642952000.0,642952000.0,591512000.0,124010000.0,,3.732,1796697000.0,,,1796697000.0,1953721000.0,18804000.0,0.0,0.01,0.047,199344000.0,218148000.0,0.177,218148000.0,199344000.0,171155000.0,0.573,0.553,0.573,3702876000.0,,3702876000.0,4851815500.0,7.0,6.153,47682000.0,0.219,1.0,639830000.0,0.52,90581000.0,28189000.0,18591711000.0,,0.0,12995393000.0,,,13818691000.0,,,3971197500.0,-279246000.0,0.0,-138704000.0,14168000.0,-18401000.0,-154145000.0,-184134000.0,-114791000.0,60599000.0,-1566000.0,123969000.0,123969000.0,123969000.0,0.0,41000.0,0.101,440445000.0,199385000.0,215723000.0,0.082,1.072,8.896,9.127,254720000.0,0.0,18.253,0.841,0.841,2712515000.0,4194684000.0,1231342000.0,1231342000.0,0.0,,,,,7050000.0,392750000.0,1.0,217560126.0,217560126.0,,5.66,17437966000.0,89097000.0,47186000.0,0.0,80.152,
43,WRB,MRQ,2010-09-30,2010-09-30,2010-09-30,2021-09-07,396894000.0,17812851000.0,,,,,17.19,-16381000.0,922198000.0,922198000.0,597907000.0,93669000.0,,3.652,1802816000.0,,,1802816000.0,2033921000.0,21595000.0,0.0,0.01,0.047,147975000.0,169570000.0,0.144,169570000.0,147975000.0,121250000.0,0.427,0.407,0.427,3827392000.0,,3827392000.0,4870709103.0,7.0,6.053,187666000.0,0.843,1.0,578205000.0,0.492,107131000.0,26725000.0,18586338000.0,,0.0,13147693000.0,,,13978750000.0,,,4018053103.0,140735000.0,0.0,-86690000.0,150452000.0,-1751000.0,60941000.0,-133988000.0,-118290000.0,204047000.0,9735000.0,93619000.0,93619000.0,93619000.0,0.0,50000.0,0.08,430180000.0,148025000.0,211743000.0,0.11,1.05,8.797,9.082,251612000.0,0.0,18.047,0.861,0.861,2611720000.0,4077797000.0,1176112000.0,1176112000.0,0.0,,,,,7990000.0,369217000.0,1.0,222647937.0,222647937.0,,5.282,17705720000.0,46246000.0,27631000.0,0.0,79.523,
44,WRB,MRQ,2010-06-30,2010-06-30,2010-06-30,2021-09-07,256386000.0,17416926000.0,,,,,16.052,-9443000.0,781463000.0,781463000.0,570475000.0,110224000.0,,3.728,1634119000.0,,,1634119000.0,2009298000.0,21940000.0,0.0,0.009,0.047,171819000.0,193759000.0,0.167,193759000.0,171819000.0,145805000.0,0.487,0.467,0.487,3682362000.0,,3682362000.0,5276611977.0,7.0,6.673,120068000.0,0.523,1.0,592593000.0,0.51,107132000.0,26014000.0,18162450000.0,,0.0,12856912000.0,,,13728116000.0,,,4046738977.0,340416000.0,0.0,-134648000.0,-3203000.0,-10449000.0,-149122000.0,365593000.0,307436000.0,129511000.0,-5566000.0,110207000.0,110207000.0,110207000.0,0.0,17000.0,0.095,420757000.0,171836000.0,220086000.0,0.097,1.099,8.781,8.968,245003000.0,0.0,17.64,0.874,0.874,2594397000.0,3994366000.0,1163068000.0,1163068000.0,0.0,,,,,6988000.0,370823000.0,1.0,229406972.0,229406972.0,,5.07,17309794000.0,123296000.0,35598000.0,0.0,75.455,
45,WRB,MRQ,2010-03-31,2010-03-31,2010-03-31,2021-09-07,191550000.0,17231923000.0,,,,,15.906,-10864000.0,441047000.0,441047000.0,549973000.0,118781000.0,,3.725,1670920000.0,,,1670920000.0,1989553000.0,20528000.0,0.0,0.009,0.04,186462000.0,206990000.0,0.179,206990000.0,186462000.0,160421000.0,0.513,0.493,0.513,3645984000.0,,3645984000.0,5210591993.0,8.0,6.794,46295000.0,0.202,1.0,603574000.0,0.523,109399000.0,26041000.0,18352397000.0,,0.0,13072063000.0,,,13580107000.0,,,3986862993.0,-74383000.0,0.0,-93235000.0,-15072000.0,-18747000.0,-116749000.0,-10124000.0,12894000.0,57159000.0,-4669000.0,118610000.0,118610000.0,118610000.0,0.0,171000.0,0.103,416941000.0,186633000.0,204576000.0,0.078,1.093,8.899,9.217,245282000.0,0.0,17.393,0.863,0.863,2535171000.0,3894608000.0,1153547000.0,1153547000.0,0.0,,,,,5379000.0,367967000.0,1.0,229217880.0,229217880.0,,5.033,17122524000.0,133458000.0,41811000.0,0.0,74.7,
46,WRB,MRQ,2009-12-31,2009-12-31,2009-12-31,2021-09-07,163207000.0,17328596000.0,,,,,14.914,-13348000.0,515430000.0,515430000.0,543031000.0,134144000.0,,3.817,1739159000.0,,,1739159000.0,1928428000.0,22708000.0,0.0,0.01,0.04,211594000.0,234302000.0,0.199,234302000.0,211594000.0,185641000.0,0.56,0.54,0.56,3596067000.0,,3596067000.0,4929873221.0,10.0,8.979,137409000.0,0.57,1.0,633119000.0,0.538,90581000.0,25953000.0,18461744000.0,,0.0,13050238000.0,,,13726650000.0,,,3960839221.0,-220962000.0,0.0,-112516000.0,3328000.0,0.0,-106087000.0,-262261000.0,-191817000.0,150757000.0,-3371000.0,134294000.0,134294000.0,134294000.0,0.0,-150000.0,0.114,421675000.0,211444000.0,208045000.0,0.071,1.101,12.816,12.764,246605000.0,0.0,16.427,0.894,0.894,2541892000.0,3785187000.0,1176150000.0,1176150000.0,0.0,,,,,5756000.0,364855000.0,1.0,241122518.0,241122518.0,,4.878,17238015000.0,190450000.0,51347000.0,0.0,71.491,
47,WRB,MRQ,2009-09-30,2009-09-30,2009-09-30,2021-09-07,191060000.0,17392514000.0,,,,,15.005,-5250000.0,736392000.0,736392000.0,585964000.0,97788000.0,,3.826,1705426000.0,,,1705426000.0,2040239000.0,8340000.0,0.0,0.009,0.04,147308000.0,155648000.0,0.137,155648000.0,147308000.0,125709000.0,0.407,0.393,0.407,3603045000.0,,3603045000.0,4704204519.0,16.0,12.317,169279000.0,0.705,1.0,550345000.0,0.484,109318000.0,21599000.0,18252230000.0,,0.0,12967068000.0,,,13783969000.0,,,4046792519.0,-35119000.0,-650000.0,1194000.0,322471000.0,-9643000.0,317181000.0,-495814000.0,-545968000.0,174529000.0,-31015000.0,97722000.0,97722000.0,97722000.0,0.0,66000.0,0.086,402971000.0,147374000.0,163531000.0,0.098,1.123,18.815,18.873,244503000.0,0.0,16.853,0.934,0.934,2473254000.0,3660451000.0,1136309000.0,1136309000.0,0.0,,,,,6045000.0,353122000.0,1.0,240118227.0,240118227.0,,4.732,17283196000.0,177551000.0,27987000.0,0.0,71.978,
48,WRB,MRQ,2009-06-30,2009-06-30,2009-06-30,2021-09-07,-25325000.0,16656495000.0,,,,,13.711,-7621000.0,771511000.0,771511000.0,597267000.0,97432000.0,,4.061,1428923000.0,,,1428923000.0,2015712000.0,24568000.0,0.0,0.011,0.04,145481000.0,170049000.0,0.147,170049000.0,145481000.0,125268000.0,0.407,0.393,0.407,3290272000.0,,3290272000.0,3924369220.0,33.0,18.816,-38413000.0,-0.16,1.0,557831000.0,0.483,107992000.0,20213000.0,17205915000.0,,0.0,12084087000.0,,,13360796000.0,,,3434740220.0,-54556000.0,-33162000.0,475000.0,-423000.0,-9602000.0,-5120000.0,-66690000.0,-104330000.0,-30792000.0,48046000.0,97387000.0,97387000.0,97387000.0,0.0,45000.0,0.084,412305000.0,145526000.0,158159000.0,0.098,1.044,38.383,38.374,250063000.0,0.0,14.313,0.808,0.808,2412392000.0,3572372000.0,1155098000.0,1155098000.0,0.0,,,,,6520000.0,365514000.0,1.0,239967878.0,239967878.0,,4.814,16548503000.0,348057000.0,27881000.0,0.0,68.961,
49,WRB,MRQ,2009-03-31,2009-03-31,2009-03-31,2021-09-07,-146148000.0,16193308000.0,,,,,12.686,-4236000.0,826067000.0,826067000.0,610445000.0,-20284000.0,,4.265,1315696000.0,,,1315696000.0,2015057000.0,23259000.0,0.0,0.011,0.04,-34187000.0,-10928000.0,-0.011,-10928000.0,-34187000.0,-54411000.0,-0.087,-0.087,-0.087,3074605000.0,,3074605000.0,3803214535.0,42.0,23.807,17324000.0,0.071,1.0,353176000.0,0.367,106292000.0,20224000.0,16576645000.0,,0.0,11504503000.0,,,13113351000.0,,,3643546535.0,-308768000.0,0.0,-30871000.0,-2952000.0,-9598000.0,-32589000.0,-291469000.0,-353875000.0,21560000.0,-6270000.0,-20346000.0,-20346000.0,-20346000.0,0.0,62000.0,-0.021,387301000.0,-34125000.0,115477000.0,-0.46,1.185,50.355,52.381,253366000.0,0.0,15.033,0.848,0.848,2474092000.0,3484587000.0,963621000.0,963621000.0,0.0,,,,,6144000.0,357347000.0,1.0,242364514.0,242364514.0,,3.976,16087016000.0,401401000.0,-34065000.0,0.0,66.375,
50,WRB,MRQ,2008-12-31,2008-12-31,2008-12-31,2021-09-07,-228959000.0,16121158000.0,,,,,12.595,-49849000.0,1134835000.0,1134835000.0,631663000.0,40351000.0,,4.29,1294503000.0,,,1294503000.0,1966150000.0,23594000.0,0.0,0.007,0.04,43562000.0,67156000.0,0.062,67156000.0,43562000.0,23330000.0,0.167,0.167,0.167,3046319000.0,,3046319000.0,5326025544.0,13.0,10.768,716955000.0,2.964,1.0,447172000.0,0.414,107564000.0,20232000.0,16173262000.0,,0.0,11143281000.0,,,13069478000.0,,,4998589544.0,130960000.0,-72895000.0,-16523000.0,-2764000.0,-9081000.0,-26139000.0,-544247000.0,-308228000.0,766804000.0,-65458000.0,40326000.0,40326000.0,40326000.0,0.0,25000.0,0.037,403585000.0,43587000.0,114974000.0,0.24,1.641,17.78,18.452,260522000.0,0.0,20.667,1.062,1.062,2435967000.0,3514531000.0,1078835000.0,1078835000.0,0.0,,,,,5949000.0,360163000.0,1.0,241867236.0,241867236.0,,4.46,16013594000.0,405908000.0,-16996000.0,0.0,66.208,
51,WRB,MRQ,2008-09-30,2008-09-30,2008-09-30,2021-09-07,-180766000.0,16417710000.0,,,,,12.482,-8269000.0,1003875000.0,1003875000.0,694254000.0,-27828000.0,,4.382,1331311000.0,,,1331311000.0,2132638000.0,18885000.0,0.0,0.009,0.04,-36593000.0,-17708000.0,-0.017,-17708000.0,-36593000.0,-56844000.0,-0.113,-0.113,-0.113,3049441000.0,,3049441000.0,4548402535.0,7.0,6.007,370036000.0,1.515,1.0,361376000.0,0.342,106591000.0,20251000.0,16638555000.0,,0.0,11218326000.0,,,13363021000.0,,,3835507535.0,389175000.0,-21731000.0,-43248000.0,7614000.0,-20250000.0,-53721000.0,93538000.0,166683000.0,378305000.0,-28947000.0,-27880000.0,-27880000.0,-27880000.0,0.0,52000.0,-0.026,397917000.0,-36541000.0,108767000.0,-0.354,1.258,8.57,9.418,218608000.0,0.0,15.7,0.757,0.757,2684152000.0,3461294000.0,1055630000.0,1055630000.0,0.0,,,,,4794000.0,358580000.0,1.0,244299843.0,244299843.0,,4.321,16311119000.0,337362000.0,-28964000.0,0.0,66.767,
52,WRB,MRQ,2008-06-30,2008-06-30,2008-06-30,2021-09-07,-29220000.0,16547507000.0,,,,,13.067,-14384000.0,614700000.0,614700000.0,679703000.0,80275000.0,,4.048,1327595000.0,,,1327595000.0,2205410000.0,4409000.0,0.0,0.009,0.04,116826000.0,121235000.0,0.101,121235000.0,116826000.0,95430000.0,0.32,0.307,0.32,3276738000.0,,3276738000.0,4800252998.0,5.0,4.468,180107000.0,0.718,1.0,519436000.0,0.433,106461000.0,21396000.0,17153941000.0,,0.0,11783623000.0,,,13265591000.0,,,4070345998.0,-103373000.0,45731000.0,-188307000.0,-88751000.0,-36000.0,-269089000.0,-27700000.0,-147252000.0,194491000.0,-1075000.0,80257000.0,80257000.0,80257000.0,0.0,18000.0,0.067,402592000.0,116844000.0,112918000.0,0.125,1.242,6.206,6.636,219376000.0,0.0,16.107,0.751,0.746,2718036000.0,3498901000.0,1199139000.0,1199139000.0,0.0,,,,,7829000.0,376249000.0,1.0,252711879.0,250758000.0,260526000.0,4.782,16441046000.0,261442000.0,15173000.0,0.0,65.565,
53,WRB,MRQ,2008-03-31,2008-03-31,2008-03-31,2021-09-07,35321000.0,16834811000.0,,,,,13.163,-6445000.0,718073000.0,718073000.0,683041000.0,188605000.0,,3.835,1447980000.0,,,1447980000.0,2294415000.0,37065000.0,0.0,0.007,0.033,286888000.0,323953000.0,0.236,323953000.0,286888000.0,264144000.0,0.713,0.687,0.713,3488740000.0,,3488740000.0,5385306383.0,5.0,4.251,206915000.0,0.781,1.0,692163000.0,0.503,105963000.0,22744000.0,17458755000.0,,0.0,11962106000.0,,,13380901000.0,,,4898862383.0,-233790000.0,0.0,-290400000.0,-11897000.0,-17611000.0,-314342000.0,-136155000.0,-59644000.0,213360000.0,3347000.0,188438000.0,188438000.0,188438000.0,0.0,167000.0,0.137,405108000.0,287055000.0,107236000.0,0.046,1.404,6.393,6.688,201775000.0,0.0,18.46,0.874,0.873,2816072000.0,3428602000.0,1375204000.0,1375204000.0,0.0,,,,,5567000.0,380173000.0,1.0,265377160.0,265048500.0,275706000.0,5.188,16728848000.0,184872000.0,75706000.0,0.0,63.116,
54,WRB,MRQ,2007-12-31,2007-12-31,2007-12-31,2021-09-07,53201000.0,16820005000.0,,,,,13.08,-9720000.0,951863000.0,951863000.0,684388000.0,209800000.0,,3.672,1438307000.0,,,1438307000.0,2240690000.0,11849000.0,0.0,0.007,0.033,317821000.0,329670000.0,0.23,329670000.0,317821000.0,294932000.0,0.747,0.727,0.747,3592368000.0,,3592368000.0,6376870057.0,5.0,5.093,310115000.0,1.129,1.0,750373000.0,0.523,102462000.0,22889000.0,17203987000.0,,0.0,11956717000.0,,,13192141000.0,,,5458213057.0,360584000.0,27901000.0,-90843000.0,105000.0,-9180000.0,-102257000.0,144127000.0,149513000.0,319835000.0,-1121000.0,206717000.0,206717000.0,206717000.0,0.0,3083000.0,0.144,431161000.0,319212000.0,108178000.0,0.044,1.519,7.123,7.36,204252000.0,0.0,19.873,0.977,0.977,2693062000.0,3271355000.0,1434761000.0,1434761000.0,0.0,,,,,5684000.0,391232000.0,1.0,274650104.0,274650104.0,,5.224,16717543000.0,174504000.0,88215000.0,0.0,60.869,
55,WRB,MRQ,2007-09-30,2007-09-30,2007-09-30,2021-09-07,91481000.0,16695839000.0,,,,,12.519,-6106000.0,591279000.0,591279000.0,706374000.0,180463000.0,,3.738,1509936000.0,,,1509936000.0,2355935000.0,20066000.0,0.0,0.006,0.033,279514000.0,299580000.0,0.213,299580000.0,279514000.0,256807000.0,0.647,0.62,0.647,3516730000.0,,3516730000.0,6367360700.0,5.0,5.13,486728000.0,1.733,1.0,701658000.0,0.498,103345000.0,22707000.0,17511151000.0,,0.0,12219541000.0,,,13144725000.0,,,5548803700.0,-210714000.0,-94022000.0,-290004000.0,-355000.0,-9738000.0,-303130000.0,-403560000.0,-301689000.0,492834000.0,3142000.0,180463000.0,180463000.0,180463000.0,0.0,0.0,0.128,421248000.0,280410000.0,126187000.0,0.051,1.578,7.324,7.482,200432000.0,0.0,19.753,1.006,1.006,2663074000.0,3073652000.0,1408032000.0,1408032000.0,0.0,,,,,5281000.0,382530000.0,1.0,280904676.0,280904676.0,,5.012,16592494000.0,141353000.0,76344000.0,0.0,59.068,
56,WRB,MRQ,2007-06-30,2007-06-30,2007-06-30,2021-09-07,32944000.0,16626837000.0,,,,,12.25,-9035000.0,801993000.0,801993000.0,703669000.0,190633000.0,,3.647,1620550000.0,,,1620550000.0,2408198000.0,21016000.0,0.0,0.006,0.033,292709000.0,313725000.0,0.226,313725000.0,292709000.0,270009000.0,0.653,0.62,0.653,3571177000.0,,3571177000.0,7186982481.0,6.0,5.86,270959000.0,0.929,1.0,682914000.0,0.493,68067000.0,22700000.0,17377327000.0,,0.0,12074158000.0,,,13023736000.0,,,6316635481.0,88504000.0,54600000.0,-90704000.0,-336000.0,-9697000.0,-93101000.0,-105279000.0,19875000.0,279994000.0,6890000.0,190633000.0,190633000.0,190633000.0,0.0,0.0,0.137,389791000.0,293123000.0,119018000.0,0.051,1.769,8.406,8.344,192800000.0,0.0,21.693,1.154,1.155,2520660000.0,2902367000.0,1386583000.0,1386583000.0,0.0,,,,,5387000.0,376604000.0,1.0,291178648.0,291517500.0,305883000.0,4.756,16558770000.0,171390000.0,79376000.0,0.0,56.802,
57,WRB,MRQ,2007-03-31,2007-03-31,2007-03-31,2021-09-07,112528000.0,16538194000.0,,,,,12.205,-6247000.0,713489000.0,713489000.0,685147000.0,188426000.0,,3.667,1583836000.0,,,1583836000.0,2424720000.0,20766000.0,0.0,0.005,0.033,288261000.0,309027000.0,0.227,309027000.0,288261000.0,267561000.0,0.653,0.62,0.653,3537028000.0,,3537028000.0,6913804126.0,6.0,5.834,350974000.0,1.211,1.0,673874000.0,0.496,74881000.0,20700000.0,17333660000.0,,0.0,11992360000.0,,,12970123000.0,,,6386836126.0,-40758000.0,-35702000.0,8433000.0,244556000.0,-7669000.0,254330000.0,-652927000.0,-808419000.0,357221000.0,618000.0,188426000.0,188426000.0,188426000.0,0.0,0.0,0.139,385231000.0,288643000.0,159310000.0,0.051,1.806,8.794,8.762,191676000.0,0.0,22.08,1.173,1.175,2698575000.0,2721474000.0,1359021000.0,1359021000.0,0.0,,,,,4753000.0,380621000.0,1.0,289258882.0,289798500.0,303114000.0,4.69,16463313000.0,124252000.0,79135000.0,0.0,56.81,
58,WRB,MRQ,2006-12-31,2006-12-31,2006-12-31,2021-09-07,111613000.0,15656489000.0,,,,,11.603,-9415000.0,754247000.0,754247000.0,689249000.0,198056000.0,,3.685,1281215000.0,,,1281215000.0,2314282000.0,15193000.0,106926000.0,0.006,0.027,303691000.0,318884000.0,0.234,318884000.0,303691000.0,281203000.0,0.687,0.647,0.687,3335159000.0,,3335159000.0,7511324189.0,7.0,6.565,445352000.0,1.549,1.0,671194000.0,0.493,67962000.0,22488000.0,16115495000.0,,0.0,11114364000.0,,,12290715000.0,,,6612836189.0,95337000.0,55869000.0,8163000.0,-209500000.0,-7661000.0,-204776000.0,-164886000.0,-248896000.0,454767000.0,10232000.0,198056000.0,198056000.0,198056000.0,0.0,0.0,0.146,366275000.0,304919000.0,149427000.0,0.039,1.983,9.453,9.456,183249000.0,0.0,23.007,1.226,1.226,2656104000.0,2542744000.0,1360443000.0,1360443000.0,0.0,,,,,4957000.0,366275000.0,1.0,287431304.0,287431304.0,,4.733,15588527000.0,142634000.0,83147000.0,0.0,54.234,
59,WRB,MRQ,2006-09-30,2006-09-30,2006-09-30,2021-09-07,89018000.0,15444238000.0,,,,,10.792,-4853000.0,658910000.0,658910000.0,731941000.0,174308000.0,,3.977,1557398000.0,,,1557398000.0,2373103000.0,16780000.0,100028000.0,0.005,0.027,268046000.0,284826000.0,0.208,284826000.0,268046000.0,244753000.0,0.607,0.58,0.607,3097587000.0,,3097587000.0,7432068572.0,7.0,6.698,554020000.0,1.93,1.0,636567000.0,0.465,65759000.0,23293000.0,16276967000.0,,0.0,11027703000.0,,,12319269000.0,,,6771907572.0,-124492000.0,-9559000.0,2223000.0,1625000.0,-1000.0,8352000.0,-697727000.0,-610126000.0,558873000.0,6010000.0,174308000.0,174308000.0,174308000.0,0.0,0.0,0.127,368311000.0,268256000.0,92766000.0,0.044,2.186,10.124,10.17,180614000.0,0.0,23.593,1.259,1.259,2560252000.0,2352358000.0,1368508000.0,1368508000.0,0.0,,,,,4242000.0,368311000.0,1.0,287026317.0,287026317.0,,4.768,15378479000.0,145357000.0,70445000.0,0.0,53.579,
60,WRB,MRQ,2006-06-30,2006-06-30,2006-06-30,2021-09-07,-33027000.0,14691916000.0,,,,,9.707,-3712000.0,783402000.0,783402000.0,742110000.0,165452000.0,,4.237,1443563000.0,,,1443563000.0,2374069000.0,15646000.0,90239000.0,0.005,0.027,256607000.0,272253000.0,0.2,272253000.0,256607000.0,233335000.0,0.573,0.547,0.573,2800823000.0,,2800823000.0,7556560342.0,8.0,7.373,312652000.0,1.084,1.0,616236000.0,0.454,65759000.0,23272000.0,15286318000.0,,0.0,10144436000.0,,,11865905000.0,,,6565204342.0,146553000.0,36998000.0,-42648000.0,-9500000.0,-15396000.0,-55288000.0,-122032000.0,-170476000.0,316364000.0,7509000.0,165452000.0,165452000.0,165452000.0,0.0,0.0,0.122,358926000.0,257310000.0,96686000.0,0.047,2.344,10.639,10.632,183463000.0,0.0,22.753,1.243,1.243,2576489000.0,2185711000.0,1358346000.0,1358346000.0,0.0,,,,,4704000.0,358926000.0,1.0,288538134.0,288538134.0,,4.708,14626157000.0,193309000.0,67883000.0,0.0,50.691,
61,WRB,MRQ,2006-03-31,2006-03-31,2006-03-31,2021-09-07,-2921000.0,14524134000.0,,,,,9.417,-24613000.0,636849000.0,636849000.0,701198000.0,161702000.0,,4.355,1628205000.0,,,1628205000.0,2337619000.0,18055000.0,90533000.0,0.005,0.053,250094000.0,268149000.0,0.205,268149000.0,250094000.0,226625000.0,0.56,0.533,0.56,2708363000.0,,2708363000.0,8376220534.0,9.0,8.567,211553000.0,0.736,1.0,606336000.0,0.464,65759000.0,23469000.0,15449731000.0,,0.0,10282287000.0,,,11793756000.0,,,7432283534.0,-36092000.0,-83308000.0,6605000.0,-100000000.0,-6372000.0,-91029000.0,-182931000.0,-89460000.0,236166000.0,1702000.0,161702000.0,161702000.0,161702000.0,0.0,0.0,0.124,355654000.0,250682000.0,118386000.0,0.095,2.744,12.689,12.693,186297000.0,0.0,25.804,1.445,1.443,2451637000.0,2027966000.0,1307534000.0,1307534000.0,0.0,,,,,3985000.0,355654000.0,1.0,288023389.0,287611500.0,303496500.0,4.546,14458375000.0,167224000.0,64923000.0,0.0,50.271,
62,WRB,MRQ,2005-12-31,2005-12-31,2005-12-31,2021-09-07,24903000.0,13896287000.0,,,,,8.953,-4568000.0,672941000.0,672941000.0,723088000.0,167424000.0,,4.405,1616878000.0,,,1616878000.0,2189001000.0,22804000.0,83893000.0,0.005,0.022,261533000.0,284337000.0,0.212,284337000.0,261533000.0,236581000.0,0.58,0.553,0.58,2567077000.0,,2567077000.0,6694976080.0,8.0,7.306,374716000.0,1.307,1.0,620802000.0,0.462,67962000.0,24952000.0,14772262000.0,,0.0,9810225000.0,,,11307896000.0,,,6068409080.0,-306331000.0,-910000.0,1000000.0,2091000.0,-6368000.0,-24163000.0,-643306000.0,-492128000.0,379284000.0,-18146000.0,167424000.0,167424000.0,167424000.0,0.0,0.0,0.125,358207000.0,262595000.0,87652000.0,0.038,2.364,11.137,11.098,169472000.0,0.0,21.164,1.214,1.214,2337593000.0,1873953000.0,1343890000.0,1343890000.0,0.0,,,,,2491000.0,358207000.0,1.0,286726594.0,286726594.0,,4.687,13828325000.0,132059000.0,69157000.0,0.0,48.228,
63,WRB,MRQ,2005-09-30,2005-09-30,2005-09-30,2021-09-07,48051000.0,13671523000.0,,,,,8.473,-12536000.0,979272000.0,979272000.0,742242000.0,122518000.0,,4.629,1605839000.0,,,1605839000.0,2255317000.0,9416000.0,75917000.0,0.006,0.022,190690000.0,200106000.0,0.157,200106000.0,190690000.0,167058000.0,0.427,0.407,0.427,2424818000.0,,2424818000.0,5681526557.0,7.0,6.768,600545000.0,2.098,1.0,529935000.0,0.417,65759000.0,23632000.0,14232331000.0,,0.0,9246856000.0,,,11225682000.0,,,5013984557.0,271317000.0,-31294000.0,4524000.0,240907000.0,-1000.0,250994000.0,-592758000.0,-582678000.0,613081000.0,0.0,122518000.0,122518000.0,122518000.0,0.0,0.0,0.096,338962000.0,190973000.0,268801000.0,0.052,2.068,10.158,10.148,172023000.0,0.0,17.547,1.037,1.038,2379279000.0,1712903000.0,1272177000.0,1272177000.0,0.0,,,,,2047000.0,338962000.0,1.0,285751400.0,286191000.0,300944250.0,4.445,13605764000.0,140436000.0,44540000.0,0.0,47.541,
64,WRB,MRQ,2005-06-30,2005-06-30,2005-06-30,2021-09-07,109502000.0,12841736000.0,,,,,8.278,-8222000.0,707955000.0,707955000.0,675326000.0,134079000.0,,4.427,1375497000.0,,,1375497000.0,2272354000.0,15798000.0,73112000.0,0.007,0.022,209391000.0,225189000.0,0.184,225189000.0,209391000.0,190174000.0,0.467,0.447,0.467,2361266000.0,,2361266000.0,4989632016.0,7.0,6.239,310165000.0,1.087,1.0,545458000.0,0.447,65759000.0,19217000.0,13443519000.0,,0.0,8757421000.0,,,10453869000.0,,,4523576016.0,338000.0,-29921000.0,1700000.0,157774000.0,-12686000.0,151597000.0,-469646000.0,-416261000.0,318387000.0,0.0,134079000.0,134079000.0,134079000.0,0.0,0.0,0.11,334600000.0,210858000.0,222493000.0,0.047,1.916,9.663,9.646,165802000.0,0.0,15.858,0.962,0.962,2346975000.0,1596753000.0,1220784000.0,1220784000.0,0.0,,,,,2222000.0,334600000.0,1.0,285259138.0,285259138.0,,4.28,12775977000.0,97977000.0,56095000.0,0.0,44.787,
65,WRB,MRQ,2005-03-31,2005-03-31,2005-03-31,2021-09-07,49724000.0,12159460000.0,,,,,7.611,-7238000.0,707617000.0,707617000.0,641146000.0,120871000.0,,4.589,1173673000.0,,,1173673000.0,2240998000.0,15034000.0,71383000.0,0.007,0.043,191725000.0,206759000.0,0.178,206759000.0,191725000.0,173600000.0,0.427,0.407,0.427,2167387000.0,,2167387000.0,4335072600.0,6.0,5.68,416369000.0,1.462,1.0,518842000.0,0.447,59021000.0,18125000.0,12566495000.0,,0.0,8149132000.0,,,9945203000.0,,,4179934600.0,-224462000.0,-11004000.0,3390000.0,5900000.0,0.0,11435000.0,-659504000.0,-763335000.0,423607000.0,0.0,120871000.0,120871000.0,120871000.0,0.0,0.0,0.104,326805000.0,192037000.0,245475000.0,0.101,1.929,9.424,9.397,163989000.0,0.0,14.696,0.91,0.911,2294471000.0,1469023000.0,1159988000.0,1159988000.0,0.0,,,,,2092000.0,326805000.0,1.0,284420953.0,284755500.0,299529000.0,4.074,12100439000.0,127255000.0,52729000.0,0.0,42.494,
66,WRB,MRQ,2004-12-31,2004-12-31,2004-12-31,2021-09-07,112055000.0,11451033000.0,,,,,7.429,-12331000.0,932079000.0,932079000.0,657693000.0,116121000.0,,4.406,1087217000.0,,,1087217000.0,2064519000.0,19693000.0,65982000.0,0.007,0.021,187710000.0,207403000.0,0.175,207403000.0,187710000.0,169519000.0,0.409,0.393,0.409,2109702000.0,,2109702000.0,4107639565.0,6.0,5.436,468778000.0,1.651,1.0,525547000.0,0.444,59021000.0,18191000.0,11547150000.0,,0.0,7303889000.0,,,9295180000.0,,,3969073565.0,-117047000.0,-15287000.0,2300000.0,18022000.0,-5897000.0,15104000.0,-625358000.0,-576742000.0,481109000.0,12098000.0,116121000.0,116121000.0,116121000.0,0.0,0.0,0.098,336343000.0,189204000.0,119901000.0,0.051,1.881,9.06,9.034,162941000.0,0.0,13.976,0.88,0.88,2261503000.0,1354489000.0,1183240000.0,1183240000.0,0.0,,,,,1954000.0,336343000.0,1.0,283986078.0,283986078.0,,4.167,11392012000.0,90810000.0,53398000.0,0.0,40.115,
67,WRB,MRQ,2004-09-30,2004-09-30,2004-09-30,2021-09-07,97251000.0,11059645000.0,,,,,6.964,-12586000.0,1049126000.0,1049126000.0,674534000.0,97072000.0,,4.577,1187692000.0,,,1187692000.0,2038886000.0,6026000.0,62199000.0,0.008,0.021,154424000.0,160450000.0,0.141,160450000.0,154424000.0,137717000.0,0.342,0.324,0.342,1976070000.0,,1976070000.0,3350418212.0,5.0,4.744,450951000.0,1.589,1.0,465002000.0,0.408,59021000.0,16707000.0,11139190000.0,,0.0,6827987000.0,,,9043991000.0,,,3544506212.0,-171037000.0,-44159000.0,1363000.0,147567000.0,-11766000.0,142891000.0,-777465000.0,-722460000.0,463537000.0,0.0,97072000.0,97072000.0,97072000.0,0.0,0.0,0.085,309392000.0,155610000.0,122667000.0,0.061,1.794,8.537,8.492,156876000.0,0.0,12.492,0.82,0.82,2248214000.0,1244265000.0,1139536000.0,1139536000.0,0.0,,,,,1721000.0,309392000.0,1.0,283745457.0,283765500.0,297587250.0,4.016,11000624000.0,84076000.0,40645000.0,0.0,38.767,
68,WRB,MRQ,2004-06-30,2004-06-30,2004-06-30,2021-09-07,29189000.0,10321445000.0,,,,,6.409,-7711000.0,1220163000.0,1220163000.0,626578000.0,109484000.0,,4.67,1026075000.0,,,1026075000.0,2014969000.0,15164000.0,59017000.0,0.008,0.021,173404000.0,188568000.0,0.17,188568000.0,173404000.0,157650000.0,0.387,0.369,0.387,1813741000.0,,1813741000.0,3637900330.0,6.0,5.445,383435000.0,1.355,1.0,484176000.0,0.436,59021000.0,15754000.0,10068336000.0,,0.0,5958045000.0,,,8470936000.0,,,3601173330.0,145311000.0,-8088000.0,3452000.0,-1025000.0,2000.0,-3493000.0,-242342000.0,-215474000.0,391146000.0,0.0,109484000.0,109484000.0,109484000.0,0.0,0.0,0.099,310476000.0,173700000.0,130624000.0,0.054,1.985,9.126,9.083,149394000.0,0.0,12.726,0.878,0.878,2227346000.0,1153082000.0,1110754000.0,1110754000.0,0.0,,,,,980000.0,310476000.0,1.0,282979278.0,282979278.0,,3.925,10262424000.0,111540000.0,48166000.0,0.0,36.266,
69,WRB,MRQ,2004-03-31,2004-03-31,2004-03-31,2021-09-07,134983000.0,10072309000.0,,,,,6.415,-8928000.0,1074852000.0,1074852000.0,600505000.0,115428000.0,,4.54,1111579000.0,,,1111579000.0,2010024000.0,13946000.0,55517000.0,0.009,0.041,185225000.0,199171000.0,0.185,199171000.0,185225000.0,169454000.0,0.409,0.391,0.409,1811494000.0,,1811494000.0,2879636040.0,5.0,4.509,269562000.0,0.955,1.0,478200000.0,0.443,59021000.0,15771000.0,10050015000.0,,0.0,5929095000.0,,,8223321000.0,,,3339458040.0,-356614000.0,-29168000.0,3677000.0,-15435000.0,-5866000.0,4924000.0,-640028000.0,-638527000.0,278490000.0,0.0,115428000.0,115428000.0,115428000.0,0.0,0.0,0.107,291778000.0,186422000.0,129052000.0,0.1,1.843,8.766,8.714,147119000.0,0.0,11.816,0.852,0.852,2244097000.0,1049473000.0,1078705000.0,1078705000.0,0.0,,,,,687000.0,291778000.0,1.0,282614616.0,282399750.0,295612875.0,3.82,10013288000.0,41081000.0,54026000.0,0.0,35.458,
70,WRB,MRQ,2003-12-31,2003-12-31,2003-12-31,2021-09-07,119977000.0,9334685000.0,,,,,5.972,-9947000.0,1431466000.0,1431466000.0,558933000.0,93208000.0,,4.525,971644000.0,,,971644000.0,1857895000.0,6643000.0,53405000.0,0.01,0.021,151414000.0,158057000.0,0.159,158057000.0,151414000.0,135874000.0,0.333,0.32,0.333,1682562000.0,,1682562000.0,2653493521.0,5.0,4.714,419969000.0,1.491,1.0,436423000.0,0.438,59021000.0,15540000.0,8815842000.0,,0.0,5068670000.0,,,7613975000.0,,,2917422521.0,235251000.0,-18386000.0,5692000.0,4474000.0,-5845000.0,-6397000.0,-188268000.0,-163519000.0,429916000.0,0.0,93208000.0,93208000.0,93208000.0,0.0,0.0,0.094,285600000.0,150823000.0,123226000.0,0.063,1.734,8.651,8.601,143792000.0,0.0,10.356,0.804,0.804,2051463000.0,939911000.0,995356000.0,995356000.0,0.0,,,,,2328000.0,285600000.0,1.0,281725351.0,281725351.0,,3.533,9275664000.0,35813000.0,42666000.0,0.0,32.924,
71,WRB,MRQ,2003-09-30,2003-09-30,2003-09-30,2021-09-07,111316000.0,8875336000.0,,,,,5.622,-3800000.0,1196215000.0,1196215000.0,533201000.0,76469000.0,,4.599,932286000.0,,,932286000.0,1848818000.0,1330000.0,50548000.0,0.01,0.021,121038000.0,122368000.0,0.134,122368000.0,121038000.0,107213000.0,0.273,0.258,0.273,1578446000.0,,1578446000.0,2519841726.0,5.0,4.789,419225000.0,1.493,1.0,383181000.0,0.418,59021000.0,13825000.0,8552386000.0,,0.0,4751077000.0,,,7259446000.0,,,2848413726.0,96983000.0,-9655000.0,3037000.0,160695000.0,-11364000.0,173389000.0,-499431000.0,-430981000.0,423025000.0,0.0,76469000.0,76469000.0,76469000.0,0.0,0.0,0.083,261281000.0,121900000.0,178559000.0,0.077,1.805,8.993,8.85,141198000.0,0.0,10.151,0.827,0.828,2182376000.0,852548000.0,916382000.0,916382000.0,0.0,,,,,0.0,261281000.0,1.0,280601177.0,280742625.0,296740125.0,3.264,8816315000.0,34933000.0,30744000.0,0.0,31.404,
72,WRB,MRQ,2003-06-30,2003-06-30,2003-06-30,2021-09-07,131725000.0,8304257000.0,,,,,5.444,-8956000.0,1099232000.0,1099232000.0,514157000.0,95840000.0,,4.43,770660000.0,,,770660000.0,1725064000.0,5633000.0,48847000.0,0.009,0.02,153343000.0,158976000.0,0.172,158976000.0,153343000.0,140070000.0,0.341,0.326,0.341,1525246000.0,,1525246000.0,2966053512.0,6.0,6.176,282474000.0,1.008,1.0,412800000.0,0.445,59021000.0,13273000.0,7916664000.0,,0.0,4354611000.0,,,6757521000.0,,,2915393512.0,376348000.0,327000.0,3250000.0,-904000.0,1000.0,15346000.0,69572000.0,110910000.0,291430000.0,0.0,95840000.0,95840000.0,95840000.0,0.0,0.0,0.103,258160000.0,154640000.0,258106000.0,0.059,1.911,10.382,10.068,140027000.0,0.0,10.41,0.921,0.921,2162010000.0,781904000.0,926957000.0,926957000.0,0.0,,,,,0.0,258160000.0,1.0,280060335.0,280173938.0,293802188.0,3.309,8245236000.0,10003000.0,44230000.0,0.0,29.429,
73,WRB,MRQ,2003-03-31,2003-03-31,2003-03-31,2021-09-07,97339000.0,7872555000.0,,,,,4.996,-5612000.0,722884000.0,722884000.0,443886000.0,71703000.0,,4.478,773544000.0,,,773544000.0,1648268000.0,6718000.0,47347000.0,0.011,0.04,116784000.0,123502000.0,0.156,123502000.0,116784000.0,104689000.0,0.258,0.246,0.258,1397308000.0,,1397308000.0,2371797134.0,7.0,6.237,249985000.0,0.894,1.0,347527000.0,0.439,59021000.0,12095000.0,7864194000.0,,0.0,4321976000.0,,,6257613000.0,,,2368629134.0,128701000.0,-41424000.0,1422000.0,140816000.0,-10473000.0,145332000.0,-272228000.0,-309216000.0,255597000.0,0.0,71703000.0,71703000.0,71703000.0,0.0,0.0,0.091,230853000.0,116674000.0,308935000.0,0.155,1.695,11.154,10.554,136085000.0,0.0,8.464,0.843,0.843,2163595000.0,691602000.0,791413000.0,791413000.0,0.0,,,,,0.0,230853000.0,1.0,279840957.0,279699750.0,290223000.0,2.83,7813534000.0,17281000.0,32986000.0,0.0,27.935,
74,WRB,MRQ,2002-12-31,2002-12-31,2002-12-31,2021-09-07,104603000.0,7031323000.0,,,,,5.252,-5716000.0,594183000.0,594183000.0,448092000.0,72731000.0,,4.252,597351000.0,,,597351000.0,1390246000.0,4264000.0,42707000.0,0.009,0.018,117032000.0,121296000.0,0.15,121296000.0,117032000.0,105615000.0,0.276,0.27,0.276,1335199000.0,,1335199000.0,2164055969.0,7.0,6.708,240220000.0,0.945,1.0,360100000.0,0.446,59021000.0,11417000.0,6975470000.0,,0.0,3927723000.0,,,5677475000.0,,,1989257969.0,207863000.0,4303000.0,172838000.0,1250000.0,-4890000.0,144675000.0,-182748000.0,-159556000.0,245936000.0,0.0,72731000.0,72731000.0,72731000.0,0.0,0.0,0.09,236697000.0,123403000.0,184912000.0,0.065,1.49,11.364,11.523,135488000.0,0.0,7.824,0.775,0.775,1898340000.0,623651000.0,808192000.0,808192000.0,0.0,,,,,0.0,236697000.0,1.0,254244344.0,254244344.0,,3.179,6972302000.0,20585000.0,32884000.0,0.0,27.424,
75,WRB,MRQ,2002-09-30,2002-09-30,2002-09-30,2021-09-07,120421000.0,6488714000.0,,,,,4.371,-28788000.0,386320000.0,386320000.0,368763000.0,40544000.0,,4.648,561118000.0,,,561118000.0,1286910000.0,4840000.0,0.0,0.01,0.018,71607000.0,76447000.0,0.119,76447000.0,71607000.0,60014000.0,0.16,0.154,0.16,1110829000.0,,1110829000.0,1900480532.0,19.0,16.195,274128000.0,1.079,1.0,271308000.0,0.424,59021000.0,11593000.0,6604491000.0,,0.0,3778670000.0,,,5163574000.0,,,1706490532.0,19309000.0,-2053000.0,503000.0,0.0,-4411000.0,-26907000.0,-256700000.0,-294583000.0,302916000.0,0.0,40544000.0,40544000.0,40544000.0,0.0,0.0,0.063,200182000.0,71126000.0,242556000.0,0.113,1.536,44.731,55.967,133770000.0,0.0,6.716,0.755,0.755,1743408000.0,556300000.0,640071000.0,640071000.0,0.0,,,,,0.0,200182000.0,1.0,254091421.0,254117250.0,263199375.0,2.519,6429693000.0,17052000.0,19470000.0,0.0,25.302,
76,WRB,MRQ,2002-06-30,2002-06-30,2002-06-30,2021-09-07,58741000.0,6077382000.0,,,,,3.991,8350000.0,367010000.0,367010000.0,336515000.0,27374000.0,,4.788,561000000.0,,,561000000.0,1155825000.0,4769000.0,0.0,0.009,0.017,54267000.0,59036000.0,0.104,59036000.0,54267000.0,42937000.0,0.109,0.103,0.109,1012621000.0,,1012621000.0,1935750650.0,-56.0,-109.42,359872000.0,1.418,1.0,233420000.0,0.41,59021000.0,11330000.0,6212351000.0,,0.0,3438803000.0,,,4848211000.0,,,1837628650.0,-95749000.0,0.0,2676000.0,0.0,-4272000.0,18046000.0,-465317000.0,-414121000.0,351522000.0,0.0,27374000.0,27374000.0,27374000.0,0.0,0.0,0.048,184883000.0,48537000.0,145713000.0,0.156,1.815,-37.019,-28.515,124511000.0,0.0,7.243,0.867,0.867,1674378000.0,520275000.0,569935000.0,569935000.0,0.0,,,,,0.0,184883000.0,1.0,253718047.0,253757812.0,265269938.0,2.246,6018361000.0,52799000.0,15563000.0,0.0,23.717,
77,WRB,MRQ,2002-03-31,2002-03-31,2002-03-31,2021-09-07,19777000.0,5907531000.0,,,,,3.751,-10416000.0,462760000.0,462760000.0,310601000.0,34396000.0,,4.995,560882000.0,,,560882000.0,1076667000.0,4071000.0,0.0,0.009,0.017,61753000.0,65824000.0,0.12,65824000.0,61753000.0,50618000.0,0.136,0.13,0.136,947953000.0,,947953000.0,1950405330.0,-30.0,-40.205,50804000.0,0.201,1.0,237285000.0,0.433,59021000.0,11135000.0,5946632000.0,,0.0,2904959000.0,,,4735425000.0,,,1915728330.0,-71327000.0,0.0,3858000.0,-8000000.0,-4299000.0,-6922000.0,-125625000.0,-152479000.0,61220000.0,0.0,34396000.0,34396000.0,34396000.0,0.0,0.0,0.063,175443000.0,61842000.0,151857000.0,0.125,2.021,-28.417,-23.728,124066000.0,0.0,7.569,0.939,0.937,1915427000.0,497249000.0,547886000.0,547886000.0,0.0,,,,,0.0,175443000.0,1.0,253089109.0,252689625.0,263133562.0,2.168,5848510000.0,94014000.0,16222000.0,0.0,23.145,
78,WRB,MRQ,2001-12-31,2001-12-31,2001-12-31,2021-09-07,37340000.0,5633509000.0,,,,,3.723,-9219000.0,534087000.0,534087000.0,420902000.0,-64164000.0,,4.808,625754000.0,,,625754000.0,879640000.0,4019000.0,0.0,0.01,0.017,-87979000.0,-83960000.0,-0.167,-83960000.0,-87979000.0,-99266000.0,-0.285,-0.285,-0.285,931595000.0,,931595000.0,1895049280.0,-18.0,-22.296,24693000.0,0.099,1.0,80673000.0,0.161,59021000.0,11287000.0,5666155000.0,,0.0,2778782000.0,,,4479408000.0,,,1769733280.0,90748000.0,188000.0,212010000.0,0.0,-3841000.0,198133000.0,-141297000.0,-109653000.0,33912000.0,0.0,-64164000.0,-64164000.0,-64164000.0,0.0,0.0,-0.128,174166000.0,-93493000.0,139322000.0,-0.06,1.9,-19.332,-17.164,118344000.0,0.0,7.072,0.911,0.911,1709586000.0,467185000.0,501575000.0,501575000.0,0.0,,,,,0.0,170970000.0,1.0,250259071.0,250259071.0,,2.004,5574488000.0,99921000.0,-35102000.0,0.0,22.275,
79,WRB,MRQ,2001-09-30,2001-09-30,2001-09-30,2021-09-07,57390000.0,5481312000.0,,,,,3.67,-2944000.0,443339000.0,443339000.0,391477000.0,-47246000.0,,5.491,568655000.0,,,568655000.0,846288000.0,4202000.0,0.0,0.011,0.017,-62793000.0,-58591000.0,-0.117,-58591000.0,-62793000.0,-74363000.0,-0.213,-0.213,-0.213,809535000.0,,809535000.0,1576149400.0,72.0,38.059,79683000.0,0.361,1.0,108595000.0,0.217,66519000.0,11570000.0,5540109000.0,,0.0,2782109000.0,,,4445332000.0,,,1395062400.0,55881000.0,679000.0,1514000.0,0.0,-3770000.0,-2283000.0,-24463000.0,-63037000.0,82627000.0,0.0,-47246000.0,-47246000.0,-47246000.0,0.0,0.0,-0.094,170864000.0,-62269000.0,194739000.0,-0.08,1.723,-151.341,-225.75,118497000.0,0.0,6.321,0.726,0.726,1718548000.0,535651000.0,500072000.0,500072000.0,0.0,,,,,0.0,170864000.0,1.0,220703231.0,220593375.0,228217500.0,2.267,5414793000.0,34705000.0,-27117000.0,0.0,24.546,
80,WRB,MRQ,2001-06-30,2001-06-30,2001-06-30,2021-09-07,25906000.0,5197215000.0,,,,,3.759,-3880000.0,387458000.0,387458000.0,296653000.0,9598000.0,,5.006,568545000.0,,,568545000.0,802564000.0,4131000.0,0.0,0.012,0.017,24084000.0,28215000.0,0.057,28215000.0,24084000.0,12672000.0,0.043,0.041,0.043,827560000.0,,827560000.0,1375744695.0,13.0,11.159,23629000.0,0.107,1.0,194344000.0,0.396,68158000.0,11412000.0,5310144000.0,,0.0,2672556000.0,,,4142526000.0,,,1200349695.0,-5583000.0,2348000.0,-297000.0,0.0,-3764000.0,-66000.0,-33026000.0,-22348000.0,27509000.0,0.0,9598000.0,9598000.0,9598000.0,0.0,0.0,0.02,169319000.0,25025000.0,167820000.0,0.395,1.45,26.603,24.46,119553000.0,0.0,5.454,0.643,0.643,1602730000.0,586675000.0,490997000.0,490997000.0,0.0,,,,,0.0,169319000.0,1.0,220066526.0,220142812.0,228202312.0,2.23,5129057000.0,46772000.0,3074000.0,0.0,23.299,
81,WRB,MRQ,2001-03-31,2001-03-31,2001-03-31,2021-09-07,38485000.0,5216866000.0,,,,,4.071,-6033000.0,393041000.0,393041000.0,271468000.0,10266000.0,,4.985,568436000.0,,,568436000.0,773388000.0,5141000.0,0.0,0.011,0.017,24200000.0,29341000.0,0.065,29341000.0,24200000.0,12750000.0,0.05,0.047,0.05,833178000.0,,833178000.0,1569686584.0,16.0,13.369,3188000.0,0.016,1.0,177685000.0,0.396,70297000.0,11450000.0,5321964000.0,,0.0,2725582000.0,,,4153185000.0,,,1300490584.0,83910000.0,0.0,126663000.0,-10000000.0,-3332000.0,112194000.0,-37505000.0,-33695000.0,9221000.0,0.0,10266000.0,10266000.0,10266000.0,0.0,0.0,0.023,152623000.0,25062000.0,150666000.0,0.34,1.561,30.848,27.858,119899000.0,0.0,5.934,0.72,0.672,1596400000.0,580847000.0,449153000.0,449153000.0,0.0,,,,,0.0,152623000.0,1.0,219165565.0,204643969.0,214561406.0,2.195,5146569000.0,37200000.0,2484000.0,0.0,25.149,
82,WRB,MRQ,2000-12-31,2000-12-31,2000-12-31,2021-09-07,19371000.0,5022070000.0,,,,,3.516,-15000.0,309131000.0,309131000.0,290815000.0,18164000.0,,6.038,578327000.0,,,578327000.0,713239000.0,6106000.0,0.0,0.014,0.017,36342000.0,42448000.0,0.088,42448000.0,36342000.0,24700000.0,0.092,0.092,0.092,680896000.0,,680896000.0,1494346970.0,17.0,13.838,-9706000.0,-0.05,1.0,189258000.0,0.394,71496000.0,11642000.0,5219770000.0,,0.0,2702985000.0,,,4111128000.0,,,1203384970.0,21867000.0,-345000.0,9324000.0,0.0,-3302000.0,3945000.0,27613000.0,27161000.0,-9691000.0,0.0,18164000.0,18164000.0,18164000.0,0.0,0.0,0.038,152173000.0,37085000.0,132521000.0,0.185,1.767,33.208,33.41,118282000.0,0.0,6.214,0.676,0.676,1498523000.0,574345000.0,480073000.0,480073000.0,0.0,,,,,0.0,152173000.0,1.0,193647057.0,193647057.0,,2.479,4950574000.0,47567000.0,6536000.0,0.0,25.565,
83,WRB,MRQ,2000-09-30,2000-09-30,2000-09-30,2021-09-07,-18250000.0,4884904000.0,,,,,3.209,-3125000.0,287264000.0,287264000.0,276344000.0,7092000.0,,6.869,578226000.0,,,578226000.0,721724000.0,5387000.0,0.0,0.019,0.017,17893000.0,23280000.0,0.052,23280000.0,17893000.0,6223000.0,0.037,0.036,0.037,620783000.0,,620783000.0,1164028727.0,-207.0,71.699,-3408000.0,-0.018,1.0,169613000.0,0.38,72709000.0,11670000.0,5103157000.0,,0.0,2703020000.0,,,4264121000.0,,,886372727.0,-3205000.0,0.0,-7163000.0,10000000.0,-3332000.0,1069000.0,-3991000.0,-4719000.0,-283000.0,0.0,7092000.0,7092000.0,7092000.0,0.0,0.0,0.016,150829000.0,18784000.0,137119000.0,0.459,1.428,-39.023,-39.575,123537000.0,0.0,4.551,0.514,0.511,1360020000.0,559513000.0,445957000.0,445957000.0,0.0,,,,,0.0,150829000.0,1.0,194759632.0,193458375.0,195971906.0,2.305,4812195000.0,80535000.0,-869000.0,0.0,24.875,
84,WRB,MRQ,2000-06-30,2000-06-30,2000-06-30,2021-09-07,-36128000.0,4767831000.0,,,,,3.108,-1079000.0,290469000.0,290469000.0,265493000.0,6636000.0,,6.886,568125000.0,,,568125000.0,718052000.0,4483000.0,0.0,0.035,0.017,17863000.0,22346000.0,0.052,22346000.0,17863000.0,6072000.0,0.034,0.034,0.034,604617000.0,,604617000.0,708581838.0,-35.0,308.616,-14437000.0,-0.074,1.0,166440000.0,0.385,73688000.0,11791000.0,4971799000.0,,0.0,2606908000.0,,,4163214000.0,,,480310838.0,-94285000.0,2532000.0,143000.0,-45000000.0,-3329000.0,-48427000.0,-32500000.0,3150000.0,-13358000.0,0.0,6636000.0,6636000.0,6636000.0,0.0,0.0,0.015,148220000.0,18220000.0,136063000.0,0.5,0.794,-15.786,-16.033,124969000.0,0.0,2.469,0.282,0.282,1327269000.0,555724000.0,431933000.0,431933000.0,0.0,,,,,0.0,148220000.0,1.0,194525889.0,194559469.0,195888375.0,2.22,4694143000.0,83585000.0,-564000.0,0.0,24.127,
85,WRB,MRQ,2000-03-31,2000-03-31,2000-03-31,2021-09-07,-38947000.0,4857450000.0,,,,,3.076,-3310000.0,384754000.0,384754000.0,261759000.0,4346000.0,,7.118,613025000.0,,,613025000.0,714080000.0,5724000.0,0.0,0.028,0.034,14187000.0,19911000.0,0.047,19911000.0,14187000.0,1694000.0,0.022,0.022,0.022,598348000.0,,598348000.0,903162289.0,-38.0,-3157.91,6747000.0,0.035,1.0,161565000.0,0.382,75411000.0,12493000.0,5010310000.0,,0.0,2585634000.0,,,4259102000.0,,,590718289.0,69280000.0,0.0,0.0,-15000000.0,-2738000.0,-17373000.0,76596000.0,46292000.0,10057000.0,0.0,4346000.0,4346000.0,4346000.0,0.0,0.0,0.01,147207000.0,14358000.0,149340000.0,1.545,0.987,-18.789,-19.099,127823000.0,0.0,3.037,0.35,0.35,1340238000.0,552418000.0,423324000.0,423324000.0,0.0,,,,,0.0,145357000.0,1.0,194525889.0,194529094.0,194999906.0,2.176,4782039000.0,80903000.0,-2652000.0,0.0,24.583,
86,WRB,MRQ,1999-12-31,1999-12-31,1999-12-31,2021-09-07,-44500000.0,4784791000.0,,,,,3.042,-8127000.0,315474000.0,315474000.0,320910000.0,-37210000.0,,6.699,627918000.0,,,627918000.0,689826000.0,6254000.0,0.0,0.031,0.017,-55556000.0,-49302000.0,-0.117,-49302000.0,-55556000.0,-68289000.0,-0.208,-0.208,-0.208,591778000.0,,591778000.0,912495753.0,-29.0,-115.069,12927000.0,0.066,1.0,100972000.0,0.239,76523000.0,12733000.0,5020712000.0,,0.0,2577878000.0,,,3964612000.0,,,534864753.0,65286000.0,-1533000.0,783000.0,397000.0,-3920000.0,-6048000.0,50280000.0,68990000.0,21054000.0,0.0,-40291000.0,-40788000.0,-40788000.0,0.0,3081000.0,-0.097,156634000.0,-55662000.0,144712000.0,-0.082,0.904,-14.432,-14.472,128735000.0,497000.0,2.75,0.32,0.32,1350792000.0,551401000.0,421882000.0,421882000.0,0.0,,,,,0.0,156634000.0,1.0,194522472.0,194522472.0,,2.169,4708268000.0,81976000.0,-27998000.0,0.0,24.204,
87,WRB,MRQ,1999-09-30,1999-09-30,1999-09-30,2021-09-07,-22691000.0,4818110000.0,,,,,3.367,1494000.0,250188000.0,250188000.0,272819000.0,-621000.0,,6.326,627819000.0,,,627819000.0,710766000.0,5861000.0,0.0,0.028,0.017,3480000.0,9341000.0,0.022,9341000.0,3480000.0,-8766000.0,-0.003,-0.003,-0.003,657699000.0,,657699000.0,1018673569.0,28.0,17.003,25351000.0,0.13,1.0,155004000.0,0.362,77467000.0,12246000.0,5118274000.0,,0.0,2751692000.0,,,4160411000.0,,,593066569.0,-1833000.0,0.0,-4047000.0,-49171000.0,-3378000.0,-56564000.0,30874000.0,8146000.0,23857000.0,0.0,-621000.0,-621000.0,-621000.0,0.0,0.0,-0.001,151792000.0,3212000.0,144564000.0,-5.667,0.902,-7803.507,432.687,129192000.0,0.0,3.029,0.357,0.356,1296326000.0,595519000.0,427823000.0,427823000.0,0.0,,,,,0.0,151792000.0,1.0,195808663.0,195334031.0,196085812.0,2.19,4740643000.0,50955000.0,-8145000.0,0.0,24.269,
88,WRB,MRQ,1999-06-30,1999-06-30,1999-06-30,2021-09-07,-8067000.0,4798603000.0,,,,,3.451,-1270000.0,252021000.0,252021000.0,249258000.0,5624000.0,,6.055,677628000.0,,,677628000.0,709781000.0,5573000.0,0.0,0.025,0.017,14191000.0,19764000.0,0.047,19764000.0,14191000.0,1174000.0,0.029,0.029,0.029,680175000.0,,680175000.0,1092735825.0,20.0,14.306,-18887000.0,-0.096,1.0,166992000.0,0.401,78419000.0,13017000.0,5145791000.0,,0.0,2802134000.0,,,4118428000.0,,,649543825.0,17683000.0,0.0,-4895000.0,0.0,-3410000.0,-7204000.0,42504000.0,40798000.0,-17617000.0,0.0,5624000.0,5624000.0,5624000.0,0.0,0.0,0.014,152133000.0,14859000.0,156254000.0,0.586,0.955,59.487,56.762,130775000.0,0.0,3.292,0.399,0.399,1230993000.0,599470000.0,416250000.0,416250000.0,0.0,,,,,0.0,152133000.0,1.0,197298937.0,197095781.0,198158906.0,2.112,4720184000.0,43000000.0,-4450000.0,0.0,23.949,
89,WRB,MRQ,1999-03-31,1999-03-31,1999-03-31,2021-09-07,32454000.0,4844448000.0,,,,,3.618,-224000.0,234338000.0,234338000.0,242839000.0,2472000.0,,5.698,677530000.0,,,677530000.0,708647000.0,5910000.0,0.0,0.025,0.034,10104000.0,16014000.0,0.039,16014000.0,10104000.0,-2701000.0,-0.007,-0.007,-0.007,723308000.0,,723308000.0,914331949.0,11.0,8.563,21551000.0,0.108,1.0,164874000.0,0.404,78954000.0,12805000.0,5208686000.0,,0.0,2909392000.0,,,4121140000.0,,,642677949.0,-151940000.0,0.0,-13177000.0,19500000.0,-3180000.0,-89498000.0,-84217000.0,-68398000.0,21775000.0,0.0,2472000.0,-1275000.0,-1275000.0,0.0,0.0,-0.003,155730000.0,9144000.0,147505000.0,-4.857,0.889,27.268,28.552,133242000.0,497000.0,3.226,0.4,0.401,1220282000.0,597224000.0,407713000.0,407713000.0,0.0,,,,,0.0,144225000.0,1.0,199197374.0,199905469.0,201257156.0,2.04,4765494000.0,12714000.0,-5173000.0,0.0,23.839,
90,WRB,MRQ,1998-12-31,1998-12-31,1998-12-31,2021-09-07,54672000.0,4983431000.0,,,,,4.282,-27167000.0,386278000.0,386278000.0,262456000.0,7317000.0,,4.786,657932000.0,,,657932000.0,664861000.0,6275000.0,0.0,0.018,0.016,8519000.0,14794000.0,0.036,14794000.0,8519000.0,-4009000.0,-0.013,-0.012,-0.013,861281000.0,,861281000.0,1040651396.0,10.0,7.963,108069000.0,0.537,1.0,145451000.0,0.357,76645000.0,12528000.0,5178440000.0,,0.0,2931948000.0,,,4122150000.0,,,902141396.0,141682000.0,216000.0,-36731000.0,46024000.0,-3329000.0,4554000.0,1892000.0,17944000.0,135236000.0,0.0,3744000.0,-3804000.0,-3804000.0,0.0,3573000.0,-0.009,142371000.0,3080000.0,130517000.0,-1.231,1.047,19.529,20.765,136884000.0,7548000.0,4.485,0.57,0.57,1199848000.0,601908000.0,407907000.0,407907000.0,0.0,,,,,0.0,142371000.0,1.0,201134358.0,201134358.0,,2.028,4906786000.0,0.0,-7753000.0,6877000.0,24.396,
91,WRB,MRQ,1998-09-30,1998-09-30,1998-09-30,2021-09-07,76867000.0,4793361000.0,,,,,4.354,15623000.0,455829000.0,455829000.0,229526000.0,10374000.0,,4.173,594339000.0,,,594339000.0,689477000.0,3960000.0,0.0,0.02,0.016,21852000.0,25812000.0,0.065,25812000.0,21852000.0,9892000.0,0.049,0.047,0.049,926571000.0,,926571000.0,882576187.0,6.0,5.259,72790000.0,0.342,1.0,164899000.0,0.418,72579000.0,11960000.0,4859292000.0,,0.0,2903246000.0,,,3866790000.0,,,842578187.0,-29889000.0,-3520000.0,-15169000.0,17524000.0,-3386000.0,-2358000.0,-84698000.0,-84020000.0,57167000.0,0.0,10374000.0,10374000.0,10374000.0,0.0,0.0,0.026,141561000.0,23338000.0,122029000.0,0.327,0.909,11.631,12.029,137817000.0,0.0,3.933,0.542,0.539,977409000.0,608891000.0,394425000.0,394425000.0,0.0,,,,,0.0,141561000.0,1.0,214205829.0,212807250.0,217728000.0,1.853,4720782000.0,0.0,-482000.0,24365000.0,22.183,
92,WRB,MRQ,1998-06-30,1998-06-30,1998-06-30,2021-09-07,56278000.0,4858185000.0,,,,,4.228,-5458000.0,554247000.0,554247000.0,217578000.0,22743000.0,,4.315,594245000.0,,,594245000.0,652437000.0,8754000.0,0.0,0.014,0.016,41404000.0,50158000.0,0.126,50158000.0,41404000.0,29246000.0,0.084,0.08,0.084,914062000.0,,914062000.0,1237481596.0,7.0,6.51,24713000.0,0.114,1.0,179332000.0,0.452,72047000.0,12158000.0,4826136000.0,,0.0,2913816000.0,,,3944123000.0,,,1138662596.0,26320000.0,0.0,-66044000.0,-11026000.0,-3552000.0,-80460000.0,76609000.0,50323000.0,30171000.0,0.0,22743000.0,18274000.0,18274000.0,0.0,0.0,0.046,139043000.0,40289000.0,113363000.0,0.19,1.246,13.272,13.774,135054000.0,1887000.0,5.275,0.752,0.753,947383000.0,601847000.0,396910000.0,396910000.0,0.0,,,,,0.0,139043000.0,1.0,215844211.0,216186469.0,225792562.0,1.836,4786138000.0,0.0,6503000.0,20421000.0,22.139,
93,WRB,MRQ,1998-03-31,1998-03-31,1998-03-31,2021-09-07,55789000.0,4909039000.0,,,,,4.289,-10165000.0,503823000.0,503823000.0,205202000.0,25673000.0,,4.095,602642000.0,,,602642000.0,622277000.0,3669000.0,0.0,0.012,0.032,45043000.0,48712000.0,0.127,48712000.0,45043000.0,32870000.0,0.095,0.091,0.095,963461000.0,,963461000.0,1561413076.0,9.0,8.669,-13036000.0,-0.058,1.0,178073000.0,0.465,72386000.0,12173000.0,4935472000.0,,0.0,3052949000.0,,,3945578000.0,,,1402690076.0,-32682000.0,0.0,0.0,1756000.0,-3251000.0,-5541000.0,-24270000.0,11801000.0,-2871000.0,0.0,25673000.0,21351000.0,21351000.0,0.0,0.0,0.056,133180000.0,44893000.0,106430000.0,0.337,1.456,16.283,16.33,133529000.0,1887000.0,6.238,0.965,0.964,896118000.0,586960000.0,383275000.0,383275000.0,0.0,,,,,0.0,133180000.0,1.0,224861257.0,224661094.0,233545781.0,1.706,4836653000.0,0.0,7197000.0,30637000.0,21.529,
94,WRB,MRQ,1997-12-31,1997-12-31,1997-12-31,2021-09-07,58206000.0,4544318000.0,,,,,4.222,-17898000.0,280847000.0,280847000.0,193995000.0,16469000.0,,3.797,598359000.0,,,598359000.0,589384000.0,7077000.0,0.0,0.01,0.014,36063000.0,43140000.0,0.114,43140000.0,36063000.0,23846000.0,0.099,0.096,0.099,947292000.0,,947292000.0,1360337429.0,8.0,7.449,-8933000.0,-0.04,1.0,184917000.0,0.488,73142000.0,12217000.0,4788688000.0,,0.0,2903355000.0,,,3597026000.0,,,1296558429.0,-45711000.0,2024000.0,41523000.0,0.0,-3244000.0,-8509000.0,-46167000.0,-3645000.0,8965000.0,0.0,16469000.0,22446000.0,22446000.0,0.0,0.0,0.059,140762000.0,44155000.0,95140000.0,0.141,1.369,14.214,14.198,126831000.0,-5977000.0,5.778,0.926,0.926,940261000.0,569160000.0,378912000.0,378912000.0,0.0,,,,,0.0,140762000.0,1.0,224378773.0,224378773.0,,1.689,4471176000.0,0.0,7377000.0,32887000.0,19.927,
95,WRB,MRQ,1997-09-30,1997-09-30,1997-09-30,2021-09-07,46712000.0,4438142000.0,,,,,4.083,7770000.0,326558000.0,326558000.0,189569000.0,25573000.0,,3.849,390337000.0,,,390337000.0,591951000.0,2379000.0,0.0,0.009,0.014,45702000.0,48081000.0,0.135,48081000.0,45702000.0,33505000.0,0.105,0.103,0.105,915185000.0,,915185000.0,1562677090.0,9.0,8.733,66667000.0,0.297,1.0,166081000.0,0.467,72171000.0,12197000.0,4429750000.0,,0.0,2865686000.0,,,3522957000.0,,,1270753090.0,20300000.0,-1439000.0,-41523000.0,0.0,-2949000.0,-6836000.0,-31761000.0,-47526000.0,58897000.0,0.0,25573000.0,23721000.0,23721000.0,0.0,0.0,0.067,120503000.0,45578000.0,83685000.0,0.133,1.389,14.003,14.071,126257000.0,1852000.0,5.67,0.944,0.944,844528000.0,549965000.0,355650000.0,355650000.0,0.0,,,,,0.0,120503000.0,1.0,224100819.0,224144719.0,230234906.0,1.587,4365971000.0,0.0,7932000.0,19563000.0,19.478,
96,WRB,MRQ,1997-06-30,1997-06-30,1997-06-30,2021-09-07,29800000.0,4332621000.0,,,,,3.953,-4372000.0,306258000.0,306258000.0,181267000.0,20633000.0,,3.896,598182000.0,,,598182000.0,577102000.0,1754000.0,0.0,0.009,0.013,38434000.0,40188000.0,0.12,40188000.0,38434000.0,26197000.0,0.083,0.082,0.083,884902000.0,,884902000.0,1414003832.0,8.0,8.123,-28698000.0,-0.128,1.0,154659000.0,0.46,72924000.0,12237000.0,4551621000.0,,0.0,2793022000.0,,,3447719000.0,,,1156877832.0,-34710000.0,0.0,0.0,0.0,-2948000.0,-4723000.0,-5661000.0,133000.0,-24326000.0,0.0,20633000.0,18625000.0,18625000.0,0.0,0.0,0.055,116498000.0,38161000.0,85473000.0,0.157,1.307,13.185,13.254,117504000.0,2008000.0,5.169,0.889,0.889,845114000.0,529491000.0,335926000.0,335926000.0,0.0,,,,,0.0,116498000.0,1.0,223803695.0,223863750.0,228002344.0,1.501,4259697000.0,0.0,5564000.0,4301000.0,19.028,
97,WRB,MRQ,1997-03-31,1997-03-31,1997-03-31,2021-09-07,3597000.0,4090750000.0,,,,,3.793,-3398000.0,340968000.0,340968000.0,169593000.0,28544000.0,,3.82,598094000.0,,,598094000.0,540636000.0,642000.0,0.0,0.01,0.013,50557000.0,51199000.0,0.155,51199000.0,50557000.0,38339000.0,0.119,0.116,0.119,848618000.0,,848618000.0,1045315049.0,6.0,6.073,93265000.0,0.417,1.0,160229000.0,0.486,72680000.0,12218000.0,4275196000.0,,0.0,2584975000.0,,,3242132000.0,,,1001696049.0,-5517000.0,0.0,0.0,0.0,-2554000.0,-28500000.0,-73680000.0,-79014000.0,96663000.0,0.0,28544000.0,26427000.0,26427000.0,0.0,0.0,0.08,110013000.0,50216000.0,73500000.0,0.109,1.18,11.501,11.569,116613000.0,2117000.0,4.477,0.791,0.791,789290000.0,513816000.0,329822000.0,329822000.0,0.0,,,,,0.0,110013000.0,1.0,223724393.0,223727062.0,227425219.0,1.474,4018070000.0,0.0,9795000.0,0.0,17.96,
98,WRB,MRQ,1996-12-31,1996-12-31,1996-12-31,2021-09-07,31075000.0,4136973000.0,,,,,3.932,-46983000.0,346485000.0,346485000.0,173954000.0,25288000.0,,3.703,598005000.0,,,598005000.0,514213000.0,-597000.0,0.0,0.01,0.011,40061000.0,39464000.0,0.122,39464000.0,40061000.0,31753000.0,0.096,,0.096,879732000.0,,879732000.0,,,,-35567000.0,-0.159,1.0,150460000.0,0.464,73404000.0,8308000.0,4315089000.0,,0.0,2664413000.0,,,3257241000.0,,,996785774.0,57825000.0,0.0,0.0,207900000.0,-2545000.0,154622000.0,-108213000.0,-95843000.0,11416000.0,0.0,25288000.0,21977000.0,21977000.0,0.0,0.0,0.068,110698000.0,39762000.0,71352000.0,0.115,1.133,13.055,13.221,116303000.0,3311000.0,4.455,0.814,0.814,753917000.0,490338000.0,324414000.0,324414000.0,0.0,,,,,0.0,110698000.0,1.0,223724393.0,223724393.0,,1.45,4063569000.0,0.0,6465000.0,4013000.0,18.163,
99,WRB,MRQ,1996-09-30,1996-09-30,1996-09-30,2021-09-07,,,,,,,,0.0,,,170164000.0,24092000.0,,,,,,,,3604000.0,,0.011,0.011,39613000.0,43217000.0,0.139,43217000.0,39613000.0,31646000.0,0.092,,0.092,,,,,,,9398000.0,0.042,1.0,141370000.0,0.454,,7967000.0,,,,,,,,,,,22202000.0,-11739000.0,-2031000.0,0.0,-2555000.0,-7626000.0,20430000.0,31103000.0,9398000.0,0.0,24092000.0,20712000.0,20712000.0,0.0,0.0,0.066,101935000.0,39435000.0,,0.12,,,,,3380000.0,4.016,,,,,311534000.0,311534000.0,0.0,,,,,0.0,101935000.0,1.0,,223544812.0,,1.394,,,7554000.0,,,
100,WRB,MRQ,1996-06-30,1996-06-30,1996-06-30,2021-09-07,,,,,,,,8607000.0,,,164278000.0,21361000.0,,,,,,,,2694000.0,,0.012,0.011,35537000.0,38231000.0,0.127,38231000.0,35537000.0,27636000.0,0.08,,0.08,,,,,,,97563000.0,0.433,1.0,137015000.0,0.455,,7901000.0,,,,,,,,,,,45755000.0,0.0,-22121000.0,-1081000.0,-2624000.0,-28555000.0,-14646000.0,17581000.0,88956000.0,0.0,21361000.0,17981000.0,17981000.0,0.0,0.0,0.06,101313000.0,35702000.0,,0.138,,,,,3380000.0,3.665,,,,,301293000.0,301293000.0,0.0,,,,,0.0,101313000.0,1.0,,225329344.0,,1.337,,,6275000.0,,,
101,WRB,MRQ,1996-03-31,1996-03-31,1996-03-31,2021-09-07,,,,,,,,-8607000.0,,,160763000.0,19522000.0,,,,,,,,2889000.0,,0.011,0.011,32118000.0,35007000.0,0.121,35007000.0,32118000.0,24331000.0,0.068,,0.068,,,,,,,45534000.0,0.198,1.0,127511000.0,0.442,,7787000.0,,,,,,,,,,,13786000.0,0.0,0.0,71625000.0,-2419000.0,39415000.0,-79770000.0,-71235000.0,54141000.0,0.0,19522000.0,15684000.0,15684000.0,0.0,0.0,0.054,95393000.0,32118000.0,,0.162,,,,,3838000.0,4.06,,,,,288274000.0,288274000.0,0.0,,,,,0.0,95393000.0,1.0,,229840031.0,,1.254,,,4809000.0,,,
102,WRB,MRQ,1995-12-31,1995-12-31,1995-12-31,2021-09-07,48450000.0,3618684000.0,,,,,,,206917000.0,206917000.0,,,,2.892,319287000.0,,,319287000.0,450522000.0,,0.0,0.011,0.011,,,,,,,,,,929815000.0,,929815000.0,,,,,,1.0,,,69600000.0,,3661454000.0,,0.0,2391614000.0,,,2688869000.0,,,,,,,,,,,,,,,,,,,,,,65798000.0,,,,18.725,77016000.0,,4.719,,,732375000.0,424261000.0,,,,,,,,,,1.0,,,,,3549084000.0,0.0,,14363000.0,,
0,WRB,MRT,2021-06-30,2021-06-30,2021-06-30,2021-09-07,-122444000.0,30297917000.0,29218381500.0,,,0.301,37.086,-63438000.0,1790199000.0,1790199000.0,4551566000.0,934250000.0,,3.604,2919236000.0,,,2919236000.0,4544524000.0,141597000.0,0.0,0.013,0.99,1348348000.0,1489945000.0,0.169,1489945000.0,1348348000.0,1198170000.0,5.01,4.97,5.01,6578276000.0,6324697500.0,6578276000.0,14498155188.0,11.0,9.731,1669206000.0,9.41,1.0,4253679000.0,0.483,169652000.0,150178000.0,31257302000.0,29875828000.0,0.0,20227502000.0,,,23709963000.0,,,13202434188.0,-640627000.0,0.0,-77138000.0,-26738000.0,-64012000.0,-226698000.0,-2168254000.0,-2168351000.0,1732644000.0,21681000.0,930591000.0,930591000.0,930591000.0,0.0,3659000.0,0.106,2901672000.0,1352007000.0,535286000.0,0.198,2.007,14.187,14.856,428723000.0,0.0,74.43,1.499,1.499,6211274000.0,8682088000.0,8805245000.0,8805245000.0,0.0,0.032,0.147,0.045,0.153,47049000.0,2495192000.0,1.0,177380548.0,177380548.0,,49.64,30128265000.0,44659000.0,267579000.0,0.0,169.851,
1,WRB,MRT,2021-03-31,2021-03-31,2021-03-31,2021-09-07,-148252000.0,29791274000.0,28474725250.0,,,0.297,36.167,-34406000.0,2014911000.0,2014911000.0,4483045000.0,768228000.0,,3.642,3310632000.0,,,3310632000.0,4288252000.0,143545000.0,0.0,0.006,0.48,1154178000.0,1297723000.0,0.154,1297723000.0,1154178000.0,1003723000.0,4.11,4.08,4.11,6414600000.0,6130407500.0,6414600000.0,13727232754.0,12.0,10.578,1740700000.0,9.814,1.0,3962140000.0,0.469,169652000.0,150455000.0,30917343000.0,28978571250.0,0.0,20033573000.0,,,23360990000.0,,,13364216754.0,1049899000.0,0.0,-170623000.0,665840000.0,-85363000.0,352330000.0,-1106357000.0,-1231504000.0,1775106000.0,28820000.0,764613000.0,764613000.0,764613000.0,0.0,3615000.0,0.091,2804347000.0,1157793000.0,463467000.0,0.117,2.083,17.478,18.333,404281000.0,0.0,75.35,1.582,1.582,5735632000.0,8556621000.0,8445185000.0,8445185000.0,0.0,0.027,0.125,0.04,0.137,49792000.0,2428327000.0,1.0,177361868.0,177361868.0,,47.616,29621622000.0,0.0,239110000.0,76667000.0,167.012,
2,WRB,MRT,2020-12-31,2020-12-31,2020-12-31,2021-09-07,-62172000.0,28571965000.0,27549389000.0,,,0.294,35.41,-38171000.0,2372366000.0,2372366000.0,4468706000.0,532985000.0,,3.525,2735382000.0,,,2735382000.0,4073191000.0,135065000.0,0.0,0.007,0.47,853024000.0,988089000.0,0.122,988089000.0,853024000.0,702487000.0,2.84,2.81,2.84,6310802000.0,5900126250.0,6310802000.0,12358052377.0,14.0,12.507,1578515000.0,8.857,1.0,3630219000.0,0.448,169652000.0,150537000.0,28765329000.0,28149319500.0,0.0,18481766000.0,,,22246168000.0,,,11837432377.0,1348656000.0,0.0,-346357000.0,88886000.0,-84147000.0,-397843000.0,119696000.0,184382000.0,1616686000.0,10117000.0,530670000.0,530670000.0,530670000.0,0.0,2315000.0,0.066,2774880000.0,855339000.0,426124000.0,0.165,1.876,22.307,23.387,405930000.0,0.0,66.42,1.462,1.462,5765404000.0,8348381000.0,8098925000.0,8098925000.0,0.0,0.019,0.09,0.03,0.105,49658000.0,2390392000.0,1.0,178220903.0,178220903.0,,45.443,28402313000.0,0.0,171817000.0,48495000.0,159.366,
3,WRB,MRT,2020-09-30,2020-09-30,2020-09-30,2021-09-07,-170886000.0,28212370000.0,27071933750.0,,,0.287,33.68,-89702000.0,2571447000.0,2571447000.0,4429177000.0,340289000.0,,3.698,3092067000.0,,,3092067000.0,4054471000.0,167575000.0,0.0,0.02,1.21,598066000.0,765641000.0,0.099,765641000.0,598066000.0,449695000.0,1.81,1.78,1.81,5995112000.0,5841160500.0,5995112000.0,11399567798.0,19.0,14.889,1395992000.0,7.842,1.0,3333352000.0,0.429,169652000.0,148371000.0,28563338000.0,27990788250.0,0.0,18279028000.0,,,22172698000.0,,,10884932798.0,1758897000.0,0.0,-330084000.0,727969000.0,-240978000.0,137801000.0,132539000.0,237436000.0,1485694000.0,2863000.0,337826000.0,337826000.0,337826000.0,0.0,2463000.0,0.044,2732823000.0,600529000.0,406844000.0,0.669,1.816,32.221,33.785,410228000.0,0.0,61.15,1.402,1.402,5364477000.0,8057556000.0,7762529000.0,7762529000.0,0.0,0.012,0.058,0.021,0.077,48676000.0,2354264000.0,1.0,178003807.0,178003807.0,,43.609,28042718000.0,30069000.0,111869000.0,0.0,157.54,
4,WRB,MRT,2020-06-30,2020-06-30,2020-06-30,2021-09-07,-249350000.0,27323292000.0,26573469000.0,,,0.289,32.458,-72659000.0,2430826000.0,2430826000.0,4356016000.0,353074000.0,,3.702,2945461000.0,,,2945461000.0,3902913000.0,126163000.0,0.0,0.021,1.2,594086000.0,720249000.0,0.094,720249000.0,594086000.0,447008000.0,1.86,1.82,1.86,5801116000.0,5856456500.0,5801116000.0,11919174777.0,20.0,16.549,1248339000.0,6.985,1.0,3332410000.0,0.433,169652000.0,147078000.0,27668275000.0,27761969500.0,0.0,17538443000.0,,,21477901000.0,,,10239115777.0,1172652000.0,0.0,-317127000.0,131901000.0,-331309000.0,-536518000.0,398820000.0,512028000.0,1320998000.0,-10648000.0,351356000.0,351356000.0,351356000.0,0.0,1718000.0,0.046,2736606000.0,595804000.0,424806000.0,0.645,1.765,29.142,30.801,414335000.0,0.0,57.29,1.332,1.332,5323745000.0,7927280000.0,7688426000.0,7688426000.0,0.0,0.013,0.06,0.021,0.077,47665000.0,2341340000.0,1.0,178724311.0,178724311.0,,43.018,27153640000.0,0.0,95652000.0,10921000.0,151.93,
5,WRB,MRT,2020-03-31,2020-03-31,2020-03-31,2021-09-07,-589521000.0,26089929000.0,26364621750.0,,,0.295,29.95,-71795000.0,965012000.0,965012000.0,4249720000.0,498845000.0,,3.741,2645071000.0,,,2645071000.0,3800642000.0,111026000.0,0.0,0.032,1.69,764396000.0,875422000.0,0.113,875422000.0,764396000.0,614973000.0,2.62,2.56,2.62,5493475000.0,5900367500.0,5493475000.0,11207822559.0,15.0,12.803,1146238000.0,6.249,1.0,3526064000.0,0.453,169652000.0,149423000.0,27600336000.0,27844327250.0,0.0,18039301000.0,,,20552385000.0,,,9569110559.0,27584000.0,0.0,-224167000.0,-161127000.0,-328260000.0,-734173000.0,-435840000.0,-354608000.0,1218033000.0,-20436000.0,496805000.0,496805000.0,496805000.0,0.0,2040000.0,0.064,2759628000.0,766436000.0,368724000.0,0.645,1.742,19.261,19.912,422012000.0,0.0,52.17,1.231,1.231,4963351000.0,7877371000.0,7775784000.0,7775784000.0,0.0,0.019,0.084,0.027,0.098,46129000.0,2352328000.0,1.0,183421709.0,183421709.0,,42.393,25920277000.0,83677000.0,118168000.0,0.0,141.315,
6,WRB,MRT,2019-12-31,2019-12-31,2019-12-31,2021-09-07,-257299000.0,26662144000.0,26238454500.0,,,0.301,33.074,-60457000.0,1023710000.0,1023710000.0,4131116000.0,683985000.0,,3.382,2662422000.0,,,2662422000.0,3656507000.0,113387000.0,0.0,0.024,1.68,1004288000.0,1117675000.0,0.141,1117675000.0,1004288000.0,850879000.0,3.58,3.52,3.58,6074939000.0,5966986750.0,6074939000.0,14291126323.0,14.0,12.786,1083336000.0,5.898,1.0,3771080000.0,0.477,169652000.0,153409000.0,28131204000.0,27773153250.0,0.0,18473674000.0,,,20543802000.0,,,12691922323.0,206108000.0,0.0,-18225000.0,-165386000.0,-308191000.0,-513193000.0,-424871000.0,-367258000.0,1143793000.0,379000.0,681944000.0,681944000.0,681944000.0,0.0,2041000.0,0.086,2764751000.0,1006329000.0,360314000.0,0.469,2.089,18.611,19.302,422091000.0,0.0,69.1,1.606,1.606,5122007000.0,7932372000.0,7902196000.0,7902196000.0,0.0,0.026,0.114,0.036,0.127,49274000.0,2362082000.0,1.0,183674708.0,183674708.0,,43.023,26492492000.0,32114000.0,168935000.0,36422000.0,144.236,
7,WRB,MRT,2019-09-30,2019-09-30,2019-09-30,2021-09-07,-322100000.0,26218511000.0,25796912750.0,,,0.305,33.063,-16080000.0,812550000.0,812550000.0,4079078000.0,700464000.0,,3.322,2411754000.0,,,2411754000.0,3691312000.0,96574000.0,0.0,0.017,1.253,1023819000.0,1120393000.0,0.142,1120393000.0,1023819000.0,863328000.0,3.65,3.6,3.65,6056296000.0,5807714750.0,6056296000.0,14913672383.0,15.0,13.311,1056639000.0,5.768,1.0,3798629000.0,0.482,169652000.0,160491000.0,27648063000.0,27423596500.0,0.0,18593696000.0,,,20119068000.0,,,13230832383.0,-6816000.0,0.0,-17951000.0,-357253000.0,-288855000.0,-698311000.0,-379731000.0,-417420000.0,1072719000.0,-1493000.0,694996000.0,694996000.0,694996000.0,0.0,5468000.0,0.088,2769342000.0,1029287000.0,336547000.0,0.343,2.185,19.037,19.789,416966000.0,0.0,72.23,1.68,1.68,4845232000.0,7971019000.0,7877707000.0,7877707000.0,0.0,0.027,0.12,0.037,0.13,46503000.0,2362951000.0,1.0,183176414.0,183176414.0,,43.006,26048859000.0,0.0,168332000.0,15279000.0,142.206,
8,WRB,MRT,2019-06-30,2019-06-30,2019-06-30,2021-09-07,-260796000.0,26487903000.0,25456197250.0,,,0.308,32.639,-30960000.0,1258174000.0,1258174000.0,4055327000.0,699756000.0,,3.425,2941014000.0,,,2941014000.0,3614152000.0,126025000.0,0.0,0.024,1.577,1028853000.0,1154878000.0,0.147,1154878000.0,1028853000.0,866989000.0,3.63,3.59,3.63,5976760000.0,5653102750.0,5976760000.0,13976424782.0,14.0,12.102,872523000.0,4.765,1.0,3794566000.0,0.483,173037000.0,161864000.0,27997706000.0,27180417000.0,0.0,18246642000.0,,,20467825000.0,,,12073007782.0,346972000.0,8664000.0,-17951000.0,89223000.0,-195380000.0,-145633000.0,-435203000.0,-389624000.0,903483000.0,24325000.0,691708000.0,691708000.0,691708000.0,0.0,8048000.0,0.088,2757665000.0,1036901000.0,294949000.0,0.434,2.02,17.454,18.163,398885000.0,0.0,65.93,1.538,1.538,5015005000.0,7826015000.0,7849893000.0,7849893000.0,0.0,0.027,0.122,0.038,0.131,44209000.0,2359554000.0,1.0,183118577.0,183118577.0,,42.868,26314866000.0,0.0,175281000.0,38437000.0,143.704,
9,WRB,MRT,2019-03-31,2019-03-31,2019-03-31,2021-09-07,-364983000.0,25585260000.0,24989507500.0,,,0.31,31.472,-39057000.0,937428000.0,937428000.0,4000133000.0,663107000.0,,3.434,2840845000.0,,,2840845000.0,3496199000.0,129505000.0,0.0,0.025,1.4,983361000.0,1112866000.0,0.144,1112866000.0,983361000.0,822510000.0,3.44,3.4,3.44,5759952000.0,5515442250.0,5759952000.0,12347030971.0,13.0,11.095,679507000.0,3.713,1.0,3737292000.0,0.483,173037000.0,160851000.0,27315640000.0,26761095500.0,0.0,17961871000.0,,,19782464000.0,,,10336993971.0,-19175000.0,2027000.0,-17951000.0,108269000.0,-237935000.0,-165789000.0,-540969000.0,-427690000.0,718564000.0,-30981000.0,655074000.0,655074000.0,655074000.0,0.0,8033000.0,0.085,2745898000.0,991394000.0,262781000.0,0.407,1.795,15.78,16.419,406841000.0,0.0,56.48,1.336,1.336,4745171000.0,7721039000.0,7737425000.0,7737425000.0,0.0,0.026,0.119,0.037,0.127,41985000.0,2360868000.0,1.0,183020432.0,183020432.0,,42.276,25412223000.0,0.0,167436000.0,43243000.0,138.849,
10,WRB,MRT,2018-12-31,2018-12-31,2018-12-31,2021-09-07,-510470000.0,24895977000.0,24740150500.0,,,0.311,29.685,-49860000.0,817602000.0,817602000.0,3974702000.0,649066000.0,,3.571,2827639000.0,,,2827639000.0,3359991000.0,131108000.0,0.0,0.028,1.393,960962000.0,1092070000.0,0.142,1092070000.0,960962000.0,803777000.0,3.37,3.33,3.37,5437851000.0,5438398250.0,5437851000.0,11016993800.0,11.0,10.088,570339000.0,3.113,1.0,3716949000.0,0.483,173037000.0,157185000.0,26732977000.0,26472511000.0,0.0,17723089000.0,,,19416179000.0,,,9026202800.0,-132869000.0,2027000.0,-24750000.0,290038000.0,-254951000.0,-7403000.0,-714244000.0,-670673000.0,620199000.0,-31421000.0,640749000.0,640749000.0,640749000.0,0.0,8317000.0,0.083,2747670000.0,969279000.0,256917000.0,0.413,1.66,14.087,14.621,416372000.0,0.0,49.273,1.174,1.174,4586161000.0,7558619000.0,7691651000.0,7691651000.0,0.0,0.026,0.118,0.036,0.125,36591000.0,2383221000.0,1.0,183186364.0,183186364.0,,41.988,24722940000.0,36193000.0,163028000.0,0.0,134.961,
11,WRB,MRT,2018-09-30,2018-09-30,2018-09-30,2021-09-07,-474938000.0,24855649000.0,24591135500.0,,,0.312,29.762,-77033000.0,819366000.0,819366000.0,3931448000.0,669066000.0,,3.563,2810157000.0,,,2810157000.0,3454955000.0,111360000.0,0.0,0.026,1.387,998256000.0,1109616000.0,0.145,1109616000.0,998256000.0,844769000.0,3.497,3.447,3.497,5437848000.0,5431771500.0,5437848000.0,11614468189.0,12.0,10.467,454516000.0,2.488,1.0,3743573000.0,0.488,171095000.0,153487000.0,26675345000.0,26222299000.0,0.0,17841565000.0,,,19376616000.0,,,9736217189.0,45369000.0,2027000.0,-26228000.0,207633000.0,-190959000.0,-16000000.0,-425850000.0,-311652000.0,531549000.0,-44330000.0,662980000.0,662980000.0,662980000.0,0.0,6086000.0,0.086,2739231000.0,1004342000.0,231197000.0,0.397,1.79,14.686,15.238,424754000.0,0.0,53.287,1.269,1.269,4421056000.0,7505706000.0,7675021000.0,7675021000.0,0.0,0.027,0.122,0.038,0.13,37135000.0,2397006000.0,1.0,182713947.0,182713947.0,,42.006,24684554000.0,37196000.0,181789000.0,0.0,135.099,
12,WRB,MRT,2018-06-30,2018-06-30,2018-06-30,2021-09-07,-395842000.0,24621144000.0,24461242250.0,,,0.318,29.732,-55708000.0,911202000.0,911202000.0,3994902000.0,667441000.0,,3.53,2789453000.0,,,2789453000.0,3441774000.0,124649000.0,0.0,0.022,1.047,1013878000.0,1138527000.0,0.147,1138527000.0,1013878000.0,863418000.0,3.507,3.447,3.507,5426118000.0,5429943500.0,5426118000.0,10562474386.0,10.0,9.277,549679000.0,3.012,1.0,3773559000.0,0.486,178975000.0,150460000.0,26320420000.0,26033861250.0,0.0,17602502000.0,,,19155516000.0,,,8810059386.0,122848000.0,-5861000.0,-54606000.0,209253000.0,-250314000.0,-102213000.0,-325574000.0,-201811000.0,605387000.0,-54752000.0,663114000.0,663114000.0,663114000.0,0.0,4327000.0,0.085,2755354000.0,1018205000.0,252358000.0,0.299,1.624,13.286,13.765,427619000.0,0.0,48.273,1.134,1.134,4366312000.0,7423162000.0,7768461000.0,7768461000.0,0.0,0.027,0.122,0.039,0.131,37704000.0,2420180000.0,1.0,182503647.0,182503647.0,,42.566,24442169000.0,576000.0,200304000.0,0.0,133.927,
13,WRB,MRT,2018-03-31,2018-03-31,2018-03-31,2021-09-07,-258982000.0,24587832000.0,24304329000.0,,,0.317,29.903,-117364000.0,956603000.0,956603000.0,3985964000.0,596236000.0,,3.503,2709018000.0,,,2709018000.0,3404003000.0,123850000.0,0.0,0.021,1.04,942825000.0,1066675000.0,0.138,1066675000.0,942825000.0,795271000.0,3.137,3.083,3.137,5451776000.0,5395043500.0,5451776000.0,10447260691.0,11.0,9.794,498012000.0,2.732,1.0,3719630000.0,0.483,178945000.0,147554000.0,26161302000.0,25856287000.0,0.0,17654391000.0,,,19095652000.0,,,8836103691.0,348210000.0,776000.0,-54606000.0,190207000.0,-205215000.0,-74920000.0,-195193000.0,-154767000.0,615376000.0,2947000.0,592043000.0,592043000.0,592043000.0,0.0,4193000.0,0.077,2772612000.0,947018000.0,248746000.0,0.332,1.621,14.925,15.45,424751000.0,0.0,48.467,1.147,1.147,4231639000.0,7322201000.0,7705594000.0,7705594000.0,0.0,0.024,0.11,0.036,0.122,39144000.0,2443670000.0,1.0,182313006.0,182313006.0,,42.266,24408887000.0,0.0,203228000.0,96735000.0,133.885,
14,WRB,MRT,2017-12-31,2017-12-31,2017-12-31,2021-09-07,68541000.0,24299917000.0,24044224500.0,,,0.32,29.62,-115719000.0,950471000.0,950471000.0,4002348000.0,553337000.0,,3.483,2561628000.0,,,2561628000.0,3290180000.0,112956000.0,0.0,0.022,1.033,915824000.0,1028780000.0,0.134,1028780000.0,915824000.0,768527000.0,2.93,2.84,2.93,5411344000.0,5327001000.0,5411344000.0,10485534411.0,11.0,10.192,595164000.0,3.258,1.0,3682416000.0,0.479,178945000.0,147297000.0,25732129000.0,25649243250.0,0.0,17450508000.0,,,18848754000.0,,,8726594411.0,155186000.0,-70570000.0,-47807000.0,6963000.0,-188199000.0,-235086000.0,-333464000.0,-142803000.0,710883000.0,12853000.0,549094000.0,549094000.0,549094000.0,0.0,4243000.0,0.071,2762349000.0,920067000.0,246460000.0,0.353,1.613,15.893,16.303,422960000.0,0.0,47.767,1.136,1.136,4218333000.0,6956882000.0,7684764000.0,7684764000.0,0.0,0.023,0.103,0.036,0.119,40490000.0,2436932000.0,1.0,182692137.0,182692137.0,,42.064,24120972000.0,0.0,219433000.0,98091000.0,132.031,
15,WRB,MRT,2017-09-30,2017-09-30,2017-09-30,2021-09-07,153759000.0,24336076000.0,23810456250.0,,,0.324,29.852,-87202000.0,773997000.0,773997000.0,4018936000.0,550734000.0,,3.474,2532937000.0,,,2532937000.0,3409628000.0,95035000.0,0.0,0.023,1.027,947060000.0,1042095000.0,0.135,1042095000.0,947060000.0,799764000.0,2.947,2.833,2.947,5430536000.0,5235967000.0,5430536000.0,9855574783.0,10.0,9.457,556522000.0,3.059,1.0,3702517000.0,0.48,173422000.0,147296000.0,25921594000.0,25457323500.0,0.0,17561363000.0,,,18865427000.0,,,8094029783.0,-99067000.0,-70497000.0,-60900000.0,-4787000.0,-246716000.0,-318685000.0,-426694000.0,-226984000.0,643724000.0,2588000.0,547294000.0,547294000.0,547294000.0,0.0,3440000.0,0.071,2752017000.0,950500000.0,228539000.0,0.348,1.49,14.789,15.098,399924000.0,0.0,44.493,1.048,1.048,4329645000.0,6880062000.0,7721453000.0,7721453000.0,0.0,0.023,0.105,0.037,0.123,42024000.0,2446323000.0,1.0,181915563.0,181915563.0,,42.445,24162654000.0,0.0,252470000.0,116608000.0,132.823,
16,WRB,MRT,2017-06-30,2017-06-30,2017-06-30,2021-09-07,133302000.0,23993491000.0,23562851250.0,,,0.327,29.072,-119320000.0,788354000.0,788354000.0,3903618000.0,608579000.0,,3.531,2549899000.0,,,2549899000.0,3425534000.0,83857000.0,0.0,0.029,1.353,1053535000.0,1137392000.0,0.148,1137392000.0,1053535000.0,906017000.0,3.287,3.14,3.287,5286518000.0,5109774250.0,5286518000.0,10315574230.0,10.0,9.069,621596000.0,3.418,1.0,3806220000.0,0.494,144913000.0,147518000.0,25610123000.0,25199245500.0,0.0,17365024000.0,,,18667542000.0,,,8385348230.0,-160356000.0,166632000.0,-94968000.0,-38667000.0,-169102000.0,-306894000.0,-589431000.0,-710280000.0,740916000.0,-4947000.0,605890000.0,605890000.0,605890000.0,0.0,2689000.0,0.079,2749996000.0,1056224000.0,221633000.0,0.412,1.586,13.84,14.029,424984000.0,0.0,46.113,1.088,1.088,4160589000.0,6735066000.0,7709838000.0,7709838000.0,0.0,0.026,0.119,0.042,0.137,41806000.0,2451849000.0,1.0,181842162.0,181842162.0,,42.399,23848578000.0,0.0,300127000.0,94887000.0,131.15,
17,WRB,MRT,2017-03-31,2017-03-31,2017-03-31,2021-09-07,69491000.0,23547414000.0,23320944250.0,,,0.331,28.488,-50825000.0,608393000.0,608393000.0,3903082000.0,607912000.0,,3.539,2538619000.0,,,2538619000.0,3402892000.0,73939000.0,0.0,0.022,1.013,1049471000.0,1123410000.0,0.146,1123410000.0,1049471000.0,904000000.0,3.3,3.14,3.3,5179606000.0,5013770000.0,5179606000.0,10305405833.0,10.0,9.173,732255000.0,4.027,1.0,3814621000.0,0.494,144513000.0,145471000.0,25333127000.0,24941528000.0,0.0,17367581000.0,,,18328873000.0,,,8561286833.0,-229122000.0,179732000.0,-94968000.0,235435000.0,-169288000.0,-37083000.0,-958693000.0,-1016916000.0,783080000.0,-16426000.0,605853000.0,605853000.0,605853000.0,0.0,2059000.0,0.079,2763091000.0,1051530000.0,218040000.0,0.307,1.653,14.131,14.269,356908000.0,0.0,47.087,1.109,1.109,3887685000.0,6703675000.0,7717703000.0,7717703000.0,0.0,0.026,0.121,0.042,0.136,39188000.0,2417172000.0,1.0,181819768.0,181819768.0,,42.447,23402901000.0,0.0,298147000.0,169959000.0,128.715,
18,WRB,MRT,2016-12-31,2016-12-31,2016-12-31,2021-09-07,55568000.0,23364844000.0,22991824250.0,,,0.333,27.723,-50829000.0,795285000.0,795285000.0,3845800000.0,603485000.0,,3.623,2539404000.0,,,2539404000.0,3283300000.0,86051000.0,0.0,0.023,1.007,1035765000.0,1121816000.0,0.147,1121816000.0,1035765000.0,894869000.0,3.273,3.12,3.273,5047208000.0,4906671750.0,5047208000.0,9750215739.0,9.0,8.691,797547000.0,4.381,1.0,3808384000.0,0.498,144513000.0,140896000.0,24964450000.0,24492524000.0,0.0,16649792000.0,,,18283710000.0,,,8072443739.0,31654000.0,196765000.0,-132392000.0,313282000.0,-183999000.0,-6932000.0,-794488000.0,-961416000.0,848376000.0,-15302000.0,601916000.0,601916000.0,601916000.0,0.0,1569000.0,0.079,2771050000.0,1037334000.0,213128000.0,0.308,1.599,13.411,13.547,349432000.0,0.0,44.34,1.055,1.055,4343567000.0,6595987000.0,7654184000.0,7654184000.0,0.0,0.026,0.123,0.042,0.135,37174000.0,2395619000.0,1.0,182057820.0,182057820.0,,42.043,23220331000.0,14768000.0,292953000.0,134365000.0,127.544,
19,WRB,MRT,2016-09-30,2016-09-30,2016-09-30,2021-09-07,-9808000.0,23345656000.0,22583355000.0,,,0.332,26.751,-61195000.0,873064000.0,873064000.0,3775311000.0,559695000.0,,3.732,2550836000.0,,,2550836000.0,3408640000.0,88908000.0,0.0,0.017,0.667,955744000.0,1044652000.0,0.139,1044652000.0,955744000.0,819989000.0,3.033,2.9,3.033,4925765000.0,4794931250.0,4925765000.0,8798069886.0,9.0,8.422,926284000.0,5.031,1.0,3718597000.0,0.496,134146000.0,135755000.0,24889282000.0,24010416750.0,0.0,16832789000.0,,,18383832000.0,,,7090352886.0,-6870000.0,196536000.0,-99870000.0,321564000.0,-45449000.0,176612000.0,-1143708000.0,-1315935000.0,987479000.0,-27253000.0,558873000.0,558873000.0,558873000.0,0.0,822000.0,0.075,2762031000.0,956566000.0,261622000.0,0.22,1.439,12.687,12.696,348169000.0,0.0,38.507,0.946,0.946,4050387000.0,6519536000.0,7493908000.0,7493908000.0,0.0,0.025,0.117,0.04,0.128,35104000.0,2362343000.0,1.0,184133126.0,184133126.0,,40.698,23211510000.0,0.0,261116000.0,96885000.0,126.058,
20,WRB,MRT,2016-06-30,2016-06-30,2016-06-30,2021-09-07,57282000.0,23025863000.0,22181582500.0,,,0.331,26.658,-61282000.0,948710000.0,948710000.0,3735810000.0,491768000.0,,3.689,2656427000.0,,,2656427000.0,3417068000.0,89745000.0,0.0,0.008,0.327,847531000.0,937276000.0,0.128,937276000.0,847531000.0,717178000.0,2.66,2.54,2.66,4902501000.0,4709306500.0,4902501000.0,8806288689.0,10.0,9.396,819457000.0,4.456,1.0,3599328000.0,0.491,154327000.0,130353000.0,24579253000.0,23517579000.0,0.0,16110189000.0,,,18086810000.0,,,7346364689.0,192342000.0,-48525000.0,-42944000.0,350483000.0,-60242000.0,244860000.0,-877576000.0,-778723000.0,880739000.0,-55681000.0,490830000.0,490830000.0,490830000.0,0.0,938000.0,0.067,2750859000.0,848469000.0,246490000.0,0.123,1.498,14.967,15.018,346024000.0,0.0,39.947,1.002,1.002,4245558000.0,6375893000.0,7335138000.0,7335138000.0,0.0,0.022,0.104,0.036,0.116,35026000.0,2329536000.0,1.0,183904323.0,183904323.0,,39.886,22871536000.0,0.0,226348000.0,40162000.0,124.366,
21,WRB,MRT,2016-03-31,2016-03-31,2016-03-31,2021-09-07,8124000.0,22230934000.0,21847569000.0,,,0.333,25.839,-68343000.0,837515000.0,837515000.0,3677883000.0,505911000.0,,3.671,2297439000.0,,,2297439000.0,3314676000.0,96181000.0,0.0,0.009,0.32,865608000.0,961789000.0,0.132,961789000.0,865608000.0,736976000.0,2.727,2.607,2.727,4751213000.0,4609228000.0,4751213000.0,8347720462.0,10.0,8.679,892717000.0,4.855,1.0,3591106000.0,0.494,153747000.0,128632000.0,23537111000.0,23153340250.0,0.0,15587162000.0,,,17442878000.0,,,6889375462.0,222820000.0,-61625000.0,-169863000.0,-192418000.0,-58996000.0,-418534000.0,-281789000.0,-201449000.0,961060000.0,-37917000.0,504898000.0,504898000.0,504898000.0,0.0,1013000.0,0.069,2724485000.0,866621000.0,256838000.0,0.117,1.45,13.645,13.739,346471000.0,0.0,37.467,0.948,0.948,4110913000.0,6282870000.0,7268989000.0,7268989000.0,0.0,0.023,0.11,0.037,0.119,32718000.0,2321163000.0,1.0,183880128.0,183880128.0,,39.531,22077187000.0,0.0,232078000.0,31291000.0,120.063,
22,WRB,MRT,2015-12-31,2015-12-31,2015-12-31,2021-09-07,-66698000.0,21730967000.0,21751598500.0,,,0.331,24.876,-63562000.0,763631000.0,763631000.0,3656270000.0,504107000.0,,3.717,2221976000.0,,,2221976000.0,3137133000.0,85139000.0,0.0,0.009,0.313,862563000.0,947702000.0,0.132,947702000.0,862563000.0,731617000.0,2.707,2.58,2.707,4600246000.0,4566080250.0,4600246000.0,8082541470.0,9.0,8.529,817742000.0,4.422,1.0,3550187000.0,0.493,153291000.0,130946000.0,23036021000.0,23177484000.0,0.0,15351467000.0,,,17097759000.0,,,6749895470.0,89190000.0,-7312000.0,-223652000.0,-272030000.0,-58034000.0,-555318000.0,-170763000.0,-77223000.0,881304000.0,-66033000.0,503694000.0,503694000.0,503694000.0,0.0,413000.0,0.07,2687211000.0,862976000.0,224752000.0,0.116,1.467,13.401,13.484,348224000.0,0.0,36.5,0.937,0.937,3979517000.0,6178070000.0,7206457000.0,7206457000.0,0.0,0.023,0.11,0.037,0.12,32123000.0,2289750000.0,1.0,184928643.0,184928643.0,,38.969,21577676000.0,55763000.0,227923000.0,6811000.0,116.681,
23,WRB,MRT,2015-09-30,2015-09-30,2015-09-30,2021-09-07,28111000.0,21738566000.0,21748029500.0,,,0.33,24.768,-51423000.0,879934000.0,879934000.0,3646869000.0,505180000.0,,3.736,2212580000.0,,,2212580000.0,3198009000.0,90805000.0,0.0,0.027,0.973,871822000.0,962627000.0,0.134,962627000.0,871822000.0,738008000.0,2.693,2.573,2.693,4583266000.0,4563505000.0,4583266000.0,8290585476.0,10.0,8.612,728973000.0,3.939,1.0,3532960000.0,0.492,153281000.0,133814000.0,22917931000.0,23281721750.0,0.0,15197775000.0,,,17121929000.0,,,6707414476.0,-462351000.0,-6983000.0,-225882000.0,-356581000.0,-183946000.0,-770330000.0,-418376000.0,-711328000.0,780396000.0,-54041000.0,504660000.0,504660000.0,504660000.0,0.0,520000.0,0.07,2660618000.0,872342000.0,230008000.0,0.361,1.463,13.291,13.46,336825000.0,0.0,36.247,0.934,0.934,4082247000.0,6083120000.0,7179829000.0,7179829000.0,0.0,0.023,0.111,0.037,0.121,30571000.0,2262006000.0,1.0,185049140.0,185049140.0,,38.8,21585285000.0,2021000.0,233348000.0,0.0,116.646,
24,WRB,MRT,2015-06-30,2015-06-30,2015-06-30,2021-09-07,86055000.0,21689809000.0,21837787250.0,,,0.328,24.042,-42907000.0,756368000.0,756368000.0,3607637000.0,541235000.0,,3.81,2339539000.0,,,2339539000.0,3190144000.0,80271000.0,0.0,0.028,0.967,922520000.0,1002791000.0,0.14,1002791000.0,922520000.0,787418000.0,2.853,2.733,2.853,4502187000.0,4594914250.0,4502187000.0,8420145466.0,9.0,8.397,770200000.0,4.113,1.0,3551840000.0,0.496,150682000.0,135102000.0,23122298000.0,23370623250.0,0.0,15583032000.0,,,17153477000.0,,,6482960466.0,-86303000.0,-65186000.0,-259864000.0,73285000.0,-183111000.0,-370809000.0,-489481000.0,-747713000.0,813107000.0,-39120000.0,540592000.0,540592000.0,540592000.0,0.0,643000.0,0.076,2628677000.0,923163000.0,225213000.0,0.339,1.44,11.992,12.135,332015000.0,0.0,34.62,0.906,0.906,3757169000.0,5945305000.0,7159477000.0,7159477000.0,0.0,0.025,0.118,0.039,0.129,29426000.0,2232768000.0,1.0,187260556.0,187260556.0,,38.233,21539127000.0,29135000.0,246826000.0,0.0,115.022,
25,WRB,MRT,2015-03-31,2015-03-31,2015-03-31,2021-09-07,152058000.0,21847052000.0,21707133500.0,,,0.33,24.262,-39776000.0,614695000.0,614695000.0,3569180000.0,598363000.0,,3.764,2551880000.0,,,2551880000.0,3128637000.0,82803000.0,0.0,0.029,0.96,1004865000.0,1087668000.0,0.152,1087668000.0,1004865000.0,872483000.0,3.133,3.0,3.133,4578622000.0,4624295750.0,4578622000.0,8241919214.0,8.0,7.578,612919000.0,3.248,1.0,3597521000.0,0.502,150551000.0,132382000.0,23633686000.0,23182527750.0,0.0,16056504000.0,,,17234015000.0,,,6354694214.0,-28880000.0,-49541000.0,-137478000.0,347197000.0,-182463000.0,24729000.0,-668840000.0,-901654000.0,652695000.0,-37464000.0,597518000.0,597518000.0,597518000.0,0.0,845000.0,0.083,2591811000.0,1005710000.0,383863000.0,0.306,1.388,10.635,10.748,327231000.0,0.0,33.673,0.887,0.887,3636712000.0,5836968000.0,7166701000.0,7166701000.0,0.0,0.028,0.129,0.043,0.14,30052000.0,2193336000.0,1.0,188715924.0,188715924.0,,37.976,21696501000.0,0.0,274965000.0,20957000.0,114.969,
26,WRB,MRT,2014-12-31,2014-12-31,2014-12-31,2021-09-07,183550000.0,21716691000.0,21421437250.0,,,0.333,24.111,-41958000.0,674441000.0,674441000.0,3490567000.0,649603000.0,,3.724,2561666000.0,,,2561666000.0,3026732000.0,88836000.0,0.0,0.028,0.953,1079651000.0,1168487000.0,0.164,1168487000.0,1079651000.0,951477000.0,3.38,3.24,3.38,4589945000.0,4573626250.0,4589945000.0,7784659918.0,7.0,6.662,692889000.0,3.64,1.0,3638361000.0,0.51,150944000.0,128174000.0,23452972000.0,22792637000.0,0.0,15591824000.0,,,17092557000.0,,,6505382918.0,-165297000.0,-49638000.0,-238933000.0,350312000.0,-181489000.0,-69773000.0,-808311000.0,-1093055000.0,734847000.0,-22060000.0,648884000.0,648884000.0,648884000.0,0.0,719000.0,0.091,2557991000.0,1080370000.0,237270000.0,0.282,1.417,10.025,10.11,332098000.0,0.0,34.173,0.913,0.913,3921311000.0,5732410000.0,7128928000.0,7128928000.0,0.0,0.03,0.142,0.047,0.151,28068000.0,2157456000.0,1.0,190364307.0,190364307.0,,37.449,21565747000.0,67623000.0,302593000.0,37452000.0,113.287,
27,WRB,MRT,2014-09-30,2014-09-30,2014-09-30,2021-09-07,273545000.0,22097597000.0,21130213500.0,,,0.333,24.616,-44522000.0,1342285000.0,1342285000.0,3425595000.0,674040000.0,,3.685,2621562000.0,,,2621562000.0,3111013000.0,86456000.0,0.0,0.009,0.28,1089810000.0,1176266000.0,0.167,1176266000.0,1089810000.0,965730000.0,3.447,3.3,3.447,4708903000.0,4510148750.0,4708903000.0,7402238495.0,7.0,6.293,723367000.0,3.781,1.0,3615584000.0,0.513,103337000.0,124080000.0,23273537000.0,22378502000.0,0.0,15605429000.0,,,17354123000.0,,,6095951495.0,375959000.0,-46725000.0,-363753000.0,425190000.0,-54163000.0,8288000.0,-388220000.0,-376783000.0,767889000.0,-11998000.0,668552000.0,668552000.0,668552000.0,0.0,5488000.0,0.095,2520286000.0,1095298000.0,351111000.0,0.081,1.295,9.118,9.245,333938000.0,0.0,31.867,0.866,0.866,3552148000.0,5762406000.0,7041179000.0,7041179000.0,0.0,0.032,0.148,0.049,0.155,27170000.0,2114317000.0,1.0,191295549.0,191295549.0,,36.808,21994260000.0,0.0,297178000.0,17618000.0,114.975,
28,WRB,MRT,2014-06-30,2014-06-30,2014-06-30,2021-09-07,333899000.0,21167194000.0,20736744000.0,,,0.33,24.124,-42259000.0,842671000.0,842671000.0,3336748000.0,623437000.0,,3.574,2148958000.0,,,2148958000.0,3081888000.0,103305000.0,0.0,0.009,0.273,1006048000.0,1109353000.0,0.162,1109353000.0,1006048000.0,884548000.0,3.133,3.0,3.133,4619713000.0,4424691500.0,4619713000.0,7392316666.0,7.0,6.664,718230000.0,3.751,1.0,3497950000.0,0.512,103565000.0,121500000.0,22369916000.0,21952354250.0,0.0,15248159000.0,,,16512636000.0,,,5912218666.0,183832000.0,18634000.0,-332310000.0,795000.0,-67299000.0,-397280000.0,-215089000.0,-199789000.0,760489000.0,35712000.0,616987000.0,616987000.0,616987000.0,0.0,6450000.0,0.09,2485452000.0,1012498000.0,272455000.0,0.087,1.28,9.582,9.854,335741000.0,0.0,30.873,0.865,0.865,3702306000.0,5587824000.0,6834698000.0,6834698000.0,0.0,0.03,0.139,0.046,0.147,25004000.0,2074110000.0,1.0,191499201.0,191499201.0,,35.69,21063629000.0,0.0,267561000.0,24779000.0,109.993,
29,WRB,MRT,2014-03-31,2014-03-31,2014-03-31,2021-09-07,258883000.0,20704267000.0,20497831000.0,,,0.322,22.696,-59970000.0,643575000.0,643575000.0,3274440000.0,558387000.0,,3.723,2123673000.0,,,2123673000.0,2979086000.0,107416000.0,0.0,0.01,0.267,903242000.0,1010658000.0,0.153,1010658000.0,903242000.0,780846000.0,2.76,2.647,2.76,4375944000.0,4329414250.0,4375944000.0,6704544589.0,7.0,6.634,787880000.0,4.086,1.0,3334231000.0,0.505,110242000.0,122396000.0,22074123000.0,21771763250.0,0.0,15072570000.0,,,16293409000.0,,,5349762589.0,-301917000.0,-18419000.0,-359088000.0,87588000.0,-65492000.0,-335511000.0,-822791000.0,-726479000.0,847850000.0,8535000.0,552983000.0,552983000.0,552983000.0,0.0,5404000.0,0.084,2425585000.0,908646000.0,236688000.0,0.097,1.223,9.674,10.053,337982000.0,0.0,27.747,0.81,0.81,3638779000.0,5421913000.0,6608671000.0,6608671000.0,0.0,0.027,0.128,0.041,0.137,24982000.0,2034246000.0,1.0,192807398.0,192807398.0,,34.276,20594025000.0,0.0,227863000.0,59184000.0,106.811,
30,WRB,MRT,2013-12-31,2013-12-31,2013-12-31,2021-09-07,189391000.0,20551796000.0,20351922750.0,,,0.315,21.403,-63150000.0,839738000.0,839738000.0,3197024000.0,505301000.0,,3.732,2194520000.0,,,2194520000.0,2781437000.0,103090000.0,0.0,0.009,0.26,816689000.0,919779000.0,0.144,919779000.0,816689000.0,693512000.0,2.46,2.367,2.46,4336035000.0,4330063500.0,4336035000.0,7018578761.0,9.0,7.631,756648000.0,3.735,1.0,3211510000.0,0.501,110146000.0,123177000.0,21796432000.0,21524261250.0,0.0,14548630000.0,,,16182402000.0,,,5860182761.0,-65932000.0,-56878000.0,-166420000.0,-118567000.0,-52717000.0,-330262000.0,-545364000.0,-399181000.0,819798000.0,-10104000.0,499925000.0,499925000.0,499925000.0,0.0,5376000.0,0.078,2389445000.0,822065000.0,276755000.0,0.106,1.352,11.722,11.759,339448000.0,0.0,28.927,0.914,0.914,3763322000.0,5265015000.0,6408534000.0,6408534000.0,0.0,0.025,0.115,0.038,0.127,23784000.0,2000684000.0,1.0,202587558.0,202587558.0,,31.633,20441650000.0,44857000.0,193587000.0,0.0,100.903,
31,WRB,MRT,2013-09-30,2013-09-30,2013-09-30,2021-09-07,217479000.0,20523719000.0,20252947750.0,,,0.312,21.515,-67662000.0,966326000.0,966326000.0,3149598000.0,535412000.0,,3.693,2124722000.0,,,2124722000.0,2825105000.0,118379000.0,0.0,0.032,0.92,874497000.0,992876000.0,0.157,992876000.0,874497000.0,749278000.0,2.62,2.513,2.62,4367074000.0,4322609000.0,4367074000.0,7348477480.0,8.0,7.401,781142000.0,3.848,1.0,3170858000.0,0.502,113169000.0,125219000.0,21568946000.0,21424800500.0,0.0,14504268000.0,,,16128421000.0,,,5799726480.0,-223238000.0,-102743000.0,-46678000.0,-120527000.0,-187553000.0,-331365000.0,-737790000.0,-424688000.0,848804000.0,-2887000.0,535035000.0,535035000.0,535035000.0,0.0,377000.0,0.085,2295984000.0,874874000.0,285152000.0,0.351,1.328,10.84,10.906,336515000.0,0.0,28.573,0.918,0.918,3616004000.0,5148017000.0,6320456000.0,6320456000.0,0.0,0.026,0.124,0.041,0.138,23856000.0,1947585000.0,1.0,202976895.0,202976895.0,,31.139,20410550000.0,63630000.0,214243000.0,0.0,100.556,
32,WRB,MRT,2013-06-30,2013-06-30,2013-06-30,2021-09-07,210225000.0,20211542000.0,20105246000.0,,,0.304,20.772,-63626000.0,658839000.0,658839000.0,3087954000.0,498232000.0,,3.762,2207590000.0,,,2207590000.0,2721228000.0,106889000.0,0.0,0.034,0.913,813273000.0,920162000.0,0.151,920162000.0,813273000.0,685891000.0,2.44,2.34,2.44,4238604000.0,4311940750.0,4238604000.0,6629477203.0,8.0,7.205,613353000.0,3.006,1.0,3018879000.0,0.494,112741000.0,127382000.0,21647552000.0,21263932250.0,0.0,14558239000.0,,,15945887000.0,,,5558467203.0,-353381000.0,-102743000.0,-107744000.0,-109127000.0,-185148000.0,-382395000.0,-631752000.0,-394717000.0,676979000.0,-16213000.0,499008000.0,499008000.0,499008000.0,0.0,-776000.0,0.082,2206382000.0,812497000.0,337370000.0,0.374,1.311,11.139,11.164,291831000.0,0.0,27.24,0.91,0.91,3586496000.0,5024565000.0,6106833000.0,6106833000.0,0.0,0.025,0.116,0.038,0.133,23331000.0,1894976000.0,1.0,204055330.0,204055330.0,,29.927,20098801000.0,67666000.0,186883000.0,0.0,98.497,
33,WRB,MRT,2013-03-31,2013-03-31,2013-03-31,2021-09-07,428592000.0,20120634000.0,19917887000.0,,,0.299,21.46,-38543000.0,945492000.0,945492000.0,3013686000.0,492009000.0,,3.588,2016502000.0,,,2016502000.0,2635995000.0,102117000.0,0.0,0.031,0.907,803320000.0,905437000.0,0.152,905437000.0,803320000.0,674728000.0,2.4,2.3,2.4,4378541000.0,4304235750.0,4378541000.0,7365916790.0,9.0,8.135,678265000.0,3.324,1.0,2937932000.0,0.494,107529000.0,128592000.0,21084115000.0,20979800000.0,0.0,14604639000.0,,,15710004000.0,,,6035358790.0,-136915000.0,-81335000.0,-123431000.0,-189620000.0,-183947000.0,-467955000.0,-353042000.0,-234544000.0,716808000.0,-32726000.0,491889000.0,491889000.0,491889000.0,0.0,120000.0,0.083,2134492000.0,803440000.0,298557000.0,0.378,1.378,12.27,12.325,271012000.0,0.0,29.58,1.014,1.014,3319973000.0,4922178000.0,5951618000.0,5951618000.0,0.0,0.025,0.114,0.038,0.135,24305000.0,1849448000.0,1.0,204035118.0,204035118.0,,29.17,20013105000.0,0.0,182839000.0,104810000.0,98.087,
34,WRB,MRT,2012-12-31,2012-12-31,2012-12-31,2021-09-07,465631000.0,20155896000.0,19671136500.0,,,0.296,21.138,-40556000.0,905670000.0,905670000.0,2948479000.0,510643000.0,,3.674,2236228000.0,,,2236228000.0,2474847000.0,103419000.0,0.0,0.036,0.9,828179000.0,931598000.0,0.16,931598000.0,828179000.0,701877000.0,2.48,2.373,2.48,4306217000.0,4241329500.0,4306217000.0,6206114179.0,7.0,6.662,634902000.0,3.116,1.0,2875075000.0,0.494,87865000.0,126302000.0,21398589000.0,20741021500.0,0.0,14467440000.0,,,15820430000.0,,,5125688179.0,-6072000.0,-42779000.0,-120003000.0,369291000.0,-183947000.0,97192000.0,-775068000.0,-665934000.0,675458000.0,-3654000.0,510592000.0,510592000.0,510592000.0,0.0,51000.0,0.088,2046845000.0,828230000.0,316388000.0,0.363,1.19,10.039,10.145,267227000.0,0.0,25.16,0.88,0.88,3654282000.0,4817807000.0,5823554000.0,5823554000.0,0.0,0.026,0.12,0.04,0.142,26763000.0,1799623000.0,1.0,203723696.0,203723696.0,,28.586,20068031000.0,0.0,191285000.0,60255000.0,98.506,
35,WRB,MRT,2012-09-30,2012-09-30,2012-09-30,2021-09-07,508152000.0,19932912000.0,19233130750.0,,,0.29,21.022,-30234000.0,1189564000.0,1189564000.0,2840320000.0,462199000.0,,3.607,2269990000.0,,,2269990000.0,2480449000.0,95769000.0,0.0,0.009,0.227,740029000.0,835798000.0,0.15,835798000.0,740029000.0,618084000.0,2.24,2.153,2.24,4324401000.0,4153114250.0,4324401000.0,6278008840.0,8.0,7.511,608151000.0,2.956,1.0,2745586000.0,0.492,87865000.0,121945000.0,20925473000.0,20193944250.0,0.0,14287912000.0,,,15599065000.0,,,5141226840.0,323434000.0,-253413000.0,-114004000.0,374022000.0,-46711000.0,226840000.0,-534084000.0,-191140000.0,638385000.0,-7707000.0,462130000.0,462130000.0,462130000.0,0.0,69000.0,0.083,2005488000.0,740098000.0,303424000.0,0.101,1.189,11.125,11.158,258368000.0,0.0,24.993,0.92,0.92,3417416000.0,4800537000.0,5585906000.0,5585906000.0,0.0,0.024,0.111,0.037,0.132,28518000.0,1761614000.0,1.0,205703928.0,205703928.0,,27.155,19845047000.0,5122000.0,155954000.0,69968000.0,96.474,
36,WRB,MRT,2012-06-30,2012-06-30,2012-06-30,2021-09-07,416355000.0,19462106000.0,18832608000.0,,,0.289,20.28,-47017000.0,1012220000.0,1012220000.0,2787668000.0,437562000.0,,3.623,2149002000.0,,,2149002000.0,2380002000.0,101980000.0,0.0,0.008,0.22,698138000.0,800118000.0,0.147,800118000.0,698138000.0,580637000.0,2.113,2.033,2.113,4207784000.0,4037612250.0,4207784000.0,6469178061.0,9.0,8.085,719281000.0,3.467,1.0,2657468000.0,0.488,87865000.0,117501000.0,20511023000.0,19757526250.0,0.0,14222327000.0,,,15245264000.0,,,5383637061.0,217339000.0,-253413000.0,-162828000.0,362110000.0,-33022000.0,177675000.0,-684881000.0,-333646000.0,766298000.0,-41753000.0,437593000.0,437593000.0,437593000.0,0.0,-31000.0,0.08,1959361000.0,698107000.0,299220000.0,0.104,1.279,12.303,12.28,264413000.0,0.0,25.947,0.989,0.989,3198874000.0,4711836000.0,5445136000.0,5445136000.0,0.0,0.023,0.108,0.035,0.128,29976000.0,1717276000.0,1.0,207488582.0,207488582.0,,26.243,19374241000.0,0.0,143044000.0,47202000.0,93.375,
37,WRB,MRT,2012-03-31,2012-03-31,2012-03-31,2021-09-07,393259000.0,19133632000.0,18515862500.0,,,0.286,19.954,-48491000.0,1082407000.0,1082407000.0,2730742000.0,410778000.0,,3.634,2167948000.0,,,2167948000.0,2311187000.0,88145000.0,0.0,0.009,0.213,654572000.0,742717000.0,0.14,742717000.0,654572000.0,541356000.0,1.973,1.9,1.973,4126916000.0,3963868000.0,4126916000.0,5874529927.0,9.0,7.91,640107000.0,3.095,1.0,2569596000.0,0.485,90172000.0,113216000.0,20129001000.0,19410407750.0,0.0,13780385000.0,,,14998177000.0,,,4980257927.0,452256000.0,-250932000.0,-151686000.0,354993000.0,-33342000.0,179258000.0,-407840000.0,-33383000.0,688598000.0,-7760000.0,410939000.0,410939000.0,410939000.0,0.0,-161000.0,0.078,1915185000.0,654411000.0,268288000.0,0.108,1.207,12.119,12.205,268229000.0,0.0,24.08,0.94,0.94,3206692000.0,4615439000.0,5300338000.0,5300338000.0,0.0,0.022,0.104,0.034,0.123,28154000.0,1672176000.0,1.0,206821342.0,206821342.0,,25.628,19043460000.0,0.0,130417000.0,54747000.0,92.077,
38,WRB,MRT,2011-12-31,2011-12-31,2011-12-31,2021-09-07,354851000.0,18403873000.0,18228332250.0,,,0.283,19.223,-45320000.0,911742000.0,911742000.0,2658365000.0,391141000.0,,3.653,1806014000.0,,,1806014000.0,2189575000.0,88012000.0,0.0,0.009,0.207,625668000.0,713680000.0,0.138,713680000.0,625668000.0,513156000.0,1.867,1.793,1.867,3953356000.0,3880085000.0,3953356000.0,5654500809.0,9.0,7.923,624959000.0,3.039,1.0,2497619000.0,0.484,87865000.0,112512000.0,19210280000.0,19159704750.0,0.0,13439518000.0,,,14442991000.0,,,4714939809.0,268790000.0,-261992000.0,-165200000.0,-1310000.0,-43253000.0,-195213000.0,-204274000.0,119232000.0,670279000.0,-2002000.0,391211000.0,391211000.0,391211000.0,0.0,-70000.0,0.076,1872021000.0,625598000.0,241204000.0,0.111,1.193,12.052,12.28,262275000.0,0.0,22.927,0.914,0.914,2998394000.0,4491162000.0,5155984000.0,5155984000.0,0.0,0.021,0.101,0.033,0.121,27175000.0,1626526000.0,1.0,205653088.0,205653088.0,,25.071,18316008000.0,9670000.0,121945000.0,2835000.0,89.063,
39,WRB,MRT,2011-09-30,2011-09-30,2011-09-30,2021-09-07,335741000.0,18330821000.0,18009500750.0,,,0.279,18.375,-50322000.0,866130000.0,866130000.0,2556863000.0,398096000.0,,3.744,1805691000.0,,,1805691000.0,2214954000.0,76136000.0,0.0,0.01,0.2,648127000.0,724263000.0,0.144,724263000.0,648127000.0,535621000.0,1.873,1.8,1.873,3862393000.0,3817465000.0,3862393000.0,5178535887.0,8.0,7.15,495520000.0,2.357,1.0,2459510000.0,0.49,90581000.0,112506000.0,19179801000.0,19005062500.0,0.0,13293812000.0,,,14461013000.0,,,4160529887.0,-56068000.0,-8579000.0,-302595000.0,14477000.0,-50673000.0,-333183000.0,-267607000.0,-274727000.0,545842000.0,-1120000.0,398153000.0,398153000.0,398153000.0,0.0,-57000.0,0.079,1811440000.0,648070000.0,254117000.0,0.107,1.077,10.45,10.568,263689000.0,0.0,19.793,0.829,0.829,3038728000.0,4439287000.0,5016373000.0,5016373000.0,0.0,0.022,0.104,0.034,0.129,26777000.0,1589686000.0,1.0,210198546.0,210198546.0,,23.865,18240240000.0,2863000.0,137468000.0,0.0,86.776,
40,WRB,MRT,2011-06-30,2011-06-30,2011-06-30,2021-09-07,340743000.0,18195124000.0,17880008250.0,,,0.275,18.417,-47977000.0,794881000.0,794881000.0,2470790000.0,415394000.0,,3.648,1812887000.0,,,1812887000.0,2166032000.0,73578000.0,0.0,0.009,0.193,671849000.0,745427000.0,0.152,745427000.0,671849000.0,560686000.0,1.933,1.853,1.933,3912807000.0,3808714750.0,3912807000.0,5828034778.0,9.0,7.818,433061000.0,2.038,1.0,2441964000.0,0.497,90581000.0,111163000.0,19122549000.0,18856696750.0,0.0,13360903000.0,,,14275052000.0,,,4594775778.0,13418000.0,-8579000.0,-271336000.0,165244000.0,-41425000.0,-137160000.0,-352494000.0,-313506000.0,481038000.0,22034000.0,415362000.0,415362000.0,415362000.0,0.0,32000.0,0.085,1770083000.0,671881000.0,264929000.0,0.1,1.174,11.062,11.188,254792000.0,0.0,21.627,0.935,0.935,2889884000.0,4372978000.0,4912754000.0,4912754000.0,0.0,0.023,0.109,0.036,0.137,28066000.0,1551754000.0,1.0,212458806.0,212458806.0,,23.123,18104543000.0,30587000.0,145324000.0,0.0,85.214,
41,WRB,MRT,2011-03-31,2011-03-31,2011-03-31,2021-09-07,263176000.0,17983511000.0,17685458750.0,,,0.272,17.922,-50625000.0,630151000.0,630151000.0,2366989000.0,443498000.0,,3.741,1863410000.0,,,1863410000.0,2112709000.0,84418000.0,0.0,0.009,0.187,706444000.0,790862000.0,0.165,790862000.0,706444000.0,597399000.0,2.033,1.947,2.033,3791784000.0,3751103500.0,3791784000.0,5696951746.0,8.0,7.203,398975000.0,1.886,1.0,2437884000.0,0.507,90581000.0,109045000.0,19126189000.0,18616672000.0,0.0,13242366000.0,,,14184534000.0,,,4543206746.0,189104000.0,-11060000.0,-370128000.0,157745000.0,-40512000.0,-250292000.0,-27557000.0,-52715000.0,449600000.0,17353000.0,443385000.0,443385000.0,443385000.0,0.0,113000.0,0.092,1731327000.0,706557000.0,227017000.0,0.092,1.198,10.247,10.562,256973000.0,0.0,21.473,0.946,0.946,2905494000.0,4301258000.0,4804873000.0,4804873000.0,0.0,0.025,0.118,0.038,0.147,28496000.0,1518919000.0,1.0,211574360.0,211574360.0,,22.71,17892930000.0,76167000.0,154014000.0,0.0,84.57,
42,WRB,MRT,2010-12-31,2010-12-31,2010-12-31,2021-09-07,276563000.0,17528547000.0,17497561750.0,,,0.27,17.02,-49605000.0,642952000.0,642952000.0,2309867000.0,446684000.0,,3.732,1796697000.0,,,1796697000.0,1953721000.0,82867000.0,0.0,0.01,0.18,705600000.0,788467000.0,0.167,788467000.0,705600000.0,598631000.0,2.0,1.92,2.0,3702876000.0,3714653500.0,3702876000.0,4851815500.0,7.0,6.153,401711000.0,1.846,1.0,2414202000.0,0.511,90581000.0,106969000.0,18591711000.0,18423224000.0,0.0,12995393000.0,,,13818691000.0,,,3971197500.0,127522000.0,0.0,-453277000.0,146345000.0,-49348000.0,-359075000.0,37347000.0,87249000.0,451316000.0,-2066000.0,446405000.0,446405000.0,446405000.0,0.0,279000.0,0.094,1708323000.0,705879000.0,215723000.0,0.09,1.072,8.896,9.127,254720000.0,0.0,18.253,0.841,0.841,2712515000.0,4194684000.0,4724069000.0,4724069000.0,0.0,0.026,0.12,0.038,0.149,27407000.0,1500757000.0,1.0,217560126.0,217560126.0,,21.714,17437966000.0,89097000.0,152226000.0,0.0,80.152,
43,WRB,MRT,2010-09-30,2010-09-30,2010-09-30,2021-09-07,396894000.0,17812851000.0,17447574000.0,,,0.268,17.19,-50036000.0,922198000.0,922198000.0,2261386000.0,456818000.0,,3.652,1802816000.0,,,1802816000.0,2033921000.0,86771000.0,0.0,0.01,0.173,717850000.0,804621000.0,0.172,804621000.0,717850000.0,613117000.0,1.987,1.907,1.987,3827392000.0,3687951250.0,3827392000.0,4870709103.0,7.0,6.053,491438000.0,2.207,1.0,2407491000.0,0.516,107131000.0,104733000.0,18586338000.0,18390732250.0,0.0,13147693000.0,,,13978750000.0,,,4018053103.0,185806000.0,0.0,-427089000.0,135505000.0,-30947000.0,-311017000.0,-40780000.0,10223000.0,541474000.0,-3871000.0,456730000.0,456730000.0,456730000.0,0.0,88000.0,0.098,1689553000.0,717938000.0,211743000.0,0.087,1.05,8.797,9.082,251612000.0,0.0,18.047,0.861,0.861,2611720000.0,4077797000.0,4668877000.0,4668877000.0,0.0,0.026,0.124,0.039,0.154,26113000.0,1472862000.0,1.0,222647937.0,222647937.0,,20.97,17705720000.0,46246000.0,156387000.0,0.0,79.523,
44,WRB,MRT,2010-06-30,2010-06-30,2010-06-30,2021-09-07,256386000.0,17416926000.0,17342489750.0,,,0.267,16.052,-38905000.0,781463000.0,781463000.0,2249443000.0,460937000.0,,3.728,1634119000.0,,,1634119000.0,2009298000.0,73516000.0,0.0,0.009,0.167,717183000.0,790699000.0,0.171,790699000.0,717183000.0,617576000.0,1.967,1.893,1.967,3682362000.0,3631864500.0,3682362000.0,5276611977.0,7.0,6.673,473051000.0,2.062,1.0,2379631000.0,0.514,107132000.0,99607000.0,18162450000.0,18307205250.0,0.0,12856912000.0,,,13728116000.0,,,4046738977.0,9952000.0,-650000.0,-339205000.0,307524000.0,-38839000.0,-54777000.0,-402606000.0,-417455000.0,511956000.0,-44621000.0,460833000.0,460833000.0,460833000.0,0.0,104000.0,0.1,1662344000.0,717287000.0,220086000.0,0.085,1.099,8.781,8.968,245003000.0,0.0,17.64,0.874,0.874,2594397000.0,3994366000.0,4629074000.0,4629074000.0,0.0,0.027,0.127,0.039,0.155,24168000.0,1456767000.0,1.0,229406972.0,229406972.0,,20.178,17309794000.0,123296000.0,156743000.0,0.0,75.455,
45,WRB,MRT,2010-03-31,2010-03-31,2010-03-31,2021-09-07,191550000.0,17231923000.0,17152382000.0,,,0.269,15.906,-37083000.0,441047000.0,441047000.0,2276235000.0,448145000.0,,3.725,1670920000.0,,,1670920000.0,1989553000.0,76144000.0,0.0,0.009,0.16,690845000.0,766989000.0,0.166,766989000.0,690845000.0,597039000.0,1.887,1.82,1.887,3645984000.0,3533842000.0,3645984000.0,5210591993.0,8.0,6.794,314570000.0,1.372,1.0,2344869000.0,0.507,109399000.0,93806000.0,18352397000.0,18068071500.0,0.0,13072063000.0,,,13580107000.0,,,3986862993.0,-385020000.0,-33812000.0,-204082000.0,310304000.0,-37992000.0,89225000.0,-834889000.0,-829221000.0,351653000.0,8991000.0,448013000.0,448013000.0,448013000.0,0.0,132000.0,0.097,1653892000.0,690977000.0,204576000.0,0.085,1.093,8.899,9.217,245282000.0,0.0,17.393,0.863,0.863,2535171000.0,3894608000.0,4621104000.0,4621104000.0,0.0,0.026,0.127,0.038,0.149,23700000.0,1451458000.0,1.0,229217880.0,229217880.0,,20.16,17122524000.0,133458000.0,149026000.0,0.0,74.7,
46,WRB,MRT,2009-12-31,2009-12-31,2009-12-31,2021-09-07,163207000.0,17328596000.0,16892728250.0,,,0.262,14.914,-30455000.0,515430000.0,515430000.0,2336707000.0,309080000.0,,3.817,1739159000.0,,,1739159000.0,1928428000.0,78875000.0,0.0,0.01,0.16,470196000.0,549071000.0,0.124,549071000.0,470196000.0,382207000.0,1.287,1.24,1.287,3596067000.0,3390997250.0,3596067000.0,4929873221.0,10.0,8.979,285599000.0,1.184,1.0,2094471000.0,0.473,90581000.0,87989000.0,18461744000.0,17624133500.0,0.0,13050238000.0,,,13726650000.0,,,3960839221.0,-619405000.0,-33812000.0,-141718000.0,322424000.0,-28843000.0,173385000.0,-1116234000.0,-1195990000.0,316054000.0,7390000.0,309057000.0,309057000.0,309057000.0,0.0,23000.0,0.07,1624252000.0,470219000.0,208045000.0,0.124,1.101,12.816,12.764,246605000.0,0.0,16.427,0.894,0.894,2541892000.0,3785187000.0,4431178000.0,4431178000.0,0.0,0.018,0.091,0.027,0.106,24465000.0,1440838000.0,1.0,241122518.0,241122518.0,,18.377,17238015000.0,190450000.0,73150000.0,0.0,71.491,
47,WRB,MRT,2009-09-30,2009-09-30,2009-09-30,2021-09-07,191060000.0,17392514000.0,16590868750.0,,,0.261,15.005,-66956000.0,736392000.0,736392000.0,2425339000.0,215287000.0,,3.826,1705426000.0,,,1705426000.0,2040239000.0,79761000.0,0.0,0.009,0.16,302164000.0,381925000.0,0.088,381925000.0,302164000.0,219896000.0,0.893,0.867,0.893,3603045000.0,3253560250.0,3603045000.0,4704204519.0,16.0,12.317,865145000.0,3.603,1.0,1908524000.0,0.44,109318000.0,82268000.0,18252230000.0,17052013000.0,0.0,12967068000.0,,,13783969000.0,,,4046792519.0,-267483000.0,-106707000.0,-45725000.0,316332000.0,-37924000.0,253333000.0,-1398220000.0,-1312401000.0,932101000.0,-54697000.0,215089000.0,215089000.0,215089000.0,0.0,198000.0,0.05,1606162000.0,302362000.0,163531000.0,0.179,1.123,18.815,18.873,244503000.0,0.0,16.853,0.934,0.934,2473254000.0,3660451000.0,4333863000.0,4333863000.0,0.0,0.013,0.066,0.018,0.07,24658000.0,1436146000.0,1.0,240118227.0,240118227.0,,18.049,17283196000.0,177551000.0,4807000.0,0.0,71.978,
48,WRB,MRT,2009-06-30,2009-06-30,2009-06-30,2021-09-07,-25325000.0,16656495000.0,16347167750.0,,,0.26,13.711,-69975000.0,771511000.0,771511000.0,2533629000.0,89671000.0,,4.061,1428923000.0,,,1428923000.0,2015712000.0,90306000.0,0.0,0.011,0.16,118263000.0,208569000.0,0.049,208569000.0,118263000.0,37343000.0,0.373,0.36,0.373,3290272000.0,3115159250.0,3290272000.0,3924369220.0,33.0,18.816,1065902000.0,4.442,1.0,1719555000.0,0.404,107992000.0,80920000.0,17205915000.0,16648594250.0,0.0,12084087000.0,,,13360796000.0,,,3434740220.0,156811000.0,-127788000.0,-90167000.0,1475000.0,-48531000.0,-117569000.0,-808868000.0,-599750000.0,1135877000.0,-52629000.0,89487000.0,89487000.0,89487000.0,0.0,184000.0,0.021,1601108000.0,118447000.0,158159000.0,0.429,1.044,38.383,38.374,250063000.0,0.0,14.313,0.808,0.808,2412392000.0,3572372000.0,4253184000.0,4253184000.0,0.0,0.005,0.029,0.007,0.028,23407000.0,1441604000.0,1.0,239967878.0,239967878.0,,17.724,16548503000.0,348057000.0,-52144000.0,0.0,68.961,
49,WRB,MRT,2009-03-31,2009-03-31,2009-03-31,2021-09-07,-146148000.0,16193308000.0,16319920750.0,,,0.263,12.686,-76738000.0,826067000.0,826067000.0,2616065000.0,72514000.0,,4.265,1315696000.0,,,1315696000.0,2015057000.0,70147000.0,0.0,0.011,0.16,89608000.0,159755000.0,0.037,159755000.0,89608000.0,7505000.0,0.287,0.273,0.287,3074605000.0,3111775750.0,3074605000.0,3803214535.0,42.0,23.807,1284422000.0,5.3,1.0,1681160000.0,0.391,106292000.0,82103000.0,16576645000.0,16635600750.0,0.0,11504503000.0,,,13113351000.0,,,3643546535.0,107994000.0,-48895000.0,-278949000.0,-86853000.0,-38965000.0,-381538000.0,-769878000.0,-642672000.0,1361160000.0,-101750000.0,72357000.0,72357000.0,72357000.0,0.0,157000.0,0.017,1591395000.0,89765000.0,115477000.0,0.557,1.185,50.355,52.381,253366000.0,0.0,15.033,0.848,0.848,2474092000.0,3484587000.0,4297225000.0,4297225000.0,0.0,0.004,0.023,0.005,0.021,24716000.0,1452339000.0,1.0,242364514.0,242364514.0,,17.73,16087016000.0,401401000.0,-64852000.0,0.0,66.375,
50,WRB,MRT,2008-12-31,2008-12-31,2008-12-31,2021-09-07,-228959000.0,16121158000.0,16480296500.0,,,0.286,12.595,-78947000.0,1134835000.0,1134835000.0,2688661000.0,281403000.0,,4.29,1294503000.0,,,1294503000.0,1966150000.0,83953000.0,0.0,0.007,0.153,410683000.0,494636000.0,0.105,494636000.0,410683000.0,326060000.0,1.12,1.08,1.12,3046319000.0,3215309500.0,3046319000.0,5326025544.0,13.0,10.768,1474013000.0,6.094,1.0,2020147000.0,0.429,107564000.0,84623000.0,16173262000.0,16856128250.0,0.0,11143281000.0,,,13069478000.0,,,4998589544.0,182972000.0,-48895000.0,-538478000.0,-95798000.0,-46978000.0,-663291000.0,-614564000.0,-348441000.0,1552960000.0,-92133000.0,281141000.0,281141000.0,281141000.0,0.0,262000.0,0.06,1609202000.0,410945000.0,114974000.0,0.137,1.641,17.78,18.452,260522000.0,0.0,20.667,1.062,1.062,2435967000.0,3514531000.0,4708808000.0,4708808000.0,0.0,0.017,0.087,0.024,0.087,24139000.0,1475165000.0,1.0,241867236.0,241867236.0,,19.469,16013594000.0,405908000.0,44919000.0,0.0,66.208,
51,WRB,MRT,2008-09-30,2008-09-30,2008-09-30,2021-09-07,-180766000.0,16417710000.0,16655008250.0,,,0.304,12.482,-38818000.0,1003875000.0,1003875000.0,2741386000.0,450852000.0,,4.382,1331311000.0,,,1331311000.0,2132638000.0,72208000.0,0.0,0.009,0.147,684942000.0,757150000.0,0.149,757150000.0,684942000.0,597662000.0,1.667,1.607,1.667,3049441000.0,3351821750.0,3049441000.0,4548402535.0,7.0,6.007,1067173000.0,4.368,1.0,2323348000.0,0.459,106591000.0,87280000.0,16638555000.0,17113809500.0,0.0,11218326000.0,,,13363021000.0,,,3835507535.0,412596000.0,51901000.0,-612798000.0,-92929000.0,-47077000.0,-739409000.0,73810000.0,109300000.0,1105991000.0,-27796000.0,447532000.0,447532000.0,447532000.0,0.0,3320000.0,0.088,1636778000.0,686570000.0,108767000.0,0.088,1.258,8.57,9.418,218608000.0,0.0,15.7,0.757,0.757,2684152000.0,3461294000.0,5064734000.0,5064734000.0,0.0,0.027,0.134,0.04,0.135,23874000.0,1506234000.0,1.0,244299843.0,244299843.0,,20.732,16311119000.0,337362000.0,150130000.0,0.0,66.767,
52,WRB,MRT,2008-06-30,2008-06-30,2008-06-30,2021-09-07,-29220000.0,16547507000.0,16724540500.0,,,0.324,13.067,-36655000.0,614700000.0,614700000.0,2753506000.0,659143000.0,,4.048,1327595000.0,,,1327595000.0,2205410000.0,73389000.0,0.0,0.009,0.14,1001049000.0,1074438000.0,0.198,1074438000.0,1001049000.0,911313000.0,2.427,2.34,2.427,3276738000.0,3468644000.0,3276738000.0,4800252998.0,5.0,4.468,1183865000.0,4.721,1.0,2663630000.0,0.492,106461000.0,89736000.0,17153941000.0,17331958500.0,0.0,11783623000.0,,,13265591000.0,,,4070345998.0,-187293000.0,-20390000.0,-859554000.0,-100898000.0,-36565000.0,-988818000.0,-423288000.0,-359072000.0,1220520000.0,4293000.0,655875000.0,655875000.0,655875000.0,0.0,3268000.0,0.121,1660109000.0,1003521000.0,112918000.0,0.058,1.242,6.206,6.636,219376000.0,0.0,16.107,0.751,0.746,2718036000.0,3498901000.0,5417136000.0,5417136000.0,0.0,0.039,0.189,0.058,0.185,24361000.0,1530184000.0,1.0,252711879.0,250758000.0,,21.603,16441046000.0,261442000.0,255438000.0,0.0,65.565,
53,WRB,MRT,2008-03-31,2008-03-31,2008-03-31,2021-09-07,35321000.0,16834811000.0,16744373000.0,,,0.335,13.163,-31306000.0,718073000.0,718073000.0,2777472000.0,769501000.0,,3.835,1447980000.0,,,1447980000.0,2294415000.0,89996000.0,0.0,0.007,0.133,1176932000.0,1266928000.0,0.226,1266928000.0,1176932000.0,1085892000.0,2.76,2.653,2.76,3488740000.0,3542253750.0,3488740000.0,5385306383.0,5.0,4.251,1274717000.0,4.809,1.0,2827108000.0,0.504,105963000.0,91040000.0,17458755000.0,17387805000.0,0.0,11962106000.0,,,13380901000.0,,,4898862383.0,4584000.0,-11521000.0,-761951000.0,-12483000.0,-46226000.0,-812830000.0,-500867000.0,-191945000.0,1306023000.0,12258000.0,766251000.0,766251000.0,766251000.0,0.0,3250000.0,0.137,1647308000.0,1179800000.0,107236000.0,0.048,1.404,6.393,6.688,201775000.0,0.0,18.46,0.874,0.873,2816072000.0,3428602000.0,5604580000.0,5604580000.0,0.0,0.046,0.216,0.068,0.21,21919000.0,1530539000.0,1.0,265377160.0,265048500.0,,21.145,16728848000.0,184872000.0,319641000.0,0.0,63.116,
54,WRB,MRT,2007-12-31,2007-12-31,2007-12-31,2021-09-07,53201000.0,16820005000.0,16670218750.0,,,0.335,13.08,-31108000.0,951863000.0,951863000.0,2779578000.0,769322000.0,,3.672,1438307000.0,,,1438307000.0,2240690000.0,73697000.0,0.0,0.007,0.133,1178305000.0,1252002000.0,0.224,1252002000.0,1178305000.0,1089309000.0,2.7,2.6,2.7,3592368000.0,3554325750.0,3592368000.0,6376870057.0,5.0,5.093,1418776000.0,5.166,1.0,2808819000.0,0.503,102462000.0,88996000.0,17203987000.0,17356531250.0,0.0,11956717000.0,,,13192141000.0,,,5458213057.0,197616000.0,-47223000.0,-463118000.0,243970000.0,-36284000.0,-244158000.0,-1017639000.0,-940720000.0,1449884000.0,9529000.0,766239000.0,766239000.0,766239000.0,0.0,3083000.0,0.137,1627431000.0,1181388000.0,108178000.0,0.049,1.519,7.123,7.36,204252000.0,0.0,19.873,0.977,0.977,2693062000.0,3271355000.0,5588397000.0,5588397000.0,0.0,0.046,0.216,0.068,0.211,21105000.0,1530987000.0,1.0,274650104.0,274650104.0,,20.347,16717543000.0,174504000.0,323070000.0,0.0,60.869,
55,WRB,MRT,2007-09-30,2007-09-30,2007-09-30,2021-09-07,91481000.0,16695839000.0,16379339750.0,,,0.337,12.519,-30803000.0,591279000.0,591279000.0,2784439000.0,757578000.0,,3.738,1509936000.0,,,1509936000.0,2355935000.0,77041000.0,0.0,0.006,0.127,1164175000.0,1241216000.0,0.225,1241216000.0,1164175000.0,1075580000.0,2.64,2.507,2.64,3516730000.0,3490023500.0,3516730000.0,6367360700.0,5.0,5.13,1554013000.0,5.532,1.0,2729640000.0,0.495,103345000.0,88595000.0,17511151000.0,17084408250.0,0.0,12219541000.0,,,13144725000.0,,,5548803700.0,-67631000.0,-19255000.0,-364112000.0,34365000.0,-34765000.0,-346677000.0,-1326652000.0,-1339129000.0,1584816000.0,20882000.0,757578000.0,757578000.0,757578000.0,0.0,0.0,0.137,1562545000.0,1167095000.0,126187000.0,0.048,1.578,7.324,7.482,200432000.0,0.0,19.753,1.006,1.006,2663074000.0,3073652000.0,5514079000.0,5514079000.0,0.0,0.046,0.217,0.068,0.211,20378000.0,1506030000.0,1.0,280904676.0,280904676.0,,19.63,16592494000.0,141353000.0,318002000.0,0.0,59.068,
56,WRB,MRT,2007-06-30,2007-06-30,2007-06-30,2021-09-07,32944000.0,16626837000.0,16066439500.0,,,0.341,12.25,-29550000.0,801993000.0,801993000.0,2810006000.0,751423000.0,,3.647,1620550000.0,,,1620550000.0,2408198000.0,73755000.0,0.0,0.006,0.12,1152707000.0,1226462000.0,0.224,1226462000.0,1152707000.0,1063526000.0,2.6,2.467,2.6,3571177000.0,3385237750.0,3571177000.0,7186982481.0,6.0,5.86,1621305000.0,5.562,1.0,2664549000.0,0.487,68067000.0,89181000.0,17377327000.0,16775862250.0,0.0,12074158000.0,,,13023736000.0,,,6316635481.0,18591000.0,65208000.0,-71885000.0,36345000.0,-25028000.0,-35195000.0,-1620819000.0,-1647566000.0,1650855000.0,23750000.0,751423000.0,751423000.0,751423000.0,0.0,0.0,0.137,1509608000.0,1154941000.0,119018000.0,0.046,1.769,8.406,8.344,192800000.0,0.0,21.693,1.154,1.155,2520660000.0,2902367000.0,5474555000.0,5474555000.0,0.0,0.047,0.222,0.069,0.211,19339000.0,1491811000.0,1.0,291178648.0,291517500.0,,18.78,16558770000.0,171390000.0,312103000.0,0.0,56.802,
57,WRB,MRT,2007-03-31,2007-03-31,2007-03-31,2021-09-07,112528000.0,16538194000.0,15582709250.0,,,0.35,12.205,-24227000.0,713489000.0,713489000.0,2848447000.0,726242000.0,,3.667,1583836000.0,,,1583836000.0,2424720000.0,68385000.0,0.0,0.005,0.113,1116605000.0,1184990000.0,0.218,1184990000.0,1116605000.0,1026852000.0,2.52,2.393,2.52,3537028000.0,3192649250.0,3537028000.0,6913804126.0,6.0,5.834,1662998000.0,5.738,1.0,2597871000.0,0.477,74881000.0,89753000.0,17333660000.0,16253110000.0,0.0,11992360000.0,,,12970123000.0,,,6386836126.0,76640000.0,47606000.0,-23829000.0,27181000.0,-30727000.0,2618000.0,-1637572000.0,-1837917000.0,1687225000.0,24369000.0,726242000.0,726242000.0,726242000.0,0.0,0.0,0.133,1478743000.0,1119128000.0,159310000.0,0.045,1.806,8.794,8.762,191676000.0,0.0,22.08,1.173,1.175,2698575000.0,2721474000.0,5446318000.0,5446318000.0,0.0,0.047,0.227,0.069,0.205,18656000.0,1474133000.0,1.0,289258882.0,289798500.0,,18.793,16463313000.0,124252000.0,300610000.0,0.0,56.81,
58,WRB,MRT,2006-12-31,2006-12-31,2006-12-31,2021-09-07,111613000.0,15656489000.0,15079194250.0,,,0.358,11.603,-42593000.0,754247000.0,754247000.0,2864498000.0,699518000.0,,3.685,1281215000.0,,,1281215000.0,2314282000.0,65674000.0,106926000.0,0.006,0.133,1078438000.0,1144112000.0,0.212,1144112000.0,1078438000.0,985916000.0,2.433,2.307,2.433,3335159000.0,2985483000.0,3335159000.0,7511324189.0,7.0,6.565,1523577000.0,5.301,1.0,2530333000.0,0.469,67962000.0,92522000.0,16115495000.0,15782127750.0,0.0,11114364000.0,,,12290715000.0,,,6612836189.0,81306000.0,0.0,-25657000.0,-317375000.0,-29430000.0,-342741000.0,-1167576000.0,-1118958000.0,1566170000.0,25453000.0,699518000.0,699518000.0,699518000.0,0.0,0.0,0.13,1449166000.0,1081167000.0,149427000.0,0.055,1.983,9.453,9.456,183249000.0,0.0,23.007,1.226,1.226,2656104000.0,2542744000.0,5394831000.0,5394831000.0,0.0,0.046,0.234,0.068,0.2,17888000.0,1449166000.0,1.0,287431304.0,287431304.0,,18.769,15588527000.0,142634000.0,286398000.0,0.0,54.234,
59,WRB,MRT,2006-09-30,2006-09-30,2006-09-30,2021-09-07,89018000.0,15444238000.0,14639143750.0,,,0.367,10.792,-37746000.0,658910000.0,658910000.0,2898337000.0,668886000.0,,3.977,1557398000.0,,,1557398000.0,2373103000.0,73285000.0,100028000.0,0.005,0.129,1036280000.0,1109565000.0,0.206,1109565000.0,1036280000.0,941294000.0,2.32,2.213,2.32,3097587000.0,2793462500.0,3097587000.0,7432068572.0,7.0,6.698,1452941000.0,5.062,1.0,2479941000.0,0.461,65759000.0,94986000.0,16276967000.0,15446319500.0,0.0,11027703000.0,,,12319269000.0,,,6771907572.0,-320362000.0,-56779000.0,-32820000.0,-105784000.0,-28137000.0,-162128000.0,-1645996000.0,-1362190000.0,1490687000.0,-2925000.0,668886000.0,668886000.0,668886000.0,0.0,0.0,0.124,1441098000.0,1038843000.0,92766000.0,0.056,2.186,10.124,10.17,180614000.0,0.0,23.593,1.259,1.259,2560252000.0,2352358000.0,5378278000.0,5378278000.0,0.0,0.046,0.239,0.067,0.193,15422000.0,1441098000.0,1.0,287026317.0,287026317.0,,18.738,15378479000.0,145357000.0,272408000.0,0.0,53.579,
60,WRB,MRT,2006-06-30,2006-06-30,2006-06-30,2021-09-07,-33027000.0,14691916000.0,14195965000.0,,,0.372,9.707,-45429000.0,783402000.0,783402000.0,2908638000.0,617096000.0,,4.237,1443563000.0,,,1443563000.0,2374069000.0,65921000.0,90239000.0,0.005,0.124,958924000.0,1024845000.0,0.194,1024845000.0,958924000.0,863599000.0,2.14,2.04,2.14,2800823000.0,2625270250.0,2800823000.0,7556560342.0,8.0,7.373,1499466000.0,5.197,1.0,2373309000.0,0.449,65759000.0,95325000.0,15286318000.0,14935160500.0,0.0,10144436000.0,,,11865905000.0,,,6565204342.0,75447000.0,-78514000.0,-30519000.0,133498000.0,-28137000.0,80514000.0,-1541027000.0,-1334742000.0,1544895000.0,-8935000.0,617096000.0,617096000.0,617096000.0,0.0,0.0,0.117,1411749000.0,961560000.0,96686000.0,0.058,2.344,10.639,10.632,183463000.0,0.0,22.753,1.243,1.243,2576489000.0,2185711000.0,5281947000.0,5281947000.0,0.0,0.043,0.235,0.064,0.182,13227000.0,1411749000.0,1.0,288538134.0,288538134.0,,18.306,14626157000.0,193309000.0,246503000.0,0.0,50.691,
61,WRB,MRT,2006-03-31,2006-03-31,2006-03-31,2021-09-07,-2921000.0,14524134000.0,13733420000.0,,,0.375,9.417,-49939000.0,636849000.0,636849000.0,2841854000.0,585723000.0,,4.355,1628205000.0,,,1628205000.0,2337619000.0,66073000.0,90533000.0,0.005,0.12,911708000.0,977781000.0,0.19,977781000.0,911708000.0,820438000.0,2.033,1.94,2.033,2708363000.0,2515381000.0,2708363000.0,8376220534.0,9.0,8.567,1496979000.0,5.205,1.0,2302531000.0,0.448,65759000.0,91270000.0,15449731000.0,14474460750.0,0.0,10282287000.0,,,11793756000.0,,,7432283534.0,-70768000.0,-145433000.0,13829000.0,300772000.0,-25427000.0,287399000.0,-1888641000.0,-1580527000.0,1546918000.0,-16444000.0,585723000.0,585723000.0,585723000.0,0.0,0.0,0.114,1387423000.0,915108000.0,118386000.0,0.059,2.744,12.689,12.693,186297000.0,0.0,25.804,1.445,1.443,2451637000.0,2027966000.0,5144385000.0,5144385000.0,0.0,0.043,0.233,0.063,0.177,10745000.0,1387423000.0,1.0,288023389.0,287611500.0,,17.887,14458375000.0,167224000.0,234715000.0,0.0,50.271,
62,WRB,MRT,2005-12-31,2005-12-31,2005-12-31,2021-09-07,24903000.0,13896287000.0,13142251500.0,,,0.38,8.953,-32564000.0,672941000.0,672941000.0,2781802000.0,544892000.0,,4.405,1616878000.0,,,1616878000.0,2189001000.0,63052000.0,83893000.0,0.005,0.11,853339000.0,916391000.0,0.183,916391000.0,853339000.0,767413000.0,1.907,1.813,1.907,2567077000.0,2380137000.0,2567077000.0,6694976080.0,8.0,7.306,1701795000.0,5.935,1.0,2215037000.0,0.443,67962000.0,85926000.0,14772262000.0,13753651750.0,0.0,9810225000.0,,,11307896000.0,,,6068409080.0,-259138000.0,-73129000.0,10614000.0,406672000.0,-19055000.0,389863000.0,-2365214000.0,-2254402000.0,1734359000.0,-18146000.0,544892000.0,544892000.0,544892000.0,0.0,0.0,0.109,1358574000.0,856463000.0,87652000.0,0.058,2.364,11.137,11.098,169472000.0,0.0,21.164,1.214,1.214,2337593000.0,1873953000.0,4996839000.0,4996839000.0,0.0,0.041,0.229,0.062,0.171,8852000.0,1358574000.0,1.0,286726594.0,286726594.0,,17.427,13828325000.0,132059000.0,222521000.0,0.0,48.228,
63,WRB,MRT,2005-09-30,2005-09-30,2005-09-30,2021-09-07,48051000.0,13671523000.0,12530938000.0,,,0.386,8.473,-40327000.0,979272000.0,979272000.0,2716407000.0,493589000.0,,4.629,1605839000.0,,,1605839000.0,2255317000.0,59941000.0,75917000.0,0.006,0.108,779516000.0,839457000.0,0.174,839457000.0,779516000.0,700351000.0,1.729,1.653,1.729,2424818000.0,2265793250.0,2424818000.0,5681526557.0,7.0,6.768,1795857000.0,6.275,1.0,2119782000.0,0.438,65759000.0,79165000.0,14232331000.0,12947373750.0,0.0,9246856000.0,,,11225682000.0,,,5013984557.0,-69854000.0,-87506000.0,11914000.0,422603000.0,-18584000.0,429130000.0,-2347266000.0,-2339016000.0,1836184000.0,12098000.0,493589000.0,493589000.0,493589000.0,0.0,0.0,0.102,1336710000.0,783072000.0,268801000.0,0.062,2.068,10.158,10.148,172023000.0,0.0,17.547,1.037,1.038,2379279000.0,1712903000.0,4836189000.0,4836189000.0,0.0,0.039,0.218,0.06,0.161,8315000.0,1336710000.0,1.0,285751400.0,286191000.0,,16.898,13605764000.0,140436000.0,206762000.0,0.0,47.541,
64,WRB,MRT,2005-06-30,2005-06-30,2005-06-30,2021-09-07,109502000.0,12841736000.0,11877968500.0,,,0.396,8.278,-40377000.0,707955000.0,707955000.0,2648699000.0,468143000.0,,4.427,1375497000.0,,,1375497000.0,2272354000.0,56551000.0,73112000.0,0.007,0.107,743250000.0,799801000.0,0.17,799801000.0,743250000.0,671010000.0,1.644,1.571,1.644,2361266000.0,2153606250.0,2361266000.0,4989632016.0,7.0,6.239,1646263000.0,5.771,1.0,2054849000.0,0.437,65759000.0,72240000.0,13443519000.0,12174088500.0,0.0,8757421000.0,,,10453869000.0,,,4523576016.0,-512208000.0,-100371000.0,8753000.0,329263000.0,-30349000.0,321027000.0,-2531973000.0,-2478798000.0,1686640000.0,12098000.0,468143000.0,468143000.0,468143000.0,0.0,0.0,0.1,1307140000.0,747709000.0,222493000.0,0.065,1.916,9.663,9.646,165802000.0,0.0,15.858,0.962,0.962,2346975000.0,1596753000.0,4703548000.0,4703548000.0,0.0,0.039,0.217,0.061,0.158,7989000.0,1307140000.0,1.0,285259138.0,285259138.0,,16.489,12775977000.0,97977000.0,202867000.0,0.0,44.787,
65,WRB,MRT,2005-03-31,2005-03-31,2005-03-31,2021-09-07,49724000.0,12159460000.0,11247895750.0,,,0.408,7.611,-39866000.0,707617000.0,707617000.0,2599951000.0,443548000.0,,4.589,1173673000.0,,,1173673000.0,2240998000.0,55917000.0,71383000.0,0.007,0.105,707263000.0,763180000.0,0.166,763180000.0,707263000.0,638486000.0,1.564,1.493,1.564,2167387000.0,2016725000.0,2167387000.0,4335072600.0,6.0,5.68,1719533000.0,6.039,1.0,1993567000.0,0.434,59021000.0,68777000.0,12566495000.0,11330292750.0,0.0,8149132000.0,,,9945203000.0,,,4179934600.0,-367235000.0,-78538000.0,10505000.0,170464000.0,-17661000.0,165937000.0,-2304669000.0,-2278011000.0,1759399000.0,12098000.0,443548000.0,443548000.0,443548000.0,0.0,0.0,0.097,1283016000.0,710551000.0,245475000.0,0.067,1.929,9.424,9.397,163989000.0,0.0,14.696,0.91,0.911,2294471000.0,1469023000.0,4593518000.0,4593518000.0,0.0,0.039,0.22,0.062,0.154,6747000.0,1283016000.0,1.0,284420953.0,284755500.0,,16.131,12100439000.0,127255000.0,194938000.0,0.0,42.494,
66,WRB,MRT,2004-12-31,2004-12-31,2004-12-31,2021-09-07,112055000.0,11451033000.0,10726108000.0,,,0.421,7.429,-41556000.0,932079000.0,932079000.0,2559310000.0,438105000.0,,4.406,1087217000.0,,,1087217000.0,2064519000.0,54829000.0,65982000.0,0.007,0.104,700763000.0,755592000.0,0.167,755592000.0,700763000.0,634340000.0,1.547,1.473,1.547,2109702000.0,1927751750.0,2109702000.0,4107639565.0,6.0,5.436,1572726000.0,5.538,1.0,1952925000.0,0.433,59021000.0,66423000.0,11547150000.0,10701172750.0,0.0,7303889000.0,,,9295180000.0,,,3969073565.0,-499387000.0,-96702000.0,10792000.0,149129000.0,-23527000.0,159426000.0,-2285193000.0,-2153203000.0,1614282000.0,12098000.0,438105000.0,438105000.0,438105000.0,0.0,0.0,0.097,1247989000.0,704936000.0,119901000.0,0.067,1.881,9.06,9.034,162941000.0,0.0,13.976,0.88,0.88,2261503000.0,1354489000.0,4512235000.0,4512235000.0,0.0,0.041,0.227,0.065,0.155,5342000.0,1247989000.0,1.0,283986078.0,283986078.0,,15.889,11392012000.0,90810000.0,196235000.0,0.0,40.115,
67,WRB,MRT,2004-09-30,2004-09-30,2004-09-30,2021-09-07,97251000.0,11059645000.0,10197021000.0,,,0.424,6.964,-39172000.0,1049126000.0,1049126000.0,2460550000.0,415192000.0,,4.577,1187692000.0,,,1187692000.0,2038886000.0,41779000.0,62199000.0,0.008,0.104,664467000.0,706246000.0,0.163,706246000.0,664467000.0,600695000.0,1.471,1.404,1.471,1976070000.0,1820966750.0,1976070000.0,3350418212.0,5.0,4.744,1523917000.0,5.37,1.0,1863801000.0,0.431,59021000.0,63772000.0,11139190000.0,10018345750.0,0.0,6827987000.0,,,9043991000.0,,,3544506212.0,-147089000.0,-99801000.0,14184000.0,135581000.0,-23475000.0,137925000.0,-1848103000.0,-1739980000.0,1563089000.0,0.0,415192000.0,415192000.0,415192000.0,0.0,0.0,0.096,1197246000.0,666555000.0,122667000.0,0.071,1.794,8.537,8.492,156876000.0,0.0,12.492,0.82,0.82,2248214000.0,1244265000.0,4324351000.0,4324351000.0,0.0,0.041,0.228,0.066,0.154,5716000.0,1197246000.0,1.0,283745457.0,283765500.0,,15.239,11000624000.0,84076000.0,185503000.0,0.0,38.767,
68,WRB,MRT,2004-06-30,2004-06-30,2004-06-30,2021-09-07,29189000.0,10321445000.0,9650943750.0,,,0.425,6.409,-30386000.0,1220163000.0,1220163000.0,2319217000.0,394589000.0,,4.67,1026075000.0,,,1026075000.0,2014969000.0,37083000.0,59017000.0,0.008,0.104,631081000.0,668164000.0,0.163,668164000.0,631081000.0,570191000.0,1.401,1.338,1.401,1813741000.0,1721560750.0,1813741000.0,3637900330.0,6.0,5.445,1492191000.0,5.273,1.0,1781980000.0,0.435,59021000.0,60890000.0,10068336000.0,9371644750.0,0.0,5958045000.0,,,8470936000.0,,,3601173330.0,120931000.0,-65297000.0,15858000.0,148709000.0,-23073000.0,168423000.0,-1570069000.0,-1448501000.0,1522577000.0,0.0,394589000.0,394589000.0,394589000.0,0.0,0.0,0.096,1149135000.0,632845000.0,130624000.0,0.074,1.985,9.126,9.083,149394000.0,0.0,12.726,0.878,0.878,2227346000.0,1153082000.0,4101197000.0,4101197000.0,0.0,0.041,0.229,0.067,0.154,3995000.0,1149135000.0,1.0,282979278.0,282979278.0,,14.493,10262424000.0,111540000.0,175602000.0,0.0,36.266,
69,WRB,MRT,2004-03-31,2004-03-31,2004-03-31,2021-09-07,134983000.0,10072309000.0,9146646750.0,,,0.428,6.415,-31631000.0,1074852000.0,1074852000.0,2206796000.0,380945000.0,,4.54,1111579000.0,,,1111579000.0,2010024000.0,27552000.0,55517000.0,0.009,0.103,611020000.0,638572000.0,0.163,638572000.0,611020000.0,552611000.0,1.356,1.295,1.356,1811494000.0,1649437000.0,1811494000.0,2879636040.0,5.0,4.509,1391230000.0,4.926,1.0,1710604000.0,0.437,59021000.0,58409000.0,10050015000.0,8833726750.0,0.0,5929095000.0,,,8223321000.0,,,3339458040.0,351968000.0,-56882000.0,15656000.0,148830000.0,-23074000.0,187262000.0,-1258155000.0,-1122117000.0,1422861000.0,0.0,380945000.0,380945000.0,380945000.0,0.0,0.0,0.097,1096819000.0,613785000.0,129052000.0,0.076,1.843,8.766,8.714,147119000.0,0.0,11.816,0.852,0.852,2244097000.0,1049473000.0,3917400000.0,3917400000.0,0.0,0.042,0.231,0.069,0.156,3015000.0,1096819000.0,1.0,282614616.0,282399750.0,,13.872,10013288000.0,41081000.0,171666000.0,0.0,35.458,
70,WRB,MRT,2003-12-31,2003-12-31,2003-12-31,2021-09-07,119977000.0,9334685000.0,8596708250.0,,,0.422,5.972,-28315000.0,1431466000.0,1431466000.0,2050177000.0,337220000.0,,4.525,971644000.0,,,971644000.0,1857895000.0,20324000.0,53405000.0,0.01,0.101,542579000.0,562903000.0,0.155,562903000.0,542579000.0,487846000.0,1.204,1.147,1.204,1682562000.0,1545890500.0,1682562000.0,2653493521.0,5.0,4.714,1371653000.0,4.869,1.0,1579931000.0,0.435,59021000.0,54733000.0,8815842000.0,8287271500.0,0.0,5068670000.0,,,7613975000.0,,,2917422521.0,837283000.0,-69138000.0,13401000.0,305081000.0,-27681000.0,327670000.0,-890355000.0,-792806000.0,1399968000.0,0.0,337220000.0,337220000.0,337220000.0,0.0,0.0,0.093,1035894000.0,544037000.0,123226000.0,0.084,1.734,8.651,8.601,143792000.0,0.0,10.356,0.804,0.804,2051463000.0,939911000.0,3630108000.0,3630108000.0,0.0,0.039,0.218,0.065,0.149,2328000.0,1035894000.0,1.0,281725351.0,281725351.0,,12.885,9275664000.0,35813000.0,150626000.0,0.0,32.924,
71,WRB,MRT,2003-09-30,2003-09-30,2003-09-30,2021-09-07,111316000.0,8875336000.0,8020867750.0,,,0.429,5.622,-24084000.0,1196215000.0,1196215000.0,1939336000.0,316743000.0,,4.599,932286000.0,,,932286000.0,1848818000.0,17945000.0,50548000.0,0.01,0.098,508197000.0,526142000.0,0.153,526142000.0,508197000.0,457587000.0,1.147,1.099,1.147,1578446000.0,1459049750.0,1578446000.0,2519841726.0,5.0,4.789,1191904000.0,4.246,1.0,1503608000.0,0.437,59021000.0,50610000.0,8552386000.0,7827178500.0,0.0,4751077000.0,,,7259446000.0,,,2848413726.0,809895000.0,-46449000.0,180547000.0,301857000.0,-26726000.0,478742000.0,-884835000.0,-788843000.0,1215988000.0,0.0,316743000.0,316743000.0,316743000.0,0.0,0.0,0.092,986991000.0,516617000.0,178559000.0,0.085,1.805,8.993,8.85,141198000.0,0.0,10.151,0.827,0.828,2182376000.0,852548000.0,3442944000.0,3442944000.0,0.0,0.039,0.217,0.065,0.148,0.0,986991000.0,1.0,280601177.0,280742625.0,,12.264,8816315000.0,34933000.0,140844000.0,0.0,31.404,
72,WRB,MRT,2003-06-30,2003-06-30,2003-06-30,2021-09-07,131725000.0,8304257000.0,7424212250.0,,,0.427,5.444,-49072000.0,1099232000.0,1099232000.0,1774898000.0,280818000.0,,4.43,770660000.0,,,770660000.0,1725064000.0,21455000.0,48847000.0,0.009,0.095,458766000.0,480221000.0,0.152,480221000.0,458766000.0,410388000.0,1.034,0.996,1.034,1525246000.0,1342145500.0,1525246000.0,2966053512.0,6.0,6.176,1046807000.0,3.736,1.0,1391735000.0,0.439,59021000.0,48378000.0,7916664000.0,7340204750.0,0.0,4354611000.0,,,6757521000.0,,,2915393512.0,732221000.0,-38847000.0,178013000.0,141162000.0,-19773000.0,278446000.0,-642104000.0,-652445000.0,1095879000.0,0.0,280818000.0,280818000.0,280818000.0,0.0,0.0,0.089,925892000.0,465843000.0,258106000.0,0.092,1.911,10.382,10.068,140027000.0,0.0,10.41,0.921,0.921,2162010000.0,781904000.0,3166633000.0,3166633000.0,0.0,0.038,0.209,0.063,0.145,0.0,925892000.0,1.0,280060335.0,280173938.0,,11.302,8245236000.0,10003000.0,129570000.0,0.0,29.429,
73,WRB,MRT,2003-03-31,2003-03-31,2003-03-31,2021-09-07,97339000.0,7872555000.0,6867493500.0,,,0.409,4.996,-31766000.0,722884000.0,722884000.0,1597256000.0,212352000.0,,4.478,773544000.0,,,773544000.0,1648268000.0,20591000.0,47347000.0,0.011,0.092,359690000.0,380281000.0,0.135,380281000.0,359690000.0,313255000.0,0.802,0.772,0.802,1397308000.0,1213989250.0,1397308000.0,2371797134.0,7.0,6.237,1124205000.0,4.019,1.0,1212355000.0,0.432,59021000.0,46435000.0,7864194000.0,6914126500.0,0.0,4321976000.0,,,6257613000.0,,,2368629134.0,260124000.0,-39174000.0,177439000.0,142066000.0,-24046000.0,281146000.0,-1176993000.0,-1177476000.0,1155971000.0,0.0,212352000.0,212352000.0,212352000.0,0.0,0.0,0.076,852615000.0,359740000.0,308935000.0,0.115,1.695,11.154,10.554,136085000.0,0.0,8.464,0.843,0.843,2163595000.0,691602000.0,2809611000.0,2809611000.0,0.0,0.031,0.175,0.052,0.128,0.0,852615000.0,1.0,279840957.0,279699750.0,,10.045,7813534000.0,17281000.0,100903000.0,0.0,27.935,
74,WRB,MRT,2002-12-31,2002-12-31,2002-12-31,2021-09-07,104603000.0,7031323000.0,6376237500.0,,,0.402,5.252,-36570000.0,594183000.0,594183000.0,1463971000.0,175045000.0,,4.252,597351000.0,,,597351000.0,1390246000.0,17944000.0,42707000.0,0.009,0.07,304659000.0,322603000.0,0.126,322603000.0,304659000.0,259184000.0,0.679,0.655,0.679,1335199000.0,1101650500.0,1335199000.0,2164055969.0,7.0,6.708,925024000.0,3.638,1.0,1102113000.0,0.429,59021000.0,45475000.0,6975470000.0,6434736000.0,0.0,3927723000.0,,,5677475000.0,,,1989257969.0,60096000.0,2250000.0,179875000.0,-6750000.0,-17872000.0,128892000.0,-1030390000.0,-1020739000.0,961594000.0,0.0,175045000.0,175045000.0,175045000.0,0.0,0.0,0.068,797205000.0,304908000.0,184912000.0,0.103,1.49,11.364,11.523,135488000.0,0.0,7.824,0.775,0.775,1898340000.0,623651000.0,2566084000.0,2566084000.0,0.0,0.027,0.159,0.047,0.119,0.0,797205000.0,1.0,254244344.0,254244344.0,,10.093,6972302000.0,20585000.0,84139000.0,0.0,27.424,
75,WRB,MRT,2002-09-30,2002-09-30,2002-09-30,2021-09-07,120421000.0,6488714000.0,6026784000.0,,,0.375,4.371,-40073000.0,386320000.0,386320000.0,1436781000.0,38150000.0,,4.648,561118000.0,,,561118000.0,1286910000.0,17699000.0,0.0,0.01,0.069,99648000.0,117347000.0,0.052,117347000.0,99648000.0,54303000.0,0.12,0.102,0.12,1110829000.0,1000749500.0,1110829000.0,1900480532.0,19.0,16.195,709497000.0,2.792,1.0,822686000.0,0.364,59021000.0,45345000.0,6604491000.0,6107407250.0,0.0,3778670000.0,,,5163574000.0,,,1706490532.0,-57019000.0,-1865000.0,219047000.0,-8000000.0,-16823000.0,182350000.0,-988939000.0,-970836000.0,749570000.0,0.0,38150000.0,38150000.0,38150000.0,0.0,0.0,0.017,734674000.0,88012000.0,242556000.0,0.575,1.536,44.731,55.967,133770000.0,0.0,6.716,0.755,0.755,1743408000.0,556300000.0,2259467000.0,2259467000.0,0.0,0.006,0.038,0.016,0.044,0.0,731478000.0,1.0,254091421.0,254117250.0,,8.891,6429693000.0,17052000.0,16153000.0,0.0,25.302,
76,WRB,MRT,2002-06-30,2002-06-30,2002-06-30,2021-09-07,58741000.0,6077382000.0,5774933500.0,,,0.367,3.991,-14229000.0,367010000.0,367010000.0,1459495000.0,-49640000.0,,4.788,561000000.0,,,561000000.0,1155825000.0,17061000.0,0.0,0.009,0.068,-34752000.0,-17691000.0,-0.008,-17691000.0,-34752000.0,-80074000.0,-0.254,-0.266,-0.254,1012621000.0,925426000.0,1012621000.0,1935750650.0,-56.0,-109.42,515052000.0,2.03,1.0,659973000.0,0.311,59021000.0,45322000.0,6212351000.0,5841311750.0,0.0,3438803000.0,,,4848211000.0,,,1837628650.0,-20447000.0,867000.0,220058000.0,-8000000.0,-16182000.0,206974000.0,-756702000.0,-739290000.0,529281000.0,0.0,-49640000.0,-49640000.0,-49640000.0,0.0,0.0,-0.023,705356000.0,-45383000.0,145713000.0,-0.268,1.815,-37.019,-28.515,124511000.0,0.0,7.243,0.867,0.867,1674378000.0,520275000.0,2119468000.0,2119468000.0,0.0,-0.009,-0.054,-0.006,-0.016,0.0,702160000.0,1.0,253718047.0,253757812.0,,8.352,6018361000.0,52799000.0,-30434000.0,0.0,23.717,
77,WRB,MRT,2002-03-31,2002-03-31,2002-03-31,2021-09-07,19777000.0,5907531000.0,5554891750.0,,,0.367,3.751,-26459000.0,462760000.0,462760000.0,1419633000.0,-67416000.0,,4.995,560882000.0,,,560882000.0,1076667000.0,16423000.0,0.0,0.009,0.068,-64935000.0,-48512000.0,-0.024,-48512000.0,-64935000.0,-110339000.0,-0.319,-0.327,-0.319,947953000.0,879160750.0,947953000.0,1950405330.0,-30.0,-40.205,178809000.0,0.708,1.0,620897000.0,0.304,59021000.0,45404000.0,5946632000.0,5615760000.0,0.0,2904959000.0,,,4735425000.0,,,1915728330.0,69719000.0,3215000.0,217085000.0,-8000000.0,-15674000.0,188862000.0,-324411000.0,-347517000.0,205268000.0,0.0,-67416000.0,-67416000.0,-67416000.0,0.0,0.0,-0.033,689792000.0,-68895000.0,151857000.0,-0.213,2.021,-28.417,-23.728,124066000.0,0.0,7.569,0.939,0.937,1915427000.0,497249000.0,2040530000.0,2040530000.0,0.0,-0.012,-0.077,-0.012,-0.032,0.0,686596000.0,1.0,253089109.0,252689625.0,,8.075,5848510000.0,94014000.0,-42923000.0,0.0,23.145,
78,WRB,MRT,2001-12-31,2001-12-31,2001-12-31,2021-09-07,37340000.0,5633509000.0,5382225500.0,,,0.361,3.723,-22076000.0,534087000.0,534087000.0,1380500000.0,-91546000.0,,4.808,625754000.0,,,625754000.0,879640000.0,17493000.0,0.0,0.01,0.068,-102488000.0,-84995000.0,-0.044,-84995000.0,-102488000.0,-148207000.0,-0.412,-0.412,-0.412,931595000.0,850467000.0,931595000.0,1895049280.0,-18.0,-22.296,131193000.0,0.524,1.0,561297000.0,0.289,59021000.0,45719000.0,5666155000.0,5459593000.0,0.0,2778782000.0,,,4479408000.0,,,1769733280.0,224956000.0,3215000.0,339890000.0,-10000000.0,-14707000.0,307978000.0,-236291000.0,-228733000.0,153269000.0,0.0,-91546000.0,-91546000.0,-91546000.0,0.0,0.0,-0.047,666972000.0,-105675000.0,139322000.0,-0.165,1.9,-19.332,-17.164,118344000.0,0.0,7.072,0.911,0.911,1709586000.0,467185000.0,1941797000.0,1941797000.0,0.0,-0.017,-0.108,-0.019,-0.053,0.0,663776000.0,1.0,250259071.0,250259071.0,,7.759,5574488000.0,99921000.0,-56661000.0,0.0,22.275,
79,WRB,MRT,2001-09-30,2001-09-30,2001-09-30,2021-09-07,57390000.0,5481312000.0,5229365750.0,,,0.367,3.67,-12872000.0,443339000.0,443339000.0,1250413000.0,-9218000.0,,5.491,568655000.0,,,568655000.0,846288000.0,19580000.0,0.0,0.011,0.068,21833000.0,41413000.0,0.022,41413000.0,21833000.0,-24241000.0,-0.028,-0.033,-0.028,809535000.0,787792250.0,809535000.0,1576149400.0,72.0,38.059,96794000.0,0.439,1.0,669882000.0,0.349,66519000.0,46074000.0,5540109000.0,5347996750.0,0.0,2782109000.0,,,4445332000.0,,,1395062400.0,156075000.0,2682000.0,137204000.0,-10000000.0,-14168000.0,113790000.0,-67381000.0,-91919000.0,109666000.0,0.0,-9218000.0,-9218000.0,-9218000.0,0.0,0.0,-0.005,644979000.0,24903000.0,194739000.0,-2.429,1.723,-151.341,-225.75,118497000.0,0.0,6.321,0.726,0.726,1718548000.0,535651000.0,1920295000.0,1920295000.0,0.0,-0.002,-0.012,0.004,0.011,0.0,644979000.0,1.0,220703231.0,220593375.0,,8.705,5414793000.0,34705000.0,-15023000.0,0.0,24.546,
80,WRB,MRT,2001-06-30,2001-06-30,2001-06-30,2021-09-07,25906000.0,5197215000.0,5080263750.0,,,0.367,3.759,-13053000.0,387458000.0,387458000.0,1135280000.0,45120000.0,,5.006,568545000.0,,,568545000.0,802564000.0,20765000.0,0.0,0.012,0.068,102519000.0,123284000.0,0.066,123284000.0,102519000.0,56345000.0,0.223,0.216,0.223,827560000.0,740604250.0,827560000.0,1375744695.0,13.0,11.159,13703000.0,0.062,1.0,730900000.0,0.392,68158000.0,46174000.0,5310144000.0,5238758750.0,0.0,2672556000.0,,,4142526000.0,,,1200349695.0,96989000.0,2003000.0,128527000.0,0.0,-13730000.0,117142000.0,-46909000.0,-33601000.0,26756000.0,0.0,45120000.0,45120000.0,45120000.0,0.0,0.0,0.024,624944000.0,105956000.0,167820000.0,0.305,1.45,26.603,24.46,119553000.0,0.0,5.454,0.643,0.643,1602730000.0,586675000.0,1866180000.0,1866180000.0,0.0,0.009,0.061,0.02,0.055,0.0,624944000.0,1.0,220066526.0,220142812.0,,8.477,5129057000.0,46772000.0,11225000.0,0.0,23.299,
81,WRB,MRT,2001-03-31,2001-03-31,2001-03-31,2021-09-07,38485000.0,5216866000.0,4972917750.0,,,0.363,4.071,-10252000.0,393041000.0,393041000.0,1104120000.0,42158000.0,,4.985,568436000.0,,,568436000.0,773388000.0,21117000.0,0.0,0.011,0.068,96298000.0,117415000.0,0.065,117415000.0,96298000.0,49745000.0,0.213,0.209,0.213,833178000.0,684868500.0,833178000.0,1569686584.0,16.0,13.369,-24363000.0,-0.119,1.0,702996000.0,0.389,70297000.0,46553000.0,5321964000.0,5154172500.0,0.0,2725582000.0,,,4153185000.0,,,1300490584.0,8287000.0,2187000.0,128967000.0,-45000000.0,-13295000.0,68781000.0,-46383000.0,-8103000.0,-14111000.0,0.0,42158000.0,42158000.0,42158000.0,0.0,0.0,0.023,603845000.0,99151000.0,150666000.0,0.319,1.561,30.848,27.858,119899000.0,0.0,5.934,0.72,0.672,1596400000.0,580847000.0,1807116000.0,1807116000.0,0.0,0.008,0.062,0.019,0.053,0.0,603845000.0,1.0,219165565.0,204643969.0,,8.831,5146569000.0,37200000.0,7587000.0,0.0,25.149,
82,WRB,MRT,2000-12-31,2000-12-31,2000-12-31,2021-09-07,19371000.0,5022070000.0,4883063750.0,,,0.365,3.516,-7529000.0,309131000.0,309131000.0,1094411000.0,36238000.0,,6.038,578327000.0,,,578327000.0,713239000.0,21700000.0,0.0,0.014,0.086,86285000.0,107985000.0,0.061,107985000.0,86285000.0,38689000.0,0.186,0.184,0.186,680896000.0,626161000.0,680896000.0,1494346970.0,17.0,13.838,-20804000.0,-0.107,1.0,686876000.0,0.386,71496000.0,47596000.0,5219770000.0,5076259000.0,0.0,2702985000.0,,,4111128000.0,,,1203384970.0,-6343000.0,2187000.0,2304000.0,-50000000.0,-12701000.0,-60786000.0,67718000.0,71884000.0,-13275000.0,0.0,36238000.0,36238000.0,36238000.0,0.0,0.0,0.02,598429000.0,88447000.0,132521000.0,0.462,1.767,33.208,33.41,118282000.0,0.0,6.214,0.676,0.676,1498523000.0,574345000.0,1781287000.0,1781287000.0,0.0,0.007,0.058,0.017,0.048,0.0,596579000.0,1.0,193647057.0,193647057.0,,9.199,4950574000.0,47567000.0,2451000.0,0.0,25.565,
83,WRB,MRT,2000-09-30,2000-09-30,2000-09-30,2021-09-07,-18250000.0,4884904000.0,4823744000.0,,,0.357,3.209,-15641000.0,287264000.0,287264000.0,1124506000.0,-19136000.0,,6.869,578226000.0,,,578226000.0,721724000.0,21848000.0,0.0,0.019,0.086,-5613000.0,16235000.0,0.009,16235000.0,-5613000.0,-54300000.0,-0.115,-0.116,-0.115,620783000.0,603881500.0,620783000.0,1164028727.0,-207.0,71.699,1829000.0,0.009,1.0,598590000.0,0.347,72709000.0,48687000.0,5103157000.0,5026494500.0,0.0,2703020000.0,,,4264121000.0,,,886372727.0,37076000.0,999000.0,-6237000.0,-49603000.0,-13319000.0,-70779000.0,90385000.0,113713000.0,17470000.0,0.0,-22217000.0,-22714000.0,-22714000.0,0.0,3081000.0,-0.013,602890000.0,-4300000.0,137119000.0,-0.748,1.428,-39.023,-39.575,123537000.0,497000.0,4.551,0.514,0.511,1360020000.0,559513000.0,1723096000.0,1723096000.0,0.0,-0.005,-0.038,-0.001,-0.003,0.0,601040000.0,1.0,194759632.0,193458375.0,,8.907,4812195000.0,80535000.0,-32083000.0,0.0,24.875,
84,WRB,MRT,2000-06-30,2000-06-30,2000-06-30,2021-09-07,-36128000.0,4767831000.0,4807045500.0,,,0.355,3.108,-11022000.0,290469000.0,290469000.0,1120981000.0,-26849000.0,,6.886,568125000.0,,,568125000.0,718052000.0,22322000.0,0.0,0.035,0.086,-20026000.0,2296000.0,0.001,2296000.0,-20026000.0,-69289000.0,-0.154,-0.154,-0.154,604617000.0,613110500.0,604617000.0,708581838.0,-35.0,308.616,30588000.0,0.157,1.0,583981000.0,0.343,73688000.0,49263000.0,4971799000.0,5030273750.0,0.0,2606908000.0,,,4163214000.0,,,480310838.0,38448000.0,999000.0,-3121000.0,-108774000.0,-13365000.0,-128412000.0,125250000.0,126578000.0,41610000.0,0.0,-29930000.0,-30427000.0,-30427000.0,0.0,3081000.0,-0.018,603853000.0,-19872000.0,136063000.0,-0.558,0.794,-15.786,-16.033,124969000.0,497000.0,2.469,0.282,0.282,1327269000.0,555724000.0,1704962000.0,1704962000.0,0.0,-0.006,-0.05,-0.004,-0.012,0.0,602003000.0,1.0,194525889.0,194559469.0,,8.763,4694143000.0,83585000.0,-39359000.0,0.0,24.127,
85,WRB,MRT,2000-03-31,2000-03-31,2000-03-31,2021-09-07,-38947000.0,4857450000.0,4814738500.0,,,0.351,3.076,-11213000.0,384754000.0,384754000.0,1104746000.0,-27861000.0,,7.118,613025000.0,,,613025000.0,714080000.0,23412000.0,0.0,0.028,0.086,-23698000.0,-286000.0,0.0,-286000.0,-23698000.0,-74187000.0,-0.159,-0.159,-0.159,598348000.0,632000000.0,598348000.0,903162289.0,-38.0,-3157.91,26138000.0,0.134,1.0,584533000.0,0.346,75411000.0,50489000.0,5010310000.0,5073771750.0,0.0,2585634000.0,,,4259102000.0,,,590718289.0,150416000.0,-1533000.0,-8159000.0,-63774000.0,-13446000.0,-87189000.0,200254000.0,164226000.0,37351000.0,0.0,-30942000.0,-31439000.0,-31439000.0,0.0,3081000.0,-0.019,607766000.0,-23233000.0,149340000.0,-0.541,0.987,-18.789,-19.099,127823000.0,497000.0,3.037,0.35,0.35,1340238000.0,552418000.0,1689279000.0,1689279000.0,0.0,-0.007,-0.05,-0.005,-0.014,0.0,605916000.0,1.0,194525889.0,194529094.0,,8.684,4782039000.0,80903000.0,-43245000.0,0.0,24.583,
86,WRB,MRT,1999-12-31,1999-12-31,1999-12-31,2021-09-07,-44500000.0,4784791000.0,4811488000.0,,,0.348,3.042,-8127000.0,315474000.0,315474000.0,1085826000.0,-33482000.0,,6.699,627918000.0,,,627918000.0,689826000.0,23598000.0,0.0,0.031,0.086,-31528000.0,-7930000.0,-0.005,-7930000.0,-31528000.0,-82329000.0,-0.19,-0.19,-0.19,591778000.0,663240000.0,591778000.0,912495753.0,-29.0,-115.069,40942000.0,0.21,1.0,587842000.0,0.351,76523000.0,50801000.0,5020712000.0,5123365750.0,0.0,2577878000.0,,,3964612000.0,,,534864753.0,-70804000.0,-1533000.0,-21336000.0,-29274000.0,-13888000.0,-159314000.0,39441000.0,49536000.0,49069000.0,0.0,-36563000.0,-37060000.0,-37060000.0,0.0,3081000.0,-0.022,616289000.0,-28447000.0,144712000.0,-0.453,0.904,-14.432,-14.472,128735000.0,497000.0,2.75,0.32,0.32,1350792000.0,551401000.0,1673668000.0,1673668000.0,0.0,-0.008,-0.056,-0.006,-0.019,0.0,604784000.0,1.0,194522472.0,194522472.0,,8.604,4708268000.0,81976000.0,-45766000.0,0.0,24.204,
87,WRB,MRT,1999-09-30,1999-09-30,1999-09-30,2021-09-07,-22691000.0,4818110000.0,4861148000.0,,,0.341,3.367,-27167000.0,250188000.0,250188000.0,1027372000.0,14792000.0,,6.326,627819000.0,,,627819000.0,710766000.0,23619000.0,0.0,0.028,0.084,36294000.0,59913000.0,0.036,59913000.0,36294000.0,-14302000.0,0.007,0.008,0.007,657699000.0,730615750.0,657699000.0,1018673569.0,28.0,17.003,136084000.0,0.697,1.0,632321000.0,0.381,77467000.0,50596000.0,5118274000.0,5162797750.0,0.0,2751692000.0,,,4160411000.0,,,593066569.0,5592000.0,216000.0,-58850000.0,16353000.0,-13297000.0,-148712000.0,-8947000.0,-1510000.0,163251000.0,0.0,11219000.0,-76000.0,-76000.0,0.0,3573000.0,0.0,602026000.0,30295000.0,144564000.0,12.0,0.902,-7803.507,432.687,129192000.0,8045000.0,3.029,0.357,0.356,1296326000.0,595519000.0,1659693000.0,1659693000.0,0.0,0.0,0.0,0.007,0.022,0.0,590521000.0,1.0,195808663.0,195334031.0,,8.497,4740643000.0,50955000.0,-25521000.0,0.0,24.269,
88,WRB,MRT,1999-06-30,1999-06-30,1999-06-30,2021-09-07,-8067000.0,4798603000.0,4854960750.0,,,0.335,3.451,-13038000.0,252021000.0,252021000.0,984079000.0,25787000.0,,6.055,677628000.0,,,677628000.0,709781000.0,21718000.0,0.0,0.025,0.083,54666000.0,76384000.0,0.047,76384000.0,54666000.0,4356000.0,0.058,0.058,0.058,680175000.0,797833750.0,680175000.0,1092735825.0,20.0,14.306,183523000.0,0.931,1.0,642216000.0,0.395,78419000.0,50310000.0,5145791000.0,5098052250.0,0.0,2802134000.0,,,4118428000.0,,,649543825.0,-22464000.0,-3304000.0,-69972000.0,83048000.0,-13305000.0,-94506000.0,-124519000.0,-93676000.0,196561000.0,0.0,22214000.0,10919000.0,10919000.0,0.0,3573000.0,0.007,591795000.0,50421000.0,156254000.0,1.431,0.955,59.487,56.762,130775000.0,8045000.0,3.292,0.399,0.399,1230993000.0,599470000.0,1626295000.0,1626295000.0,0.0,0.002,0.014,0.011,0.034,0.0,580290000.0,1.0,197298937.0,197095781.0,,8.251,4720184000.0,43000000.0,-17858000.0,0.0,23.949,
89,WRB,MRT,1999-03-31,1999-03-31,1999-03-31,2021-09-07,32454000.0,4844448000.0,4869856250.0,,,0.33,3.618,-17226000.0,234338000.0,234338000.0,952399000.0,42906000.0,,5.698,677530000.0,,,677530000.0,708647000.0,24899000.0,0.0,0.025,0.082,81879000.0,106778000.0,0.066,106778000.0,81879000.0,32428000.0,0.113,0.109,0.113,723308000.0,856305500.0,723308000.0,914331949.0,11.0,8.563,227123000.0,1.136,1.0,654556000.0,0.407,78954000.0,49451000.0,5208686000.0,5018138500.0,0.0,2909392000.0,,,4121140000.0,,,642677949.0,-13827000.0,-3304000.0,-131121000.0,72022000.0,-13447000.0,-167762000.0,-90414000.0,-84151000.0,244349000.0,0.0,39333000.0,23569000.0,23569000.0,0.0,3573000.0,0.015,578705000.0,75851000.0,147505000.0,0.726,0.889,27.268,28.552,133242000.0,9932000.0,3.226,0.4,0.401,1220282000.0,597224000.0,1606955000.0,1606955000.0,0.0,0.005,0.028,0.016,0.051,0.0,567200000.0,1.0,199197374.0,199905469.0,,8.039,4765494000.0,12714000.0,-6905000.0,0.0,23.839,
90,WRB,MRT,1998-12-31,1998-12-31,1998-12-31,2021-09-07,54672000.0,4983431000.0,4886004000.0,,,0.324,4.282,-27167000.0,386278000.0,386278000.0,914762000.0,57316000.0,,4.786,657932000.0,,,657932000.0,664861000.0,22658000.0,0.0,0.018,0.079,108027000.0,130685000.0,0.083,130685000.0,108027000.0,59208000.0,0.216,0.209,0.216,861281000.0,916343750.0,861281000.0,1040651396.0,10.0,7.963,192536000.0,0.957,1.0,667755000.0,0.422,76645000.0,48819000.0,5178440000.0,4949835000.0,0.0,2931948000.0,,,4122150000.0,,,902141396.0,105431000.0,-3304000.0,-117944000.0,54278000.0,-13518000.0,-83805000.0,-30467000.0,-3952000.0,219703000.0,0.0,53743000.0,46195000.0,46195000.0,0.0,3573000.0,0.029,556155000.0,111600000.0,130517000.0,0.366,1.047,19.529,20.765,136884000.0,7548000.0,4.485,0.57,0.57,1199848000.0,601908000.0,1582517000.0,1582517000.0,0.0,0.009,0.05,0.022,0.068,0.0,556155000.0,1.0,201134358.0,201134358.0,,7.868,4906786000.0,0.0,5465000.0,6877000.0,24.396,
91,WRB,MRT,1998-09-30,1998-09-30,1998-09-30,2021-09-07,76867000.0,4793361000.0,4776225750.0,,,0.325,4.354,-17898000.0,455829000.0,455829000.0,846301000.0,75259000.0,,4.173,594339000.0,,,594339000.0,689477000.0,23460000.0,0.0,0.02,0.078,144362000.0,167822000.0,0.108,167822000.0,144362000.0,95854000.0,0.327,0.315,0.327,926571000.0,937846500.0,926571000.0,882576187.0,6.0,5.259,75534000.0,0.355,1.0,707221000.0,0.455,72579000.0,48508000.0,4859292000.0,4852397000.0,0.0,2903246000.0,,,3866790000.0,,,842578187.0,-81962000.0,-1496000.0,-39690000.0,8254000.0,-13433000.0,-96868000.0,-78526000.0,-25541000.0,93432000.0,0.0,75259000.0,72445000.0,72445000.0,0.0,0.0,0.047,554546000.0,152675000.0,122029000.0,0.239,0.909,11.631,12.029,137817000.0,-2203000.0,3.933,0.542,0.539,977409000.0,608891000.0,1553522000.0,1553522000.0,0.0,0.015,0.077,0.03,0.093,0.0,554546000.0,1.0,214205829.0,212807250.0,,7.3,4720782000.0,0.0,20595000.0,24365000.0,22.183,
92,WRB,MRT,1998-06-30,1998-06-30,1998-06-30,2021-09-07,56278000.0,4858185000.0,4687421000.0,,,0.323,4.228,-25751000.0,554247000.0,554247000.0,806344000.0,90458000.0,,4.315,594245000.0,,,594245000.0,652437000.0,21879000.0,0.0,0.014,0.076,168212000.0,190091000.0,0.125,190091000.0,168212000.0,119467000.0,0.383,0.37,0.383,914062000.0,935000000.0,914062000.0,1237481596.0,7.0,6.51,69411000.0,0.321,1.0,708403000.0,0.468,72047000.0,48745000.0,4826136000.0,4745011500.0,0.0,2913816000.0,,,3944123000.0,,,1138662596.0,-31773000.0,585000.0,-66044000.0,-9270000.0,-12996000.0,-101346000.0,-25589000.0,10953000.0,95162000.0,0.0,90458000.0,85792000.0,85792000.0,0.0,0.0,0.057,533488000.0,174915000.0,113363000.0,0.198,1.246,13.272,13.774,135054000.0,-351000.0,5.275,0.752,0.753,947383000.0,601847000.0,1514747000.0,1514747000.0,0.0,0.018,0.092,0.035,0.111,0.0,533488000.0,1.0,215844211.0,216186469.0,,7.007,4786138000.0,0.0,29009000.0,20421000.0,22.139,
93,WRB,MRT,1998-03-31,1998-03-31,1998-03-31,2021-09-07,55789000.0,4909039000.0,4556030000.0,,,0.319,4.289,-24665000.0,503823000.0,503823000.0,770033000.0,88348000.0,,4.095,602642000.0,,,602642000.0,622277000.0,14879000.0,0.0,0.012,0.073,165242000.0,180121000.0,0.124,180121000.0,165242000.0,116418000.0,0.382,0.371,0.382,963461000.0,927710000.0,963461000.0,1561413076.0,9.0,8.669,16000000.0,0.071,1.0,683730000.0,0.47,72386000.0,48824000.0,4935472000.0,4676382750.0,0.0,3052949000.0,,,3945578000.0,,,1402690076.0,-92803000.0,585000.0,0.0,1756000.0,-12392000.0,-25609000.0,-107859000.0,-39237000.0,40665000.0,0.0,88348000.0,86143000.0,86143000.0,0.0,0.0,0.059,510943000.0,172787000.0,106430000.0,0.191,1.456,16.283,16.33,133529000.0,-230000.0,6.238,0.965,0.964,896118000.0,586960000.0,1453763000.0,1453763000.0,0.0,0.019,0.093,0.035,0.114,0.0,510943000.0,1.0,224861257.0,224661094.0,,6.471,4836653000.0,0.0,28070000.0,30637000.0,21.529,
94,WRB,MRT,1997-12-31,1997-12-31,1997-12-31,2021-09-07,58206000.0,4544318000.0,4351457750.0,,,0.322,4.222,-17898000.0,280847000.0,280847000.0,734424000.0,91219000.0,,3.797,598359000.0,,,598359000.0,589384000.0,11852000.0,0.0,0.01,0.055,170756000.0,182608000.0,0.13,182608000.0,170756000.0,121887000.0,0.407,0.398,0.407,947292000.0,898999250.0,947292000.0,1360337429.0,8.0,7.449,122301000.0,0.545,1.0,665886000.0,0.476,73142000.0,48869000.0,4788688000.0,4511313750.0,0.0,2903355000.0,,,3597026000.0,,,1296558429.0,-65638000.0,585000.0,0.0,0.0,-11695000.0,-48568000.0,-157269000.0,-130052000.0,140199000.0,0.0,91219000.0,91219000.0,91219000.0,0.0,0.0,0.065,487776000.0,178110000.0,95140000.0,0.135,1.369,14.214,14.198,126831000.0,0.0,5.778,0.926,0.926,940261000.0,569160000.0,1400310000.0,1400310000.0,0.0,0.021,0.101,0.038,0.122,0.0,487776000.0,1.0,224378773.0,224378773.0,,6.241,4471176000.0,0.0,30668000.0,32887000.0,19.927,
95,WRB,MRT,1997-09-30,1997-09-30,1997-09-30,2021-09-07,46712000.0,4438142000.0,4249621500.0,,,0.317,4.083,-46983000.0,326558000.0,326558000.0,714383000.0,100038000.0,,3.849,390337000.0,,,390337000.0,591951000.0,4178000.0,0.0,0.009,0.052,174754000.0,178932000.0,0.133,178932000.0,174754000.0,129794000.0,0.403,,0.403,915185000.0,882109250.0,915185000.0,1562677090.0,9.0,8.733,95667000.0,0.427,1.0,631429000.0,0.469,72171000.0,44960000.0,4429750000.0,4392914000.0,0.0,2865686000.0,,,3522957000.0,,,1270753090.0,37898000.0,-1439000.0,-41523000.0,207900000.0,-10996000.0,114563000.0,-219315000.0,-222250000.0,142650000.0,0.0,100038000.0,90750000.0,90750000.0,0.0,0.0,0.067,457712000.0,173717000.0,83685000.0,0.129,1.389,14.003,14.071,126257000.0,9288000.0,5.67,0.944,0.944,844528000.0,549965000.0,1345812000.0,1345812000.0,0.0,0.021,0.103,0.04,0.13,0.0,457712000.0,1.0,224100819.0,224144719.0,,6.004,4365971000.0,0.0,29756000.0,19563000.0,19.478,
96,WRB,MRT,1997-06-30,1997-06-30,1997-06-30,2021-09-07,29800000.0,4332621000.0,,,,,3.953,-54753000.0,306258000.0,306258000.0,694978000.0,98557000.0,,3.896,598182000.0,,,598182000.0,577102000.0,5403000.0,0.0,0.009,0.049,168665000.0,174068000.0,0.134,174068000.0,168665000.0,127935000.0,0.39,,0.39,884902000.0,,884902000.0,1414003832.0,8.0,8.123,38398000.0,0.172,1.0,606718000.0,0.466,72924000.0,40730000.0,4551621000.0,,0.0,2793022000.0,,,3447719000.0,,,1156877832.0,39800000.0,-11739000.0,-2031000.0,207900000.0,-10602000.0,113773000.0,-167124000.0,-143621000.0,93151000.0,0.0,98557000.0,87741000.0,87741000.0,0.0,0.0,0.067,439144000.0,167574000.0,85473000.0,0.126,1.307,13.185,13.254,117504000.0,10816000.0,5.169,0.889,0.889,845114000.0,529491000.0,1301696000.0,1301696000.0,0.0,,,,0.13,0.0,439144000.0,1.0,223803695.0,223863750.0,,5.815,4259697000.0,0.0,29378000.0,4301000.0,19.028,
97,WRB,MRT,1997-03-31,1997-03-31,1997-03-31,2021-09-07,3597000.0,4090750000.0,,,,,3.793,-41774000.0,340968000.0,340968000.0,677989000.0,99285000.0,,3.82,598094000.0,,,598094000.0,540636000.0,6343000.0,0.0,0.01,0.047,165768000.0,172111000.0,0.136,172111000.0,165768000.0,129374000.0,0.387,,0.387,848618000.0,,848618000.0,1045315049.0,6.0,6.073,164659000.0,0.736,1.0,589074000.0,0.465,72680000.0,36394000.0,4275196000.0,,0.0,2584975000.0,,,3242132000.0,,,1001696049.0,120265000.0,-11739000.0,-24152000.0,206819000.0,-10278000.0,89941000.0,-176109000.0,-126173000.0,206433000.0,0.0,99285000.0,87097000.0,87097000.0,0.0,0.0,0.069,423959000.0,165115000.0,73500000.0,0.121,1.18,11.501,11.569,116613000.0,12188000.0,4.477,0.791,0.791,789290000.0,513816000.0,1267063000.0,1267063000.0,0.0,,,,0.131,0.0,423959000.0,1.0,223724393.0,223727062.0,,5.663,4018070000.0,0.0,30089000.0,0.0,17.96,
98,WRB,MRT,1996-12-31,1996-12-31,1996-12-31,2021-09-07,31075000.0,4136973000.0,3877828500.0,,,0.316,3.932,-46983000.0,346485000.0,346485000.0,669160000.0,90263000.0,,3.703,598005000.0,,,598005000.0,514213000.0,8590000.0,0.0,0.01,0.046,147328000.0,155918000.0,0.127,155918000.0,147328000.0,115365000.0,0.337,0.333,0.337,879732000.0,904773500.0,879732000.0,,,,116928000.0,0.523,1.0,556006000.0,0.454,73404000.0,31963000.0,4315089000.0,3988271500.0,0.0,2664413000.0,,,3257241000.0,,,996785774.0,139568000.0,-11739000.0,-24152000.0,278444000.0,-10143000.0,157856000.0,-182199000.0,-118394000.0,163911000.0,0.0,90263000.0,76354000.0,76354000.0,0.0,0.0,0.062,408994000.0,147012000.0,71352000.0,0.136,1.133,13.055,13.221,116303000.0,13909000.0,4.455,0.814,0.814,753917000.0,490338000.0,1225166000.0,1225166000.0,0.0,0.02,0.084,0.037,0.12,0.0,408994000.0,1.0,223724393.0,223724393.0,,5.476,4063569000.0,0.0,25102000.0,4013000.0,18.163,
99,WRB,MRT,1996-09-30,1996-09-30,1996-09-30,2021-09-07,,,,,,,,,,,,,,,,,,,,,,0.011,0.045,,,,,,,,,,,,,,,,,,1.0,,,,,,,,,,,,,,,,,,,,,,,,,,,,,,,,,,,,,,,,4.016,,,,,,,,,,,,,,1.0,,223544812.0,,,,,,,,
100,WRB,MRT,1996-06-30,1996-06-30,1996-06-30,2021-09-07,,,,,,,,,,,,,,,,,,,,,,0.012,0.044,,,,,,,,,,,,,,,,,,1.0,,,,,,,,,,,,,,,,,,,,,,,,,,,,,,,,,,,,,,,,3.665,,,,,,,,,,,,,,1.0,,225329344.0,,,,,,,,
101,WRB,MRT,1996-03-31,1996-03-31,1996-03-31,2021-09-07,,,,,,,,,,,,,,,,,,,,,,0.011,0.043,,,,,,,,,,,,,,,,,,1.0,,,,,,,,,,,,,,,,,,,,,,,,,,,,,,,,,,,,,,,,4.06,,,,,,,,,,,,,,1.0,,229840031.0,,,,,,,,
102,WRB,MRT,1995-12-31,1995-12-31,1995-12-31,2021-09-07,48450000.0,3618684000.0,,,,,,-14472000.0,206917000.0,206917000.0,570998000.0,60882000.0,,2.892,319287000.0,,,319287000.0,450522000.0,14286000.0,0.0,0.011,0.053,106645000.0,120931000.0,0.118,120931000.0,106645000.0,78436000.0,0.252,0.25,0.252,929815000.0,,929815000.0,,,,144809000.0,,1.0,450945000.0,0.441,69600000.0,28209000.0,3661454000.0,,0.0,2391614000.0,,,2688869000.0,,,,-12712000.0,-197404000.0,140644000.0,-31847000.0,-7844000.0,157332000.0,-329325000.0,-109351000.0,159281000.0,0.0,60882000.0,49820000.0,49820000.0,0.0,0.0,0.049,339989000.0,110956000.0,65798000.0,0.21,,,18.725,77016000.0,11062000.0,4.719,,,732375000.0,424261000.0,1021943000.0,1021943000.0,0.0,,,,0.104,0.0,339989000.0,1.0,,,,,3549084000.0,0.0,17554000.0,14363000.0,,
103,WRB,MRT,1994-12-31,1994-12-31,1994-12-31,2021-09-07,,,,,,,,-35298000.0,,,486149000.0,35094000.0,,,,,,,,14989000.0,,0.015,0.048,61143000.0,76132000.0,0.092,76132000.0,61143000.0,33542000.0,0.126,,0.126,,,,,,,81978000.0,,1.0,344641000.0,0.415,,27601000.0,,,,,,,,,,,-5911000.0,0.0,-26357000.0,-4527000.0,-7459000.0,99037000.0,-222224000.0,-199807000.0,117276000.0,0.0,35094000.0,24738000.0,24738000.0,0.0,0.0,0.03,286266000.0,58375000.0,,0.381,,,26.128,,10356000.0,3.292,,,,,830790000.0,830790000.0,0.0,,,,0.074,0.0,286266000.0,1.0,,,,,,,-1552000.0,,,
