None,ticker,dimension,calendardate,datekey,reportperiod,lastupdated,accoci,assets,assetsavg,assetsc,assetsnc,assetturnover,bvps,capex,cashneq,cashnequsd,cor,consolinc,currentratio,de,debt,debtc,debtnc,debtusd,deferredrev,depamor,deposits,divyield,dps,ebit,ebitda,ebitdamargin,ebitdausd,ebitusd,ebt,eps,epsdil,epsusd,equity,equityavg,equityusd,ev,evebit,evebitda,fcf,fcfps,fxusd,gp,grossmargin,intangibles,intexp,invcap,invcapavg,inventory,investments,investmentsc,investmentsnc,liabilities,liabilitiesc,liabilitiesnc,marketcap,ncf,ncfbus,ncfcommon,ncfdebt,ncfdiv,ncff,ncfi,ncfinv,ncfo,ncfx,netinc,netinccmn,netinccmnusd,netincdis,netincnci,netmargin,opex,opinc,payables,payoutratio,pb,pe,pe1,ppnenet,prefdivis,price,ps,ps1,receivables,retearn,revenue,revenueusd,rnd,roa,roe,roic,ros,sbcomp,sgna,sharefactor,sharesbas,shareswa,shareswadil,sps,tangibles,taxassets,taxexp,taxliabilities,tbvps,workingcapital
0,DLR,MRY,2020-12-31,2020-12-31,2020-12-31,2021-08-07,135010000.0,36076291000.0,34621890500,,,0.113,68.119,-2064066000.0,108501000.0,108501000.0,1331493000.0,362730000.0,,0.993,14773429000.0,,,14773429000.0,0.0,1010538000.0,0.0,0.032,4.48,727466000.0,1738004000.0,0.445,1738004000.0,727466000.0,394445000.0,1.01,1.0,1.01,17717697000.0,17208076250,17717697000.0,52433359680.0,72.0,30.169,-357525000.0,-1.375,1.0,2572116000.0,0.659,11453900000.0,333021000.0,39287319000.0,37198720500,0.0,0.0,,,17587944000.0,,,39085844680.0,42883000.0,-488275000.0,0.0,710183000.0,-1162782000.0,935689000.0,-2599347000.0,70019000.0,1706541000.0,-16484000.0,356398000.0,263342000.0,263342000.0,0.0,6332000.0,0.067,2014590000.0,557526000.0,1420162000.0,4.436,2.206,148.422,138.129,23118071000.0,93056000.0,139.51,10.013,9.296,603111000.0,-3997938000.0,3903609000.0,3903609000.0,0.0,0.008,0.015,0.02,0.186,74577000.0,351369000.0,1.0,280165183.0,260098978.0,262522508.0,15.008,24622391000.0,0.0,38047000.0,698308000.0,94.665,
1,DLR,MRY,2019-12-31,2019-12-31,2019-12-31,2021-08-07,-87922000.0,23068131000.0,23253263500,,,0.138,47.422,-1436902000.0,89817000.0,89817000.0,1020578000.0,599221000.0,,1.257,10815987000.0,,,10815987000.0,0.0,809472000.0,0.0,0.036,4.32,944813000.0,1754285000.0,0.547,1754285000.0,944813000.0,591756000.0,2.37,2.35,2.37,9879312000.0,9741808750,9879312000.0,36608407654.0,39.0,20.868,76915000.0,0.369,1.0,2188663000.0,0.682,5558394000.0,353057000.0,28235907000.0,30537858000,0.0,0.0,,,12418566000.0,,,24992181654.0,-33196000.0,1220995000.0,0.0,-493516000.0,-921776000.0,-1272021000.0,-274992000.0,0.0,1513817000.0,-4773000.0,579761000.0,493011000.0,493011000.0,0.0,19460000.0,0.154,1594448000.0,594215000.0,1009154000.0,1.823,2.53,50.693,50.523,16146365000.0,86750000.0,119.74,7.788,7.773,305501000.0,-3046579000.0,3209241000.0,3209241000.0,0.0,0.021,0.051,0.031,0.294,34905000.0,211097000.0,1.0,208720408.0,208325823.0,209462247.0,15.405,17509737000.0,0.0,11995000.0,147381000.0,84.05,
2,DLR,MRY,2018-12-31,2018-12-31,2018-12-31,2021-08-07,-115647000.0,23766695000.0,22055536250,,,0.138,47.849,-1325162000.0,126700000.0,126700000.0,957065000.0,341115000.0,,1.308,11101479000.0,,,11101479000.0,0.0,770275000.0,0.0,0.038,4.04,654859000.0,1425134000.0,0.468,1425134000.0,654859000.0,333330000.0,1.21,1.21,1.21,9858644000.0,10069781750,9858644000.0,31104910551.0,47.0,21.826,60162000.0,0.292,1.0,2089413000.0,0.686,4348007000.0,321529000.0,30393467000.0,28003691250,0.0,0.0,,,12892653000.0,,,21979349551.0,106600000.0,-1689011000.0,0.0,2662653000.0,-849466000.0,1757269000.0,-3035993000.0,0.0,1385324000.0,15441000.0,331246000.0,249930000.0,249930000.0,0.0,9869000.0,0.082,1539626000.0,549787000.0,1164509000.0,3.339,2.229,87.942,88.058,15079726000.0,81316000.0,106.55,7.215,7.206,299621000.0,-2633071000.0,3046478000.0,3046478000.0,0.0,0.011,0.025,0.023,0.215,27159000.0,163667000.0,1.0,206282023.0,206035408.0,206673471.0,14.786,19418688000.0,0.0,2084000.0,0.0,94.249,
3,DLR,MRY,2017-12-31,2017-12-31,2017-12-31,2021-08-07,-108432000.0,21404345000.0,16886490500,,,0.146,59.457,-1566383000.0,13181000.0,13181000.0,759616000.0,256267000.0,,0.995,8648618000.0,,,8648618000.0,0.0,594996000.0,0.0,0.033,3.72,514802000.0,1109798000.0,0.452,1109798000.0,514802000.0,256160000.0,0.99,0.99,0.99,10349081000.0,7711659500,10349081000.0,31673821723.0,62.0,28.54,-543078000.0,-3.12,1.0,1698312000.0,0.691,3389595000.0,258642000.0,26650187000.0,22179313750,0.0,0.0,,,10300993000.0,,,23399908723.0,-12648000.0,152371000.0,411309000.0,833023000.0,-646407000.0,321200000.0,-1357153000.0,0.0,1023305000.0,3793000.0,248259000.0,173148000.0,173148000.0,0.0,8008000.0,0.07,1247017000.0,451295000.0,980218000.0,3.758,2.261,135.144,115.051,13841186000.0,75111000.0,113.9,9.52,8.066,276347000.0,-2055552000.0,2457928000.0,2457928000.0,0.0,0.01,0.022,0.023,0.209,20521000.0,161441000.0,1.0,205442570.0,174059386.0,174895098.0,14.121,18014750000.0,0.0,7901000.0,0.0,103.498,
4,DLR,MRY,2016-12-31,2016-12-31,2016-12-31,2021-08-07,-135605000.0,12192585000.0,11801492500,,,0.182,33.984,-758081000.0,22036000.0,22036000.0,762674000.0,431852000.0,,1.385,5838607000.0,,,5838607000.0,0.0,518716000.0,0.0,0.036,3.52,673052000.0,1191768000.0,0.556,1191768000.0,673052000.0,436572000.0,2.21,2.2,2.21,5096015000.0,4737838500,5096015000.0,21593820712.0,32.0,18.119,153161000.0,1.021,1.0,1379539000.0,0.644,752970000.0,236480000.0,17256186000.0,17248716500,0.0,0.0,,,7060288000.0,,,15616963712.0,-41738000.0,-513966000.0,1090171000.0,196650000.0,-521619000.0,350617000.0,-1303597000.0,0.0,911242000.0,-11288000.0,426187000.0,332088000.0,332088000.0,0.0,5665000.0,0.155,882253000.0,497286000.0,824878000.0,1.593,3.065,47.027,44.462,8996362000.0,94099000.0,98.26,7.29,6.878,203938000.0,-1547420000.0,2142213000.0,2142213000.0,0.0,0.028,0.07,0.039,0.314,17433000.0,152733000.0,1.0,158935108.0,149953662.0,150679688.0,14.286,11439615000.0,0.0,10385000.0,0.0,76.288,
5,DLR,MRY,2015-12-31,2015-12-31,2015-12-31,2021-08-07,-100964000.0,11416063000.0,9977877750,,,0.177,32.756,-737180000.0,75062000.0,75062000.0,642473000.0,301591000.0,,1.52,5899037000.0,,,5899037000.0,0.0,464694000.0,0.0,0.045,3.4,504575000.0,969269000.0,0.55,969269000.0,504575000.0,303140000.0,1.57,1.56,1.57,4528379000.0,4046790000,4528379000.0,15779590384.0,31.0,16.28,59660000.0,0.432,1.0,1120863000.0,0.636,330664000.0,201435000.0,16909374000.0,14946707750,0.0,0.0,,,6880926000.0,,,11066509384.0,19870000.0,-1774540000.0,919840000.0,1405715000.0,-468635000.0,1750531000.0,-2527501000.0,0.0,796840000.0,2316000.0,296689000.0,217266000.0,217266000.0,0.0,4902000.0,0.123,763228000.0,357635000.0,609708000.0,2.166,2.444,50.935,48.166,8770212000.0,79423000.0,75.62,6.276,5.929,177398000.0,-1350089000.0,1763336000.0,1763336000.0,0.0,0.022,0.054,0.034,0.286,6360000.0,105549000.0,1.0,146343684.0,138247606.0,138865421.0,12.755,11085399000.0,0.0,6451000.0,0.0,80.185,
6,DLR,MRY,2014-12-31,2014-12-31,2014-12-31,2021-08-07,-48433000.0,9526784000.0,9741104000,,,0.166,29.298,-852386000.0,52876000.0,52876000.0,594678000.0,203415000.0,,1.436,4673127000.0,,,4673127000.0,0.0,456204000.0,0.0,0.05,3.32,396506000.0,852710000.0,0.528,852710000.0,396506000.0,205421000.0,1.0,0.99,1.0,3907447000.0,3973127500,3907447000.0,13673691363.0,34.0,16.036,-196498000.0,-1.473,1.0,1021760000.0,0.632,0.0,191085000.0,14147035000.0,14476677500,0.0,0.0,,,5612546000.0,,,8984476363.0,-15266000.0,171946000.0,0.0,144813000.0,-441694000.0,-26974000.0,-644180000.0,31635000.0,655888000.0,0.0,200183000.0,132718000.0,132718000.0,0.0,3232000.0,0.082,771187000.0,250573000.0,605923000.0,3.32,2.299,67.696,66.3,8203287000.0,67465000.0,66.3,5.558,5.47,135931000.0,-1096607000.0,1616438000.0,1616438000.0,0.0,0.014,0.033,0.027,0.245,18019000.0,93188000.0,1.0,135512464.0,133369047.0,133637235.0,12.12,9526784000.0,0.0,5238000.0,0.0,71.432,
7,DLR,MRY,2013-12-31,2013-12-31,2013-12-31,2021-08-07,10691000.0,9626830000.0,9302305500,,,0.159,28.22,-1359832000.0,97170000.0,97170000.0,546917000.0,320449000.0,,1.656,4961892000.0,,,4961892000.0,0.0,397592000.0,0.0,0.064,3.12,505179000.0,902771000.0,0.609,902771000.0,505179000.0,315780000.0,2.12,2.12,2.12,3610516000.0,3536684000,3610516000.0,10991661881.0,22.0,12.175,-703442000.0,-5.498,1.0,935342000.0,0.631,0.0,189399000.0,14491552000.0,13996960500,0.0,0.0,,,5980318000.0,,,6308839881.0,-2387000.0,315132000.0,0.0,650494000.0,-400953000.0,401832000.0,-1060609000.0,-17100000.0,656390000.0,0.0,314488000.0,271583000.0,271583000.0,0.0,5961000.0,0.183,555292000.0,380050000.0,662687000.0,1.472,1.747,23.23,23.17,8384086000.0,42905000.0,49.12,4.256,4.24,122248000.0,-785222000.0,1482259000.0,1482259000.0,0.0,0.029,0.077,0.036,0.341,11527000.0,65653000.0,1.0,128437294.0,127941134.0,128127641.0,11.585,9626830000.0,0.0,1292000.0,0.0,75.244,
8,DLR,MRY,2012-12-31,2012-12-31,2012-12-31,2021-08-07,-12191000.0,8819214000.0,7616746500,,,0.168,29.972,-2405891000.0,100331000.0,100331000.0,450702000.0,216047000.0,,1.534,4278565000.0,,,4278565000.0,0.0,316064000.0,0.0,0.043,2.92,370089000.0,686153000.0,0.536,686153000.0,370089000.0,212981000.0,1.48,1.48,1.48,3468305000.0,3050103750,3468305000.0,12335278752.0,33.0,17.977,-1862943000.0,-16.099,1.0,828365000.0,0.648,0.0,157108000.0,12997448000.0,11281217250,0.0,0.0,,,5320830000.0,,,8374537752.0,15650000.0,-54827000.0,898416000.0,1297531000.0,-334429000.0,1948635000.0,-2475933000.0,0.0,542948000.0,0.0,210334000.0,171662000.0,171662000.0,0.0,5713000.0,0.134,463338000.0,365027000.0,646427000.0,1.973,2.415,48.785,45.872,7603136000.0,38672000.0,67.89,6.547,6.142,168286000.0,-656104000.0,1279067000.0,1279067000.0,0.0,0.023,0.056,0.033,0.289,12631000.0,57209000.0,1.0,123354511.0,115717667.0,116006577.0,11.053,8819214000.0,0.0,2647000.0,0.0,76.213,
9,DLR,MRY,2011-12-31,2011-12-31,2011-12-31,2021-08-07,-55880000.0,6098566000.0,5780182000,,,0.184,25.638,-833578000.0,95796000.0,95796000.0,357868000.0,162126000.0,,1.394,2940210000.0,,,2940210000.0,0.0,247024000.0,0.0,0.041,2.72,305573000.0,552597000.0,0.52,552597000.0,305573000.0,156223000.0,1.33,1.32,1.33,2522917000.0,2263551750,2522917000.0,9700386515.0,32.0,17.554,-432622000.0,-4.396,1.0,704842000.0,0.663,0.0,149350000.0,8942980000.0,8650548500,0.0,0.0,,,3518155000.0,,,6997308515.0,28912000.0,-6139000.0,467252000.0,90086000.0,-261286000.0,458758000.0,-830802000.0,0.0,400956000.0,0.0,156265000.0,130868000.0,130868000.0,0.0,5861000.0,0.123,400532000.0,304310000.0,315133000.0,2.045,2.773,53.468,50.128,5242515000.0,25397000.0,66.67,6.584,6.174,90580000.0,-488692000.0,1062710000.0,1062710000.0,0.0,0.023,0.058,0.035,0.288,13430000.0,53624000.0,1.0,104954380.0,98405375.0,99169749.0,10.799,6098566000.0,0.0,-42000.0,0.0,61.974,
10,DLR,MRY,2010-12-31,2010-12-31,2010-12-31,2021-08-07,-42081000.0,5329483000.0,4787250000,,,0.181,23.287,-1708736000.0,71781000.0,71781000.0,294657000.0,105412000.0,,1.669,2806954000.0,,,2806954000.0,0.0,206775000.0,0.0,0.039,2.02,241529000.0,448304000.0,0.518,448304000.0,241529000.0,104145000.0,0.69,0.68,0.69,1962518000.0,1862946000,1962518000.0,7255957378.0,30.0,16.185,-1349707000.0,-16.015,1.0,570744000.0,0.66,0.0,137384000.0,8064656000.0,7075314250,0.0,0.0,,,3274820000.0,,,4662401378.0,-60601000.0,-10577000.0,619439000.0,1091040000.0,-171549000.0,1318070000.0,-1737700000.0,0.0,359029000.0,0.0,102294000.0,58339000.0,58339000.0,0.0,3118000.0,0.067,328438000.0,242306000.0,237631000.0,2.928,2.376,79.919,74.696,4584477000.0,43955000.0,51.54,5.388,5.019,70337000.0,-348148000.0,865401000.0,865401000.0,0.0,0.012,0.031,0.034,0.279,11362000.0,47196000.0,1.0,90461804.0,84275498.0,86013471.0,10.269,5329483000.0,0.0,1851000.0,0.0,63.239,
11,DLR,MRY,2009-12-31,2009-12-31,2009-12-31,2021-08-07,-27947000.0,3745059000.0,3518449500,,,0.181,20.526,-530382000.0,110130000.0,110130000.0,210042000.0,91234000.0,,1.354,1784444000.0,,,1784444000.0,0.0,156828000.0,0.0,0.029,1.47,177142000.0,333970000.0,0.524,333970000.0,177142000.0,88700000.0,0.62,0.61,0.62,1558995000.0,1570727250,1558995000.0,5368727131.0,30.0,16.075,-246573000.0,-3.247,1.0,427100000.0,0.67,0.0,88442000.0,5419373000.0,5004612250,0.0,0.0,,,2110258000.0,,,3847422131.0,-1014000.0,0.0,90075000.0,317983000.0,-109784000.0,235086000.0,-519909000.0,0.0,283809000.0,0.0,87662000.0,47258000.0,47258000.0,0.0,3572000.0,0.074,249311000.0,177789000.0,151229000.0,2.371,2.468,81.413,81.097,3157193000.0,40404000.0,50.28,6.039,5.994,46086000.0,-231871000.0,637142000.0,637142000.0,0.0,0.013,0.03,0.035,0.278,9829000.0,39988000.0,1.0,76519931.0,75950370.0,77020890.0,8.389,3745059000.0,0.0,1038000.0,0.0,49.309,
12,DLR,MRY,2008-12-31,2008-12-31,2008-12-31,2021-08-07,-49503000.0,3281045000.0,3101454000,,,0.17,21.85,-625226000.0,118804000.0,118804000.0,182249000.0,67918000.0,,1.134,1385074000.0,,,1385074000.0,0.0,118364000.0,0.0,0.038,1.26,129984000.0,248348000.0,0.471,248348000.0,129984000.0,66363000.0,0.39,0.38,0.39,1503921000.0,1441623750,1503921000.0,3593525333.0,28.0,14.47,-407418000.0,-5.919,1.0,345196000.0,0.654,0.0,63621000.0,4547315000.0,4322941000,0.0,0.0,,,1705969000.0,,,2397182333.0,41982000.0,-21222000.0,224891000.0,52126000.0,-91476000.0,471925000.0,-647751000.0,0.0,217808000.0,0.0,65254000.0,26690000.0,26690000.0,0.0,2664000.0,0.051,216841000.0,128355000.0,171176000.0,3.231,1.594,89.816,84.231,2748220000.0,38564000.0,32.85,4.545,4.287,39108000.0,-166863000.0,527445000.0,527445000.0,0.0,0.009,0.019,0.03,0.246,9805000.0,37652000.0,1.0,72973587.0,68829267.0,70435760.0,7.663,3281045000.0,0.0,1109000.0,0.0,47.669,
13,DLR,MRY,2007-12-31,2007-12-31,2007-12-31,2021-08-07,3379000.0,2809464000.0,2528212500,,,0.156,17.247,-625990000.0,72654000.0,72654000.0,136406000.0,41990000.0,,1.617,1367738000.0,,,1367738000.0,0.0,81305000.0,0.0,0.03,1.168,106105000.0,187410000.0,0.474,187410000.0,106105000.0,39051000.0,0.31,0.3,0.31,1043916000.0,920067750,1043916000.0,3732007919.0,35.0,19.914,-520335000.0,-8.597,1.0,258841000.0,0.655,0.0,67054000.0,4104548000.0,3735997750,0.0,0.0,,,1687637000.0,,,2484797919.0,9091000.0,95007000.0,159781000.0,221542000.0,-77752000.0,440863000.0,-537427000.0,0.0,105655000.0,0.0,38237000.0,18907000.0,18907000.0,-19444000.0,3753000.0,0.048,171163000.0,87678000.0,176143000.0,3.768,2.38,131.422,123.774,2301694000.0,19330000.0,38.37,6.287,5.876,43440000.0,-103090000.0,395247000.0,395247000.0,0.0,0.007,0.021,0.028,0.268,4367000.0,30786000.0,1.0,64758872.0,60527625.0,62572937.0,6.53,2809464000.0,0.0,814000.0,0.0,46.416,
14,DLR,MRY,2006-12-31,2006-12-31,2006-12-31,2021-08-07,4190000.0,2186219000.0,1861469750,,,0.146,19.642,-608880000.0,50405000.0,50405000.0,86145000.0,31392000.0,,1.885,1122638000.0,,,1122638000.0,0.0,52795000.0,0.0,0.032,1.081,80987000.0,133782000.0,0.492,133782000.0,80987000.0,31392000.0,0.49,0.47,0.49,709772000.0,522552250,709772000.0,2578689414.0,32.0,19.275,-509516000.0,-14.1,1.0,185931000.0,0.683,47292000.0,49595000.0,3211160000.0,2762079000,0.0,0.0,,,1338031000.0,,,1556059414.0,11331000.0,23222000.0,248004000.0,368955000.0,-64597000.0,509753000.0,-597786000.0,-911000.0,99364000.0,0.0,31392000.0,17612000.0,17612000.0,-10612000.0,0.0,0.065,111363000.0,74568000.0,88698000.0,2.206,2.192,88.352,69.857,1736802000.0,13780000.0,34.23,5.719,4.546,31293000.0,-52093000.0,272076000.0,272076000.0,0.0,0.009,0.034,0.029,0.298,1787000.0,20441000.0,1.0,45458937.0,36134983.0,37442192.0,7.529,2138927000.0,0.0,0.0,0.0,59.193,
15,DLR,MRY,2005-12-31,2005-12-31,2005-12-31,2021-08-07,1644000.0,1529170000.0,1362843750,,,0.141,16.113,-472899000.0,33053000.0,33053000.0,59446000.0,16101000.0,,2.277,749067000.0,,,749067000.0,0.0,33750000.0,0.0,0.044,0.997,51482000.0,85232000.0,0.445,85232000.0,51482000.0,16101000.0,0.25,0.25,0.25,386497000.0,328715750,386497000.0,1268719157.0,25.0,14.885,-395849000.0,-16.503,1.0,132175000.0,0.69,48237000.0,35381000.0,2196947000.0,2001440750,0.0,0.0,,,880228000.0,,,617905157.0,6373000.0,0.0,105220000.0,209829000.0,-48424000.0,404036000.0,-474713000.0,0.0,77050000.0,0.0,16101000.0,6087000.0,6087000.0,29000.0,0.0,0.032,72587000.0,59588000.0,36869000.0,3.988,1.599,101.512,90.52,1194106000.0,10014000.0,22.63,3.225,2.833,7587000.0,-27782000.0,191621000.0,191621000.0,0.0,0.004,0.019,0.026,0.269,318000.0,12615000.0,1.0,27304691.0,23986288.0,24221732.0,7.989,1480933000.0,0.0,0.0,0.0,61.741,
0,DLR,MRQ,2021-06-30,2021-06-30,2021-06-30,2021-08-07,31733000.0,36151220000.0,,,,,61.952,-572923000.0,120482000.0,120482000.0,383216000.0,125798000.0,,1.028,15473510000.0,,,15473510000.0,0.0,368981000.0,0.0,0.03,1.16,243850000.0,612831000.0,0.561,612831000.0,243850000.0,168836000.0,0.45,0.45,0.45,17457656000.0,,17457656000.0,56985142138.0,60.0,25.388,-50876000.0,-0.181,1.0,709972000.0,0.649,11141958000.0,75014000.0,40362290000.0,,0.0,0.0,,,17945483000.0,,,42367684138.0,-80739000.0,-175481000.0,75438000.0,580363000.0,-348146000.0,141317000.0,-744103000.0,0.0,522047000.0,-21460000.0,121254000.0,127369000.0,127369000.0,0.0,4544000.0,0.117,524344000.0,185628000.0,1367240000.0,2.578,2.427,83.634,84.528,23354007000.0,-6115000.0,150.46,9.92,9.927,630086000.0,-4153407000.0,1093188000.0,1093188000.0,0.0,,,,,20014000.0,97492000.0,1.0,281587692.0,281791855.0,282433857.0,3.879,25009262000.0,0.0,47582000.0,742127000.0,88.751,
1,DLR,MRQ,2021-03-31,2021-03-31,2021-03-31,2021-08-07,-77783000.0,35542491000.0,,,,,62.697,-508523000.0,221140000.0,221140000.0,361779000.0,394676000.0,,0.974,14838598000.0,,,14838598000.0,0.0,369733000.0,0.0,0.032,1.16,469120000.0,838853000.0,0.769,838853000.0,469120000.0,393467000.0,1.32,1.32,1.32,17623737000.0,,17623737000.0,54258018372.0,62.0,25.271,-180648000.0,-0.643,1.0,728612000.0,0.668,11182951000.0,75653000.0,38976998000.0,,0.0,0.0,,,17157070000.0,,,39593090372.0,96668000.0,13173000.0,0.0,243011000.0,-673747000.0,-416665000.0,185458000.0,0.0,327875000.0,10392000.0,385920000.0,372406000.0,372406000.0,0.0,8756000.0,0.342,536093000.0,192519000.0,1305921000.0,0.879,2.247,91.462,92.052,22677370000.0,13514000.0,140.84,9.493,9.492,657096000.0,-3952497000.0,1090391000.0,1090391000.0,0.0,,,,,27654000.0,99994000.0,1.0,281121062.0,281094798.0,281916961.0,3.879,24359540000.0,0.0,7547000.0,650543000.0,86.66,
2,DLR,MRQ,2020-12-31,2020-12-31,2020-12-31,2021-08-07,135010000.0,36076291000.0,,,,,63.218,-73887000.0,108501000.0,108501000.0,374459000.0,59508000.0,,0.993,14773429000.0,,,14773429000.0,0.0,272918000.0,0.0,0.032,1.12,138861000.0,411779000.0,0.388,411779000.0,138861000.0,61013000.0,0.15,0.15,0.15,17717697000.0,,17717697000.0,52433359680.0,72.0,30.169,451915000.0,1.612,1.0,688150000.0,0.648,11453900000.0,77848000.0,39287319000.0,,0.0,0.0,,,17587944000.0,,,39085844680.0,-849487000.0,-1024028000.0,-1887667000.0,-49518000.0,-257000.0,-295461000.0,-1079828000.0,0.0,525802000.0,-13450000.0,57691000.0,44177000.0,44177000.0,0.0,1817000.0,0.042,527887000.0,160263000.0,1420162000.0,7.467,2.206,148.422,138.129,23118071000.0,13514000.0,139.51,10.013,9.296,603111000.0,-3997938000.0,1062609000.0,1062609000.0,0.0,,,,,19639000.0,102188000.0,1.0,280165183.0,280263331.0,281002295.0,3.791,24622391000.0,0.0,3322000.0,698308000.0,87.854,
3,DLR,MRQ,2020-09-30,2020-09-30,2020-09-30,2021-08-07,-123623000.0,35435333000.0,,,,,65.392,-784108000.0,971305000.0,971305000.0,358679000.0,-1454000.0,,0.962,14318820000.0,,,14318820000.0,0.0,275680000.0,0.0,0.03,1.12,105414000.0,381094000.0,0.372,381094000.0,105414000.0,15915000.0,-0.14,-0.14,-0.14,17669845000.0,,17669845000.0,52795272032.0,53.0,24.937,-315739000.0,-1.168,1.0,665989000.0,0.65,11118670000.0,89499000.0,37664178000.0,,0.0,0.0,,,16995581000.0,,,39477673032.0,453987000.0,-13178000.0,1245148000.0,125917000.0,-311924000.0,826322000.0,-840704000.0,0.0,468369000.0,13569000.0,-138000.0,-37370000.0,-37370000.0,0.0,-1316000.0,-0.036,521586000.0,144403000.0,2187025000.0,-8.0,2.234,73.826,58.94,21825799000.0,37232000.0,146.76,10.88,10.929,585506000.0,-3726901000.0,1024668000.0,1024668000.0,0.0,,,,,19358000.0,91352000.0,1.0,268994774.0,270214413.0,270214413.0,3.792,24316663000.0,0.0,16053000.0,0.0,89.99,
4,DLR,MRQ,2020-06-30,2020-06-30,2020-06-30,2021-08-07,-358349000.0,33862638000.0,,,,,63.477,-477590000.0,505174000.0,505174000.0,332647000.0,75978000.0,,0.95,13822773000.0,,,13822773000.0,0.0,349165000.0,0.0,0.031,1.12,166195000.0,515360000.0,0.519,515360000.0,166195000.0,86321000.0,0.2,0.2,0.2,16984527000.0,,16984527000.0,51566109972.0,49.0,24.611,8120000.0,0.03,1.0,660348000.0,0.665,10919662000.0,79874000.0,36260575000.0,,0.0,0.0,,,16139405000.0,,,38129965972.0,258156000.0,-54590000.0,639881000.0,10939000.0,-332309000.0,313818000.0,-541372000.0,0.0,485710000.0,2178000.0,74831000.0,53676000.0,53676000.0,0.0,1147000.0,0.054,507537000.0,152811000.0,1828290000.0,5.6,2.245,61.308,49.516,20995936000.0,21155000.0,142.11,11.181,11.15,542750000.0,-3386525000.0,992995000.0,992995000.0,0.0,,,,,21031000.0,94291000.0,1.0,268313039.0,267569823.0,270744408.0,3.711,22942976000.0,0.0,11490000.0,0.0,85.746,
5,DLR,MRQ,2020-03-31,2020-03-31,2020-03-31,2021-08-07,-444222000.0,33113300000.0,,,,,74.091,-377295000.0,246480000.0,246480000.0,265708000.0,228698000.0,,0.966,13682624000.0,,,13682624000.0,0.0,291457000.0,0.0,0.031,1.12,316996000.0,608453000.0,0.739,608453000.0,316996000.0,231196000.0,0.91,0.9,0.91,16460236000.0,,16460236000.0,39763785964.0,38.0,20.576,-150635000.0,-0.678,1.0,557629000.0,0.677,10966634000.0,85800000.0,35582810000.0,,0.0,0.0,,,15896733000.0,,,29037615964.0,180227000.0,-274027000.0,0.0,622845000.0,-560602000.0,91010000.0,-137443000.0,0.0,226660000.0,-18781000.0,224014000.0,202859000.0,202859000.0,0.0,4684000.0,0.246,457580000.0,100049000.0,1732318000.0,1.231,1.764,48.396,49.259,20553523000.0,21155000.0,138.91,9.023,9.59,527699000.0,-3139350000.0,823337000.0,823337000.0,0.0,,,,,14549000.0,63538000.0,1.0,209039061.0,222163324.0,224474295.0,3.706,22146666000.0,0.0,7182000.0,0.0,99.686,
6,DLR,MRQ,2019-12-31,2019-12-31,2019-12-31,2021-08-07,-87922000.0,23068131000.0,,,,,47.319,-236157000.0,89817000.0,89817000.0,254161000.0,349326000.0,,1.257,10815987000.0,,,10815987000.0,0.0,196794000.0,0.0,0.036,1.08,415433000.0,612227000.0,0.777,612227000.0,415433000.0,334553000.0,1.52,1.5,1.52,9879312000.0,,9879312000.0,36608407654.0,39.0,20.868,165716000.0,0.794,1.0,533302000.0,0.677,5558394000.0,80880000.0,28235907000.0,,0.0,0.0,,,12418566000.0,,,24992181654.0,75143000.0,697060000.0,-207468000.0,-1070812000.0,0.0,-759794000.0,433064000.0,0.0,401873000.0,6706000.0,336284000.0,315577000.0,315577000.0,0.0,13042000.0,0.401,394369000.0,138933000.0,1009154000.0,0.711,2.53,50.693,50.523,16146365000.0,20707000.0,119.74,7.788,7.773,305501000.0,-3046579000.0,787463000.0,787463000.0,0.0,,,,,8939000.0,54670000.0,1.0,208720408.0,208781307.0,210250383.0,3.772,17509737000.0,0.0,-1731000.0,147381000.0,83.866,
7,DLR,MRQ,2019-09-30,2019-09-30,2019-09-30,2021-08-07,-68625000.0,23172765000.0,,,,,45.28,-360777000.0,7190000.0,7190000.0,259431000.0,67574000.0,,1.371,11623416000.0,,,11623416000.0,0.0,203316000.0,0.0,0.033,1.08,155897000.0,359213000.0,0.445,359213000.0,155897000.0,71323000.0,0.24,0.24,0.24,9437290000.0,,9437290000.0,38568309191.0,58.0,26.188,-76145000.0,-0.365,1.0,547035000.0,0.678,3338168000.0,84574000.0,31450823000.0,,0.0,0.0,,,12942820000.0,,,27045011191.0,-26207000.0,-14801000.0,2921000.0,261207000.0,-234847000.0,10704000.0,-321543000.0,0.0,284632000.0,539000.0,66497000.0,49827000.0,49827000.0,0.0,1077000.0,0.062,382268000.0,164767000.0,938740000.0,4.5,2.866,129.61,129.81,15575792000.0,16670000.0,129.81,8.451,8.455,304712000.0,-3136668000.0,806466000.0,806466000.0,0.0,,,,,8906000.0,49985000.0,1.0,208343049.0,208421470.0,209801771.0,3.869,19834597000.0,0.0,4826000.0,0.0,95.166,
8,DLR,MRQ,2019-06-30,2019-06-30,2019-06-30,2021-08-07,-89588000.0,23430091000.0,,,,,45.909,-441619000.0,33536000.0,33536000.0,252032000.0,61324000.0,,1.353,11556834000.0,,,11556834000.0,0.0,201810000.0,0.0,0.035,1.08,150853000.0,352663000.0,0.44,352663000.0,150853000.0,64802000.0,0.15,0.15,0.15,9562225000.0,,9562225000.0,35414893325.0,52.0,23.996,34993000.0,0.168,1.0,548765000.0,0.685,3353538000.0,86051000.0,31599851000.0,,0.0,0.0,,,12939027000.0,,,24533646325.0,-94879000.0,-41573000.0,204547000.0,572744000.0,-234536000.0,-19287000.0,-552204000.0,0.0,476612000.0,1942000.0,60168000.0,31738000.0,31738000.0,0.0,1156000.0,0.04,399793000.0,148972000.0,984812000.0,7.2,2.566,108.506,108.064,16477785000.0,28430000.0,117.79,7.758,7.758,320938000.0,-2961307000.0,800797000.0,800797000.0,0.0,,,,,9468000.0,52983000.0,1.0,208282930.0,208284407.0,209435572.0,3.845,20076553000.0,0.0,4634000.0,0.0,96.39,
9,DLR,MRQ,2019-03-31,2019-03-31,2019-03-31,2021-08-07,-91699000.0,23342067000.0,,,,,48.546,-398349000.0,123879000.0,123879000.0,254954000.0,120997000.0,,1.223,11005126000.0,,,11005126000.0,0.0,207552000.0,0.0,0.035,1.08,222630000.0,430182000.0,0.528,430182000.0,222630000.0,121078000.0,0.46,0.46,0.46,10088408000.0,,10088408000.0,35697294198.0,52.0,24.089,-47649000.0,-0.229,1.0,559561000.0,0.687,3358463000.0,101552000.0,30864851000.0,,0.0,0.0,,,12341890000.0,,,24731037198.0,12747000.0,580309000.0,0.0,-256655000.0,-452393000.0,-503644000.0,165691000.0,0.0,350700000.0,-13960000.0,116812000.0,95869000.0,95869000.0,0.0,4185000.0,0.118,418018000.0,141543000.0,922571000.0,2.348,2.451,95.302,94.444,16202640000.0,20943000.0,119.0,7.935,7.935,328009000.0,-2767708000.0,814515000.0,814515000.0,0.0,,,,,7592000.0,53459000.0,1.0,207823842.0,207809383.0,208526249.0,3.92,19983604000.0,0.0,4266000.0,0.0,96.163,
10,DLR,MRQ,2018-12-31,2018-12-31,2018-12-31,2021-08-07,-115647000.0,23766695000.0,,,,,47.777,-548258000.0,126700000.0,126700000.0,255132000.0,52597000.0,,1.308,11101479000.0,,,11101479000.0,0.0,200096000.0,0.0,0.038,1.01,130599000.0,330695000.0,0.425,330695000.0,130599000.0,45716000.0,0.15,0.15,0.15,9858644000.0,,9858644000.0,31104910551.0,47.0,21.826,-196783000.0,-0.954,1.0,523135000.0,0.672,4348007000.0,84883000.0,30393467000.0,,0.0,0.0,,,12892653000.0,,,21979349551.0,75062000.0,-1688548000.0,-4582000.0,2019293000.0,105000.0,1965804000.0,-2242217000.0,0.0,351475000.0,5850000.0,51559000.0,31230000.0,31230000.0,0.0,1038000.0,0.04,400288000.0,122847000.0,1164509000.0,6.733,2.229,87.942,88.058,15079726000.0,20329000.0,106.55,7.215,7.206,299621000.0,-2633071000.0,778267000.0,778267000.0,0.0,,,,,5982000.0,39403000.0,1.0,206282023.0,206348539.0,207027003.0,3.772,19418688000.0,0.0,-5843000.0,0.0,94.106,
11,DLR,MRQ,2018-09-30,2018-09-30,2018-09-30,2021-08-07,-103201000.0,21462110000.0,,,,,48.643,-282162000.0,54310000.0,54310000.0,245971000.0,90264000.0,,1.065,9179871000.0,,,9179871000.0,0.0,191445000.0,0.0,0.035,1.01,170880000.0,362325000.0,0.471,362325000.0,170880000.0,90029000.0,0.33,0.33,0.33,10026254000.0,,10026254000.0,32260869893.0,48.0,22.533,78599000.0,0.381,1.0,522953000.0,0.68,3373342000.0,80851000.0,27214329000.0,,0.0,0.0,,,10681095000.0,,,23181817893.0,17869000.0,-115000.0,2725000.0,95874000.0,-216604000.0,-74696000.0,-268196000.0,0.0,360761000.0,9409000.0,87597000.0,67268000.0,67268000.0,0.0,2667000.0,0.087,383888000.0,139065000.0,1059355000.0,3.061,2.312,85.225,84.571,14225697000.0,20329000.0,112.48,7.728,7.729,308709000.0,-2455189000.0,768924000.0,768924000.0,0.0,,,,,6349000.0,41642000.0,1.0,206097243.0,206118472.0,206766256.0,3.73,18088768000.0,0.0,2432000.0,0.0,87.759,
12,DLR,MRQ,2018-06-30,2018-06-30,2018-06-30,2021-08-07,-107070000.0,21411423000.0,,,,,49.236,-342077000.0,27032000.0,27032000.0,230322000.0,88159000.0,,1.042,9106084000.0,,,9106084000.0,0.0,192303000.0,0.0,0.035,1.01,166394000.0,358697000.0,0.475,358697000.0,166394000.0,87584000.0,0.32,0.32,0.32,10140378000.0,,10140378000.0,32098220403.0,55.0,24.725,94021000.0,0.457,1.0,524597000.0,0.695,3378325000.0,78810000.0,27112150000.0,,0.0,0.0,,,10561690000.0,,,22980208403.0,-2823000.0,-267000.0,-640000.0,151460000.0,-216509000.0,-90625000.0,-348296000.0,0.0,436098000.0,155000.0,85463000.0,65134000.0,65134000.0,0.0,2696000.0,0.086,380535000.0,144062000.0,1031794000.0,3.156,2.266,114.559,113.857,14134486000.0,20329000.0,111.58,8.09,8.09,282287000.0,-2314291000.0,754919000.0,754919000.0,0.0,,,,,8956000.0,46099000.0,1.0,205952755.0,205956005.0,206563079.0,3.665,18033098000.0,0.0,2121000.0,0.0,87.558,
13,DLR,MRQ,2018-03-31,2018-03-31,2018-03-31,2021-08-07,-103974000.0,21581917000.0,,,,,49.845,-152665000.0,29700000.0,29700000.0,225640000.0,110095000.0,,1.033,9147712000.0,,,9147712000.0,0.0,186431000.0,0.0,0.036,1.01,186986000.0,373417000.0,0.502,373417000.0,186986000.0,110001000.0,0.42,0.42,0.42,10253851000.0,,10253851000.0,30316674068.0,54.0,25.04,84325000.0,0.41,1.0,518728000.0,0.697,3405110000.0,76985000.0,27294819000.0,,0.0,0.0,,,10595502000.0,,,21681237068.0,16492000.0,-81000.0,2497000.0,396026000.0,-416458000.0,-43214000.0,-177284000.0,0.0,236990000.0,27000.0,106627000.0,86298000.0,86298000.0,0.0,3468000.0,0.116,374915000.0,143813000.0,1012490000.0,2.405,2.114,112.163,103.314,14089926000.0,20329000.0,105.38,8.176,8.175,309328000.0,-2177269000.0,744368000.0,744368000.0,0.0,,,,,5872000.0,36523000.0,1.0,205743377.0,205714173.0,206507476.0,3.618,18176807000.0,0.0,3374000.0,0.0,88.36,
14,DLR,MRQ,2017-12-31,2017-12-31,2017-12-31,2021-08-07,-108432000.0,21404345000.0,,,,,50.289,-778352000.0,13181000.0,13181000.0,137834000.0,79658000.0,,0.995,8648618000.0,,,8648618000.0,0.0,185767000.0,0.0,0.033,0.93,151500000.0,337267000.0,0.461,337267000.0,151500000.0,74180000.0,0.26,0.26,0.26,10349081000.0,,10349081000.0,31673821723.0,62.0,28.54,-436598000.0,-2.122,1.0,593611000.0,0.812,3389595000.0,77320000.0,26650187000.0,,0.0,0.0,,,10300993000.0,,,23399908723.0,-199773000.0,139335000.0,200000.0,128595000.0,810000.0,97656000.0,-639183000.0,0.0,341754000.0,2623000.0,73635000.0,53306000.0,53306000.0,0.0,6023000.0,0.073,476413000.0,117198000.0,980218000.0,3.577,2.261,135.144,115.051,13841186000.0,20329000.0,113.9,9.52,8.066,276347000.0,-2055552000.0,731445000.0,731445000.0,0.0,,,,,4931000.0,45520000.0,1.0,205442570.0,205793626.0,206467104.0,3.554,18014750000.0,0.0,545000.0,0.0,87.538,
15,DLR,MRQ,2017-09-30,2017-09-30,2017-09-30,2021-08-07,-116732000.0,21232498000.0,,,,,61.514,-277132000.0,210331000.0,210331000.0,222647000.0,12475000.0,,0.955,8484244000.0,,,8484244000.0,0.0,145104000.0,0.0,0.031,0.93,83737000.0,228841000.0,0.375,228841000.0,83737000.0,14929000.0,-0.02,-0.02,-0.02,10469279000.0,,10469279000.0,25588866028.0,50.0,24.275,-114893000.0,-0.675,1.0,387278000.0,0.635,3384394000.0,68808000.0,26122017000.0,,0.0,0.0,,,9994566000.0,,,19192560028.0,150712000.0,18785000.0,196616000.0,274700000.0,-198998000.0,242979000.0,-254506000.0,0.0,162239000.0,18305000.0,12435000.0,-4140000.0,-4140000.0,0.0,40000.0,-0.007,321121000.0,66157000.0,1024394000.0,-46.5,1.833,97.166,95.427,13460400000.0,16575000.0,118.33,8.333,8.744,258490000.0,-1915586000.0,609925000.0,609925000.0,0.0,,,,,5465000.0,43765000.0,1.0,162195217.0,170194254.0,170194254.0,3.584,17848104000.0,0.0,2494000.0,0.0,104.869,
16,DLR,MRQ,2017-06-30,2017-06-30,2017-06-30,2021-08-07,-110709000.0,12579571000.0,,,,,31.068,-242955000.0,41314000.0,41314000.0,202877000.0,79571000.0,,1.511,6437620000.0,,,6437620000.0,0.0,132318000.0,0.0,0.032,0.93,138872000.0,271190000.0,0.479,271190000.0,138872000.0,81290000.0,0.36,0.36,0.36,4996815000.0,,4996815000.0,24222508649.0,34.0,19.475,57291000.0,0.356,1.0,363112000.0,0.642,778862000.0,57582000.0,18197015000.0,,0.0,0.0,,,7548277000.0,,,18046576649.0,35806000.0,0.0,211769000.0,122555000.0,-153114000.0,-16544000.0,-247896000.0,0.0,300246000.0,-19889000.0,78651000.0,57837000.0,57837000.0,0.0,920000.0,0.102,232455000.0,130657000.0,850602000.0,2.583,3.612,46.393,44.644,9356596000.0,20814000.0,112.95,8.058,8.111,229450000.0,-1722610000.0,565989000.0,565989000.0,0.0,,,,,6061000.0,37509000.0,1.0,159774915.0,160832889.0,161781867.0,3.519,11800709000.0,0.0,2639000.0,0.0,73.372,
17,DLR,MRQ,2017-03-31,2017-03-31,2017-03-31,2021-08-07,-122540000.0,12329548000.0,,,,,31.585,-267944000.0,25397000.0,25397000.0,196258000.0,84563000.0,,1.443,6201329000.0,,,6201329000.0,0.0,131807000.0,0.0,0.034,0.93,141060000.0,272867000.0,0.496,272867000.0,141060000.0,85761000.0,0.42,0.41,0.42,5031463000.0,,5031463000.0,22761020749.0,33.0,18.719,-48878000.0,-0.307,1.0,354311000.0,0.644,757444000.0,55299000.0,17748036000.0,,0.0,0.0,,,7259103000.0,,,16944449749.0,607000.0,-5749000.0,2724000.0,307173000.0,-295105000.0,-2891000.0,-215568000.0,0.0,219066000.0,2754000.0,83538000.0,66145000.0,66145000.0,0.0,1025000.0,0.12,217028000.0,137283000.0,804371000.0,2.214,3.368,47.185,45.081,9188951000.0,17393000.0,106.39,7.742,7.744,195406000.0,-1629633000.0,550569000.0,550569000.0,0.0,,,,,4064000.0,34647000.0,1.0,159267316.0,159297027.0,160421655.0,3.456,11572104000.0,0.0,2223000.0,0.0,72.645,
18,DLR,MRQ,2016-12-31,2016-12-31,2016-12-31,2021-08-07,-135605000.0,12192585000.0,,,,,32.046,305249000.0,22036000.0,22036000.0,196365000.0,96140000.0,,1.385,5838607000.0,,,5838607000.0,0.0,131224000.0,0.0,0.036,0.88,150011000.0,281235000.0,0.488,281235000.0,150011000.0,97379000.0,0.48,0.48,0.48,5096015000.0,,5096015000.0,21593820712.0,32.0,18.119,589438000.0,3.707,1.0,380422000.0,0.66,752970000.0,52632000.0,17256186000.0,,0.0,0.0,,,7060288000.0,,,15616963712.0,-15107000.0,-513966000.0,-649000.0,-52254000.0,1000.0,-70118000.0,-229178000.0,0.0,284189000.0,-10987000.0,95075000.0,77682000.0,77682000.0,0.0,1065000.0,0.135,229300000.0,151122000.0,824878000.0,1.833,3.065,47.027,44.462,8996362000.0,17393000.0,98.26,7.29,6.878,203938000.0,-1547420000.0,576787000.0,576787000.0,0.0,,,,,3974000.0,41153000.0,1.0,158935108.0,159021831.0,159753200.0,3.627,11439615000.0,0.0,2304000.0,0.0,71.937,
19,DLR,MRQ,2016-09-30,2016-09-30,2016-09-30,2021-08-07,-131939000.0,12299035000.0,,,,,34.999,-765020000.0,48130000.0,48130000.0,197812000.0,222435000.0,,1.377,6024987000.0,,,6024987000.0,0.0,132845000.0,0.0,0.036,0.88,285637000.0,418482000.0,0.766,418482000.0,285637000.0,222908000.0,1.27,1.25,1.27,5158721000.0,,5158721000.0,20347110684.0,36.0,18.98,-534600000.0,-3.627,1.0,348481000.0,0.638,780099000.0,62729000.0,17495793000.0,,0.0,0.0,,,7102387000.0,,,14263242684.0,-4315000.0,11000.0,1088907000.0,-92396000.0,-131601000.0,540642000.0,-775377000.0,0.0,230420000.0,907000.0,219188000.0,187330000.0,187330000.0,0.0,3247000.0,0.343,232731000.0,115750000.0,823905000.0,0.693,2.765,66.537,68.879,9052316000.0,31858000.0,97.12,6.904,6.929,208097000.0,-1483220000.0,546293000.0,546293000.0,0.0,,,,,4275000.0,46135000.0,1.0,146862054.0,147397853.0,149384871.0,3.706,11518936000.0,0.0,3720000.0,0.0,78.149,
20,DLR,MRQ,2016-06-30,2016-06-30,2016-06-30,2021-08-07,-129657000.0,11292375000.0,,,,,29.217,-148860000.0,51538000.0,51538000.0,186997000.0,50944000.0,,1.624,6135406000.0,,,6135406000.0,0.0,127472000.0,0.0,0.032,0.88,115861000.0,243333000.0,0.473,243333000.0,115861000.0,52627000.0,0.19,0.19,0.19,4289820000.0,,4289820000.0,22108323180.0,57.0,25.11,67159000.0,0.457,1.0,327937000.0,0.637,330664000.0,63234000.0,17045579000.0,,0.0,0.0,,,6966733000.0,,,16002326180.0,2013000.0,0.0,108000.0,86707000.0,-131544000.0,-69092000.0,-144914000.0,0.0,216019000.0,-1208000.0,50375000.0,27951000.0,27951000.0,0.0,569000.0,0.054,215639000.0,112298000.0,598610000.0,4.632,3.73,244.09,259.5,8645169000.0,22424000.0,108.99,8.183,8.183,165867000.0,-1541265000.0,514934000.0,514934000.0,0.0,,,,,4880000.0,34189000.0,1.0,146823802.0,146824268.0,147808268.0,3.507,10961711000.0,0.0,2252000.0,0.0,74.659,
21,DLR,MRQ,2016-03-31,2016-03-31,2016-03-31,2021-08-07,-104252000.0,11421975000.0,,,,,30.067,-149450000.0,50733000.0,50733000.0,181499000.0,62333000.0,,1.583,6156730000.0,,,6156730000.0,0.0,127175000.0,0.0,0.039,0.88,121543000.0,248718000.0,0.493,248718000.0,121543000.0,63658000.0,0.27,0.27,0.27,4406798000.0,,4406798000.0,18821436220.0,41.0,20.094,31164000.0,0.213,1.0,322700000.0,0.64,330664000.0,57885000.0,17197308000.0,,0.0,0.0,,,6976765000.0,,,12962257220.0,-24329000.0,-11000.0,1805000.0,254593000.0,-258475000.0,-50815000.0,-154128000.0,0.0,180614000.0,0.0,61549000.0,39125000.0,39125000.0,0.0,784000.0,0.078,204584000.0,118116000.0,570652000.0,3.259,2.941,83.81,81.183,8828520000.0,22424000.0,88.49,6.965,6.969,180456000.0,-1440028000.0,504199000.0,504199000.0,0.0,,,,,4304000.0,31256000.0,1.0,146482735.0,146565564.0,147433194.0,3.44,11091311000.0,0.0,2109000.0,0.0,75.675,
22,DLR,MRQ,2015-12-31,2015-12-31,2015-12-31,2021-08-07,-100964000.0,11416063000.0,,,,,31.093,-339180000.0,75062000.0,75062000.0,183717000.0,-16573000.0,,1.52,5899037000.0,,,5899037000.0,0.0,118235000.0,0.0,0.045,0.85,43262000.0,161497000.0,0.323,161497000.0,43262000.0,-15576000.0,-0.32,-0.32,-0.32,4528379000.0,,4528379000.0,15779590384.0,31.0,16.28,-81547000.0,-0.56,1.0,316726000.0,0.633,330664000.0,58838000.0,16909374000.0,,0.0,0.0,,,6880926000.0,,,11066509384.0,31686000.0,-1766993000.0,919042000.0,1234845000.0,178000.0,1876313000.0,-2102260000.0,0.0,257633000.0,2316000.0,-15983000.0,-40039000.0,-40039000.0,0.0,-590000.0,-0.08,275316000.0,41410000.0,609708000.0,-2.656,2.444,50.935,48.166,8770212000.0,24056000.0,75.62,6.276,5.929,177398000.0,-1350089000.0,500443000.0,500443000.0,0.0,,,,,643000.0,35987000.0,1.0,146343684.0,145641931.0,144700253.0,3.436,11085399000.0,0.0,407000.0,0.0,76.114,
23,DLR,MRQ,2015-09-30,2015-09-30,2015-09-30,2021-08-07,-87988000.0,9501013000.0,,,,,29.415,-154993000.0,35498000.0,35498000.0,160491000.0,57842000.0,,1.368,4748579000.0,,,4748579000.0,0.0,119692000.0,0.0,0.052,0.85,107228000.0,226920000.0,0.52,226920000.0,107228000.0,58732000.0,0.28,0.28,0.28,3995479000.0,,3995479000.0,13772955443.0,29.0,14.666,29063000.0,0.214,1.0,275498000.0,0.632,0.0,48496000.0,14214094000.0,,0.0,0.0,,,5465362000.0,,,8872675443.0,-29647000.0,0.0,305000.0,-137987000.0,-118044000.0,-30321000.0,-183382000.0,0.0,184056000.0,0.0,56978000.0,38522000.0,38522000.0,0.0,864000.0,0.088,172962000.0,102536000.0,513555000.0,3.036,2.221,43.279,43.547,8143266000.0,18456000.0,65.32,5.297,5.297,157994000.0,-1185633000.0,435989000.0,435989000.0,0.0,,,,,-1766000.0,22755000.0,1.0,135833978.0,135832503.0,138259936.0,3.21,9501013000.0,0.0,1754000.0,0.0,69.947,
24,DLR,MRQ,2015-06-30,2015-06-30,2015-06-30,2021-08-07,-67324000.0,9586009000.0,,,,,28.333,-102464000.0,68546000.0,68546000.0,150439000.0,137997000.0,,1.48,4968826000.0,,,4968826000.0,0.0,115071000.0,0.0,0.05,0.85,184471000.0,299542000.0,0.713,299542000.0,184471000.0,138126000.0,0.86,0.86,0.86,3847845000.0,,3847845000.0,13823747124.0,25.0,13.761,113765000.0,0.838,1.0,269856000.0,0.642,0.0,46345000.0,14486289000.0,,0.0,0.0,,,5695816000.0,,,9055099124.0,21823000.0,0.0,159000.0,51438000.0,-117891000.0,-101617000.0,-92789000.0,0.0,216229000.0,0.0,135511000.0,117055000.0,117055000.0,0.0,2486000.0,0.279,162451000.0,107405000.0,516232000.0,0.988,2.353,32.832,32.847,8211247000.0,18456000.0,66.68,5.484,5.484,126734000.0,-1108701000.0,420295000.0,420295000.0,0.0,,,,,4518000.0,25613000.0,1.0,135799327.0,135810060.0,136499004.0,3.095,9586009000.0,0.0,2615000.0,0.0,70.584,
25,DLR,MRQ,2015-03-31,2015-03-31,2015-03-31,2021-08-07,-91562000.0,9408426000.0,,,,,28.116,-140543000.0,49263000.0,49263000.0,147826000.0,122325000.0,,1.455,4817911000.0,,,4817911000.0,0.0,111696000.0,0.0,0.051,0.85,169614000.0,281310000.0,0.692,281310000.0,169614000.0,121858000.0,0.75,0.75,0.75,3815457000.0,,3815457000.0,13569697270.0,29.0,14.599,-1621000.0,-0.012,1.0,258783000.0,0.636,0.0,47756000.0,14177074000.0,,0.0,0.0,,,5550565000.0,,,8949446270.0,-3992000.0,-7547000.0,334000.0,257419000.0,-232878000.0,6156000.0,-149070000.0,0.0,138922000.0,0.0,120183000.0,101728000.0,101728000.0,0.0,2142000.0,0.25,152499000.0,106284000.0,523948000.0,1.133,2.346,44.689,44.568,8158000000.0,18455000.0,65.96,5.482,5.483,112995000.0,-1110298000.0,406609000.0,406609000.0,0.0,,,,,2965000.0,21194000.0,1.0,135679901.0,135704525.0,136128800.0,2.996,9408426000.0,0.0,1675000.0,0.0,69.33,
26,DLR,MRQ,2014-12-31,2014-12-31,2014-12-31,2021-08-07,-48433000.0,9526784000.0,,,,,28.823,-221389000.0,52876000.0,52876000.0,150607000.0,-34795000.0,,1.436,4673127000.0,,,4673127000.0,0.0,115559000.0,0.0,0.05,0.83,15782000.0,131341000.0,0.319,131341000.0,15782000.0,-32636000.0,-0.39,-0.4,-0.39,3907447000.0,,3907447000.0,13673691363.0,34.0,16.036,-38068000.0,-0.281,1.0,261609000.0,0.635,0.0,48418000.0,14147035000.0,,0.0,0.0,,,5612546000.0,,,8984476363.0,3887000.0,13640000.0,-237000.0,18666000.0,41000.0,-140000.0,-179294000.0,31637000.0,183321000.0,0.0,-33837000.0,-52292000.0,-52292000.0,0.0,-958000.0,-0.127,271766000.0,-10157000.0,605923000.0,-2.128,2.299,67.696,66.3,8203287000.0,18455000.0,66.3,5.558,5.47,135931000.0,-1096607000.0,412216000.0,412216000.0,0.0,,,,,2530000.0,21480000.0,1.0,135512464.0,135568506.0,135990042.0,3.041,9526784000.0,0.0,1201000.0,0.0,70.273,
27,DLR,MRQ,2014-09-30,2014-09-30,2014-09-30,2021-08-07,-20470000.0,9722007000.0,,,,,29.98,-237725000.0,50514000.0,50514000.0,156659000.0,130161000.0,,1.383,4739729000.0,,,4739729000.0,0.0,115620000.0,0.0,0.052,0.83,176738000.0,292358000.0,0.709,292358000.0,176738000.0,128947000.0,0.81,0.8,0.81,4062108000.0,,4062108000.0,13191057617.0,27.0,14.224,-80422000.0,-0.594,1.0,255527000.0,0.62,0.0,47791000.0,14411222000.0,,0.0,0.0,,,5618447000.0,,,8452526617.0,-43271000.0,167525000.0,0.0,-1568000.0,-114963000.0,-139504000.0,-61070000.0,1000.0,157303000.0,0.0,127769000.0,109314000.0,109314000.0,0.0,2392000.0,0.265,174620000.0,80907000.0,648314000.0,1.025,2.081,37.075,36.267,8490835000.0,18455000.0,62.38,5.332,5.332,140463000.0,-931777000.0,412186000.0,412186000.0,0.0,,,,,2849000.0,20709000.0,1.0,135500587.0,135492618.0,135946533.0,3.042,9722007000.0,0.0,1178000.0,0.0,71.753,
28,DLR,MRQ,2014-06-30,2014-06-30,2014-06-30,2021-08-07,14962000.0,9910231000.0,,,,,30.58,-169154000.0,120704000.0,120704000.0,147391000.0,61332000.0,,1.412,4859235000.0,,,4859235000.0,0.0,113883000.0,0.0,0.055,0.83,110589000.0,224472000.0,0.559,224472000.0,110589000.0,61360000.0,0.31,0.31,0.31,4091722000.0,,4091722000.0,12787606669.0,25.0,13.668,29699000.0,0.222,1.0,254055000.0,0.633,0.0,49229000.0,14648762000.0,,0.0,0.0,,,5775950000.0,,,7893309669.0,10684000.0,-10063000.0,199000.0,69112000.0,-114885000.0,-11897000.0,-176272000.0,2000.0,198853000.0,0.0,60339000.0,41510000.0,41510000.0,0.0,993000.0,0.103,160836000.0,93219000.0,636783000.0,2.677,1.929,30.648,29.307,8574080000.0,18829000.0,58.32,5.085,5.027,161495000.0,-928626000.0,401446000.0,401446000.0,0.0,,,,,3655000.0,20321000.0,1.0,135344816.0,133802622.0,133977885.0,3.0,9910231000.0,0.0,1021000.0,0.0,74.066,
29,DLR,MRQ,2014-03-31,2014-03-31,2014-03-31,2021-08-07,13947000.0,9805394000.0,,,,,29.807,-224118000.0,113084000.0,113084000.0,140021000.0,46717000.0,,1.548,5007381000.0,,,5007381000.0,0.0,111142000.0,0.0,0.06,0.83,93397000.0,204539000.0,0.524,204539000.0,93397000.0,47750000.0,0.27,0.26,0.27,3831233000.0,,3831233000.0,11682440717.0,23.0,12.781,-107707000.0,-0.838,1.0,250569000.0,0.642,0.0,45647000.0,14699691000.0,,0.0,0.0,,,5929674000.0,,,6817718717.0,13434000.0,844000.0,38000.0,58603000.0,-211887000.0,124567000.0,-227544000.0,-5000.0,116411000.0,0.0,45912000.0,34186000.0,34186000.0,0.0,805000.0,0.088,163965000.0,86604000.0,614645000.0,3.074,1.78,25.912,25.893,8441700000.0,11726000.0,53.08,4.502,4.505,181433000.0,-857779000.0,390590000.0,390590000.0,0.0,,,,,8985000.0,30678000.0,1.0,128442327.0,128535995.0,129136961.0,3.039,9805394000.0,0.0,1838000.0,0.0,76.285,
30,DLR,MRQ,2013-12-31,2013-12-31,2013-12-31,2021-08-07,10691000.0,9626830000.0,,,,,28.108,-322685000.0,97170000.0,97170000.0,139007000.0,55667000.0,,1.656,4961892000.0,,,4961892000.0,0.0,105885000.0,0.0,0.064,0.78,100134000.0,206019000.0,0.541,206019000.0,100134000.0,54230000.0,0.33,0.33,0.33,3610516000.0,,3610516000.0,10991661881.0,22.0,12.175,-120375000.0,-0.937,1.0,241924000.0,0.635,0.0,45904000.0,14491552000.0,,0.0,0.0,,,5980318000.0,,,6308839881.0,-1224000.0,-6140000.0,-230000.0,139965000.0,0.0,124574000.0,-328108000.0,0.0,202310000.0,0.0,54703000.0,42977000.0,42977000.0,0.0,964000.0,0.113,145618000.0,96306000.0,662687000.0,2.364,1.747,23.23,23.17,8384086000.0,11726000.0,49.12,4.256,4.24,122248000.0,-785222000.0,380931000.0,380931000.0,0.0,,,,,2183000.0,15536000.0,1.0,128437294.0,128450279.0,128643257.0,2.966,9626830000.0,0.0,-473000.0,0.0,74.946,
31,DLR,MRQ,2013-09-30,2013-09-30,2013-09-30,2021-08-07,-10327000.0,9426041000.0,,,,,28.37,-342783000.0,97575000.0,97575000.0,155308000.0,153480000.0,,1.577,4780397000.0,,,4780397000.0,0.0,101710000.0,0.0,0.058,0.78,198819000.0,300529000.0,0.792,300529000.0,198819000.0,150950000.0,1.08,1.06,1.08,3643482000.0,,3643482000.0,11454562545.0,23.0,13.001,-164210000.0,-1.279,1.0,224148000.0,0.591,0.0,47869000.0,14108863000.0,,0.0,0.0,,,5745472000.0,,,6819551545.0,30858000.0,326926000.0,180000.0,13836000.0,-102506000.0,-127462000.0,-20253000.0,0.0,178573000.0,0.0,150598000.0,138872000.0,138872000.0,0.0,2882000.0,0.366,139914000.0,84234000.0,652720000.0,0.722,1.872,24.942,24.698,8128427000.0,11726000.0,53.1,4.7,4.7,191715000.0,-728012000.0,379456000.0,379456000.0,0.0,,,,,2876000.0,16275000.0,1.0,128428466.0,128427444.0,135301765.0,2.955,9426041000.0,0.0,352000.0,0.0,73.396,
32,DLR,MRQ,2013-06-30,2013-06-30,2013-06-30,2021-08-07,-64010000.0,9184859000.0,,,,,27.621,-357698000.0,63237000.0,63237000.0,126080000.0,59621000.0,,1.579,4698248000.0,,,4698248000.0,0.0,96711000.0,0.0,0.05,0.78,106269000.0,202980000.0,0.558,202980000.0,106269000.0,58686000.0,0.37,0.37,0.37,3547111000.0,,3547111000.0,12429352062.0,31.0,16.322,-171232000.0,-1.333,1.0,237422000.0,0.653,0.0,47583000.0,13819870000.0,,0.0,0.0,,,5601589000.0,,,7833287062.0,-17870000.0,-7000.0,42000.0,35015000.0,-102507000.0,152274000.0,-356610000.0,-4551000.0,186466000.0,0.0,58476000.0,47077000.0,47077000.0,0.0,1145000.0,0.13,137798000.0,99624000.0,617766000.0,2.108,2.208,43.479,42.361,7958511000.0,11399000.0,61.0,5.539,5.54,159847000.0,-766704000.0,363502000.0,363502000.0,0.0,,,,,3581000.0,17891000.0,1.0,128414542.0,128419745.0,128623076.0,2.831,9184859000.0,0.0,210000.0,0.0,71.522,
33,DLR,MRQ,2013-03-31,2013-03-31,2013-03-31,2021-08-07,-72473000.0,8971492000.0,,,,,26.459,-336666000.0,86059000.0,86059000.0,126522000.0,51681000.0,,1.671,4682124000.0,,,4682124000.0,0.0,93286000.0,0.0,0.044,0.78,99992000.0,193278000.0,0.539,193278000.0,99992000.0,51914000.0,0.34,0.34,0.34,3345627000.0,,3345627000.0,12557107734.0,33.0,17.358,-247625000.0,-1.958,1.0,231848000.0,0.647,0.0,48078000.0,13567557000.0,,0.0,0.0,,,5589544000.0,,,8378873734.0,-14151000.0,-5647000.0,8000.0,461678000.0,-195940000.0,252446000.0,-355638000.0,-12549000.0,89041000.0,0.0,50711000.0,42657000.0,42657000.0,0.0,970000.0,0.119,131962000.0,99886000.0,613537000.0,2.294,2.504,47.85,46.145,7722993000.0,8054000.0,66.91,6.187,6.247,177951000.0,-713612000.0,358370000.0,358370000.0,0.0,,,,,2887000.0,15951000.0,1.0,125226031.0,126445285.0,126738339.0,2.834,8971492000.0,0.0,1203000.0,0.0,70.952,
34,DLR,MRQ,2012-12-31,2012-12-31,2012-12-31,2021-08-07,-12191000.0,8819214000.0,,,,,27.996,-357649000.0,100331000.0,100331000.0,126828000.0,55895000.0,,1.534,4278565000.0,,,4278565000.0,0.0,89325000.0,0.0,0.043,0.73,94926000.0,184251000.0,0.527,184251000.0,94926000.0,54576000.0,0.36,0.36,0.36,3468305000.0,,3468305000.0,12335278752.0,33.0,17.977,-171237000.0,-1.382,1.0,222908000.0,0.637,0.0,40350000.0,12997448000.0,,0.0,0.0,,,5320830000.0,,,8374537752.0,-19834000.0,-17758000.0,22000.0,193550000.0,1000.0,184759000.0,-391005000.0,0.0,186412000.0,0.0,54566000.0,44815000.0,44815000.0,0.0,1329000.0,0.128,129321000.0,93587000.0,646427000.0,2.028,2.415,48.785,45.872,7603136000.0,9751000.0,67.89,6.547,6.142,168286000.0,-656104000.0,349736000.0,349736000.0,0.0,,,,,2709000.0,13441000.0,1.0,123354511.0,123884132.0,124200645.0,2.823,8819214000.0,0.0,10000.0,0.0,71.189,
35,DLR,MRQ,2012-09-30,2012-09-30,2012-09-30,2021-08-07,-24524000.0,8512598000.0,,,,,28.514,-1431892000.0,119332000.0,119332000.0,124642000.0,56921000.0,,1.433,4080073000.0,,,4080073000.0,0.0,83869000.0,0.0,0.041,0.73,97149000.0,181018000.0,0.529,181018000.0,97149000.0,56102000.0,0.37,0.37,0.37,3479443000.0,,3479443000.0,11838369522.0,33.0,18.246,-1306556000.0,-10.707,1.0,217837000.0,0.636,0.0,41047000.0,12473339000.0,,0.0,0.0,,,4985042000.0,,,8521256522.0,28338000.0,-6477000.0,833043000.0,648931000.0,-93076000.0,1341498000.0,-1438496000.0,0.0,125336000.0,0.0,55392000.0,45615000.0,45615000.0,0.0,1529000.0,0.133,120762000.0,97075000.0,616042000.0,1.973,2.449,52.33,47.842,7314110000.0,9777000.0,69.85,7.101,7.103,146025000.0,-610337000.0,342479000.0,342479000.0,0.0,,,,,2741000.0,14409000.0,1.0,121993651.0,122026421.0,122353511.0,2.807,8512598000.0,0.0,710000.0,0.0,69.76,
36,DLR,MRQ,2012-06-30,2012-06-30,2012-06-30,2021-08-07,-55701000.0,6717113000.0,,,,,24.489,-311317000.0,83099000.0,83099000.0,103345000.0,53968000.0,,1.48,3400212000.0,,,3400212000.0,0.0,73654000.0,0.0,0.038,0.73,91221000.0,164875000.0,0.543,164875000.0,91221000.0,53540000.0,0.38,0.38,0.38,2687964000.0,,2687964000.0,11473811224.0,34.0,18.975,-150654000.0,-1.373,1.0,200359000.0,0.66,0.0,37681000.0,10034226000.0,,0.0,0.0,,,3978929000.0,,,8272016224.0,21534000.0,-26796000.0,707000.0,129023000.0,-83981000.0,190474000.0,-329603000.0,0.0,160663000.0,0.0,52334000.0,42021000.0,42021000.0,0.0,1634000.0,0.138,111910000.0,88449000.0,372974000.0,1.921,3.077,55.468,53.241,5795798000.0,10313000.0,75.07,7.314,7.286,96609000.0,-566273000.0,303704000.0,303704000.0,0.0,,,,,3774000.0,15109000.0,1.0,110190705.0,109761017.0,110166082.0,2.767,6717113000.0,0.0,1206000.0,0.0,61.198,
37,DLR,MRQ,2012-03-31,2012-03-31,2012-03-31,2021-08-07,-37175000.0,6418061000.0,,,,,23.947,-305033000.0,70053000.0,70053000.0,95887000.0,49263000.0,,1.476,3271848000.0,,,3271848000.0,0.0,69216000.0,0.0,0.037,0.73,86793000.0,156009000.0,0.551,156009000.0,86793000.0,48763000.0,0.37,0.36,0.37,2564703000.0,,2564703000.0,10771357715.0,34.0,18.667,-234496000.0,-2.19,1.0,187261000.0,0.661,0.0,38030000.0,9619856000.0,,0.0,0.0,,,3785077000.0,,,7926943715.0,-14388000.0,-3796000.0,64644000.0,326027000.0,-157373000.0,231904000.0,-316829000.0,0.0,70537000.0,0.0,48042000.0,39211000.0,39211000.0,0.0,1221000.0,0.138,101345000.0,85916000.0,313968000.0,1.973,3.091,56.988,54.39,5541541000.0,8831000.0,73.97,7.238,7.234,91132000.0,-527816000.0,283148000.0,283148000.0,0.0,,,,,3407000.0,14250000.0,1.0,107164306.0,107099856.0,107584856.0,2.644,6418061000.0,0.0,721000.0,0.0,59.926,
38,DLR,MRQ,2011-12-31,2011-12-31,2011-12-31,2021-08-07,-55880000.0,6098566000.0,,,,,23.98,-257302000.0,95796000.0,95796000.0,91156000.0,47197000.0,,1.394,2940210000.0,,,2940210000.0,0.0,65525000.0,0.0,0.041,0.68,81408000.0,146933000.0,0.543,146933000.0,81408000.0,44552000.0,0.34,0.35,0.34,2522917000.0,,2522917000.0,9700386515.0,32.0,17.554,-136444000.0,-1.297,1.0,179456000.0,0.663,0.0,36856000.0,8942980000.0,,0.0,0.0,,,3518155000.0,,,6997308515.0,1899000.0,-5757000.0,44217000.0,98020000.0,0.0,120158000.0,-239117000.0,0.0,120858000.0,0.0,45716000.0,35990000.0,35990000.0,0.0,1481000.0,0.133,98157000.0,81299000.0,315133000.0,2.0,2.773,53.468,50.128,5242515000.0,9726000.0,66.67,6.584,6.174,90580000.0,-488692000.0,270612000.0,270612000.0,0.0,,,,,3167000.0,12542000.0,1.0,104954380.0,105208667.0,104729046.0,2.572,6098566000.0,0.0,-1164000.0,0.0,57.966,
39,DLR,MRQ,2011-09-30,2011-09-30,2011-09-30,2021-08-07,-50993000.0,5826412000.0,,,,,25.016,-250863000.0,93962000.0,93962000.0,95219000.0,37689000.0,,1.291,2797040000.0,,,2797040000.0,0.0,62979000.0,0.0,0.047,0.68,73883000.0,136862000.0,0.5,136862000.0,73883000.0,36805000.0,0.32,0.31,0.32,2516343000.0,,2516343000.0,8464332359.0,29.0,15.785,-160488000.0,-1.595,1.0,178257000.0,0.652,0.0,37078000.0,8529490000.0,,0.0,0.0,,,3249532000.0,,,5481583359.0,10832000.0,-138000.0,240399000.0,-252863000.0,-73247000.0,181121000.0,-260664000.0,0.0,90375000.0,0.0,36344000.0,31908000.0,31908000.0,0.0,1345000.0,0.117,106631000.0,71626000.0,289560000.0,2.125,2.178,45.778,43.433,5001662000.0,4436000.0,55.16,5.318,5.383,90647000.0,-452590000.0,273476000.0,273476000.0,0.0,,,,,3561000.0,14600000.0,1.0,99376058.0,100588235.0,101912342.0,2.719,5826412000.0,0.0,461000.0,0.0,57.923,
40,DLR,MRQ,2011-06-30,2011-06-30,2011-06-30,2021-08-07,-16169000.0,5658405000.0,,,,,21.508,-190303000.0,84828000.0,84828000.0,86299000.0,38228000.0,,1.702,3067577000.0,,,3067577000.0,0.0,60961000.0,0.0,0.039,0.68,76270000.0,137231000.0,0.512,137231000.0,76270000.0,36936000.0,0.33,0.33,0.33,2071152000.0,,2071152000.0,8830726528.0,31.0,17.187,-65069000.0,-0.676,1.0,181582000.0,0.678,0.0,39334000.0,8641154000.0,,0.0,0.0,,,3524591000.0,,,5879501528.0,-16468000.0,-125000.0,176036000.0,7206000.0,-70577000.0,51762000.0,-193464000.0,0.0,125234000.0,0.0,36703000.0,31990000.0,31990000.0,0.0,1525000.0,0.119,104862000.0,76720000.0,284284000.0,2.061,2.839,60.319,58.283,4852510000.0,4713000.0,61.78,5.91,5.98,83672000.0,-414668000.0,267881000.0,267881000.0,0.0,,,,,3680000.0,14077000.0,1.0,95168364.0,96295585.0,97511811.0,2.782,5658405000.0,0.0,233000.0,0.0,58.761,
41,DLR,MRQ,2011-03-31,2011-03-31,2011-03-31,2021-08-07,-23570000.0,5537345000.0,,,,,21.26,-135110000.0,104204000.0,104204000.0,85194000.0,39012000.0,,1.8,3055429000.0,,,3055429000.0,0.0,57559000.0,0.0,0.038,0.68,74012000.0,131571000.0,0.525,131571000.0,74012000.0,37930000.0,0.34,0.33,0.34,1943795000.0,,1943795000.0,8048843358.0,31.0,16.86,-70621000.0,-0.772,1.0,165547000.0,0.66,0.0,36082000.0,8488570000.0,,0.0,0.0,,,3498272000.0,,,5313670358.0,32649000.0,-119000.0,6600000.0,237723000.0,-117462000.0,105717000.0,-137557000.0,0.0,64489000.0,0.0,37502000.0,30980000.0,30980000.0,0.0,1510000.0,0.124,90882000.0,74665000.0,265714000.0,2.0,2.734,71.253,69.214,4734704000.0,6522000.0,58.14,5.748,5.751,78992000.0,-379627000.0,250741000.0,250741000.0,0.0,,,,,3022000.0,12405000.0,1.0,91394399.0,91428355.0,92600215.0,2.742,5537345000.0,0.0,428000.0,0.0,60.565,
42,DLR,MRQ,2010-12-31,2010-12-31,2010-12-31,2021-08-07,-42081000.0,5329483000.0,,,,,21.621,-278110000.0,71781000.0,71781000.0,74765000.0,36298000.0,,1.669,2806954000.0,,,2806954000.0,0.0,58512000.0,0.0,0.039,0.53,72062000.0,130574000.0,0.547,130574000.0,72062000.0,35479000.0,0.28,0.28,0.28,1962518000.0,,1962518000.0,7255957378.0,30.0,16.185,-159402000.0,-1.756,1.0,163907000.0,0.687,0.0,36583000.0,8064656000.0,,0.0,0.0,,,3274820000.0,,,4662401378.0,-54774000.0,-223000.0,64153000.0,109378000.0,0.0,104846000.0,-278328000.0,0.0,118708000.0,0.0,35221000.0,24865000.0,24865000.0,0.0,1077000.0,0.104,91347000.0,72560000.0,237631000.0,1.893,2.376,79.919,74.696,4584477000.0,10356000.0,51.54,5.388,5.019,70337000.0,-348148000.0,238672000.0,238672000.0,0.0,,,,,1187000.0,12225000.0,1.0,90461804.0,90768608.0,91642269.0,2.629,5329483000.0,0.0,258000.0,0.0,58.715,
43,DLR,MRQ,2010-09-30,2010-09-30,2010-09-30,2021-08-07,-41590000.0,5170899000.0,,,,,22.29,-870942000.0,128043000.0,128043000.0,87893000.0,23626000.0,,1.593,2721599000.0,,,2721599000.0,0.0,54323000.0,0.0,0.031,0.53,60116000.0,114439000.0,0.482,114439000.0,60116000.0,23379000.0,0.11,0.11,0.11,1959469000.0,,1959469000.0,7132914252.0,33.0,17.461,-773693000.0,-8.801,1.0,149593000.0,0.63,0.0,36737000.0,7764455000.0,,0.0,0.0,,,3122030000.0,,,5386641252.0,-276130000.0,-10354000.0,89780000.0,574280000.0,-49960000.0,499507000.0,-872886000.0,0.0,97249000.0,0.0,23036000.0,9639000.0,9639000.0,0.0,590000.0,0.041,89192000.0,60401000.0,221209000.0,4.818,2.749,112.786,104.576,4349465000.0,13397000.0,61.7,6.763,6.81,83309000.0,-324716000.0,237486000.0,237486000.0,0.0,,,,,3574000.0,11878000.0,1.0,87303748.0,87908953.0,90136912.0,2.701,5170899000.0,0.0,343000.0,0.0,58.821,
44,DLR,MRQ,2010-06-30,2010-06-30,2010-06-30,2021-08-07,-65747000.0,4501032000.0,,,,,24.274,-117807000.0,378437000.0,378437000.0,66683000.0,19902000.0,,1.263,2124710000.0,,,2124710000.0,0.0,47915000.0,0.0,0.031,0.48,52888000.0,100803000.0,0.51,100803000.0,52888000.0,19726000.0,0.11,0.11,0.11,1955110000.0,,1955110000.0,6587694644.0,32.0,17.35,-31935000.0,-0.396,1.0,130781000.0,0.662,0.0,33162000.0,6247305000.0,,0.0,0.0,,,2469143000.0,,,4510439644.0,291814000.0,0.0,408010000.0,7704000.0,-44442000.0,349673000.0,-143731000.0,0.0,85872000.0,0.0,19192000.0,9091000.0,9091000.0,0.0,710000.0,0.046,76631000.0,54150000.0,196491000.0,4.364,2.307,89.268,90.125,3548642000.0,10101000.0,57.68,6.245,6.432,52174000.0,-287331000.0,197464000.0,197464000.0,0.0,,,,,3906000.0,12574000.0,1.0,78197636.0,80542329.0,83021817.0,2.452,4501032000.0,0.0,534000.0,0.0,55.884,
45,DLR,MRQ,2010-03-31,2010-03-31,2010-03-31,2021-08-07,-47557000.0,4147586000.0,,,,,20.248,-441877000.0,90954000.0,90954000.0,65316000.0,25586000.0,,1.587,2168209000.0,,,2168209000.0,0.0,46025000.0,0.0,0.03,0.48,56463000.0,102488000.0,0.534,102488000.0,56463000.0,25561000.0,0.19,0.18,0.19,1574687000.0,,1574687000.0,5895514281.0,30.0,16.343,-384677000.0,-4.946,1.0,126463000.0,0.659,0.0,30902000.0,6224841000.0,,0.0,0.0,,,2499081000.0,,,4221200281.0,-21511000.0,0.0,57496000.0,399678000.0,-77147000.0,364044000.0,-442755000.0,0.0,57200000.0,0.0,24845000.0,14744000.0,14744000.0,0.0,741000.0,0.077,71268000.0,55195000.0,165615000.0,2.526,2.681,81.637,82.121,3501382000.0,10101000.0,54.2,6.21,6.201,54090000.0,-254639000.0,191779000.0,191779000.0,0.0,,,,,2695000.0,10519000.0,1.0,77881924.0,77770691.0,80742110.0,2.466,4147586000.0,0.0,716000.0,0.0,53.331,
46,DLR,MRQ,2009-12-31,2009-12-31,2009-12-31,2021-08-07,-27947000.0,3745059000.0,,,,,20.337,-167951000.0,110130000.0,110130000.0,52235000.0,24897000.0,,1.354,1784444000.0,,,1784444000.0,0.0,41971000.0,0.0,0.029,0.45,48815000.0,90786000.0,0.535,90786000.0,48815000.0,24364000.0,0.18,0.18,0.18,1558995000.0,,1558995000.0,5368727131.0,30.0,16.075,-102866000.0,-1.342,1.0,117539000.0,0.692,0.0,24451000.0,5419373000.0,,0.0,0.0,,,2110258000.0,,,3847422131.0,31168000.0,0.0,2073000.0,136840000.0,0.0,126502000.0,-160419000.0,0.0,65085000.0,0.0,24387000.0,14286000.0,14286000.0,0.0,510000.0,0.084,67455000.0,50084000.0,151229000.0,2.5,2.468,81.413,81.097,3157193000.0,10101000.0,50.28,6.039,5.994,46086000.0,-231871000.0,169774000.0,169774000.0,0.0,,,,,2714000.0,10008000.0,1.0,76519931.0,76657209.0,78733167.0,2.215,3745059000.0,0.0,-23000.0,0.0,48.855,
47,DLR,MRQ,2009-09-30,2009-09-30,2009-09-30,2021-08-07,-26471000.0,3532418000.0,,,,,20.627,-97732000.0,77965000.0,77965000.0,54573000.0,23945000.0,,1.193,1599270000.0,,,1599270000.0,0.0,40225000.0,0.0,0.03,0.36,45399000.0,85624000.0,0.525,85624000.0,45399000.0,22840000.0,0.16,0.16,0.16,1573859000.0,,1573859000.0,4900056011.0,29.0,15.359,-22490000.0,-0.295,1.0,108654000.0,0.666,0.0,22559000.0,5053723000.0,,0.0,0.0,,,1878259000.0,,,3480542011.0,-28164000.0,0.0,3747000.0,58994000.0,-29575000.0,-5064000.0,-98342000.0,0.0,75242000.0,0.0,22507000.0,12406000.0,12406000.0,0.0,1438000.0,0.076,62998000.0,45656000.0,153072000.0,2.25,2.211,74.426,72.556,2997289000.0,10101000.0,45.71,5.664,5.676,45404000.0,-211596000.0,163227000.0,163227000.0,0.0,,,,,2660000.0,10351000.0,1.0,76143995.0,76301577.0,77674137.0,2.139,3532418000.0,0.0,333000.0,0.0,46.295,
48,DLR,MRQ,2009-06-30,2009-06-30,2009-06-30,2021-08-07,-27456000.0,3444708000.0,,,,,20.821,-127653000.0,99992000.0,99992000.0,51450000.0,21203000.0,,1.119,1519506000.0,,,1519506000.0,0.0,38677000.0,0.0,0.036,0.33,43159000.0,81836000.0,0.528,81836000.0,43159000.0,20664000.0,0.13,0.13,0.13,1584948000.0,,1584948000.0,4058122302.0,26.0,13.642,-25549000.0,-0.336,1.0,103557000.0,0.668,0.0,22495000.0,4864222000.0,,0.0,0.0,,,1773344000.0,,,2728604302.0,-9620000.0,0.0,454000.0,57511000.0,-27064000.0,16716000.0,-128440000.0,0.0,102104000.0,0.0,20372000.0,10271000.0,10271000.0,0.0,831000.0,0.066,60711000.0,42846000.0,127279000.0,2.538,1.722,65.211,61.81,2905351000.0,10101000.0,35.85,4.599,4.6,40195000.0,-196500000.0,155007000.0,155007000.0,0.0,,,,,2675000.0,9958000.0,1.0,76111696.0,76121380.0,76851202.0,2.036,3444708000.0,0.0,292000.0,0.0,45.253,
49,DLR,MRQ,2009-03-31,2009-03-31,2009-03-31,2021-08-07,-58827000.0,3351613000.0,,,,,20.951,-137046000.0,110170000.0,110170000.0,51784000.0,21189000.0,,1.09,1439688000.0,,,1439688000.0,0.0,35955000.0,0.0,0.039,0.33,39769000.0,75724000.0,0.508,75724000.0,39769000.0,20832000.0,0.14,0.14,0.14,1565107000.0,,1565107000.0,3794689967.0,26.0,13.953,-95668000.0,-1.281,1.0,97350000.0,0.653,0.0,18937000.0,4681131000.0,,0.0,0.0,,,1705537000.0,,,2517820967.0,5602000.0,0.0,83801000.0,64638000.0,-53145000.0,96932000.0,-132708000.0,0.0,41378000.0,0.0,20396000.0,10295000.0,10295000.0,0.0,793000.0,0.069,58147000.0,39203000.0,139606000.0,2.357,1.609,72.631,66.36,2817399000.0,10101000.0,33.18,4.48,4.41,37923000.0,-181645000.0,149134000.0,149134000.0,0.0,,,,,1780000.0,10102000.0,1.0,75883694.0,74703755.0,74895168.0,1.996,3351613000.0,0.0,436000.0,0.0,44.865,
50,DLR,MRQ,2008-12-31,2008-12-31,2008-12-31,2021-08-07,-49503000.0,3281045000.0,,,,,20.59,-166256000.0,118804000.0,118804000.0,49431000.0,25133000.0,,1.134,1385074000.0,,,1385074000.0,0.0,34074000.0,0.0,0.038,0.33,41782000.0,75856000.0,0.516,75856000.0,41782000.0,24035000.0,0.2,0.19,0.2,1503921000.0,,1503921000.0,3593525333.0,28.0,14.47,-71985000.0,-0.986,1.0,97675000.0,0.664,0.0,17747000.0,4547315000.0,,0.0,0.0,,,1705969000.0,,,2397182333.0,31356000.0,-20612000.0,519000.0,131223000.0,-10000.0,116798000.0,-179713000.0,0.0,94271000.0,0.0,23895000.0,13793000.0,13793000.0,0.0,1238000.0,0.094,57106000.0,40569000.0,171176000.0,1.65,1.594,89.816,84.231,2748220000.0,10102000.0,32.85,4.545,4.287,39108000.0,-166863000.0,147106000.0,147106000.0,0.0,,,,,2062000.0,7922000.0,1.0,72973587.0,73041978.0,73420604.0,2.014,3281045000.0,0.0,140000.0,0.0,44.92,
51,DLR,MRQ,2008-09-30,2008-09-30,2008-09-30,2021-08-07,-19918000.0,3158885000.0,,,,,21.538,-140873000.0,87375000.0,87375000.0,48548000.0,18419000.0,,1.014,1283718000.0,,,1283718000.0,0.0,30591000.0,0.0,0.026,0.31,33456000.0,64047000.0,0.451,64047000.0,33456000.0,17740000.0,0.11,0.1,0.11,1527375000.0,,1527375000.0,4702929520.0,42.0,21.46,-90690000.0,-1.279,1.0,93468000.0,0.658,0.0,15716000.0,4355228000.0,,0.0,0.0,,,1548110000.0,,,3398470520.0,22214000.0,0.0,222866000.0,-60197000.0,-24259000.0,117985000.0,-145954000.0,0.0,50183000.0,0.0,17586000.0,7484000.0,7484000.0,0.0,833000.0,0.053,59810000.0,33658000.0,151851000.0,2.818,2.225,314.79,295.312,2635259000.0,10102000.0,47.25,6.989,6.891,53809000.0,-151727000.0,142016000.0,142016000.0,0.0,,,,,3825000.0,11261000.0,1.0,71925302.0,70916019.0,73338871.0,2.003,3158885000.0,0.0,154000.0,0.0,44.544,
52,DLR,MRQ,2008-06-30,2008-06-30,2008-06-30,2021-08-07,18129000.0,3070850000.0,,,,,20.765,-203398000.0,56713000.0,56713000.0,44465000.0,13550000.0,,1.187,1361172000.0,,,1361172000.0,0.0,27450000.0,0.0,0.03,0.31,28878000.0,56328000.0,0.455,56328000.0,28878000.0,13922000.0,0.05,0.05,0.05,1368173000.0,,1368173000.0,3811124563.0,38.0,19.163,-147883000.0,-2.244,1.0,79311000.0,0.641,0.0,14956000.0,4375309000.0,,0.0,0.0,,,1623801000.0,,,2692248563.0,-14603000.0,-610000.0,1354000.0,169040000.0,-22444000.0,138713000.0,-208831000.0,0.0,55515000.0,0.0,13196000.0,3094000.0,3094000.0,0.0,354000.0,0.025,50477000.0,28834000.0,147132000.0,6.2,1.968,871.842,818.2,2574294000.0,10102000.0,40.91,5.996,6.003,47469000.0,-137319000.0,123776000.0,123776000.0,0.0,,,,,2323000.0,9686000.0,1.0,65809058.0,65889122.0,68068600.0,1.879,3070850000.0,0.0,726000.0,0.0,46.606,
53,DLR,MRQ,2008-03-31,2008-03-31,2008-03-31,2021-08-07,10270000.0,2895036000.0,,,,,20.892,-114699000.0,71815000.0,71815000.0,39805000.0,10816000.0,,1.057,1190691000.0,,,1190691000.0,0.0,26249000.0,0.0,0.034,0.31,25868000.0,52117000.0,0.455,52117000.0,25868000.0,10666000.0,0.04,0.03,0.04,1367026000.0,,1367026000.0,3617005520.0,39.0,19.656,-96860000.0,-1.48,1.0,74742000.0,0.653,0.0,15202000.0,4013912000.0,,0.0,0.0,,,1444294000.0,,,2321921520.0,3015000.0,0.0,152000.0,-187940000.0,-44763000.0,98429000.0,-113253000.0,0.0,17839000.0,0.0,10577000.0,2319000.0,2319000.0,0.0,239000.0,0.02,49448000.0,25294000.0,136416000.0,7.75,1.699,898.229,887.5,2387446000.0,8258000.0,35.5,5.518,5.52,46419000.0,-120535000.0,114547000.0,114547000.0,0.0,,,,,1595000.0,8783000.0,1.0,65406240.0,65431586.0,67142783.0,1.751,2895036000.0,0.0,89000.0,0.0,44.245,
54,DLR,MRQ,2007-12-31,2007-12-31,2007-12-31,2021-08-07,3379000.0,2809464000.0,,,,,16.276,-185204000.0,72654000.0,72654000.0,38022000.0,7011000.0,,1.617,1367738000.0,,,1367738000.0,0.0,24067000.0,0.0,0.03,0.31,22585000.0,46652000.0,0.441,46652000.0,22585000.0,4072000.0,-0.04,-0.04,-0.04,1043916000.0,,1043916000.0,3732007919.0,35.0,19.914,-159187000.0,-2.482,1.0,67881000.0,0.641,0.0,18513000.0,4104548000.0,,0.0,0.0,,,1687637000.0,,,2484797919.0,-17830000.0,0.0,159281000.0,26887000.0,-19466000.0,148759000.0,-192606000.0,0.0,26017000.0,0.0,3258000.0,-2101000.0,-2101000.0,-3264000.0,3753000.0,-0.02,46134000.0,21747000.0,176143000.0,-7.75,2.38,131.422,123.774,2301694000.0,5359000.0,38.37,6.287,5.876,43440000.0,-103090000.0,105903000.0,105903000.0,0.0,,,,,1429000.0,7345000.0,1.0,64758872.0,64138188.0,66195905.0,1.651,2809464000.0,0.0,814000.0,0.0,43.803,
55,DLR,MRQ,2007-09-30,2007-09-30,2007-09-30,2021-08-07,9053000.0,2576119000.0,,,,,15.175,-163034000.0,87898000.0,87898000.0,38398000.0,5135000.0,,1.716,1335108000.0,,,1335108000.0,0.0,21961000.0,0.0,0.029,0.286,21818000.0,43779000.0,0.418,43779000.0,21818000.0,5135000.0,0.0,0.0,0.0,921368000.0,,921368000.0,3483207654.0,33.0,19.523,-139861000.0,-2.303,1.0,66396000.0,0.634,0.0,16683000.0,3823329000.0,,0.0,0.0,,,1580786000.0,,,2391519654.0,1168000.0,16816000.0,98000.0,149867000.0,-19459000.0,121762000.0,-143767000.0,0.0,23173000.0,0.0,5135000.0,-224000.0,-224000.0,16000.0,0.0,-0.002,44971000.0,21425000.0,104795000.0,,2.596,99.705,96.073,2067786000.0,5359000.0,39.39,6.439,6.44,30322000.0,-83069000.0,104794000.0,104794000.0,0.0,,,,,1595000.0,7775000.0,1.0,60713878.0,60717153.0,60717153.0,1.726,2576119000.0,0.0,0.0,0.0,42.428,
56,DLR,MRQ,2007-06-30,2007-06-30,2007-06-30,2021-08-07,7531000.0,2393476000.0,,,,,15.429,-69102000.0,80619000.0,80619000.0,31207000.0,7758000.0,,1.478,1172307000.0,,,1172307000.0,0.0,18448000.0,0.0,0.03,0.286,23022000.0,41470000.0,0.434,41470000.0,23022000.0,7758000.0,0.04,0.04,0.04,936490000.0,,936490000.0,3484065889.0,31.0,19.619,-38911000.0,-0.641,1.0,64376000.0,0.674,0.0,15264000.0,3485164000.0,,0.0,0.0,,,1384223000.0,,,2286906889.0,1015000.0,0.0,230000.0,-102857000.0,-19439000.0,43439000.0,-72615000.0,0.0,30191000.0,0.0,7758000.0,2591000.0,2591000.0,-38000.0,0.0,0.027,41835000.0,22541000.0,70591000.0,7.15,2.442,64.326,52.333,1902639000.0,5167000.0,37.68,6.781,6.781,31753000.0,-65464000.0,95583000.0,95583000.0,0.0,,,,,836000.0,8456000.0,1.0,60692858.0,60697740.0,62970291.0,1.575,2393476000.0,0.0,0.0,0.0,39.433,
57,DLR,MRQ,2007-03-31,2007-03-31,2007-03-31,2021-08-07,4411000.0,2333791000.0,,,,,13.776,-208650000.0,74829000.0,74829000.0,28779000.0,22086000.0,,1.903,1271988000.0,,,1271988000.0,0.0,16829000.0,0.0,0.028,0.286,38680000.0,55509000.0,0.624,55509000.0,38680000.0,22086000.0,0.33,0.32,0.33,778497000.0,,778497000.0,3290449440.0,32.0,20.075,-182376000.0,-3.227,1.0,60188000.0,0.677,0.0,16594000.0,3530950000.0,,0.0,0.0,,,1481575000.0,,,2218216440.0,24738000.0,78191000.0,172000.0,147645000.0,-19388000.0,126903000.0,-128439000.0,0.0,26274000.0,0.0,22086000.0,18641000.0,18641000.0,-16158000.0,0.0,0.21,38223000.0,21965000.0,66655000.0,0.867,2.849,64.09,54.658,1843983000.0,3445000.0,39.9,7.299,7.419,28830000.0,-50679000.0,88967000.0,88967000.0,0.0,,,,,507000.0,7210000.0,1.0,55594397.0,56511200.0,58424427.0,1.574,2333791000.0,0.0,0.0,0.0,41.298,
58,DLR,MRQ,2006-12-31,2006-12-31,2006-12-31,2021-08-07,4190000.0,2186219000.0,,,,,19.642,-162080000.0,50405000.0,50405000.0,26276000.0,6423000.0,,1.885,1122638000.0,,,1122638000.0,0.0,17130000.0,0.0,0.032,0.286,20525000.0,37655000.0,0.459,37655000.0,20525000.0,6423000.0,0.04,0.04,0.04,709772000.0,,709772000.0,2578689414.0,32.0,19.275,-124783000.0,-3.453,1.0,55769000.0,0.68,47292000.0,14102000.0,3211160000.0,,0.0,0.0,,,1338031000.0,,,1556059414.0,-5389000.0,-30348000.0,149347000.0,44589000.0,-16607000.0,154779000.0,-197465000.0,0.0,37297000.0,0.0,6423000.0,2978000.0,2978000.0,-198000.0,0.0,0.036,34825000.0,20944000.0,88698000.0,7.15,2.192,88.352,69.857,1736802000.0,3445000.0,34.23,5.719,4.546,31293000.0,-52093000.0,82045000.0,82045000.0,0.0,,,,,491000.0,6535000.0,1.0,45458937.0,36134983.0,37442192.0,2.271,2138927000.0,0.0,0.0,0.0,59.193,
59,DLR,MRQ,2006-09-30,2006-09-30,2006-09-30,2021-08-07,2672000.0,1971762000.0,,,,,13.381,-276034000.0,52127000.0,52127000.0,21928000.0,14787000.0,,2.581,1074757000.0,,,1074757000.0,0.0,14371000.0,0.0,0.034,0.265,28579000.0,42950000.0,0.608,42950000.0,28579000.0,14787000.0,0.31,0.3,0.31,483259000.0,,483259000.0,1915242379.0,26.0,16.057,-257636000.0,-7.134,1.0,48745000.0,0.69,0.0,13792000.0,2994392000.0,,0.0,0.0,,,1247351000.0,,,1130807379.0,13581000.0,51254000.0,605000.0,228177000.0,0.0,218781000.0,-223598000.0,0.0,18398000.0,0.0,14787000.0,11342000.0,11342000.0,-10461000.0,0.0,0.16,30294000.0,18451000.0,54209000.0,0.855,2.34,71.611,69.6,1532567000.0,3445000.0,31.32,4.696,4.697,17586000.0,-39540000.0,70673000.0,70673000.0,0.0,,,,,430000.0,4986000.0,1.0,36104961.0,36114253.0,37446893.0,1.957,1971762000.0,0.0,0.0,0.0,54.598,
60,DLR,MRQ,2006-06-30,2006-06-30,2006-06-30,2021-08-07,3998000.0,1713857000.0,,,,,14.456,-139176000.0,36066000.0,36066000.0,20044000.0,5095000.0,,2.053,820501000.0,,,820501000.0,0.0,11452000.0,0.0,0.042,0.265,16344000.0,27796000.0,0.447,27796000.0,16344000.0,5095000.0,0.05,0.05,0.05,482436000.0,,482436000.0,1563102487.0,26.0,15.585,-110364000.0,-3.307,1.0,42193000.0,0.678,0.0,11249000.0,2498292000.0,,0.0,0.0,,,990422000.0,,,792671487.0,-11110000.0,3083000.0,97600000.0,31662000.0,-16709000.0,104268000.0,-144190000.0,-911000.0,28812000.0,0.0,5095000.0,1650000.0,1650000.0,-34000.0,0.0,0.027,24408000.0,17785000.0,43326000.0,5.3,1.643,137.259,129.947,1319211000.0,3445000.0,24.69,3.524,3.663,17403000.0,-41312000.0,62237000.0,62237000.0,0.0,,,,,435000.0,4674000.0,1.0,32104961.0,33372240.0,33872344.0,1.865,1713857000.0,0.0,0.0,0.0,51.356,
61,DLR,MRQ,2006-03-31,2006-03-31,2006-03-31,2021-08-07,2276000.0,1574041000.0,,,,,15.08,-31590000.0,43224000.0,43224000.0,17897000.0,5087000.0,,2.255,813655000.0,,,813655000.0,0.0,9842000.0,0.0,0.036,0.265,15539000.0,25381000.0,0.444,25381000.0,15539000.0,5087000.0,0.06,0.06,0.06,414742000.0,,414742000.0,1486841203.0,26.0,15.936,-16733000.0,-0.608,1.0,39224000.0,0.687,0.0,10452000.0,2344472000.0,,0.0,0.0,,,935039000.0,,,770827203.0,14249000.0,-767000.0,452000.0,64527000.0,-31281000.0,31925000.0,-32533000.0,0.0,14857000.0,0.0,5087000.0,1642000.0,1642000.0,81000.0,0.0,0.029,21836000.0,17388000.0,43222000.0,4.417,1.859,123.116,117.375,1215026000.0,3445000.0,28.17,3.657,3.676,27872000.0,-33394000.0,57121000.0,57121000.0,0.0,,,,,431000.0,4246000.0,1.0,27363408.0,27503248.0,28354597.0,2.077,1574041000.0,0.0,0.0,0.0,57.231,
62,DLR,MRQ,2005-12-31,2005-12-31,2005-12-31,2021-08-07,1644000.0,1529170000.0,,,,,14.131,-78945000.0,33053000.0,33053000.0,17527000.0,4602000.0,,2.277,749067000.0,,,749067000.0,0.0,10250000.0,0.0,0.044,0.265,12902000.0,23152000.0,0.456,23152000.0,12902000.0,4602000.0,0.03,0.04,0.03,386497000.0,,386497000.0,1268719157.0,25.0,14.885,-66197000.0,-2.42,1.0,33246000.0,0.655,48237000.0,8300000.0,2196947000.0,,0.0,0.0,,,880228000.0,,,617905157.0,3860000.0,0.0,718000.0,63816000.0,2000.0,57053000.0,-65941000.0,0.0,12748000.0,0.0,4602000.0,1157000.0,1157000.0,-177000.0,0.0,0.023,19391000.0,13855000.0,36869000.0,8.833,1.599,101.512,90.52,1194106000.0,3445000.0,22.63,3.225,2.833,7587000.0,-27782000.0,50773000.0,50773000.0,0.0,,,,,172000.0,4425000.0,1.0,27304691.0,27350761.0,27772952.0,1.856,1480933000.0,0.0,0.0,0.0,54.146,
63,DLR,MRQ,2005-09-30,2005-09-30,2005-09-30,2021-08-07,1881000.0,1454222000.0,,,,,15.277,-78130000.0,36095000.0,36095000.0,17906000.0,4425000.0,,2.018,686909000.0,,,686909000.0,0.0,9169000.0,0.0,0.049,0.244,14798000.0,23967000.0,0.437,23967000.0,14798000.0,4425000.0,0.05,0.05,0.05,392696000.0,,392696000.0,1228228438.0,,,-48146000.0,-1.873,1.0,36916000.0,0.673,0.0,10373000.0,2105036000.0,,0.0,0.0,,,792538000.0,,,491484438.0,3088000.0,0.0,104502000.0,-86218000.0,-14340000.0,55298000.0,-82194000.0,0.0,29984000.0,0.0,4425000.0,1326000.0,1326000.0,74000.0,0.0,0.024,20490000.0,16426000.0,36900000.0,4.88,1.252,,,1119076000.0,3099000.0,18.0,,,5994000.0,-21688000.0,54822000.0,54822000.0,0.0,,,,,50000.0,3324000.0,1.0,27304691.0,25704721.0,26004324.0,2.133,1454222000.0,0.0,0.0,0.0,56.574,
64,DLR,MRQ,2005-06-30,2005-06-30,2005-06-30,2021-08-07,783000.0,1368256000.0,,,,,12.421,-243745000.0,28943000.0,28943000.0,13887000.0,4335000.0,,3.219,765687000.0,,,765687000.0,0.0,7530000.0,0.0,0.037,0.244,13273000.0,20803000.0,0.433,20803000.0,13273000.0,4335000.0,0.1,0.1,0.1,266077000.0,,266077000.0,871355194.0,,,-221135000.0,-10.323,1.0,34172000.0,0.711,0.0,8938000.0,2105000000.0,,0.0,0.0,,,856617000.0,,,372302194.0,1107000.0,0.0,0.0,250019000.0,-12905000.0,233430000.0,-254933000.0,0.0,22610000.0,0.0,4335000.0,2136000.0,2136000.0,84000.0,0.0,0.044,17653000.0,16519000.0,24416000.0,2.44,1.399,,,1054601000.0,2199000.0,17.38,,,5021000.0,-16357000.0,48059000.0,48059000.0,0.0,,,,,44000.0,2453000.0,1.0,21421300.0,21421300.0,21584913.0,2.244,1368256000.0,0.0,0.0,0.0,63.874,
65,DLR,MRQ,2005-03-31,2005-03-31,2005-03-31,2021-08-07,1258000.0,1099727000.0,,,,,12.585,-72079000.0,16648000.0,16648000.0,10826000.0,2739000.0,,2.149,515701000.0,,,515701000.0,0.0,6801000.0,0.0,0.028,0.244,10860000.0,17661000.0,0.447,17661000.0,10860000.0,2739000.0,0.07,0.07,0.07,269593000.0,,269593000.0,808558081.0,,,-60371000.0,-2.818,1.0,28685000.0,0.726,0.0,8121000.0,1598780000.0,,0.0,0.0,,,579393000.0,,,307824081.0,-1682000.0,0.0,0.0,-17788000.0,-21181000.0,58255000.0,-71645000.0,0.0,11708000.0,0.0,2739000.0,1468000.0,1468000.0,0.0,0.0,0.037,15676000.0,13009000.0,13513000.0,3.486,1.142,,,852112000.0,1271000.0,14.37,,,3353000.0,-13271000.0,39511000.0,39511000.0,0.0,,,,,52000.0,2413000.0,1.0,21421300.0,21421300.0,21535485.0,1.844,1099727000.0,0.0,0.0,0.0,51.338,
66,DLR,MRQ,2004-12-31,2004-12-31,2004-12-31,2021-08-07,91000.0,1013287000.0,,,,,8.085,,18764000.0,18764000.0,,,,3.373,519498000.0,,,519498000.0,0.0,,0.0,,0.156,,,,,,,,,,173199000.0,,173199000.0,827054911.0,,,,,1.0,,,43947000.0,,1470074000.0,,0.0,0.0,,,584229000.0,,,288544911.0,,,,,,,,,,,,,,,,,,,12789000.0,,1.666,,,787412000.0,,13.47,,,3051000.0,-9517000.0,,,,,,,,,,1.0,21421300.0,21421300.0,,,969340000.0,0.0,,0.0,45.251,
67,DLR,MRQ,2004-09-30,2004-09-30,2004-09-30,2021-08-07,0.0,822189000.0,,,,,10.521,,12841000.0,12841000.0,7753000.0,3359000.0,,2.648,551351000.0,,,551351000.0,0.0,,0.0,,0.0,11285000.0,,,,11285000.0,3359000.0,,,,225363000.0,,225363000.0,,,,,,1.0,21593000.0,0.736,0.0,7926000.0,1360699000.0,,0.0,0.0,,,596826000.0,,,,,,,,,,,,,,3359000.0,3359000.0,3359000.0,0.0,0.0,0.114,10280000.0,11313000.0,10517000.0,,,,,650207000.0,0.0,,,,4203000.0,,29346000.0,29346000.0,0.0,,,,,,86000.0,1.0,21421300.0,21421300.0,,1.37,822189000.0,0.0,0.0,0.0,38.382,
68,DLR,MRQ,2003-12-31,2003-12-31,2003-12-31,2021-08-07,0.0,479698000.0,,,,,,,5825000.0,5825000.0,,,,2.242,297865000.0,,,297865000.0,0.0,,0.0,,0.0,,,,,,,,,,147951000.0,,147951000.0,,,,,,1.0,,,0.0,,771738000.0,,0.0,0.0,,,331747000.0,,,,,,,,,,,,,,,,,,,,,,7913000.0,,,,,391737000.0,,,,,1139000.0,,,,,,,,,,,1.0,,,,,479698000.0,0.0,,0.0,,
69,DLR,MRQ,2003-09-30,2003-09-30,2003-09-30,2021-08-07,,,,,,,,,,,2696000.0,3655000.0,,,,,,,,,,,0.0,6342000.0,,,,6342000.0,3655000.0,,,,,,,,,,,,1.0,11274000.0,0.807,,2687000.0,,,,,,,,,,,,,,,,,,,,,3655000.0,3655000.0,3655000.0,0.0,0.0,0.262,4879000.0,6395000.0,,,,,,,0.0,,,,,,13970000.0,13970000.0,0.0,,,,,,31000.0,1.0,,,,,,,0.0,,,
0,DLR,MRT,2021-06-30,2021-06-30,2021-06-30,2021-08-07,31733000.0,36151220000.0,35801333750.0,,,0.119,61.952,-1939441000.0,120482000.0,120482000.0,1478133000.0,578528000.0,,1.028,15473510000.0,,,15473510000.0,0.0,1287312000.0,0.0,0.03,4.56,957245000.0,2244557000.0,0.526,2244557000.0,957245000.0,639231000.0,1.78,1.78,1.78,17457656000.0,17617233750.0,17457656000.0,56985142138.0,60.0,25.388,-95348000.0,-0.338,1.0,2792723000.0,0.654,11141958000.0,318014000.0,40362290000.0,39072696250.0,0.0,0.0,,,17945483000.0,,,42367684138.0,-379571000.0,-1199514000.0,-567081000.0,899773000.0,-1334074000.0,255513000.0,-2479177000.0,0.0,1844093000.0,-10949000.0,564727000.0,506582000.0,506582000.0,0.0,13801000.0,0.119,2109910000.0,682813000.0,1367240000.0,2.562,2.427,83.634,84.528,23354007000.0,58145000.0,150.46,9.92,9.927,630086000.0,-4153407000.0,4270856000.0,4270856000.0,0.0,0.014,0.029,0.024,0.224,86665000.0,391026000.0,1.0,281587692.0,281791855.0,282433857.0,15.156,25009262000.0,0.0,74504000.0,742127000.0,88.751,
1,DLR,MRT,2021-03-31,2021-03-31,2021-03-31,2021-08-07,-77783000.0,35542491000.0,35229188250.0,,,0.118,62.697,-1844108000.0,221140000.0,221140000.0,1427564000.0,528708000.0,,0.974,14838598000.0,,,14838598000.0,0.0,1267496000.0,0.0,0.032,4.52,879590000.0,2147086000.0,0.515,2147086000.0,879590000.0,556716000.0,1.53,1.53,1.53,17623737000.0,17498951500.0,17623737000.0,54258018372.0,62.0,25.271,-36352000.0,-0.129,1.0,2743099000.0,0.658,11182951000.0,322874000.0,38976998000.0,38047267500.0,0.0,0.0,,,17157070000.0,,,39593090372.0,-40676000.0,-1078623000.0,-2638000.0,330349000.0,-1318237000.0,428014000.0,-2276446000.0,0.0,1807756000.0,12689000.0,518304000.0,432889000.0,432889000.0,0.0,10404000.0,0.104,2093103000.0,649996000.0,1305921000.0,2.954,2.247,91.462,92.052,22677370000.0,85415000.0,140.84,9.493,9.492,657096000.0,-3952497000.0,4170663000.0,4170663000.0,0.0,0.012,0.025,0.023,0.211,87682000.0,387825000.0,1.0,281121062.0,281094798.0,281916961.0,14.837,24359540000.0,0.0,38412000.0,650543000.0,86.66,
2,DLR,MRT,2020-12-31,2020-12-31,2020-12-31,2021-08-07,135010000.0,36076291000.0,34621890500.0,,,0.113,68.119,-2064066000.0,108501000.0,108501000.0,1331493000.0,362730000.0,,0.993,14773429000.0,,,14773429000.0,0.0,1010538000.0,0.0,0.032,4.48,727466000.0,1738004000.0,0.445,1738004000.0,727466000.0,394445000.0,1.01,1.0,1.01,17717697000.0,17208076250.0,17717697000.0,52433359680.0,72.0,30.169,-357525000.0,-1.375,1.0,2572116000.0,0.659,11453900000.0,333021000.0,39287319000.0,37198720500.0,0.0,0.0,,,17587944000.0,,,39085844680.0,42883000.0,-488275000.0,0.0,710183000.0,-1162782000.0,935689000.0,-2599347000.0,70019000.0,1706541000.0,-16484000.0,356398000.0,263342000.0,263342000.0,0.0,6332000.0,0.067,2014590000.0,557526000.0,1420162000.0,4.436,2.206,148.422,138.129,23118071000.0,93056000.0,139.51,10.013,9.296,603111000.0,-3997938000.0,3903609000.0,3903609000.0,0.0,0.008,0.015,0.02,0.186,74577000.0,351369000.0,1.0,280165183.0,260098978.0,262522508.0,15.008,24622391000.0,0.0,38047000.0,698308000.0,94.665,
3,DLR,MRT,2020-09-30,2020-09-30,2020-09-30,2021-08-07,-123623000.0,35435333000.0,31369850500.0,,,0.116,65.392,-1875150000.0,971305000.0,971305000.0,1211195000.0,652548000.0,,0.962,14318820000.0,,,14318820000.0,0.0,1113096000.0,0.0,0.03,4.44,1004038000.0,2117134000.0,0.583,2117134000.0,1004038000.0,667985000.0,2.49,2.46,2.49,17669845000.0,15248480000.0,17669845000.0,52795272032.0,53.0,24.937,-292538000.0,-1.083,1.0,2417268000.0,0.666,11118670000.0,336053000.0,37664178000.0,34435867500.0,0.0,0.0,,,16995581000.0,,,39477673032.0,967513000.0,355265000.0,1677561000.0,-311111000.0,-1204835000.0,471356000.0,-1086455000.0,0.0,1582612000.0,3672000.0,634991000.0,534742000.0,534742000.0,0.0,17557000.0,0.147,1881072000.0,536196000.0,2187025000.0,1.783,2.234,73.826,58.94,21825799000.0,100249000.0,146.76,10.88,10.929,585506000.0,-3726901000.0,3628463000.0,3628463000.0,0.0,0.017,0.035,0.029,0.277,63877000.0,303851000.0,1.0,268994774.0,270214413.0,270214413.0,13.428,24316663000.0,0.0,32994000.0,0.0,89.99,
4,DLR,MRT,2020-06-30,2020-06-30,2020-06-30,2021-08-07,-358349000.0,33862638000.0,28304208500.0,,,0.12,63.477,-1451819000.0,505174000.0,505174000.0,1111947000.0,721576000.0,,0.95,13822773000.0,,,13822773000.0,0.0,1040732000.0,0.0,0.031,4.4,1054521000.0,2095253000.0,0.614,2095253000.0,1054521000.0,723393000.0,2.87,2.84,2.87,16984527000.0,13190341250.0,16984527000.0,51566109972.0,49.0,24.611,-52944000.0,-0.198,1.0,2298314000.0,0.674,10919662000.0,331128000.0,36260575000.0,32882528750.0,0.0,0.0,,,16139405000.0,,,38129965972.0,487319000.0,353642000.0,435334000.0,-175821000.0,-1127758000.0,-344262000.0,-567294000.0,0.0,1398875000.0,-9358000.0,701626000.0,621939000.0,621939000.0,0.0,19950000.0,0.182,1741754000.0,556560000.0,1828290000.0,1.533,2.245,61.308,49.516,20995936000.0,79687000.0,142.11,11.181,11.15,542750000.0,-3386525000.0,3410261000.0,3410261000.0,0.0,0.022,0.047,0.032,0.309,53425000.0,262484000.0,1.0,268313039.0,267569823.0,270744408.0,12.745,22942976000.0,0.0,21767000.0,0.0,85.746,
5,DLR,MRT,2020-03-31,2020-03-31,2020-03-31,2021-08-07,-444222000.0,33113300000.0,25696071750.0,,,0.125,74.091,-1415848000.0,246480000.0,246480000.0,1031332000.0,706922000.0,,0.966,13682624000.0,,,13682624000.0,0.0,893377000.0,0.0,0.031,4.36,1039179000.0,1932556000.0,0.601,1932556000.0,1039179000.0,701874000.0,2.82,2.79,2.82,16460236000.0,11334765750.0,16460236000.0,39763785964.0,38.0,20.576,-26071000.0,-0.117,1.0,2186731000.0,0.68,10966634000.0,337305000.0,35582810000.0,31717347750.0,0.0,0.0,,,15896733000.0,,,29037615964.0,134284000.0,366659000.0,0.0,385984000.0,-1029985000.0,-677367000.0,-578126000.0,0.0,1389777000.0,-9594000.0,686963000.0,600001000.0,600001000.0,0.0,19959000.0,0.186,1634010000.0,552721000.0,1732318000.0,1.546,1.764,48.396,49.259,20553523000.0,86962000.0,138.91,9.023,9.59,527699000.0,-3139350000.0,3218063000.0,3218063000.0,0.0,0.023,0.053,0.033,0.323,41862000.0,221176000.0,1.0,209039061.0,222163324.0,224474295.0,14.485,22146666000.0,0.0,14911000.0,0.0,99.686,
6,DLR,MRT,2019-12-31,2019-12-31,2019-12-31,2021-08-07,-87922000.0,23068131000.0,23253263500.0,,,0.138,47.422,-1436902000.0,89817000.0,89817000.0,1020578000.0,599221000.0,,1.257,10815987000.0,,,10815987000.0,0.0,809472000.0,0.0,0.036,4.32,944813000.0,1754285000.0,0.547,1754285000.0,944813000.0,591756000.0,2.37,2.35,2.37,9879312000.0,9741808750.0,9879312000.0,36608407654.0,39.0,20.868,76915000.0,0.369,1.0,2188663000.0,0.682,5558394000.0,353057000.0,28235907000.0,30537858000.0,0.0,0.0,,,12418566000.0,,,24992181654.0,-33196000.0,1220995000.0,0.0,-493516000.0,-921776000.0,-1272021000.0,-274992000.0,0.0,1513817000.0,-4773000.0,579761000.0,493011000.0,493011000.0,0.0,19460000.0,0.154,1594448000.0,594215000.0,1009154000.0,1.823,2.53,50.693,50.523,16146365000.0,86750000.0,119.74,7.788,7.773,305501000.0,-3046579000.0,3209241000.0,3209241000.0,0.0,0.021,0.051,0.031,0.294,34905000.0,211097000.0,1.0,208720408.0,208325823.0,209462247.0,15.405,17509737000.0,0.0,11995000.0,147381000.0,84.05,
7,DLR,MRT,2019-09-30,2019-09-30,2019-09-30,2021-08-07,-68625000.0,23172765000.0,23427904500.0,,,0.137,45.28,-1749003000.0,7190000.0,7190000.0,1021549000.0,302492000.0,,1.371,11623416000.0,,,11623416000.0,0.0,812774000.0,0.0,0.033,4.25,659979000.0,1472753000.0,0.46,1472753000.0,659979000.0,302919000.0,1.0,1.0,1.0,9437290000.0,9736641750.0,9437290000.0,38568309191.0,58.0,26.188,-285584000.0,-1.37,1.0,2178496000.0,0.681,3338168000.0,357060000.0,31450823000.0,31077248000.0,0.0,0.0,,,12942820000.0,,,27045011191.0,-33277000.0,-1164613000.0,202886000.0,2596589000.0,-921671000.0,1453577000.0,-2950273000.0,0.0,1463419000.0,-5629000.0,295036000.0,208664000.0,208664000.0,0.0,7456000.0,0.065,1600367000.0,578129000.0,938740000.0,4.25,2.866,129.61,129.81,15575792000.0,86372000.0,129.81,8.451,8.455,304712000.0,-3136668000.0,3200045000.0,3200045000.0,0.0,0.009,0.021,0.021,0.206,31948000.0,195830000.0,1.0,208343049.0,208421470.0,209801771.0,15.354,19834597000.0,0.0,7883000.0,0.0,95.166,
8,DLR,MRT,2019-06-30,2019-06-30,2019-06-30,2021-08-07,-89588000.0,23430091000.0,23000240750.0,,,0.137,45.909,-1670388000.0,33536000.0,33536000.0,1008089000.0,325182000.0,,1.353,11556834000.0,,,11556834000.0,0.0,800903000.0,0.0,0.035,4.18,674962000.0,1475865000.0,0.467,1475865000.0,674962000.0,321625000.0,1.09,1.09,1.09,9562225000.0,9883882750.0,9562225000.0,35414893325.0,52.0,23.996,-130840000.0,-0.628,1.0,2154414000.0,0.681,3353538000.0,353337000.0,31599851000.0,30018124500.0,0.0,0.0,,,12939027000.0,,,24533646325.0,10799000.0,-1149927000.0,202690000.0,2431256000.0,-903428000.0,1368177000.0,-2896926000.0,0.0,1539548000.0,3241000.0,316136000.0,226105000.0,226105000.0,0.0,9046000.0,0.071,1601987000.0,552427000.0,984812000.0,3.835,2.566,108.506,108.064,16477785000.0,90031000.0,117.79,7.758,7.758,320938000.0,-2961307000.0,3162503000.0,3162503000.0,0.0,0.01,0.023,0.022,0.213,29391000.0,187487000.0,1.0,208282930.0,208284407.0,209435572.0,15.184,20076553000.0,0.0,5489000.0,0.0,96.39,
9,DLR,MRT,2019-03-31,2019-03-31,2019-03-31,2021-08-07,-91699000.0,23342067000.0,22495573750.0,,,0.139,48.546,-1570846000.0,123879000.0,123879000.0,986379000.0,352017000.0,,1.223,11005126000.0,,,11005126000.0,0.0,791396000.0,0.0,0.035,4.11,690503000.0,1481899000.0,0.475,1481899000.0,690503000.0,344407000.0,1.26,1.26,1.26,10088408000.0,10028421000.0,10088408000.0,35697294198.0,52.0,24.089,-71812000.0,-0.346,1.0,2130246000.0,0.684,3358463000.0,346096000.0,30864851000.0,28896199250.0,0.0,0.0,,,12341890000.0,,,24731037198.0,102855000.0,-1108621000.0,-2497000.0,2009972000.0,-885401000.0,1296839000.0,-2693018000.0,0.0,1499034000.0,1454000.0,341431000.0,259501000.0,259501000.0,0.0,10586000.0,0.083,1582729000.0,547517000.0,922571000.0,3.262,2.451,95.302,94.444,16202640000.0,81930000.0,119.0,7.935,7.935,328009000.0,-2767708000.0,3116625000.0,3116625000.0,0.0,0.012,0.026,0.024,0.222,28879000.0,180603000.0,1.0,207823842.0,207809383.0,208526249.0,14.998,19983604000.0,0.0,2976000.0,0.0,96.163,
10,DLR,MRT,2018-12-31,2018-12-31,2018-12-31,2021-08-07,-115647000.0,23766695000.0,22055536250.0,,,0.138,47.849,-1325162000.0,126700000.0,126700000.0,957065000.0,341115000.0,,1.308,11101479000.0,,,11101479000.0,0.0,770275000.0,0.0,0.038,4.04,654859000.0,1425134000.0,0.468,1425134000.0,654859000.0,333330000.0,1.21,1.21,1.21,9858644000.0,10069781750.0,9858644000.0,31104910551.0,47.0,21.826,60162000.0,0.292,1.0,2089413000.0,0.686,4348007000.0,321529000.0,30393467000.0,28003691250.0,0.0,0.0,,,12892653000.0,,,21979349551.0,106600000.0,-1689011000.0,0.0,2662653000.0,-849466000.0,1757269000.0,-3035993000.0,0.0,1385324000.0,15441000.0,331246000.0,249930000.0,249930000.0,0.0,9869000.0,0.082,1539626000.0,549787000.0,1164509000.0,3.339,2.229,87.942,88.058,15079726000.0,81316000.0,106.55,7.215,7.206,299621000.0,-2633071000.0,3046478000.0,3046478000.0,0.0,0.011,0.025,0.023,0.215,27159000.0,163667000.0,1.0,206282023.0,206035408.0,206673471.0,14.786,19418688000.0,0.0,2084000.0,0.0,94.249,
11,DLR,MRT,2018-09-30,2018-09-30,2018-09-30,2021-08-07,-103201000.0,21462110000.0,21464948750.0,,,0.14,48.643,-1555256000.0,54310000.0,54310000.0,839767000.0,368176000.0,,1.065,9179871000.0,,,9179871000.0,0.0,755946000.0,0.0,0.035,3.96,675760000.0,1431706000.0,0.477,1431706000.0,675760000.0,361794000.0,1.33,1.33,1.33,10026254000.0,10192391000.0,10026254000.0,32260869893.0,48.0,22.533,-179653000.0,-0.872,1.0,2159889000.0,0.72,3373342000.0,313966000.0,27214329000.0,27067871250.0,0.0,0.0,,,10681095000.0,,,23181817893.0,-168235000.0,138872000.0,4782000.0,771955000.0,-848761000.0,-110879000.0,-1432959000.0,0.0,1375603000.0,12214000.0,353322000.0,272006000.0,272006000.0,0.0,14854000.0,0.091,1615751000.0,544138000.0,1059355000.0,2.977,2.312,85.225,84.571,14225697000.0,81316000.0,112.48,7.728,7.729,308709000.0,-2455189000.0,2999656000.0,2999656000.0,0.0,0.013,0.027,0.025,0.225,26108000.0,169784000.0,1.0,206097243.0,206118472.0,206766256.0,14.553,18088768000.0,0.0,8472000.0,0.0,87.759,
12,DLR,MRT,2018-06-30,2018-06-30,2018-06-30,2021-08-07,-107070000.0,21411423000.0,21407545750.0,,,0.133,49.236,-1550226000.0,27032000.0,27032000.0,816443000.0,290387000.0,,1.042,9106084000.0,,,9106084000.0,0.0,709605000.0,0.0,0.035,3.88,588617000.0,1298222000.0,0.457,1298222000.0,588617000.0,286694000.0,0.98,0.98,0.98,10140378000.0,10303147250.0,10140378000.0,32098220403.0,55.0,24.725,-373145000.0,-1.812,1.0,2024214000.0,0.713,3378325000.0,301923000.0,27112150000.0,26794793250.0,0.0,0.0,,,10561690000.0,,,22980208403.0,-35392000.0,157772000.0,198673000.0,950781000.0,-831155000.0,206796000.0,-1419269000.0,0.0,1177081000.0,21110000.0,278160000.0,200598000.0,200598000.0,0.0,12227000.0,0.071,1552984000.0,471230000.0,1031794000.0,3.959,2.266,114.559,113.857,14134486000.0,77562000.0,111.58,8.09,8.09,282287000.0,-2314291000.0,2840657000.0,2840657000.0,0.0,0.009,0.019,0.022,0.207,25224000.0,171907000.0,1.0,205952755.0,205956005.0,206563079.0,13.793,18033098000.0,0.0,8534000.0,0.0,87.558,
13,DLR,MRT,2018-03-31,2018-03-31,2018-03-31,2021-08-07,-103974000.0,21581917000.0,19199582750.0,,,0.138,49.845,-1451104000.0,29700000.0,29700000.0,788998000.0,281799000.0,,1.033,9147712000.0,,,9147712000.0,0.0,649620000.0,0.0,0.036,3.8,561095000.0,1210715000.0,0.457,1210715000.0,561095000.0,280400000.0,1.02,1.02,1.02,10253851000.0,9017256500.0,10253851000.0,30316674068.0,54.0,25.04,-409875000.0,-1.992,1.0,1862729000.0,0.702,3405110000.0,280695000.0,27294819000.0,24566009500.0,0.0,0.0,,,10595502000.0,,,21681237068.0,3237000.0,158039000.0,411082000.0,921876000.0,-767760000.0,280877000.0,-1318869000.0,0.0,1041229000.0,1066000.0,271348000.0,193301000.0,193301000.0,0.0,10451000.0,0.073,1404904000.0,457825000.0,1012490000.0,3.725,2.114,112.163,103.314,14089926000.0,78047000.0,105.38,8.176,8.175,309328000.0,-2177269000.0,2651727000.0,2651727000.0,0.0,0.01,0.021,0.023,0.212,22329000.0,163317000.0,1.0,205743377.0,205714173.0,206507476.0,12.89,18176807000.0,0.0,9052000.0,0.0,88.36,
14,DLR,MRT,2017-12-31,2017-12-31,2017-12-31,2021-08-07,-108432000.0,21404345000.0,16886490500.0,,,0.146,59.457,-1566383000.0,13181000.0,13181000.0,759616000.0,256267000.0,,0.995,8648618000.0,,,8648618000.0,0.0,594996000.0,0.0,0.033,3.72,514802000.0,1109798000.0,0.452,1109798000.0,514802000.0,256160000.0,0.99,0.99,0.99,10349081000.0,7711659500.0,10349081000.0,31673821723.0,62.0,28.54,-543078000.0,-3.12,1.0,1698312000.0,0.691,3389595000.0,258642000.0,26650187000.0,22179313750.0,0.0,0.0,,,10300993000.0,,,23399908723.0,-12648000.0,152371000.0,411309000.0,833023000.0,-646407000.0,321200000.0,-1357153000.0,0.0,1023305000.0,3793000.0,248259000.0,173148000.0,173148000.0,0.0,8008000.0,0.07,1247017000.0,451295000.0,980218000.0,3.758,2.261,135.144,115.051,13841186000.0,75111000.0,113.9,9.52,8.066,276347000.0,-2055552000.0,2457928000.0,2457928000.0,0.0,0.01,0.022,0.023,0.209,20521000.0,161441000.0,1.0,205442570.0,174059386.0,174895098.0,14.121,18014750000.0,0.0,7901000.0,0.0,103.498,
15,DLR,MRT,2017-09-30,2017-09-30,2017-09-30,2021-08-07,-116732000.0,21232498000.0,14583550500.0,,,0.158,61.514,-482782000.0,210331000.0,210331000.0,818147000.0,272749000.0,,0.955,8484244000.0,,,8484244000.0,0.0,540453000.0,0.0,0.031,3.67,513680000.0,1054133000.0,0.458,1054133000.0,513680000.0,279359000.0,1.24,1.23,1.24,10469279000.0,6398393000.0,10469279000.0,25588866028.0,50.0,24.275,482958000.0,2.838,1.0,1485123000.0,0.645,3384394000.0,234321000.0,26122017000.0,19830813500.0,0.0,0.0,,,9994566000.0,,,19192560028.0,172018000.0,-500930000.0,410460000.0,652174000.0,-647216000.0,153426000.0,-947148000.0,0.0,965740000.0,-9817000.0,269699000.0,197524000.0,197524000.0,0.0,3050000.0,0.086,999904000.0,485219000.0,1024394000.0,2.96,1.833,97.166,95.427,13460400000.0,72175000.0,118.33,8.333,8.744,258490000.0,-1915586000.0,2303270000.0,2303270000.0,0.0,0.014,0.031,0.026,0.223,19564000.0,157074000.0,1.0,162195217.0,170194254.0,170194254.0,13.533,17848104000.0,0.0,9660000.0,0.0,104.869,
16,DLR,MRT,2017-06-30,2017-06-30,2017-06-30,2021-08-07,-110709000.0,12579571000.0,12350184750.0,,,0.181,31.068,-970670000.0,41314000.0,41314000.0,793312000.0,482709000.0,,1.511,6437620000.0,,,6437620000.0,0.0,528194000.0,0.0,0.032,3.62,715580000.0,1243774000.0,0.555,1243774000.0,715580000.0,487338000.0,2.53,2.5,2.53,4996815000.0,5070753500.0,4996815000.0,24222508649.0,34.0,19.475,63251000.0,0.393,1.0,1446326000.0,0.646,778862000.0,228242000.0,18197015000.0,17674257500.0,0.0,0.0,,,7548277000.0,,,18046576649.0,16991000.0,-519704000.0,1302751000.0,285078000.0,-579819000.0,451089000.0,-1468019000.0,0.0,1033921000.0,-27215000.0,476452000.0,388994000.0,388994000.0,0.0,6257000.0,0.174,911514000.0,534812000.0,850602000.0,1.431,3.612,46.393,44.644,9356596000.0,87458000.0,112.95,8.058,8.111,229450000.0,-1722610000.0,2239638000.0,2239638000.0,0.0,0.031,0.077,0.04,0.32,18374000.0,159444000.0,1.0,159774915.0,160832889.0,161781867.0,13.925,11800709000.0,0.0,10886000.0,0.0,73.372,
17,DLR,MRT,2017-03-31,2017-03-31,2017-03-31,2021-08-07,-122540000.0,12329548000.0,12028385750.0,,,0.182,31.585,-876575000.0,25397000.0,25397000.0,777432000.0,454082000.0,,1.443,6201329000.0,,,6201329000.0,0.0,523348000.0,0.0,0.034,3.57,692569000.0,1215917000.0,0.556,1215917000.0,692569000.0,458675000.0,2.36,2.33,2.36,5031463000.0,4894004750.0,5031463000.0,22761020749.0,33.0,18.719,73119000.0,0.459,1.0,1411151000.0,0.645,757444000.0,233894000.0,17748036000.0,17386398500.0,0.0,0.0,,,7259103000.0,,,16944449749.0,-16802000.0,-519704000.0,1091090000.0,249230000.0,-558249000.0,398541000.0,-1365037000.0,0.0,949694000.0,-8534000.0,448176000.0,359108000.0,359108000.0,0.0,5906000.0,0.164,894698000.0,516453000.0,804371000.0,1.513,3.368,47.185,45.081,9188951000.0,89068000.0,106.39,7.742,7.744,195406000.0,-1629633000.0,2188583000.0,2188583000.0,0.0,0.03,0.073,0.04,0.316,17193000.0,156124000.0,1.0,159267316.0,159297027.0,160421655.0,13.739,11572104000.0,0.0,10499000.0,0.0,72.645,
18,DLR,MRT,2016-12-31,2016-12-31,2016-12-31,2021-08-07,-135605000.0,12192585000.0,11801492500.0,,,0.182,33.984,-758081000.0,22036000.0,22036000.0,762674000.0,431852000.0,,1.385,5838607000.0,,,5838607000.0,0.0,518716000.0,0.0,0.036,3.52,673052000.0,1191768000.0,0.556,1191768000.0,673052000.0,436572000.0,2.21,2.2,2.21,5096015000.0,4737838500.0,5096015000.0,21593820712.0,32.0,18.119,153161000.0,1.021,1.0,1379539000.0,0.644,752970000.0,236480000.0,17256186000.0,17248716500.0,0.0,0.0,,,7060288000.0,,,15616963712.0,-41738000.0,-513966000.0,1090171000.0,196650000.0,-521619000.0,350617000.0,-1303597000.0,0.0,911242000.0,-11288000.0,426187000.0,332088000.0,332088000.0,0.0,5665000.0,0.155,882253000.0,497286000.0,824878000.0,1.593,3.065,47.027,44.462,8996362000.0,94099000.0,98.26,7.29,6.878,203938000.0,-1547420000.0,2142213000.0,2142213000.0,0.0,0.028,0.07,0.039,0.314,17433000.0,152733000.0,1.0,158935108.0,149953662.0,150679688.0,14.286,11439615000.0,0.0,10385000.0,0.0,76.288,
19,DLR,MRT,2016-09-30,2016-09-30,2016-09-30,2021-08-07,-131939000.0,12299035000.0,11607362000.0,,,0.178,34.999,-1402510000.0,48130000.0,48130000.0,750025000.0,319139000.0,,1.377,6024987000.0,,,6024987000.0,0.0,505727000.0,0.0,0.036,3.49,566303000.0,1072030000.0,0.519,1072030000.0,566303000.0,323617000.0,1.41,1.39,1.41,5158721000.0,4595929500.0,5158721000.0,20347110684.0,36.0,18.98,-517824000.0,-3.513,1.0,1315844000.0,0.637,780099000.0,242686000.0,17495793000.0,17162013500.0,0.0,0.0,,,7102387000.0,,,14263242684.0,5055000.0,-1766993000.0,2009862000.0,1483749000.0,-521442000.0,2297048000.0,-3176679000.0,0.0,884686000.0,2015000.0,315129000.0,214367000.0,214367000.0,0.0,4010000.0,0.104,928270000.0,387574000.0,823905000.0,2.475,2.765,66.537,68.879,9052316000.0,100762000.0,97.12,6.904,6.929,208097000.0,-1483220000.0,2065869000.0,2065869000.0,0.0,0.018,0.047,0.033,0.274,14102000.0,147567000.0,1.0,146862054.0,147397853.0,149384871.0,14.016,11518936000.0,0.0,8488000.0,0.0,78.149,
20,DLR,MRT,2016-06-30,2016-06-30,2016-06-30,2021-08-07,-129657000.0,11292375000.0,10907856500.0,,,0.179,29.217,-792483000.0,51538000.0,51538000.0,712704000.0,154546000.0,,1.624,6135406000.0,,,6135406000.0,0.0,492574000.0,0.0,0.032,3.46,387894000.0,880468000.0,0.45,880468000.0,387894000.0,159441000.0,0.42,0.42,0.42,4289820000.0,4305119000.0,4289820000.0,22108323180.0,57.0,25.11,45839000.0,0.312,1.0,1242861000.0,0.636,330664000.0,228453000.0,17045579000.0,16341588750.0,0.0,0.0,,,6966733000.0,,,16002326180.0,-20277000.0,-1767004000.0,921260000.0,1438158000.0,-507885000.0,1726085000.0,-2584684000.0,0.0,838322000.0,1108000.0,152919000.0,65559000.0,65559000.0,0.0,1627000.0,0.034,868501000.0,374360000.0,598610000.0,8.238,3.73,244.09,259.5,8645169000.0,87360000.0,108.99,8.183,8.183,165867000.0,-1541265000.0,1955565000.0,1955565000.0,0.0,0.006,0.015,0.024,0.198,8061000.0,124187000.0,1.0,146823802.0,146824268.0,147808268.0,13.319,10961711000.0,0.0,6522000.0,0.0,74.659,
21,DLR,MRT,2016-03-31,2016-03-31,2016-03-31,2021-08-07,-104252000.0,11421975000.0,10481265000.0,,,0.178,30.067,-746087000.0,50733000.0,50733000.0,676146000.0,241599000.0,,1.583,6156730000.0,,,6156730000.0,0.0,480173000.0,0.0,0.039,3.43,456504000.0,936677000.0,0.503,936677000.0,456504000.0,244940000.0,1.09,1.09,1.09,4406798000.0,4194625250.0,4406798000.0,18821436220.0,41.0,20.094,92445000.0,0.631,1.0,1184780000.0,0.637,330664000.0,211564000.0,17197308000.0,15701766250.0,0.0,0.0,,,6976765000.0,,,12962257220.0,-467000.0,-1767004000.0,921311000.0,1402889000.0,-494232000.0,1693560000.0,-2532559000.0,0.0,838532000.0,2316000.0,238055000.0,154663000.0,154663000.0,0.0,3544000.0,0.083,815313000.0,369467000.0,570652000.0,3.147,2.941,83.81,81.183,8828520000.0,83392000.0,88.49,6.965,6.969,180456000.0,-1440028000.0,1860926000.0,1860926000.0,0.0,0.015,0.037,0.029,0.245,7699000.0,115611000.0,1.0,146482735.0,146565564.0,147433194.0,12.697,11091311000.0,0.0,6885000.0,0.0,75.675,
22,DLR,MRT,2015-12-31,2015-12-31,2015-12-31,2021-08-07,-100964000.0,11416063000.0,9977877750.0,,,0.177,32.756,-737180000.0,75062000.0,75062000.0,642473000.0,301591000.0,,1.52,5899037000.0,,,5899037000.0,0.0,464694000.0,0.0,0.045,3.4,504575000.0,969269000.0,0.55,969269000.0,504575000.0,303140000.0,1.57,1.56,1.57,4528379000.0,4046790000.0,4528379000.0,15779590384.0,31.0,16.28,59660000.0,0.432,1.0,1120863000.0,0.636,330664000.0,201435000.0,16909374000.0,14946707750.0,0.0,0.0,,,6880926000.0,,,11066509384.0,19870000.0,-1774540000.0,919840000.0,1405715000.0,-468635000.0,1750531000.0,-2527501000.0,0.0,796840000.0,2316000.0,296689000.0,217266000.0,217266000.0,0.0,4902000.0,0.123,763228000.0,357635000.0,609708000.0,2.166,2.444,50.935,48.166,8770212000.0,79423000.0,75.62,6.276,5.929,177398000.0,-1350089000.0,1763336000.0,1763336000.0,0.0,0.022,0.054,0.034,0.286,6360000.0,105549000.0,1.0,146343684.0,138247606.0,138865421.0,12.755,11085399000.0,0.0,6451000.0,0.0,80.185,
23,DLR,MRT,2015-09-30,2015-09-30,2015-09-30,2021-08-07,-87988000.0,9501013000.0,9505558000.0,,,0.176,29.415,-619389000.0,35498000.0,35498000.0,609363000.0,283369000.0,,1.368,4748579000.0,,,4748579000.0,0.0,462018000.0,0.0,0.052,3.38,477095000.0,939113000.0,0.561,939113000.0,477095000.0,286080000.0,1.5,1.49,1.5,3995479000.0,3891557000.0,3995479000.0,13772955443.0,29.0,14.666,103139000.0,0.759,1.0,1065746000.0,0.636,0.0,191015000.0,14214094000.0,14256123000.0,0.0,0.0,,,5465362000.0,,,8872675443.0,-7929000.0,6093000.0,561000.0,189536000.0,-468772000.0,-125922000.0,-604535000.0,31637000.0,722528000.0,0.0,278835000.0,205013000.0,205013000.0,0.0,4534000.0,0.122,759678000.0,306068000.0,513555000.0,2.253,2.221,43.279,43.547,8143266000.0,73822000.0,65.32,5.297,5.297,157994000.0,-1185633000.0,1675109000.0,1675109000.0,0.0,0.022,0.053,0.033,0.285,8247000.0,91042000.0,1.0,135833978.0,135832503.0,138259936.0,12.332,9501013000.0,0.0,7245000.0,0.0,69.947,
24,DLR,MRT,2015-06-30,2015-06-30,2015-06-30,2021-08-07,-67324000.0,9586009000.0,9560806500.0,,,0.173,28.333,-702121000.0,68546000.0,68546000.0,605531000.0,355688000.0,,1.48,4968826000.0,,,4968826000.0,0.0,457946000.0,0.0,0.05,3.36,546605000.0,1004551000.0,0.608,1004551000.0,546605000.0,356295000.0,2.03,2.01,2.03,3847845000.0,3908214250.0,3847845000.0,13823747124.0,25.0,13.761,-6346000.0,-0.047,1.0,1045775000.0,0.633,0.0,190310000.0,14486289000.0,14305405000.0,0.0,0.0,,,5695816000.0,,,9055099124.0,-21553000.0,173618000.0,256000.0,325955000.0,-465691000.0,-235105000.0,-482223000.0,31638000.0,695775000.0,0.0,349626000.0,275805000.0,275805000.0,0.0,6062000.0,0.167,761336000.0,284439000.0,516232000.0,1.655,2.353,32.832,32.847,8211247000.0,73821000.0,66.68,5.484,5.484,126734000.0,-1108701000.0,1651306000.0,1651306000.0,0.0,0.029,0.071,0.038,0.331,12862000.0,88996000.0,1.0,135799327.0,135810060.0,136499004.0,12.159,9586009000.0,0.0,6669000.0,0.0,70.584,
25,DLR,MRT,2015-03-31,2015-03-31,2015-03-31,2021-08-07,-91562000.0,9408426000.0,9641862000.0,,,0.169,28.116,-768811000.0,49263000.0,49263000.0,602483000.0,279023000.0,,1.455,4817911000.0,,,4817911000.0,0.0,456758000.0,0.0,0.051,3.34,472723000.0,929481000.0,0.569,929481000.0,472723000.0,279529000.0,1.48,1.46,1.48,3815457000.0,3969183500.0,3815457000.0,13569697270.0,29.0,14.599,-90412000.0,-0.666,1.0,1029974000.0,0.631,0.0,193194000.0,14177074000.0,14346023250.0,0.0,0.0,,,5550565000.0,,,8949446270.0,-32692000.0,163555000.0,296000.0,343629000.0,-462685000.0,-145385000.0,-565706000.0,31640000.0,678399000.0,0.0,274454000.0,200260000.0,200260000.0,0.0,4569000.0,0.123,759721000.0,270253000.0,523948000.0,2.257,2.346,44.689,44.568,8158000000.0,74194000.0,65.96,5.482,5.483,112995000.0,-1110298000.0,1632457000.0,1632457000.0,0.0,0.021,0.05,0.033,0.29,11999000.0,83704000.0,1.0,135679901.0,135704525.0,136128800.0,12.029,9408426000.0,0.0,5075000.0,0.0,69.33,
26,DLR,MRT,2014-12-31,2014-12-31,2014-12-31,2021-08-07,-48433000.0,9526784000.0,9741104000.0,,,0.166,29.298,-852386000.0,52876000.0,52876000.0,594678000.0,203415000.0,,1.436,4673127000.0,,,4673127000.0,0.0,456204000.0,0.0,0.05,3.32,396506000.0,852710000.0,0.528,852710000.0,396506000.0,205421000.0,1.0,0.99,1.0,3907447000.0,3973127500.0,3907447000.0,13673691363.0,34.0,16.036,-196498000.0,-1.473,1.0,1021760000.0,0.632,0.0,191085000.0,14147035000.0,14476677500.0,0.0,0.0,,,5612546000.0,,,8984476363.0,-15266000.0,171946000.0,0.0,144813000.0,-441694000.0,-26974000.0,-644180000.0,31635000.0,655888000.0,0.0,200183000.0,132718000.0,132718000.0,0.0,3232000.0,0.082,771187000.0,250573000.0,605923000.0,3.32,2.299,67.696,66.3,8203287000.0,67465000.0,66.3,5.558,5.47,135931000.0,-1096607000.0,1616438000.0,1616438000.0,0.0,0.014,0.033,0.027,0.245,18019000.0,93188000.0,1.0,135512464.0,133369047.0,133637235.0,12.12,9526784000.0,0.0,5238000.0,0.0,71.432,
27,DLR,MRT,2014-09-30,2014-09-30,2014-09-30,2021-08-07,-20470000.0,9722007000.0,9766115500.0,,,0.162,29.98,-953682000.0,50514000.0,50514000.0,583078000.0,293877000.0,,1.383,4739729000.0,,,4739729000.0,0.0,446530000.0,0.0,0.052,3.27,480858000.0,927388000.0,0.585,927388000.0,480858000.0,292287000.0,1.72,1.7,1.72,4062108000.0,3898894750.0,4062108000.0,13191057617.0,27.0,14.224,-278805000.0,-2.058,1.0,1002075000.0,0.632,0.0,188571000.0,14411222000.0,14562806750.0,0.0,0.0,,,5618447000.0,,,8452526617.0,-20377000.0,152166000.0,7000.0,266112000.0,-441735000.0,97740000.0,-792994000.0,-2000.0,674877000.0,0.0,288723000.0,227987000.0,227987000.0,0.0,5154000.0,0.144,645039000.0,357036000.0,648314000.0,1.901,2.081,37.075,36.267,8490835000.0,60736000.0,62.38,5.332,5.332,140463000.0,-931777000.0,1585153000.0,1585153000.0,0.0,0.023,0.058,0.033,0.303,17672000.0,87244000.0,1.0,135500587.0,135492618.0,135946533.0,11.699,9722007000.0,0.0,3564000.0,0.0,71.753,
28,DLR,MRT,2014-06-30,2014-06-30,2014-06-30,2021-08-07,14962000.0,9910231000.0,9692124000.0,,,0.16,30.58,-1058740000.0,120704000.0,120704000.0,581727000.0,317196000.0,,1.412,4859235000.0,,,4859235000.0,0.0,432620000.0,0.0,0.055,3.22,502939000.0,935559000.0,0.603,935559000.0,502939000.0,314290000.0,1.99,1.96,1.99,4091722000.0,3794238250.0,4091722000.0,12787606669.0,25.0,13.668,-362593000.0,-2.71,1.0,970696000.0,0.625,0.0,188649000.0,14648762000.0,14487217000.0,0.0,0.0,,,5775950000.0,,,7893309669.0,53752000.0,311567000.0,187000.0,281516000.0,-429278000.0,109782000.0,-752177000.0,-3000.0,696147000.0,0.0,311552000.0,257545000.0,257545000.0,0.0,5644000.0,0.166,610333000.0,360363000.0,636783000.0,1.618,1.929,30.648,29.307,8574080000.0,54007000.0,58.32,5.085,5.027,161495000.0,-928626000.0,1552423000.0,1552423000.0,0.0,0.027,0.068,0.035,0.324,17699000.0,82810000.0,1.0,135344816.0,133802622.0,133977885.0,11.602,9910231000.0,0.0,2738000.0,0.0,74.066,
29,DLR,MRT,2014-03-31,2014-03-31,2014-03-31,2021-08-07,13947000.0,9805394000.0,9510781000.0,,,0.159,29.807,-1247284000.0,113084000.0,113084000.0,560416000.0,315485000.0,,1.548,5007381000.0,,,5007381000.0,0.0,415448000.0,0.0,0.06,3.17,498619000.0,914067000.0,0.604,914067000.0,498619000.0,311616000.0,2.05,2.02,2.05,3831233000.0,3658085500.0,3831233000.0,11682440717.0,23.0,12.781,-563524000.0,-4.384,1.0,954063000.0,0.63,0.0,187003000.0,14699691000.0,14279994000.0,0.0,0.0,,,5929674000.0,,,6817718717.0,25198000.0,321623000.0,30000.0,247419000.0,-416900000.0,273953000.0,-932515000.0,-4556000.0,683760000.0,0.0,309689000.0,263112000.0,263112000.0,0.0,5796000.0,0.174,587295000.0,366768000.0,614645000.0,1.546,1.78,25.912,25.893,8441700000.0,46577000.0,53.08,4.502,4.505,181433000.0,-857779000.0,1514479000.0,1514479000.0,0.0,0.028,0.072,0.035,0.329,17625000.0,80380000.0,1.0,128442327.0,128535995.0,129136961.0,11.783,9805394000.0,0.0,1927000.0,0.0,76.285,
30,DLR,MRT,2013-12-31,2013-12-31,2013-12-31,2021-08-07,10691000.0,9626830000.0,9302305500.0,,,0.159,28.22,-1359832000.0,97170000.0,97170000.0,546917000.0,320449000.0,,1.656,4961892000.0,,,4961892000.0,0.0,397592000.0,0.0,0.064,3.12,505179000.0,902771000.0,0.609,902771000.0,505179000.0,315780000.0,2.12,2.12,2.12,3610516000.0,3536684000.0,3610516000.0,10991661881.0,22.0,12.175,-703442000.0,-5.498,1.0,935342000.0,0.631,0.0,189399000.0,14491552000.0,13996960500.0,0.0,0.0,,,5980318000.0,,,6308839881.0,-2387000.0,315132000.0,0.0,650494000.0,-400953000.0,401832000.0,-1060609000.0,-17100000.0,656390000.0,0.0,314488000.0,271583000.0,271583000.0,0.0,5961000.0,0.183,555292000.0,380050000.0,662687000.0,1.472,1.747,23.23,23.17,8384086000.0,42905000.0,49.12,4.256,4.24,122248000.0,-785222000.0,1482259000.0,1482259000.0,0.0,0.029,0.077,0.036,0.341,11527000.0,65653000.0,1.0,128437294.0,127941134.0,128127641.0,11.585,9626830000.0,0.0,1292000.0,0.0,75.244,
31,DLR,MRT,2013-09-30,2013-09-30,2013-09-30,2021-08-07,-10327000.0,9426041000.0,9100401500.0,,,0.159,28.37,-1394796000.0,97575000.0,97575000.0,534738000.0,320677000.0,,1.577,4780397000.0,,,4780397000.0,0.0,381032000.0,0.0,0.058,3.07,500006000.0,881038000.0,0.607,881038000.0,500006000.0,316126000.0,2.15,2.13,2.15,3643482000.0,3501131250.0,3643482000.0,11454562545.0,23.0,13.001,-754304000.0,-5.873,1.0,916326000.0,0.631,0.0,183880000.0,14108863000.0,13623434500.0,0.0,0.0,,,5745472000.0,,,6819551545.0,-20997000.0,303514000.0,252000.0,704079000.0,-400952000.0,462017000.0,-1123506000.0,-17100000.0,640492000.0,0.0,314351000.0,273421000.0,273421000.0,0.0,6326000.0,0.188,538995000.0,377331000.0,652720000.0,1.428,1.872,24.942,24.698,8128427000.0,40930000.0,53.1,4.7,4.7,191715000.0,-728012000.0,1451064000.0,1451064000.0,0.0,0.03,0.078,0.037,0.345,12053000.0,63558000.0,1.0,128428466.0,128427444.0,135301765.0,11.299,9426041000.0,0.0,1775000.0,0.0,73.396,
32,DLR,MRT,2013-06-30,2013-06-30,2013-06-30,2021-08-07,-64010000.0,9184859000.0,8872040750.0,,,0.159,27.621,-2483905000.0,63237000.0,63237000.0,504072000.0,224118000.0,,1.579,4698248000.0,,,4698248000.0,0.0,363191000.0,0.0,0.05,3.02,398336000.0,761527000.0,0.539,761527000.0,398336000.0,221278000.0,1.44,1.44,1.44,3547111000.0,3460121500.0,3547111000.0,12429352062.0,31.0,16.322,-1896650000.0,-14.769,1.0,910015000.0,0.644,0.0,177058000.0,13819870000.0,13214553500.0,0.0,0.0,,,5601589000.0,,,7833287062.0,-23517000.0,-29889000.0,833115000.0,1339174000.0,-391522000.0,1930977000.0,-2541749000.0,-17100000.0,587255000.0,0.0,219145000.0,180164000.0,180164000.0,0.0,4973000.0,0.127,519843000.0,390172000.0,617766000.0,2.097,2.208,43.479,42.361,7958511000.0,38981000.0,61.0,5.539,5.54,159847000.0,-766704000.0,1414087000.0,1414087000.0,0.0,0.02,0.052,0.03,0.282,11918000.0,61692000.0,1.0,128414542.0,128419745.0,128623076.0,11.011,9184859000.0,0.0,2133000.0,0.0,71.522,
33,DLR,MRT,2013-03-31,2013-03-31,2013-03-31,2021-08-07,-72473000.0,8971492000.0,8255104250.0,,,0.164,26.459,-2437524000.0,86059000.0,86059000.0,481337000.0,218465000.0,,1.671,4682124000.0,,,4682124000.0,0.0,340134000.0,0.0,0.044,2.97,383288000.0,723422000.0,0.534,723422000.0,383288000.0,216132000.0,1.45,1.45,1.45,3345627000.0,3245334750.0,3345627000.0,12557107734.0,33.0,17.358,-1876072000.0,-14.837,1.0,872952000.0,0.645,0.0,167156000.0,13567557000.0,12268142500.0,0.0,0.0,,,5589544000.0,,,8378873734.0,15887000.0,-56678000.0,833780000.0,1433182000.0,-372996000.0,1969177000.0,-2514742000.0,-12549000.0,561452000.0,0.0,213003000.0,175108000.0,175108000.0,0.0,5462000.0,0.129,493955000.0,378997000.0,613537000.0,2.048,2.504,47.85,46.145,7722993000.0,37895000.0,66.91,6.187,6.247,177951000.0,-713612000.0,1354289000.0,1354289000.0,0.0,0.021,0.054,0.031,0.283,12111000.0,58910000.0,1.0,125226031.0,126445285.0,126738339.0,10.71,8971492000.0,0.0,3129000.0,0.0,70.952,
34,DLR,MRT,2012-12-31,2012-12-31,2012-12-31,2021-08-07,-12191000.0,8819214000.0,7616746500.0,,,0.168,29.972,-2405891000.0,100331000.0,100331000.0,450702000.0,216047000.0,,1.534,4278565000.0,,,4278565000.0,0.0,316064000.0,0.0,0.043,2.92,370089000.0,686153000.0,0.536,686153000.0,370089000.0,212981000.0,1.48,1.48,1.48,3468305000.0,3050103750.0,3468305000.0,12335278752.0,33.0,17.977,-1862943000.0,-16.099,1.0,828365000.0,0.648,0.0,157108000.0,12997448000.0,11281217250.0,0.0,0.0,,,5320830000.0,,,8374537752.0,15650000.0,-54827000.0,898416000.0,1297531000.0,-334429000.0,1948635000.0,-2475933000.0,0.0,542948000.0,0.0,210334000.0,171662000.0,171662000.0,0.0,5713000.0,0.134,463338000.0,365027000.0,646427000.0,1.973,2.415,48.785,45.872,7603136000.0,38672000.0,67.89,6.547,6.142,168286000.0,-656104000.0,1279067000.0,1279067000.0,0.0,0.023,0.056,0.033,0.289,12631000.0,57209000.0,1.0,123354511.0,115717667.0,116006577.0,11.053,8819214000.0,0.0,2647000.0,0.0,76.213,
35,DLR,MRT,2012-09-30,2012-09-30,2012-09-30,2021-08-07,-24524000.0,8512598000.0,6936584500.0,,,0.173,28.514,-2305544000.0,119332000.0,119332000.0,415030000.0,207349000.0,,1.433,4080073000.0,,,4080073000.0,0.0,292264000.0,0.0,0.041,2.87,356571000.0,648835000.0,0.541,648835000.0,356571000.0,202957000.0,1.46,1.46,1.46,3479443000.0,2813756750.0,3479443000.0,11838369522.0,33.0,18.246,-1828150000.0,-14.982,1.0,784913000.0,0.654,0.0,153614000.0,12473339000.0,10267600250.0,0.0,0.0,,,4985042000.0,,,8521256522.0,37383000.0,-42826000.0,942611000.0,1202001000.0,-334430000.0,1884034000.0,-2324045000.0,0.0,477394000.0,0.0,201484000.0,162837000.0,162837000.0,0.0,5865000.0,0.136,432174000.0,352739000.0,616042000.0,1.966,2.449,52.33,47.842,7314110000.0,38647000.0,69.85,7.101,7.103,146025000.0,-610337000.0,1199943000.0,1199943000.0,0.0,0.023,0.058,0.035,0.297,13089000.0,56310000.0,1.0,121993651.0,122026421.0,122353511.0,9.833,8512598000.0,0.0,1473000.0,0.0,69.76,
36,DLR,MRT,2012-06-30,2012-06-30,2012-06-30,2021-08-07,-55701000.0,6717113000.0,6265038000.0,,,0.181,24.489,-1124515000.0,83099000.0,83099000.0,385607000.0,188117000.0,,1.48,3400212000.0,,,3400212000.0,0.0,271374000.0,0.0,0.038,2.82,333305000.0,604679000.0,0.535,604679000.0,333305000.0,183660000.0,1.41,1.4,1.41,2687964000.0,2572981750.0,2687964000.0,11473811224.0,34.0,18.975,-682082000.0,-6.214,1.0,745333000.0,0.659,0.0,149645000.0,10034226000.0,9281638000.0,0.0,0.0,,,3978929000.0,,,8272016224.0,19877000.0,-36487000.0,349967000.0,300207000.0,-314601000.0,723657000.0,-1146213000.0,0.0,442433000.0,0.0,182436000.0,149130000.0,149130000.0,0.0,5681000.0,0.132,418043000.0,327290000.0,372974000.0,2.0,3.077,55.468,53.241,5795798000.0,33306000.0,75.07,7.314,7.286,96609000.0,-566273000.0,1130940000.0,1130940000.0,0.0,0.024,0.058,0.036,0.295,13909000.0,56501000.0,1.0,110190705.0,109761017.0,110166082.0,10.304,6717113000.0,0.0,1224000.0,0.0,61.198,
37,DLR,MRT,2012-03-31,2012-03-31,2012-03-31,2021-08-07,-37175000.0,6418061000.0,6000361000.0,,,0.183,23.947,-1003501000.0,70053000.0,70053000.0,368561000.0,172377000.0,,1.476,3271848000.0,,,3271848000.0,0.0,258681000.0,0.0,0.037,2.77,318354000.0,577035000.0,0.527,577035000.0,318354000.0,167056000.0,1.36,1.35,1.36,2564703000.0,2418778750.0,2564703000.0,10771357715.0,34.0,18.667,-596497000.0,-5.57,1.0,726556000.0,0.663,0.0,151298000.0,9619856000.0,8933370000.0,0.0,0.0,,,3785077000.0,,,7926943715.0,-18125000.0,-9816000.0,525296000.0,178390000.0,-301197000.0,584945000.0,-1010074000.0,0.0,407004000.0,0.0,166805000.0,139099000.0,139099000.0,0.0,5572000.0,0.127,410995000.0,315561000.0,313968000.0,2.037,3.091,56.988,54.39,5541541000.0,27706000.0,73.97,7.238,7.234,91132000.0,-527816000.0,1095117000.0,1095117000.0,0.0,0.023,0.058,0.036,0.291,13815000.0,55469000.0,1.0,107164306.0,107099856.0,107584856.0,10.225,6418061000.0,0.0,251000.0,0.0,59.926,
38,DLR,MRT,2011-12-31,2011-12-31,2011-12-31,2021-08-07,-55880000.0,6098566000.0,5780182000.0,,,0.184,25.638,-833578000.0,95796000.0,95796000.0,357868000.0,162126000.0,,1.394,2940210000.0,,,2940210000.0,0.0,247024000.0,0.0,0.041,2.72,305573000.0,552597000.0,0.52,552597000.0,305573000.0,156223000.0,1.33,1.32,1.33,2522917000.0,2263551750.0,2522917000.0,9700386515.0,32.0,17.554,-432622000.0,-4.396,1.0,704842000.0,0.663,0.0,149350000.0,8942980000.0,8650548500.0,0.0,0.0,,,3518155000.0,,,6997308515.0,28912000.0,-6139000.0,467252000.0,90086000.0,-261286000.0,458758000.0,-830802000.0,0.0,400956000.0,0.0,156265000.0,130868000.0,130868000.0,0.0,5861000.0,0.123,400532000.0,304310000.0,315133000.0,2.045,2.773,53.468,50.128,5242515000.0,25397000.0,66.67,6.584,6.174,90580000.0,-488692000.0,1062710000.0,1062710000.0,0.0,0.023,0.058,0.035,0.288,13430000.0,53624000.0,1.0,104954380.0,98405375.0,99169749.0,10.799,6098566000.0,0.0,-42000.0,0.0,61.974,
39,DLR,MRT,2011-09-30,2011-09-30,2011-09-30,2021-08-07,-50993000.0,5826412000.0,5587911250.0,,,0.184,25.016,-854386000.0,93962000.0,93962000.0,341477000.0,151227000.0,,1.291,2797040000.0,,,2797040000.0,0.0,240011000.0,0.0,0.047,2.57,296227000.0,536238000.0,0.52,536238000.0,296227000.0,147150000.0,1.27,1.25,1.27,2516343000.0,2123452000.0,2516343000.0,8464332359.0,29.0,15.785,-455580000.0,-4.529,1.0,689293000.0,0.669,0.0,149077000.0,8529490000.0,8430967500.0,0.0,0.0,,,3249532000.0,,,5481583359.0,-27761000.0,-605000.0,487188000.0,101444000.0,-261286000.0,443446000.0,-870013000.0,0.0,398806000.0,0.0,145770000.0,119743000.0,119743000.0,0.0,5457000.0,0.116,393722000.0,295571000.0,289560000.0,2.024,2.178,45.778,43.433,5001662000.0,26027000.0,55.16,5.318,5.383,90647000.0,-452590000.0,1030770000.0,1030770000.0,0.0,0.021,0.056,0.035,0.287,11450000.0,53307000.0,1.0,99376058.0,100588235.0,101912342.0,10.247,5826412000.0,0.0,1380000.0,0.0,57.923,
40,DLR,MRT,2011-06-30,2011-06-30,2011-06-30,2021-08-07,-16169000.0,5658405000.0,5424033000.0,,,0.183,21.508,-1474465000.0,84828000.0,84828000.0,334151000.0,137164000.0,,1.702,3067577000.0,,,3067577000.0,0.0,231355000.0,0.0,0.039,2.42,282460000.0,513815000.0,0.517,513815000.0,282460000.0,133724000.0,1.06,1.05,1.06,2071152000.0,1984233500.0,2071152000.0,8830726528.0,31.0,17.187,-1068785000.0,-11.099,1.0,660629000.0,0.664,0.0,148736000.0,8641154000.0,8239708750.0,0.0,0.0,,,3524591000.0,,,5879501528.0,-314723000.0,-10821000.0,336569000.0,928587000.0,-237999000.0,761832000.0,-1482235000.0,0.0,405680000.0,0.0,132462000.0,97474000.0,97474000.0,0.0,4702000.0,0.098,376283000.0,284346000.0,284284000.0,2.283,2.839,60.319,58.283,4852510000.0,34988000.0,61.78,5.91,5.98,83672000.0,-414668000.0,994780000.0,994780000.0,0.0,0.018,0.049,0.034,0.284,11463000.0,50585000.0,1.0,95168364.0,96295585.0,97511811.0,10.33,5658405000.0,0.0,1262000.0,0.0,58.761,
41,DLR,MRT,2011-03-31,2011-03-31,2011-03-31,2021-08-07,-23570000.0,5537345000.0,5134689750.0,,,0.18,21.26,-1401969000.0,104204000.0,104204000.0,314535000.0,118838000.0,,1.8,3055429000.0,,,3055429000.0,0.0,218309000.0,0.0,0.038,2.22,259078000.0,477387000.0,0.516,477387000.0,259078000.0,116514000.0,0.84,0.83,0.84,1943795000.0,1955223000.0,1943795000.0,8048843358.0,31.0,16.86,-1035651000.0,-11.327,1.0,609828000.0,0.66,0.0,142564000.0,8488570000.0,7641246500.0,0.0,0.0,,,3498272000.0,,,5313670358.0,-6441000.0,-10696000.0,568543000.0,929085000.0,-211864000.0,1059743000.0,-1432502000.0,0.0,366318000.0,0.0,114951000.0,74575000.0,74575000.0,0.0,3887000.0,0.081,348052000.0,261776000.0,265714000.0,2.643,2.734,71.253,69.214,4734704000.0,40376000.0,58.14,5.748,5.751,78992000.0,-379627000.0,924363000.0,924363000.0,0.0,0.015,0.038,0.034,0.28,11689000.0,49082000.0,1.0,91394399.0,91428355.0,92600215.0,10.11,5537345000.0,0.0,1563000.0,0.0,60.565,
42,DLR,MRT,2010-12-31,2010-12-31,2010-12-31,2021-08-07,-42081000.0,5329483000.0,4787250000.0,,,0.181,23.287,-1708736000.0,71781000.0,71781000.0,294657000.0,105412000.0,,1.669,2806954000.0,,,2806954000.0,0.0,206775000.0,0.0,0.039,2.02,241529000.0,448304000.0,0.518,448304000.0,241529000.0,104145000.0,0.69,0.68,0.69,1962518000.0,1862946000.0,1962518000.0,7255957378.0,30.0,16.185,-1349707000.0,-16.015,1.0,570744000.0,0.66,0.0,137384000.0,8064656000.0,7075314250.0,0.0,0.0,,,3274820000.0,,,4662401378.0,-60601000.0,-10577000.0,619439000.0,1091040000.0,-171549000.0,1318070000.0,-1737700000.0,0.0,359029000.0,0.0,102294000.0,58339000.0,58339000.0,0.0,3118000.0,0.067,328438000.0,242306000.0,237631000.0,2.928,2.376,79.919,74.696,4584477000.0,43955000.0,51.54,5.388,5.019,70337000.0,-348148000.0,865401000.0,865401000.0,0.0,0.012,0.031,0.034,0.279,11362000.0,47196000.0,1.0,90461804.0,84275498.0,86013471.0,10.269,5329483000.0,0.0,1851000.0,0.0,63.239,
43,DLR,MRT,2010-09-30,2010-09-30,2010-09-30,2021-08-07,-41590000.0,5170899000.0,4391144000.0,,,0.181,22.29,-1598577000.0,128043000.0,128043000.0,272127000.0,94011000.0,,1.593,2721599000.0,,,2721599000.0,0.0,190234000.0,0.0,0.031,1.94,218282000.0,408516000.0,0.513,408516000.0,218282000.0,93030000.0,0.59,0.58,0.59,1959469000.0,1762065250.0,1959469000.0,7132914252.0,33.0,17.461,-1293171000.0,-14.71,1.0,524376000.0,0.658,0.0,125252000.0,7764455000.0,6413993500.0,0.0,0.0,,,3122030000.0,,,5386641252.0,25341000.0,-10354000.0,557359000.0,1118502000.0,-171549000.0,1339726000.0,-1619791000.0,0.0,305406000.0,0.0,91460000.0,47760000.0,47760000.0,0.0,2551000.0,0.06,304546000.0,219830000.0,221209000.0,3.288,2.749,112.786,104.576,4349465000.0,43700000.0,61.7,6.763,6.81,83309000.0,-324716000.0,796503000.0,796503000.0,0.0,0.011,0.027,0.034,0.274,12889000.0,44979000.0,1.0,87303748.0,87908953.0,90136912.0,9.061,5170899000.0,0.0,1570000.0,0.0,58.821,
44,DLR,MRT,2010-06-30,2010-06-30,2010-06-30,2021-08-07,-65747000.0,4501032000.0,3981523750.0,,,0.181,24.274,-825367000.0,378437000.0,378437000.0,238807000.0,94330000.0,,1.263,2124710000.0,,,2124710000.0,0.0,176136000.0,0.0,0.031,1.77,203565000.0,379701000.0,0.526,379701000.0,203565000.0,92491000.0,0.64,0.63,0.64,1955110000.0,1665662750.0,1955110000.0,6587694644.0,32.0,17.35,-541968000.0,-6.729,1.0,483437000.0,0.669,0.0,111074000.0,6247305000.0,5736310500.0,0.0,0.0,,,2469143000.0,,,4510439644.0,273307000.0,0.0,471326000.0,603216000.0,-151164000.0,835155000.0,-845247000.0,0.0,283399000.0,0.0,90931000.0,50527000.0,50527000.0,0.0,3399000.0,0.07,278352000.0,205085000.0,196491000.0,2.766,2.307,89.268,90.125,3548642000.0,40404000.0,57.68,6.245,6.432,52174000.0,-287331000.0,722244000.0,722244000.0,0.0,0.013,0.03,0.035,0.282,11975000.0,43452000.0,1.0,78197636.0,80542329.0,83021817.0,8.967,4501032000.0,0.0,1560000.0,0.0,55.884,
45,DLR,MRT,2010-03-31,2010-03-31,2010-03-31,2021-08-07,-47557000.0,4147586000.0,3717442750.0,,,0.183,20.248,-835213000.0,90954000.0,90954000.0,223574000.0,95631000.0,,1.587,2168209000.0,,,2168209000.0,0.0,166898000.0,0.0,0.03,1.62,193836000.0,360734000.0,0.531,360734000.0,193836000.0,93429000.0,0.66,0.65,0.66,1574687000.0,1573122250.0,1574687000.0,5895514281.0,30.0,16.343,-535582000.0,-6.887,1.0,456213000.0,0.671,0.0,100407000.0,6224841000.0,5390539750.0,0.0,0.0,,,2499081000.0,,,4221200281.0,-28127000.0,0.0,63770000.0,653023000.0,-133786000.0,502198000.0,-829956000.0,0.0,299631000.0,0.0,92111000.0,51707000.0,51707000.0,0.0,3520000.0,0.076,262432000.0,193781000.0,165615000.0,2.455,2.681,81.637,82.121,3501382000.0,40404000.0,54.2,6.21,6.201,54090000.0,-254639000.0,679787000.0,679787000.0,0.0,0.014,0.033,0.036,0.285,10744000.0,40836000.0,1.0,77881924.0,77770691.0,80742110.0,8.741,4147586000.0,0.0,1318000.0,0.0,53.331,
46,DLR,MRT,2009-12-31,2009-12-31,2009-12-31,2021-08-07,-27947000.0,3745059000.0,3518449500.0,,,0.181,20.526,-530382000.0,110130000.0,110130000.0,210042000.0,91234000.0,,1.354,1784444000.0,,,1784444000.0,0.0,156828000.0,0.0,0.029,1.47,177142000.0,333970000.0,0.524,333970000.0,177142000.0,88700000.0,0.62,0.61,0.62,1558995000.0,1570727250.0,1558995000.0,5368727131.0,30.0,16.075,-246573000.0,-3.247,1.0,427100000.0,0.67,0.0,88442000.0,5419373000.0,5004612250.0,0.0,0.0,,,2110258000.0,,,3847422131.0,-1014000.0,0.0,90075000.0,317983000.0,-109784000.0,235086000.0,-519909000.0,0.0,283809000.0,0.0,87662000.0,47258000.0,47258000.0,0.0,3572000.0,0.074,249311000.0,177789000.0,151229000.0,2.371,2.468,81.413,81.097,3157193000.0,40404000.0,50.28,6.039,5.994,46086000.0,-231871000.0,637142000.0,637142000.0,0.0,0.013,0.03,0.035,0.278,9829000.0,39988000.0,1.0,76519931.0,75950370.0,77020890.0,8.389,3745059000.0,0.0,1038000.0,0.0,49.309,
47,DLR,MRT,2009-09-30,2009-09-30,2009-09-30,2021-08-07,-26471000.0,3532418000.0,3402446000.0,,,0.181,20.627,-528687000.0,77965000.0,77965000.0,207238000.0,91470000.0,,1.193,1599270000.0,,,1599270000.0,0.0,148931000.0,0.0,0.03,1.35,170109000.0,319040000.0,0.519,319040000.0,170109000.0,88371000.0,0.63,0.62,0.63,1573859000.0,1556958750.0,1573859000.0,4900056011.0,29.0,15.359,-215692000.0,-2.827,1.0,407236000.0,0.663,0.0,81738000.0,5053723000.0,4786597750.0,0.0,0.0,,,1878259000.0,,,3480542011.0,-826000.0,-20612000.0,88521000.0,312366000.0,-109794000.0,225382000.0,-539203000.0,0.0,312995000.0,0.0,87170000.0,46765000.0,46765000.0,0.0,4300000.0,0.076,238962000.0,168274000.0,153072000.0,2.143,2.211,74.426,72.556,2997289000.0,40405000.0,45.71,5.664,5.676,45404000.0,-211596000.0,614474000.0,614474000.0,0.0,0.014,0.03,0.036,0.277,9177000.0,38333000.0,1.0,76143995.0,76301577.0,77674137.0,8.053,3532418000.0,0.0,1201000.0,0.0,46.295,
48,DLR,MRT,2009-06-30,2009-06-30,2009-06-30,2021-08-07,-27456000.0,3444708000.0,3309062750.0,,,0.179,20.821,-571828000.0,99992000.0,99992000.0,201213000.0,85944000.0,,1.119,1519506000.0,,,1519506000.0,0.0,139297000.0,0.0,0.036,1.3,158166000.0,297463000.0,0.501,297463000.0,158166000.0,83271000.0,0.58,0.56,0.58,1584948000.0,1545337750.0,1584948000.0,4058122302.0,26.0,13.642,-283892000.0,-3.729,1.0,392050000.0,0.661,0.0,74895000.0,4864222000.0,4611974000.0,0.0,0.0,,,1773344000.0,,,2728604302.0,49552000.0,-20612000.0,307640000.0,193175000.0,-104478000.0,348431000.0,-586815000.0,0.0,287936000.0,0.0,82249000.0,41843000.0,41843000.0,0.0,3695000.0,0.071,235774000.0,156276000.0,127279000.0,2.241,1.722,65.211,61.81,2905351000.0,40406000.0,35.85,4.599,4.6,40195000.0,-196500000.0,593263000.0,593263000.0,0.0,0.013,0.027,0.034,0.267,10342000.0,39243000.0,1.0,76111696.0,76121380.0,76851202.0,7.794,3444708000.0,0.0,1022000.0,0.0,45.253,
49,DLR,MRT,2009-03-31,2009-03-31,2009-03-31,2021-08-07,-58827000.0,3351613000.0,3215598250.0,,,0.175,20.951,-647573000.0,110170000.0,110170000.0,194228000.0,78291000.0,,1.09,1439688000.0,,,1439688000.0,0.0,128070000.0,0.0,0.039,1.28,143885000.0,271955000.0,0.484,271955000.0,143885000.0,76529000.0,0.5,0.48,0.5,1565107000.0,1491144000.0,1565107000.0,3794689967.0,26.0,13.953,-406226000.0,-5.438,1.0,367804000.0,0.654,0.0,67356000.0,4681131000.0,4489745750.0,0.0,0.0,,,1705537000.0,,,2517820967.0,44569000.0,-21222000.0,308540000.0,304704000.0,-99858000.0,470428000.0,-667206000.0,0.0,241347000.0,0.0,75073000.0,34666000.0,34666000.0,0.0,3218000.0,0.062,225540000.0,142264000.0,139606000.0,2.56,1.609,72.631,66.36,2817399000.0,40407000.0,33.18,4.48,4.41,37923000.0,-181645000.0,562032000.0,562032000.0,0.0,0.011,0.023,0.032,0.256,9990000.0,38971000.0,1.0,75883694.0,74703755.0,74895168.0,7.523,3351613000.0,0.0,1456000.0,0.0,44.865,
50,DLR,MRT,2008-12-31,2008-12-31,2008-12-31,2021-08-07,-49503000.0,3281045000.0,3101454000.0,,,0.17,21.85,-625226000.0,118804000.0,118804000.0,182249000.0,67918000.0,,1.134,1385074000.0,,,1385074000.0,0.0,118364000.0,0.0,0.038,1.26,129984000.0,248348000.0,0.471,248348000.0,129984000.0,66363000.0,0.39,0.38,0.39,1503921000.0,1441623750.0,1503921000.0,3593525333.0,28.0,14.47,-407418000.0,-5.919,1.0,345196000.0,0.654,0.0,63621000.0,4547315000.0,4322941000.0,0.0,0.0,,,1705969000.0,,,2397182333.0,41982000.0,-21222000.0,224891000.0,52126000.0,-91476000.0,471925000.0,-647751000.0,0.0,217808000.0,0.0,65254000.0,26690000.0,26690000.0,0.0,2664000.0,0.051,216841000.0,128355000.0,171176000.0,3.231,1.594,89.816,84.231,2748220000.0,38564000.0,32.85,4.545,4.287,39108000.0,-166863000.0,527445000.0,527445000.0,0.0,0.009,0.019,0.03,0.246,9805000.0,37652000.0,1.0,72973587.0,68829267.0,70435760.0,7.663,3281045000.0,0.0,1109000.0,0.0,47.669,
51,DLR,MRT,2008-09-30,2008-09-30,2008-09-30,2021-08-07,-19918000.0,3158885000.0,2983558750.0,,,0.163,21.538,-644174000.0,87375000.0,87375000.0,170840000.0,49796000.0,,1.014,1283718000.0,,,1283718000.0,0.0,108357000.0,0.0,0.026,1.24,110787000.0,219144000.0,0.451,219144000.0,110787000.0,46400000.0,0.16,0.14,0.16,1527375000.0,1326622500.0,1527375000.0,4702929520.0,42.0,21.46,-494620000.0,-6.975,1.0,315402000.0,0.649,0.0,64387000.0,4355228000.0,4212249250.0,0.0,0.0,,,1548110000.0,,,3398470520.0,-7204000.0,-610000.0,383653000.0,-52210000.0,-110932000.0,503886000.0,-660644000.0,0.0,149554000.0,0.0,44617000.0,10796000.0,10796000.0,-3264000.0,5179000.0,0.022,205869000.0,109533000.0,151851000.0,7.75,2.225,314.79,295.312,2635259000.0,33821000.0,47.25,6.989,6.891,53809000.0,-151727000.0,486242000.0,486242000.0,0.0,0.004,0.008,0.026,0.228,9172000.0,37075000.0,1.0,71925302.0,70916019.0,73338871.0,6.857,3158885000.0,0.0,1783000.0,0.0,44.544,
52,DLR,MRT,2008-06-30,2008-06-30,2008-06-30,2021-08-07,18129000.0,3070850000.0,2837867250.0,,,0.158,20.765,-666335000.0,56713000.0,56713000.0,160690000.0,36512000.0,,1.187,1361172000.0,,,1361172000.0,0.0,99727000.0,0.0,0.03,1.216,99149000.0,198876000.0,0.443,198876000.0,99149000.0,33795000.0,0.05,0.04,0.05,1368173000.0,1175120750.0,1368173000.0,3811124563.0,38.0,19.163,-543791000.0,-8.253,1.0,288330000.0,0.642,0.0,65354000.0,4375309000.0,4079274500.0,0.0,0.0,,,1623801000.0,,,2692248563.0,-28250000.0,16206000.0,160885000.0,157854000.0,-106132000.0,507663000.0,-658457000.0,0.0,122544000.0,0.0,32166000.0,3088000.0,3088000.0,-3248000.0,4346000.0,0.007,191030000.0,97300000.0,147132000.0,24.32,1.968,871.842,818.2,2574294000.0,29078000.0,40.91,5.996,6.003,47469000.0,-137319000.0,449020000.0,449020000.0,0.0,0.001,0.003,0.024,0.221,6942000.0,33589000.0,1.0,65809058.0,65889122.0,68068600.0,6.815,3070850000.0,0.0,1629000.0,0.0,46.606,
53,DLR,MRT,2008-03-31,2008-03-31,2008-03-31,2021-08-07,10270000.0,2895036000.0,2668523750.0,,,0.158,20.892,-532039000.0,71815000.0,71815000.0,147432000.0,30720000.0,,1.057,1190691000.0,,,1190691000.0,0.0,90725000.0,0.0,0.034,1.192,93293000.0,184018000.0,0.437,184018000.0,93293000.0,27631000.0,0.04,0.03,0.04,1367026000.0,1067200000.0,1367026000.0,3617005520.0,39.0,19.656,-434819000.0,-6.645,1.0,273395000.0,0.65,0.0,65662000.0,4013912000.0,3856738250.0,0.0,0.0,,,1444294000.0,,,2321921520.0,-12632000.0,16816000.0,159761000.0,-114043000.0,-103127000.0,412389000.0,-522241000.0,0.0,97220000.0,0.0,26728000.0,2585000.0,2585000.0,-3286000.0,3992000.0,0.006,182388000.0,91007000.0,136416000.0,29.8,1.699,898.229,887.5,2387446000.0,24143000.0,35.5,5.518,5.52,46419000.0,-120535000.0,420827000.0,420827000.0,0.0,0.001,0.002,0.024,0.222,5455000.0,32359000.0,1.0,65406240.0,65431586.0,67142783.0,6.432,2895036000.0,0.0,903000.0,0.0,44.245,
54,DLR,MRT,2007-12-31,2007-12-31,2007-12-31,2021-08-07,3379000.0,2809464000.0,2528212500.0,,,0.156,17.247,-625990000.0,72654000.0,72654000.0,136406000.0,41990000.0,,1.617,1367738000.0,,,1367738000.0,0.0,81305000.0,0.0,0.03,1.168,106105000.0,187410000.0,0.474,187410000.0,106105000.0,39051000.0,0.31,0.3,0.31,1043916000.0,920067750.0,1043916000.0,3732007919.0,35.0,19.914,-520335000.0,-8.597,1.0,258841000.0,0.655,0.0,67054000.0,4104548000.0,3735997750.0,0.0,0.0,,,1687637000.0,,,2484797919.0,9091000.0,95007000.0,159781000.0,221542000.0,-77752000.0,440863000.0,-537427000.0,0.0,105655000.0,0.0,38237000.0,18907000.0,18907000.0,-19444000.0,3753000.0,0.048,171163000.0,87678000.0,176143000.0,3.768,2.38,131.422,123.774,2301694000.0,19330000.0,38.37,6.287,5.876,43440000.0,-103090000.0,395247000.0,395247000.0,0.0,0.007,0.021,0.028,0.268,4367000.0,30786000.0,1.0,64758872.0,60527625.0,62572937.0,6.53,2809464000.0,0.0,814000.0,0.0,46.416,
55,DLR,MRT,2007-09-30,2007-09-30,2007-09-30,2021-08-07,9053000.0,2576119000.0,2372401250.0,,,0.157,15.175,-602866000.0,87898000.0,87898000.0,124660000.0,41402000.0,,1.716,1335108000.0,,,1335108000.0,0.0,74368000.0,0.0,0.029,1.144,104045000.0,178413000.0,0.48,178413000.0,104045000.0,41402000.0,0.41,0.4,0.41,921368000.0,836531750.0,921368000.0,3483207654.0,33.0,19.523,-485931000.0,-8.003,1.0,246729000.0,0.664,0.0,62643000.0,3823329000.0,3512650750.0,0.0,0.0,,,1580786000.0,,,2391519654.0,21532000.0,64659000.0,149847000.0,239244000.0,-74893000.0,446883000.0,-542286000.0,0.0,116935000.0,0.0,41402000.0,23986000.0,23986000.0,-16378000.0,0.0,0.065,159854000.0,86875000.0,104795000.0,2.79,2.596,99.705,96.073,2067786000.0,17416000.0,39.39,6.439,6.44,30322000.0,-83069000.0,371389000.0,371389000.0,0.0,0.01,0.029,0.03,0.28,3429000.0,29976000.0,1.0,60713878.0,60717153.0,60717153.0,6.117,2576119000.0,0.0,0.0,0.0,42.428,
56,DLR,MRT,2007-06-30,2007-06-30,2007-06-30,2021-08-07,7531000.0,2393476000.0,2221312000.0,,,0.152,15.429,-715866000.0,80619000.0,80619000.0,108190000.0,51054000.0,,1.478,1172307000.0,,,1172307000.0,0.0,66778000.0,0.0,0.03,1.123,110806000.0,177584000.0,0.527,177584000.0,110806000.0,51054000.0,0.72,0.7,0.72,936490000.0,727004500.0,936490000.0,3484065889.0,31.0,19.619,-603706000.0,-9.946,1.0,229078000.0,0.679,0.0,59752000.0,3485164000.0,3305416500.0,0.0,0.0,,,1384223000.0,,,2286906889.0,33945000.0,99097000.0,150354000.0,317554000.0,-55434000.0,543902000.0,-622117000.0,0.0,112160000.0,0.0,51054000.0,35552000.0,35552000.0,-26855000.0,0.0,0.105,145177000.0,83901000.0,70591000.0,1.56,2.442,64.326,52.333,1902639000.0,15502000.0,37.68,6.781,6.781,31753000.0,-65464000.0,337268000.0,337268000.0,0.0,0.016,0.049,0.034,0.329,2264000.0,27187000.0,1.0,60692858.0,60697740.0,62970291.0,5.557,2393476000.0,0.0,0.0,0.0,39.433,
57,DLR,MRT,2007-03-31,2007-03-31,2007-03-31,2021-08-07,4411000.0,2333791000.0,2051407250.0,,,0.148,13.776,-785940000.0,74829000.0,74829000.0,97027000.0,48391000.0,,1.903,1271988000.0,,,1271988000.0,0.0,59782000.0,0.0,0.028,1.102,104128000.0,163910000.0,0.539,163910000.0,104128000.0,48391000.0,0.73,0.71,0.73,778497000.0,613491000.0,778497000.0,3290449440.0,32.0,20.075,-675159000.0,-11.947,1.0,206895000.0,0.681,0.0,55737000.0,3530950000.0,3058698500.0,0.0,0.0,,,1481575000.0,,,2218216440.0,21820000.0,102180000.0,247724000.0,452073000.0,-52704000.0,604731000.0,-693692000.0,-911000.0,110781000.0,0.0,48391000.0,34611000.0,34611000.0,-26851000.0,0.0,0.114,127750000.0,79145000.0,66655000.0,1.51,2.849,64.09,54.658,1843983000.0,13780000.0,39.9,7.299,7.419,28830000.0,-50679000.0,303922000.0,303922000.0,0.0,0.017,0.056,0.034,0.343,1863000.0,23405000.0,1.0,55594397.0,56511200.0,58424427.0,5.378,2333791000.0,0.0,0.0,0.0,41.298,
58,DLR,MRT,2006-12-31,2006-12-31,2006-12-31,2021-08-07,4190000.0,2186219000.0,1861469750.0,,,0.146,19.642,-608880000.0,50405000.0,50405000.0,86145000.0,31392000.0,,1.885,1122638000.0,,,1122638000.0,0.0,52795000.0,0.0,0.032,1.081,80987000.0,133782000.0,0.492,133782000.0,80987000.0,31392000.0,0.49,0.47,0.49,709772000.0,522552250.0,709772000.0,2578689414.0,32.0,19.275,-509516000.0,-14.1,1.0,185931000.0,0.683,47292000.0,49595000.0,3211160000.0,2762079000.0,0.0,0.0,,,1338031000.0,,,1556059414.0,11331000.0,23222000.0,248004000.0,368955000.0,-64597000.0,509753000.0,-597786000.0,-911000.0,99364000.0,0.0,31392000.0,17612000.0,17612000.0,-10612000.0,0.0,0.065,111363000.0,74568000.0,88698000.0,2.206,2.192,88.352,69.857,1736802000.0,13780000.0,34.23,5.719,4.546,31293000.0,-52093000.0,272076000.0,272076000.0,0.0,0.009,0.034,0.029,0.298,1787000.0,20441000.0,1.0,45458937.0,36134983.0,37442192.0,7.529,2138927000.0,0.0,0.0,0.0,59.193,
59,DLR,MRT,2006-09-30,2006-09-30,2006-09-30,2021-08-07,2672000.0,1971762000.0,1697207500.0,,,0.142,13.381,-525745000.0,52127000.0,52127000.0,77396000.0,29571000.0,,2.581,1074757000.0,,,1074757000.0,0.0,45915000.0,0.0,0.034,1.06,73364000.0,119279000.0,0.495,119279000.0,73364000.0,29571000.0,0.45,0.45,0.45,483259000.0,441733500.0,483259000.0,1915242379.0,26.0,16.057,-450930000.0,-12.486,1.0,163408000.0,0.679,0.0,43793000.0,2994392000.0,2508525750.0,0.0,0.0,,,1247351000.0,,,1130807379.0,20580000.0,53570000.0,99375000.0,388182000.0,-47988000.0,412027000.0,-466262000.0,-911000.0,74815000.0,0.0,29571000.0,15791000.0,15791000.0,-10591000.0,0.0,0.066,95929000.0,67479000.0,54209000.0,2.356,2.34,71.611,69.6,1532567000.0,13780000.0,31.32,4.696,4.697,17586000.0,-39540000.0,240804000.0,240804000.0,0.0,0.009,0.036,0.029,0.305,1468000.0,18331000.0,1.0,36104961.0,36114253.0,37446893.0,6.668,1971762000.0,0.0,0.0,0.0,54.598,
60,DLR,MRT,2006-06-30,2006-06-30,2006-06-30,2021-08-07,3998000.0,1713857000.0,1567822500.0,,,0.143,14.456,-327841000.0,36066000.0,36066000.0,73374000.0,19209000.0,,2.053,820501000.0,,,820501000.0,0.0,40713000.0,0.0,0.042,1.039,59583000.0,100296000.0,0.446,100296000.0,59583000.0,19209000.0,0.19,0.2,0.19,482436000.0,419092750.0,482436000.0,1563102487.0,26.0,15.585,-241440000.0,-7.235,1.0,151579000.0,0.674,0.0,40374000.0,2498292000.0,2286186750.0,0.0,0.0,,,990422000.0,,,792671487.0,10087000.0,2316000.0,203272000.0,73787000.0,-62328000.0,248544000.0,-324858000.0,-911000.0,86401000.0,0.0,19209000.0,5775000.0,5775000.0,-56000.0,0.0,0.026,86125000.0,65454000.0,43326000.0,5.468,1.643,137.259,129.947,1319211000.0,13434000.0,24.69,3.524,3.663,17403000.0,-41312000.0,224953000.0,224953000.0,0.0,0.004,0.014,0.026,0.265,1088000.0,16669000.0,1.0,32104961.0,33372240.0,33872344.0,6.741,1713857000.0,0.0,0.0,0.0,51.356,
61,DLR,MRT,2006-03-31,2006-03-31,2006-03-31,2021-08-07,2276000.0,1574041000.0,1481422250.0,,,0.142,15.08,-432410000.0,43224000.0,43224000.0,67217000.0,18449000.0,,2.255,813655000.0,,,813655000.0,0.0,36791000.0,0.0,0.036,1.018,56512000.0,93303000.0,0.443,93303000.0,56512000.0,18449000.0,0.24,0.25,0.24,414742000.0,365003000.0,414742000.0,1486841203.0,26.0,15.936,-352211000.0,-12.806,1.0,143558000.0,0.681,0.0,38063000.0,2344472000.0,2187863750.0,0.0,0.0,,,935039000.0,,,770827203.0,22304000.0,-767000.0,105672000.0,292144000.0,-58524000.0,377706000.0,-435601000.0,0.0,80199000.0,0.0,18449000.0,6261000.0,6261000.0,62000.0,0.0,0.03,79370000.0,64188000.0,43222000.0,4.242,1.859,123.116,117.375,1215026000.0,12188000.0,28.17,3.657,3.676,27872000.0,-33394000.0,210775000.0,210775000.0,0.0,0.004,0.017,0.026,0.268,697000.0,14448000.0,1.0,27363408.0,27503248.0,28354597.0,7.664,1574041000.0,0.0,0.0,0.0,57.231,
62,DLR,MRT,2005-12-31,2005-12-31,2005-12-31,2021-08-07,1644000.0,1529170000.0,1362843750.0,,,0.141,16.113,-472899000.0,33053000.0,33053000.0,59446000.0,16101000.0,,2.277,749067000.0,,,749067000.0,0.0,33750000.0,0.0,0.044,0.997,51482000.0,85232000.0,0.445,85232000.0,51482000.0,16101000.0,0.25,0.25,0.25,386497000.0,328715750.0,386497000.0,1268719157.0,25.0,14.885,-395849000.0,-16.503,1.0,132175000.0,0.69,48237000.0,35381000.0,2196947000.0,2001440750.0,0.0,0.0,,,880228000.0,,,617905157.0,6373000.0,0.0,105220000.0,209829000.0,-48424000.0,404036000.0,-474713000.0,0.0,77050000.0,0.0,16101000.0,6087000.0,6087000.0,29000.0,0.0,0.032,72587000.0,59588000.0,36869000.0,3.988,1.599,101.512,90.52,1194106000.0,10014000.0,22.63,3.225,2.833,7587000.0,-27782000.0,191621000.0,191621000.0,0.0,0.004,0.019,0.026,0.269,318000.0,12615000.0,1.0,27304691.0,23986288.0,24221732.0,7.989,1480933000.0,0.0,0.0,0.0,61.741,
63,DLR,MRT,2005-09-30,2005-09-30,2005-09-30,2021-08-07,1881000.0,1454222000.0,1233873000.0,,,,15.277,,36095000.0,36095000.0,,,,2.018,686909000.0,,,686909000.0,0.0,,0.0,0.049,0.888,,,,,,,,,,392696000.0,275391250.0,392696000.0,1228228438.0,,,,,1.0,,,0.0,,2105036000.0,1819722500.0,0.0,0.0,,,792538000.0,,,491484438.0,,,,,,,,,,,,,,,,,,,36900000.0,,1.252,,,1119076000.0,,18.0,,,5994000.0,-21688000.0,,,,,,,,,,1.0,27304691.0,25704721.0,,,1454222000.0,0.0,,0.0,56.574,
64,DLR,MRT,2005-06-30,2005-06-30,2005-06-30,2021-08-07,783000.0,1368256000.0,1075864750.0,,,,12.421,,28943000.0,28943000.0,,,,3.219,765687000.0,,,765687000.0,0.0,,0.0,0.037,0.644,,,,,,,,,,266077000.0,233558000.0,266077000.0,871355194.0,,,,,1.0,,,0.0,,2105000000.0,1633638250.0,0.0,0.0,,,856617000.0,,,372302194.0,,,,,,,,,,,,,,,,,,,24416000.0,,1.399,,,1054601000.0,,17.38,,,5021000.0,-16357000.0,,,,,,,,,,1.0,21421300.0,21421300.0,,,1368256000.0,0.0,,0.0,63.874,
65,DLR,MRT,2005-03-31,2005-03-31,2005-03-31,2021-08-07,1258000.0,1099727000.0,,,,,12.585,,16648000.0,16648000.0,,,,2.149,515701000.0,,,515701000.0,0.0,,0.0,0.028,0.4,,,,,,,,,,269593000.0,,269593000.0,808558081.0,,,,,1.0,,,0.0,,1598780000.0,,0.0,0.0,,,579393000.0,,,307824081.0,,,,,,,,,,,,,,,,,,,13513000.0,,1.142,,,852112000.0,,14.37,,,3353000.0,-13271000.0,,,,,,,,,,1.0,21421300.0,21421300.0,,,1099727000.0,0.0,,0.0,51.338,
66,DLR,MRT,2004-12-31,2004-12-31,2004-12-31,2021-08-07,91000.0,1013287000.0,,,,,,,18764000.0,18764000.0,,,,3.373,519498000.0,,,519498000.0,0.0,,0.0,,,,,,,,,,,,173199000.0,,173199000.0,827054911.0,,,,,1.0,,,43947000.0,,1470074000.0,,0.0,0.0,,,584229000.0,,,288544911.0,,,,,,,,,,,,,,,,,,,12789000.0,,1.666,,,787412000.0,,13.47,,,3051000.0,-9517000.0,,,,,,,,,,1.0,21421300.0,,,,969340000.0,0.0,,0.0,,
67,DLR,MRT,2004-09-30,2004-09-30,2004-09-30,2021-08-07,0.0,822189000.0,,,,,10.521,,12841000.0,12841000.0,,,,2.648,551351000.0,,,551351000.0,0.0,,0.0,,0.0,,,,,,,,,,225363000.0,,225363000.0,,,,,,1.0,,,0.0,,1360699000.0,,0.0,0.0,,,596826000.0,,,,,,,,,,,,,,,,,,,,,,10517000.0,,,,,650207000.0,,,,,4203000.0,,,,,,,,,,,1.0,21421300.0,21421300.0,,,822189000.0,0.0,,0.0,38.382,
68,DLR,MRT,2003-12-31,2003-12-31,2003-12-31,2021-08-07,0.0,479698000.0,,,,,,,5825000.0,5825000.0,,,,2.242,297865000.0,,,297865000.0,0.0,,0.0,,,,,,,,,,,,147951000.0,,147951000.0,,,,,,1.0,,,0.0,,771738000.0,,0.0,0.0,,,331747000.0,,,,,,,,,,,,,,,,,,,,,,7913000.0,,,,,391737000.0,,,,,1139000.0,,,,,,,,,,,1.0,,,,,479698000.0,0.0,,0.0,,
69,DLR,MRT,2003-09-30,2003-09-30,2003-09-30,2021-08-07,,,,,,,,,,,,,,,,,,,,,,,0.0,,,,,,,,,,,,,,,,,,1.0,,,,,,,,,,,,,,,,,,,,,,,,,,,,,,,,,,,,,,,,,,,,,,,,,,,,,,1.0,,,,,,,,,,
