None,ticker,dimension,calendardate,datekey,reportperiod,lastupdated,accoci,assets,assetsavg,assetsc,assetsnc,assetturnover,bvps,capex,cashneq,cashnequsd,cor,consolinc,currentratio,de,debt,debtc,debtnc,debtusd,deferredrev,depamor,deposits,divyield,dps,ebit,ebitda,ebitdamargin,ebitdausd,ebitusd,ebt,eps,epsdil,epsusd,equity,equityavg,equityusd,ev,evebit,evebitda,fcf,fcfps,fxusd,gp,grossmargin,intangibles,intexp,invcap,invcapavg,inventory,investments,investmentsc,investmentsnc,liabilities,liabilitiesc,liabilitiesnc,marketcap,ncf,ncfbus,ncfcommon,ncfdebt,ncfdiv,ncff,ncfi,ncfinv,ncfo,ncfx,netinc,netinccmn,netinccmnusd,netincdis,netincnci,netmargin,opex,opinc,payables,payoutratio,pb,pe,pe1,ppnenet,prefdivis,price,ps,ps1,receivables,retearn,revenue,revenueusd,rnd,roa,roe,roic,ros,sbcomp,sgna,sharefactor,sharesbas,shareswa,shareswadil,sps,tangibles,taxassets,taxexp,taxliabilities,tbvps,workingcapital
0,NOV,MRY,2020-12-31,2020-12-31,2020-12-31,2021-09-24,-1509000000.0,9929000000.0,10308500000.0,5209000000.0,4720000000.0,0.591,13.568,-226000000.0,1692000000.0,1692000000.0,5656000000.0,-2537000000.0,2.79,0.893,2556000000.0,110000000.0,2446000000.0,2556000000.0,0.0,352000000.0,0.0,0.004,0.05,-2700000000.0,-2348000000.0,-0.386,-2348000000.0,-2700000000.0,-2784000000.0,-6.62,-6.62,-6.62,5210000000.0,5405250000.0,5210000000.0,6399865434.0,-2.0,-2.726,700000000.0,1.823,1.0,434000000.0,0.071,2020000000.0,84000000.0,6906000000.0,7546250000.0,1408000000.0,51000000.0,0.0,51000000.0,4650000000.0,1867000000.0,2783000000.0,5330865434.0,521000000.0,-14000000.0,0.0,-212000000.0,-19000000.0,-259000000.0,-144000000.0,0.0,926000000.0,-2000000.0,-2542000000.0,-2542000000.0,-2542000000.0,0.0,5000000.0,-0.417,2859000000.0,-2425000000.0,489000000.0,-0.008,1.023,-2.097,-2.074,2493000000.0,0.0,13.73,0.875,0.866,1274000000.0,-1876000000.0,6090000000.0,6090000000.0,0.0,-0.247,-0.47,-0.358,-0.443,105000000.0,968000000.0,1.0,388264052.0,384000000.0,384000000.0,15.859,7909000000.0,0.0,-242000000.0,129000000.0,20.596,3342000000.0
1,NOV,MRY,2019-12-31,2019-12-31,2019-12-31,2021-09-24,-1423000000.0,13149000000.0,15376250000.0,6113000000.0,7036000000.0,0.551,20.361,-233000000.0,1171000000.0,1171000000.0,7634000000.0,-6093000000.0,2.721,0.682,2777000000.0,114000000.0,2663000000.0,2777000000.0,0.0,533000000.0,0.0,0.008,0.2,-6364000000.0,-5831000000.0,-0.688,-5831000000.0,-6364000000.0,-6464000000.0,-15.96,-15.96,-15.96,7778000000.0,9502750000.0,7778000000.0,11622094581.0,-2.0,-1.993,481000000.0,1.259,1.0,845000000.0,0.1,3659000000.0,100000000.0,8849000000.0,9837500000.0,2197000000.0,282000000.0,0.0,282000000.0,5303000000.0,2247000000.0,3056000000.0,9665094581.0,-256000000.0,-180000000.0,0.0,-521000000.0,-77000000.0,-647000000.0,-315000000.0,0.0,714000000.0,-8000000.0,-6095000000.0,-6095000000.0,-6095000000.0,0.0,2000000.0,-0.719,7124000000.0,-6279000000.0,715000000.0,-0.013,1.243,-1.586,-1.57,3028000000.0,0.0,25.05,1.14,1.129,1855000000.0,690000000.0,8479000000.0,8479000000.0,0.0,-0.396,-0.641,-0.647,-0.751,130000000.0,1303000000.0,1.0,385832119.0,382000000.0,382000000.0,22.196,9490000000.0,0.0,-369000000.0,182000000.0,24.843,3866000000.0
2,NOV,MRY,2018-12-31,2018-12-31,2018-12-31,2021-09-24,-1437000000.0,19796000000.0,19864250000.0,7279000000.0,12517000000.0,0.426,36.558,-244000000.0,1427000000.0,1427000000.0,7009000000.0,-22000000.0,3.109,0.427,2711000000.0,7000000.0,2704000000.0,2711000000.0,0.0,690000000.0,0.0,0.008,0.2,125000000.0,815000000.0,0.096,815000000.0,125000000.0,32000000.0,-0.08,-0.08,-0.08,13819000000.0,13926750000.0,13819000000.0,11273520284.0,90.0,13.833,277000000.0,0.733,1.0,1444000000.0,0.171,9284000000.0,93000000.0,9455000000.0,9675750000.0,2986000000.0,301000000.0,0.0,301000000.0,5907000000.0,2341000000.0,3566000000.0,9852520284.0,-10000000.0,-280000000.0,0.0,-8000000.0,-76000000.0,-30000000.0,-457000000.0,0.0,521000000.0,-44000000.0,-31000000.0,-31000000.0,-31000000.0,0.0,9000000.0,-0.004,1233000000.0,211000000.0,722000000.0,-2.5,0.713,-317.823,-321.25,2797000000.0,0.0,25.7,1.166,1.149,2101000000.0,6862000000.0,8453000000.0,8453000000.0,0.0,-0.002,-0.002,0.013,0.015,110000000.0,1233000000.0,1.0,383366548.0,378000000.0,378000000.0,22.362,10512000000.0,11000000.0,63000000.0,630000000.0,27.81,4938000000.0
3,NOV,MRY,2017-12-31,2017-12-31,2017-12-31,2021-09-24,-1110000000.0,20206000000.0,20732750000.0,7217000000.0,12989000000.0,0.352,37.385,-192000000.0,1437000000.0,1437000000.0,6412000000.0,-236000000.0,3.066,0.429,2712000000.0,6000000.0,2706000000.0,2712000000.0,0.0,698000000.0,0.0,0.006,0.2,-291000000.0,407000000.0,0.056,407000000.0,-291000000.0,-393000000.0,-0.63,-0.63,-0.63,14094000000.0,14013000000.0,14094000000.0,15179760240.0,-52.0,37.297,640000000.0,1.698,1.0,892000000.0,0.122,9528000000.0,102000000.0,9599000000.0,10011750000.0,3003000000.0,309000000.0,0.0,309000000.0,6046000000.0,2354000000.0,3692000000.0,13688760240.0,29000000.0,-86000000.0,0.0,-506000000.0,-76000000.0,-595000000.0,-245000000.0,0.0,832000000.0,37000000.0,-237000000.0,-237000000.0,-237000000.0,0.0,1000000.0,-0.032,1169000000.0,-277000000.0,510000000.0,-0.317,0.971,-57.758,-57.175,3002000000.0,0.0,36.02,1.874,1.859,2015000000.0,6966000000.0,7304000000.0,7304000000.0,0.0,-0.011,-0.017,-0.029,-0.04,124000000.0,1169000000.0,1.0,380032211.0,377000000.0,377000000.0,19.374,10678000000.0,13000000.0,-156000000.0,758000000.0,28.324,4863000000.0
4,NOV,MRY,2016-12-31,2016-12-31,2016-12-31,2021-09-24,-1452000000.0,21140000000.0,22968000000.0,7876000000.0,13264000000.0,0.316,37.074,-284000000.0,1408000000.0,1408000000.0,7352000000.0,-2416000000.0,2.585,0.512,3214000000.0,506000000.0,2708000000.0,3214000000.0,440000000.0,703000000.0,0.0,0.016,0.61,-2514000000.0,-1811000000.0,-0.25,-1811000000.0,-2514000000.0,-2619000000.0,-6.41,-6.41,-6.41,13940000000.0,15307750000.0,13940000000.0,15846474808.0,-6.0,-8.75,676000000.0,1.798,1.0,-101000000.0,-0.014,9597000000.0,105000000.0,10302000000.0,11460750000.0,3325000000.0,307000000.0,0.0,307000000.0,7137000000.0,3047000000.0,4090000000.0,14140474808.0,-672000000.0,-230000000.0,0.0,-900000000.0,-230000000.0,-1141000000.0,-488000000.0,0.0,960000000.0,-3000000.0,-2412000000.0,-2412000000.0,-2412000000.0,0.0,-4000000.0,-0.333,2310000000.0,-2411000000.0,414000000.0,-0.095,1.014,-5.863,-5.841,3150000000.0,0.0,37.44,1.95,1.941,2748000000.0,7285000000.0,7251000000.0,7251000000.0,0.0,-0.105,-0.158,-0.219,-0.347,114000000.0,1338000000.0,1.0,377683622.0,376000000.0,376000000.0,19.285,11543000000.0,86000000.0,-207000000.0,1183000000.0,30.699,4829000000.0
5,NOV,MRY,2015-12-31,2015-12-31,2015-12-31,2021-09-24,-1553000000.0,25970000000.0,29811750000.0,11425000000.0,14545000000.0,0.495,42.333,-453000000.0,2080000000.0,2080000000.0,11694000000.0,-767000000.0,2.887,0.58,3909000000.0,2000000.0,3907000000.0,3909000000.0,785000000.0,747000000.0,0.0,0.055,1.84,-488000000.0,259000000.0,0.018,259000000.0,-488000000.0,-591000000.0,-1.99,-1.99,-1.99,16383000000.0,18118250000.0,16383000000.0,14720787325.0,-30.0,56.837,879000000.0,2.271,1.0,3063000000.0,0.208,10829000000.0,103000000.0,13012000000.0,13940250000.0,4678000000.0,327000000.0,0.0,327000000.0,9510000000.0,3958000000.0,5552000000.0,12583787325.0,-1456000000.0,-86000000.0,-2221000000.0,762000000.0,-710000000.0,-2163000000.0,-514000000.0,0.0,1332000000.0,-111000000.0,-769000000.0,-769000000.0,-769000000.0,0.0,2000000.0,-0.052,3453000000.0,-390000000.0,623000000.0,-0.925,0.768,-16.364,-16.829,3124000000.0,0.0,33.49,0.853,0.878,4176000000.0,9927000000.0,14757000000.0,14757000000.0,0.0,-0.026,-0.042,-0.035,-0.033,110000000.0,1764000000.0,1.0,375747606.0,387000000.0,387000000.0,38.132,15141000000.0,130000000.0,178000000.0,1626000000.0,39.124,7467000000.0
6,NOV,MRY,2014-12-31,2014-12-31,2014-12-31,2021-09-24,-834000000.0,33562000000.0,34284750000.0,16162000000.0,17400000000.0,0.625,48.346,-699000000.0,3536000000.0,3536000000.0,15631000000.0,2507000000.0,2.192,0.618,3166000000.0,152000000.0,3014000000.0,3166000000.0,1775000000.0,778000000.0,0.0,0.025,1.64,3646000000.0,4424000000.0,0.206,4424000000.0,3646000000.0,3541000000.0,5.85,5.82,5.85,20692000000.0,21561000000.0,20692000000.0,27270498427.0,7.0,6.164,1915000000.0,4.474,1.0,5809000000.0,0.271,12983000000.0,105000000.0,12835000000.0,13098000000.0,5281000000.0,362000000.0,0.0,362000000.0,12790000000.0,7374000000.0,5416000000.0,28215498427.0,100000000.0,-291000000.0,-671000000.0,18000000.0,-703000000.0,-1343000000.0,-1104000000.0,-253000000.0,2614000000.0,-67000000.0,2502000000.0,2502000000.0,2502000000.0,-52000000.0,5000000.0,0.117,2196000000.0,3613000000.0,1189000000.0,0.28,1.364,11.277,11.202,3362000000.0,0.0,65.53,1.316,1.308,6294000000.0,13181000000.0,21440000000.0,21440000000.0,0.0,0.073,0.116,0.278,0.17,86000000.0,2092000000.0,1.0,430573759.0,428000000.0,430000000.0,50.093,20579000000.0,950000000.0,1039000000.0,2712000000.0,48.082,8788000000.0
7,NOV,MRY,2013-12-31,2013-12-31,2013-12-31,2021-09-24,-4000000.0,34812000000.0,34158500000.0,16423000000.0,18389000000.0,0.563,52.183,-614000000.0,3436000000.0,3436000000.0,14117000000.0,2328000000.0,2.459,0.561,3150000000.0,1000000.0,3149000000.0,3150000000.0,1771000000.0,738000000.0,0.0,0.011,0.91,3381000000.0,4119000000.0,0.214,4119000000.0,3381000000.0,3270000000.0,5.46,5.44,5.46,22230000000.0,21316250000.0,22230000000.0,35054807952.0,10.0,8.511,2783000000.0,6.533,1.0,5104000000.0,0.266,14104000000.0,111000000.0,13744000000.0,14967750000.0,5603000000.0,390000000.0,0.0,390000000.0,12482000000.0,6678000000.0,5804000000.0,34046807952.0,117000000.0,-2397000000.0,58000000.0,0.0,-389000000.0,-305000000.0,-2964000000.0,0.0,3397000000.0,-11000000.0,2327000000.0,2327000000.0,2327000000.0,-147000000.0,1000000.0,0.121,1905000000.0,3199000000.0,1275000000.0,0.167,1.532,14.631,14.566,3408000000.0,0.0,79.53,1.771,1.763,6435000000.0,13323000000.0,19221000000.0,19221000000.0,0.0,0.068,0.109,0.226,0.176,72000000.0,1905000000.0,1.0,428100188.0,426000000.0,428000000.0,45.12,20708000000.0,745000000.0,943000000.0,3160000000.0,48.61,9745000000.0
8,NOV,MRY,2012-12-31,2012-12-31,2012-12-31,2021-09-24,107000000.0,31484000000.0,28566500000.0,15678000000.0,15806000000.0,0.602,47.621,-569000000.0,3319000000.0,3319000000.0,12151000000.0,2483000000.0,2.775,0.55,3149000000.0,1000000.0,3148000000.0,3149000000.0,1189000000.0,616000000.0,0.0,0.007,0.49,3505000000.0,4121000000.0,0.24,4121000000.0,3505000000.0,3456000000.0,5.86,5.83,5.86,20239000000.0,19262250000.0,20239000000.0,29005986414.0,8.0,7.039,51000000.0,0.12,1.0,5043000000.0,0.293,11915000000.0,49000000.0,13750000000.0,10598250000.0,5891000000.0,393000000.0,0.0,393000000.0,11128000000.0,5649000000.0,5479000000.0,29178986414.0,-216000000.0,-1767000000.0,113000000.0,2638000000.0,-209000000.0,2583000000.0,-3428000000.0,0.0,620000000.0,9000000.0,2491000000.0,2491000000.0,2491000000.0,-108000000.0,-8000000.0,0.145,1654000000.0,3389000000.0,1200000000.0,0.084,1.442,11.714,11.664,2945000000.0,0.0,68.35,1.697,1.689,5545000000.0,11385000000.0,17194000000.0,17194000000.0,0.0,0.087,0.129,0.331,0.204,55000000.0,1654000000.0,1.0,426905434.0,425000000.0,427000000.0,40.456,19569000000.0,762000000.0,965000000.0,2685000000.0,46.045,10029000000.0
9,NOV,MRY,2011-12-31,2011-12-31,2011-12-31,2021-09-24,-23000000.0,25515000000.0,24242750000.0,12110000000.0,13405000000.0,0.605,41.751,-483000000.0,3535000000.0,3535000000.0,10161000000.0,1985000000.0,2.236,0.442,510000000.0,351000000.0,159000000.0,510000000.0,865000000.0,555000000.0,0.0,0.007,0.45,2971000000.0,3526000000.0,0.241,3526000000.0,2971000000.0,2931000000.0,4.73,4.7,4.73,17619000000.0,16958000000.0,17619000000.0,25459058714.0,9.0,7.22,1660000000.0,3.934,1.0,4497000000.0,0.307,10224000000.0,40000000.0,6850000000.0,6666750000.0,4030000000.0,391000000.0,0.0,391000000.0,7787000000.0,5416000000.0,2371000000.0,28817058714.0,202000000.0,-1038000000.0,96000000.0,-391000000.0,-191000000.0,-464000000.0,-1458000000.0,0.0,2143000000.0,-19000000.0,1994000000.0,1994000000.0,1994000000.0,0.0,-9000000.0,0.136,1560000000.0,2937000000.0,901000000.0,0.095,1.636,14.452,14.374,2445000000.0,0.0,67.99,1.966,1.957,3884000000.0,9103000000.0,14658000000.0,14658000000.0,0.0,0.082,0.118,0.446,0.203,51000000.0,1560000000.0,1.0,423842605.0,422000000.0,424000000.0,34.735,15291000000.0,603000000.0,937000000.0,2775000000.0,36.235,6694000000.0
10,NOV,MRY,2010-12-31,2010-12-31,2010-12-31,2021-09-24,91000000.0,23050000000.0,22098750000.0,10535000000.0,12515000000.0,0.55,37.765,-232000000.0,3333000000.0,3333000000.0,8324000000.0,1659000000.0,2.323,0.456,887000000.0,373000000.0,514000000.0,887000000.0,511000000.0,507000000.0,0.0,0.006,0.41,2455000000.0,2962000000.0,0.244,2962000000.0,2455000000.0,2405000000.0,3.99,3.98,3.99,15748000000.0,15057250000.0,15748000000.0,26020485896.0,11.0,8.785,1310000000.0,3.141,1.0,3832000000.0,0.315,9893000000.0,50000000.0,6175000000.0,6457250000.0,3388000000.0,386000000.0,0.0,386000000.0,7188000000.0,4536000000.0,2652000000.0,28220485896.0,711000000.0,-556000000.0,73000000.0,-13000000.0,-172000000.0,-102000000.0,-743000000.0,0.0,1542000000.0,14000000.0,1667000000.0,1667000000.0,1667000000.0,0.0,-8000000.0,0.137,1385000000.0,2447000000.0,628000000.0,0.103,1.792,16.929,16.855,1840000000.0,0.0,67.25,2.322,2.307,3240000000.0,7300000000.0,12156000000.0,12156000000.0,0.0,0.075,0.111,0.38,0.202,56000000.0,1385000000.0,1.0,419635478.0,417000000.0,419000000.0,29.151,13157000000.0,657000000.0,738000000.0,2804000000.0,31.552,5999000000.0
11,NOV,MRY,2009-12-31,2009-12-31,2009-12-31,2021-09-24,90000000.0,21532000000.0,21978250000.0,9598000000.0,11934000000.0,0.578,33.925,-250000000.0,2622000000.0,2622000000.0,8928000000.0,1473000000.0,2.126,0.518,883000000.0,7000000.0,876000000.0,883000000.0,1090000000.0,490000000.0,0.0,0.025,1.1,2257000000.0,2747000000.0,0.216,2747000000.0,2257000000.0,2204000000.0,3.53,3.52,3.53,14113000000.0,13720250000.0,14113000000.0,16136465897.0,7.0,5.874,1845000000.0,4.435,1.0,3784000000.0,0.298,9541000000.0,53000000.0,5738000000.0,5623250000.0,3490000000.0,393000000.0,0.0,393000000.0,7304000000.0,4514000000.0,2790000000.0,18444465897.0,1079000000.0,-573000000.0,8000000.0,-40000000.0,-460000000.0,-491000000.0,-552000000.0,251000000.0,2095000000.0,27000000.0,1469000000.0,1469000000.0,1469000000.0,0.0,4000000.0,0.116,1469000000.0,2315000000.0,584000000.0,0.312,1.307,12.556,12.49,1836000000.0,0.0,44.09,1.451,1.443,2927000000.0,5805000000.0,12712000000.0,12712000000.0,0.0,0.067,0.107,0.401,0.178,67000000.0,1322000000.0,1.0,418336718.0,416000000.0,417000000.0,30.558,11991000000.0,382000000.0,735000000.0,2317000000.0,28.825,5084000000.0
12,NOV,MRY,2008-12-31,2008-12-31,2008-12-31,2021-09-24,-161000000.0,21479000000.0,19396475000.0,9657000000.0,11822000000.0,0.692,31.809,-379000000.0,1543000000.0,1543000000.0,9359000000.0,1968000000.0,1.717,0.693,874000000.0,4000000.0,870000000.0,874000000.0,2161000000.0,402000000.0,0.0,0.0,0.0,3012000000.0,3414000000.0,0.254,3414000000.0,3012000000.0,2945000000.0,4.91,4.9,4.91,12628000000.0,10981575000.0,12628000000.0,9946388588.0,3.0,2.913,1915000000.0,4.824,1.0,4072000000.0,0.303,9525000000.0,67000000.0,5662000000.0,5382400000.0,3806000000.0,421000000.0,0.0,421000000.0,8755000000.0,5623000000.0,3132000000.0,10199388588.0,-299000000.0,-2207000000.0,78000000.0,-189000000.0,0.0,-74000000.0,-2473000000.0,0.0,2294000000.0,-46000000.0,1952000000.0,1952000000.0,1952000000.0,0.0,16000000.0,0.145,1154000000.0,2918000000.0,852000000.0,0.0,0.808,5.225,4.978,1677000000.0,0.0,24.44,0.759,0.722,3754000000.0,4796000000.0,13431000000.0,13431000000.0,0.0,0.101,0.178,0.56,0.224,30000000.0,1154000000.0,1.0,417323592.0,397000000.0,399000000.0,33.831,11954000000.0,397000000.0,993000000.0,2364000000.0,30.111,4034000000.0
13,NOV,MRY,2007-12-31,2007-12-31,2007-12-31,2021-09-24,195000000.0,12114900000.0,10860275000.0,7593800000.0,4521100000.0,0.901,18.818,-252000000.0,1841800000.0,1841800000.0,6959000000.0,1353000000.0,1.886,0.809,890700000.0,152800000.0,737900000.0,890700000.0,1396100000.0,214000000.0,0.0,0.0,0.0,2063000000.0,2277000000.0,0.233,2277000000.0,2063000000.0,2013000000.0,3.77,3.76,3.77,6661400000.0,6046525000.0,6661400000.0,25560665596.0,12.0,11.226,936000000.0,2.644,1.0,2830000000.0,0.289,3219200000.0,50000000.0,3917900000.0,3702800000.0,2574700000.0,0.0,0.0,0.0,5390700000.0,4026700000.0,1364000000.0,26200465596.0,885000000.0,-324000000.0,91000000.0,36000000.0,0.0,150000000.0,-575000000.0,0.0,1188000000.0,122000000.0,1337000000.0,1337000000.0,1337000000.0,0.0,16000000.0,0.137,786000000.0,2044000000.0,604000000.0,0.0,3.933,19.596,19.485,1197300000.0,0.0,73.46,2.677,2.657,2743300000.0,2845600000.0,9789000000.0,9789000000.0,0.0,0.123,0.221,0.557,0.211,20000000.0,786000000.0,1.0,356663022.0,354000000.0,355000000.0,27.653,8895700000.0,187100000.0,676000000.0,676700000.0,25.129,3567100000.0
14,NOV,MRY,2006-12-31,2006-12-31,2006-12-31,2021-09-24,46100000.0,9019300000.0,7954675000.0,4965600000.0,4053700000.0,0.883,14.336,-200400000.0,957400000.0,957400000.0,5265200000.0,684000000.0,1.863,0.788,840300000.0,5600000.0,834700000.0,840300000.0,564400000.0,160600000.0,0.0,0.0,0.0,1088400000.0,1249000000.0,0.178,1249000000.0,1088400000.0,1039700000.0,1.95,1.93,1.95,5023500000.0,4681975000.0,5023500000.0,10786182504.0,10.0,8.636,1016300000.0,2.9,1.0,1760600000.0,0.251,2949900000.0,48700000.0,3287100000.0,3400275000.0,1828800000.0,0.0,0.0,0.0,3960300000.0,2665200000.0,1295100000.0,10737182504.0,748000000.0,-329700000.0,32700000.0,-5100000.0,0.0,41100000.0,-530100000.0,0.0,1216700000.0,20300000.0,684000000.0,684000000.0,684000000.0,0.0,0.0,0.097,649500000.0,1111100000.0,505200000.0,0.0,2.137,15.698,15.687,1022100000.0,0.0,30.59,1.528,1.526,1923500000.0,1513900000.0,7025800000.0,7025800000.0,0.0,0.086,0.146,0.32,0.155,17700000.0,649500000.0,1.0,351003024.0,350400000.0,353600000.0,20.051,6069400000.0,157700000.0,355700000.0,558800000.0,17.321,2300400000.0
15,NOV,MRY,2005-12-31,2005-12-31,2005-12-31,2021-09-24,-21800000.0,6678500000.0,6416625000.0,2998200000.0,3680300000.0,0.724,13.409,-105000000.0,209400000.0,209400000.0,3657300000.0,286900000.0,2.525,0.586,841300000.0,5700000.0,835600000.0,841300000.0,98100000.0,114600000.0,0.0,0.0,0.0,478700000.0,593300000.0,0.128,593300000.0,478700000.0,425800000.0,0.92,0.91,0.92,4194200000.0,4057975000.0,4194200000.0,11612054141.0,24.0,19.572,-27500000.0,-0.088,1.0,987200000.0,0.213,2729200000.0,52900000.0,3394000000.0,3364250000.0,1198300000.0,0.0,0.0,0.0,2459800000.0,1187200000.0,1272600000.0,10928654141.0,66700000.0,147500000.0,111900000.0,-152300000.0,0.0,-40400000.0,38000000.0,0.0,77500000.0,-8400000.0,286900000.0,286900000.0,286900000.0,0.0,0.0,0.062,510400000.0,476800000.0,568200000.0,0.0,2.606,38.092,34.076,877600000.0,0.0,31.35,2.353,2.111,1481100000.0,829900000.0,4644500000.0,4644500000.0,0.0,0.045,0.071,0.142,0.103,45300000.0,478700000.0,1.0,348601408.0,312800000.0,316500000.0,14.848,3949300000.0,110800000.0,138900000.0,456500000.0,12.626,1811000000.0
16,NOV,MRY,2004-12-31,2004-12-31,2004-12-31,2021-09-24,33400000.0,2576500000.0,2354719750.0,1515200000.0,1061300000.0,0.984,7.402,-39000000.0,142700000.0,142700000.0,1814300000.0,115200000.0,1.884,1.014,500000000.0,150000000.0,350000000.0,500000000.0,0.0,44000000.0,0.0,0.0,0.0,175200000.0,219200000.0,0.095,219200000.0,175200000.0,136800000.0,0.67,0.665,0.67,1270200000.0,1174238000.0,1270200000.0,3484827439.0,20.0,15.898,127200000.0,0.741,1.0,503800000.0,0.217,730000000.0,38400000.0,1399600000.0,1547502500.0,635300000.0,0.0,0.0,0.0,1288500000.0,804200000.0,484300000.0,3033192439.0,68500000.0,-2800000.0,14600000.0,-109900000.0,0.0,-95300000.0,-6000000.0,0.0,166200000.0,3600000.0,115200000.0,115200000.0,115200000.0,0.0,0.0,0.05,327800000.0,176000000.0,407700000.0,0.0,2.388,26.33,26.336,255100000.0,0.0,17.645,1.308,1.306,706600000.0,543000000.0,2318100000.0,2318100000.0,0.0,0.049,0.098,0.113,0.076,3400000.0,327800000.0,1.0,171900960.0,171600000.0,173000000.0,13.509,1846500000.0,70700000.0,21600000.0,139800000.0,10.76,711000000.0
17,NOV,MRY,2003-12-31,2003-12-31,2003-12-31,2021-09-24,-44400000.0,2213100000.0,2141737500.0,1216800000.0,996300000.0,0.936,6.267,-32400000.0,74200000.0,74200000.0,1535600000.0,79700000.0,2.681,1.075,608900000.0,14900000.0,594000000.0,608900000.0,75700000.0,39200000.0,0.0,0.0,0.0,154500000.0,193700000.0,0.097,193700000.0,154500000.0,115600000.0,0.47,0.47,0.47,1059200000.0,1049248750.0,1059200000.0,2413006362.0,16.0,12.457,-1400000.0,-0.008,1.0,469300000.0,0.234,666600000.0,38900000.0,1627400000.0,1626564750.0,517100000.0,0.0,0.0,0.0,1138200000.0,453800000.0,684400000.0,1901935362.0,-44100000.0,0.0,9700000.0,15500000.0,0.0,25200000.0,-102500000.0,0.0,31000000.0,2200000.0,79700000.0,79700000.0,79700000.0,0.0,0.0,0.04,305200000.0,164100000.0,220500000.0,0.0,1.796,23.864,23.787,261100000.0,0.0,11.18,0.949,0.942,568500000.0,427800000.0,2004900000.0,2004900000.0,0.0,0.037,0.076,0.095,0.077,3900000.0,305200000.0,1.0,170119442.0,169000000.0,170000000.0,11.863,1546500000.0,67800000.0,35900000.0,78700000.0,9.151,763000000.0
18,NOV,MRY,2002-12-31,2002-12-31,2002-12-31,2021-09-24,-44461000.0,1977228000.0,1582925500.0,1123634000.0,853594000.0,0.961,5.762,-12300000.0,118338000.0,118338000.0,1166700000.0,67100000.0,3.167,1.108,594637000.0,0.0,594637000.0,594637000.0,71271000.0,25000000.0,0.0,0.0,0.0,133200000.0,158200000.0,0.104,158200000.0,133200000.0,105900000.0,0.415,0.41,0.415,933364000.0,912239500.0,933364000.0,2016976324.0,15.0,12.75,92100000.0,0.569,1.0,355200000.0,0.233,581576000.0,27300000.0,1517169000.0,1237819000.0,470088000.0,0.0,0.0,0.0,1034260000.0,354782000.0,679478000.0,1769044324.0,75100000.0,-213000000.0,2000000.0,191300000.0,0.0,194600000.0,-225300000.0,0.0,104400000.0,1400000.0,67100000.0,67100000.0,67100000.0,0.0,0.0,0.044,227500000.0,127700000.0,168548000.0,0.0,1.895,26.364,26.313,215809000.0,0.0,10.92,1.162,1.162,481921000.0,382166000.0,1521900000.0,1521900000.0,0.0,0.042,0.074,0.108,0.088,300000.0,227500000.0,1.0,162000396.0,162000000.0,163400000.0,9.394,1395652000.0,63647000.0,38800000.0,78385000.0,8.615,768852000.0
19,NOV,MRY,2001-12-31,2001-12-31,2001-12-31,2021-09-24,-34873000.0,1471696000.0,1494254750.0,908566000.0,563130000.0,1.169,5.368,-19431000.0,43220000.0,43220000.0,1319621000.0,104063000.0,3.276,0.696,310213000.0,10213000.0,300000000.0,310213000.0,9843000.0,38873000.0,0.0,0.0,0.0,192946000.0,231819000.0,0.133,231819000.0,192946000.0,168017000.0,0.645,0.635,0.645,867540000.0,825600500.0,867540000.0,2030789110.0,11.0,8.76,-52459000.0,-0.325,1.0,427834000.0,0.245,352094000.0,24929000.0,1109286000.0,1136568500.0,455934000.0,0.0,0.0,0.0,604156000.0,277309000.0,326847000.0,1667133110.0,761000.0,-38517000.0,6938000.0,86405000.0,0.0,93343000.0,-57948000.0,0.0,-33028000.0,-1606000.0,104063000.0,104063000.0,104063000.0,0.0,0.0,0.06,238557000.0,189277000.0,161277000.0,0.0,1.922,16.02,15.977,181095000.0,0.0,10.305,0.954,0.953,382153000.0,309097000.0,1747455000.0,1747455000.0,0.0,0.07,0.126,0.17,0.11,2348000.0,238557000.0,1.0,161779050.0,161626000.0,163466000.0,10.812,1119602000.0,33488000.0,63954000.0,20380000.0,6.927,631257000.0
20,NOV,MRY,2000-12-31,2000-12-31,2000-12-31,2021-09-24,-21858000.0,1278894000.0,1155782000.0,743103000.0,535791000.0,0.995,4.836,-16334000.0,42459000.0,42459000.0,900458000.0,13136000.0,2.828,0.667,222477000.0,0.0,222477000.0,222477000.0,19371000.0,35034000.0,0.0,0.0,0.0,46106000.0,81140000.0,0.071,81140000.0,46106000.0,27037000.0,0.085,0.08,0.085,767206000.0,705017000.0,767206000.0,3286291933.0,71.0,40.502,10279000.0,0.065,1.0,249462000.0,0.217,329340000.0,19069000.0,866790000.0,800578250.0,375734000.0,0.0,0.0,0.0,511688000.0,262782000.0,248906000.0,3106241933.0,-5632000.0,-48208000.0,14247000.0,19174000.0,0.0,32759000.0,-64542000.0,0.0,26613000.0,-462000.0,13136000.0,13136000.0,13136000.0,0.0,0.0,0.011,201006000.0,48456000.0,165801000.0,0.0,4.049,236.468,227.588,181917000.0,0.0,19.345,2.701,2.669,295163000.0,205034000.0,1149920000.0,1149920000.0,0.0,0.011,0.019,0.058,0.04,4901000.0,186924000.0,1.0,160570790.0,158650000.0,161520000.0,7.248,949554000.0,37024000.0,13901000.0,16030000.0,5.985,480321000.0
21,NOV,MRY,1999-12-31,1999-12-31,1999-12-31,2021-09-24,-11923000.0,1005715000.0,791016750.0,642545000.0,363170000.0,1.061,4.16,-11267000.0,48091000.0,48091000.0,686510000.0,-9385000.0,3.372,0.686,196053000.0,0.0,196053000.0,196053000.0,18776000.0,25541000.0,0.0,0.0,0.0,1013000.0,26554000.0,0.032,26554000.0,1013000.0,-14859000.0,-0.065,-0.065,-0.065,596375000.0,442108750.0,596375000.0,1093134004.0,1079.0,41.166,73286000.0,0.511,1.0,153138000.0,0.182,177377000.0,15872000.0,785770000.0,630031250.0,348024000.0,14686000.0,14686000.0,0.0,409340000.0,190530000.0,218810000.0,914083004.0,-1347000.0,-40430000.0,164000.0,-33597000.0,0.0,-34392000.0,-51697000.0,0.0,84553000.0,189000.0,-9385000.0,-9385000.0,-9385000.0,0.0,0.0,-0.011,151813000.0,1325000.0,106219000.0,0.0,1.533,-97.398,-120.692,162268000.0,0.0,7.845,1.089,1.339,200396000.0,191880000.0,839648000.0,839648000.0,0.0,-0.012,-0.021,0.002,0.001,0.0,150034000.0,1.0,116517910.0,143344000.0,143344000.0,5.858,828338000.0,41609000.0,-5474000.0,12449000.0,5.779,452015000.0
22,NOV,MRY,1998-12-31,1998-12-31,1998-12-31,2021-09-24,-13821000.0,855888000.0,763588500.0,590919000.0,264969000.0,1.898,2.884,-29245000.0,11963000.0,11963000.0,1116967000.0,81336000.0,2.606,1.176,229625000.0,8427000.0,221198000.0,229625000.0,25392000.0,20518000.0,0.0,0.0,0.0,139282000.0,159800000.0,0.11,159800000.0,139282000.0,125021000.0,0.595,0.595,0.595,393299000.0,342330000.0,393299000.0,796263024.0,6.0,4.983,2625000.0,0.019,1.0,332281000.0,0.229,145696000.0,14261000.0,701065000.0,586451250.0,253385000.0,0.0,0.0,0.0,462589000.0,226789000.0,235800000.0,593034024.0,-20426000.0,-130963000.0,1002000.0,109399000.0,0.0,108133000.0,-160208000.0,0.0,31870000.0,-221000.0,81336000.0,81336000.0,81336000.0,0.0,0.0,0.056,192466000.0,139815000.0,131575000.0,0.0,1.508,7.291,9.403,106155000.0,0.0,5.595,0.409,0.526,301405000.0,158347000.0,1449248000.0,1449248000.0,0.0,0.107,0.238,0.237,0.096,0.0,175443000.0,1.0,105993570.0,136356000.0,136726000.0,10.628,710192000.0,23246000.0,43685000.0,4097000.0,5.208,364130000.0
23,NOV,MRY,1997-12-31,1997-12-31,1997-12-31,2021-09-24,-7074000.0,567511000.0,410986750.0,463598000.0,103913000.0,2.67,2.619,-30258000.0,19824000.0,19824000.0,880708000.0,54204000.0,2.192,1.044,62905000.0,1340000.0,61565000.0,62905000.0,37688000.0,15443000.0,0.0,0.0,0.0,92610000.0,108053000.0,0.098,108053000.0,92610000.0,85522000.0,0.51,0.505,0.51,277688000.0,191856250.0,277688000.0,1783995305.0,19.0,16.51,-30515000.0,-0.288,1.0,216698000.0,0.197,24233000.0,7088000.0,374898000.0,291089250.0,203520000.0,0.0,0.0,0.0,289823000.0,211461000.0,78362000.0,1742744305.0,7943000.0,-19253000.0,43786000.0,19908000.0,0.0,61560000.0,-49263000.0,0.0,-257000.0,-4097000.0,54204000.0,54204000.0,54204000.0,0.0,0.0,0.049,124912000.0,91786000.0,134955000.0,0.0,6.276,32.152,33.52,74282000.0,0.0,17.095,1.588,1.652,223991000.0,76291000.0,1097406000.0,1097406000.0,0.0,0.132,0.283,0.318,0.084,0.0,114252000.0,1.0,101944680.0,106018000.0,107684000.0,10.351,543278000.0,14758000.0,31318000.0,2675000.0,5.124,252137000.0
24,NOV,MRY,1996-12-31,1996-12-31,1996-12-31,2021-09-24,-2302000.0,352518000.0,320548000.0,293399000.0,59119000.0,2.377,2.112,-11171000.0,13611000.0,13611000.0,639433000.0,6147000.0,2.357,1.086,45236000.0,6100000.0,39136000.0,45236000.0,5889000.0,8775000.0,0.0,0.0,0.0,24959000.0,33734000.0,0.044,33734000.0,24959000.0,12718000.0,0.075,0.075,0.075,169016000.0,173514000.0,169016000.0,,,,-17783000.0,-0.222,1.0,122383000.0,0.161,6327000.0,12241000.0,253314000.0,198633000.0,128611000.0,0.0,0.0,0.0,183502000.0,124502000.0,59000000.0,549629436.0,2971000.0,-106248000.0,108288000.0,14119000.0,0.0,127532000.0,-117769000.0,0.0,-6612000.0,-180000.0,6147000.0,6147000.0,6147000.0,0.0,0.0,0.008,94884000.0,27499000.0,87461000.0,0.0,3.252,89.414,102.5,44446000.0,0.0,7.688,0.721,0.808,139186000.0,21586000.0,761816000.0,761816000.0,0.0,0.019,0.035,0.126,0.033,0.0,78273000.0,1.0,71496512.0,80036000.0,81106000.0,9.518,346191000.0,10875000.0,6571000.0,1913000.0,4.325,168897000.0
25,NOV,MRY,1995-12-31,1995-08-31,1995-08-31,2021-09-24,,,,,,,,-3201000.0,,,61252000.0,7789000.0,,,,,,,,4558000.0,,,0.0,12260000.0,16818000.0,0.194,16818000.0,12260000.0,12196000.0,0.345,0.34,0.345,,,,,,,-1133000.0,-0.05,1.0,25623000.0,0.295,,64000.0,,,,,,,,,,,-3750000.0,0.0,161000.0,-1308000.0,0.0,-2617000.0,-3201000.0,0.0,2068000.0,0.0,7789000.0,7789000.0,7789000.0,0.0,0.0,0.09,15564000.0,10059000.0,,0.0,,,,,0.0,,,,,,86875000.0,86875000.0,0.0,,,,0.141,0.0,15564000.0,1.0,,22514000.0,22844000.0,3.859,,,4407000.0,,,
26,NOV,MRY,1994-12-31,1994-12-31,1994-12-31,2021-09-24,,,,,,,,-1873000.0,,,482423000.0,23880000.0,,,,,,,,6027000.0,,,0.0,30698000.0,36725000.0,0.065,36725000.0,30698000.0,24921000.0,,,,,,,,,,35678000.0,,1.0,79630000.0,0.142,,5777000.0,,,,,,,,,,,3402000.0,69821000.0,0.0,-70753000.0,0.0,-101753000.0,68199000.0,0.0,37551000.0,-595000.0,23880000.0,23880000.0,23880000.0,0.0,0.0,0.042,50506000.0,29124000.0,,,,,,,0.0,,,,,,562053000.0,562053000.0,0.0,,,,0.055,0.0,64422000.0,1.0,,,,,,,1041000.0,,,
0,NOV,MRQ,2021-06-30,2021-06-30,2021-06-30,2021-09-24,-1497000000.0,9601000000.0,,4908000000.0,4693000000.0,,13.233,-49000000.0,1572000000.0,1572000000.0,1186000000.0,-23000000.0,2.712,0.866,2386000000.0,105000000.0,2281000000.0,2386000000.0,0.0,77000000.0,0.0,0.0,0.0,-5000000.0,72000000.0,0.051,72000000.0,-5000000.0,-24000000.0,-0.07,-0.07,-0.07,5108000000.0,,5108000000.0,6924654253.0,-14.0,-37.229,128000000.0,0.332,1.0,231000000.0,0.163,2003000000.0,19000000.0,6602000000.0,,1322000000.0,45000000.0,0.0,45000000.0,4423000000.0,1810000000.0,2613000000.0,5984654253.0,-35000000.0,0.0,0.0,-159000000.0,0.0,-179000000.0,-38000000.0,0.0,177000000.0,5000000.0,-26000000.0,-26000000.0,-26000000.0,0.0,3000000.0,-0.018,219000000.0,12000000.0,526000000.0,0.0,1.172,-11.021,-10.865,2423000000.0,0.0,15.32,1.113,1.1,1258000000.0,-2017000000.0,1417000000.0,1417000000.0,0.0,,,,,0.0,219000000.0,1.0,390643228.0,386000000.0,386000000.0,3.671,7598000000.0,0.0,2000000.0,88000000.0,19.684,3098000000.0
1,NOV,MRQ,2021-03-31,2021-03-31,2021-03-31,2021-09-24,-1530000000.0,9672000000.0,,4996000000.0,4676000000.0,,13.197,-49000000.0,1607000000.0,1607000000.0,1093000000.0,-114000000.0,2.583,0.89,2547000000.0,288000000.0,2259000000.0,2547000000.0,0.0,79000000.0,0.0,0.0,0.0,-101000000.0,-22000000.0,-0.018,-22000000.0,-101000000.0,-121000000.0,-0.3,-0.3,-0.3,5081000000.0,,5081000000.0,6190258309.0,-10.0,-21.055,-76000000.0,-0.197,1.0,156000000.0,0.125,2011000000.0,20000000.0,6667000000.0,,1357000000.0,47000000.0,0.0,47000000.0,4522000000.0,1934000000.0,2588000000.0,5326258309.0,-85000000.0,0.0,0.0,10000000.0,0.0,-3000000.0,-51000000.0,0.0,-27000000.0,-4000000.0,-115000000.0,-115000000.0,-115000000.0,0.0,1000000.0,-0.092,244000000.0,-88000000.0,467000000.0,0.0,1.048,-8.732,-8.684,2437000000.0,0.0,13.72,0.976,0.968,1265000000.0,-1991000000.0,1249000000.0,1249000000.0,0.0,,,,,0.0,244000000.0,1.0,388211247.0,385000000.0,385000000.0,3.244,7661000000.0,0.0,-6000000.0,115000000.0,19.899,3062000000.0
2,NOV,MRQ,2020-12-31,2020-12-31,2020-12-31,2021-09-24,-1509000000.0,9929000000.0,,5209000000.0,4720000000.0,,13.568,-53000000.0,1692000000.0,1692000000.0,1393000000.0,-348000000.0,2.79,0.893,2556000000.0,110000000.0,2446000000.0,2556000000.0,0.0,82000000.0,0.0,0.004,0.0,-306000000.0,-224000000.0,-0.169,-224000000.0,-306000000.0,-325000000.0,-0.9,-0.9,-0.9,5210000000.0,,5210000000.0,6399865434.0,-2.0,-2.726,133000000.0,0.346,1.0,-66000000.0,-0.05,2020000000.0,19000000.0,6906000000.0,,1408000000.0,51000000.0,0.0,51000000.0,4650000000.0,1867000000.0,2783000000.0,5330865434.0,207000000.0,-14000000.0,0.0,-23000000.0,0.0,-3000000.0,16000000.0,0.0,186000000.0,8000000.0,-347000000.0,-347000000.0,-347000000.0,0.0,-1000000.0,-0.261,235000000.0,-301000000.0,489000000.0,0.0,1.023,-2.097,-2.074,2493000000.0,0.0,13.73,0.875,0.866,1274000000.0,-1876000000.0,1327000000.0,1327000000.0,0.0,,,,,105000000.0,235000000.0,1.0,388264052.0,384000000.0,384000000.0,3.456,7909000000.0,0.0,22000000.0,129000000.0,20.596,3342000000.0
3,NOV,MRQ,2020-09-30,2020-09-30,2020-09-30,2021-09-24,-1577000000.0,10168000000.0,,5376000000.0,4792000000.0,,14.195,-49000000.0,1485000000.0,1485000000.0,1245000000.0,-53000000.0,2.854,0.847,2554000000.0,111000000.0,2443000000.0,2554000000.0,0.0,83000000.0,0.0,0.011,0.0,-95000000.0,-12000000.0,-0.009,-12000000.0,-95000000.0,-116000000.0,-0.14,-0.14,-0.14,5465000000.0,,5465000000.0,4851850277.0,-2.0,-1.997,274000000.0,0.712,1.0,139000000.0,0.1,2009000000.0,21000000.0,7344000000.0,,1745000000.0,59000000.0,0.0,59000000.0,4628000000.0,1884000000.0,2744000000.0,3517850277.0,38000000.0,0.0,0.0,-214000000.0,0.0,-229000000.0,-49000000.0,0.0,323000000.0,-7000000.0,-55000000.0,-55000000.0,-55000000.0,0.0,2000000.0,-0.04,213000000.0,-74000000.0,476000000.0,0.0,0.644,-1.364,-1.346,2569000000.0,0.0,9.06,0.499,0.495,1382000000.0,-1529000000.0,1384000000.0,1384000000.0,0.0,,,,,0.0,213000000.0,1.0,388283695.0,385000000.0,385000000.0,3.595,8159000000.0,0.0,-61000000.0,144000000.0,21.192,3492000000.0
4,NOV,MRQ,2020-06-30,2020-06-30,2020-06-30,2021-09-24,-1613000000.0,10447000000.0,,5590000000.0,4857000000.0,,14.182,-56000000.0,1447000000.0,1447000000.0,1359000000.0,-87000000.0,2.861,0.9,2781000000.0,115000000.0,2666000000.0,2781000000.0,0.0,82000000.0,0.0,0.012,0.0,-118000000.0,-36000000.0,-0.024,-36000000.0,-118000000.0,-140000000.0,-0.24,-0.24,-0.24,5460000000.0,,5460000000.0,6403732044.0,-2.0,-2.587,322000000.0,0.836,1.0,137000000.0,0.092,2018000000.0,22000000.0,7809000000.0,,1929000000.0,66000000.0,0.0,66000000.0,4914000000.0,1954000000.0,2960000000.0,4755732044.0,332000000.0,0.0,0.0,33000000.0,0.0,16000000.0,-58000000.0,0.0,378000000.0,-4000000.0,-93000000.0,-93000000.0,-93000000.0,0.0,6000000.0,-0.062,237000000.0,-100000000.0,556000000.0,0.0,0.871,-1.717,-1.694,2615000000.0,0.0,12.25,0.611,0.606,1502000000.0,-1474000000.0,1496000000.0,1496000000.0,0.0,,,,,0.0,237000000.0,1.0,388223024.0,385000000.0,385000000.0,3.886,8429000000.0,0.0,-47000000.0,131000000.0,21.894,3636000000.0
5,NOV,MRQ,2020-03-31,2020-03-31,2020-03-31,2021-09-24,-1655000000.0,10690000000.0,,5902000000.0,4788000000.0,,14.324,-68000000.0,1115000000.0,1115000000.0,1659000000.0,-2049000000.0,2.729,0.936,2763000000.0,115000000.0,2648000000.0,2763000000.0,0.0,105000000.0,0.0,0.02,0.05,-2181000000.0,-2076000000.0,-1.102,-2076000000.0,-2181000000.0,-2203000000.0,-5.34,-5.34,-5.34,5486000000.0,,5486000000.0,5399857477.0,-1.0,-0.673,-29000000.0,-0.076,1.0,224000000.0,0.119,2049000000.0,22000000.0,8126000000.0,,2032000000.0,57000000.0,0.0,57000000.0,5136000000.0,2163000000.0,2973000000.0,3793857477.0,-56000000.0,0.0,0.0,-8000000.0,-19000000.0,-43000000.0,-53000000.0,0.0,39000000.0,1000000.0,-2047000000.0,-2047000000.0,-2047000000.0,0.0,-2000000.0,-1.087,2174000000.0,-1950000000.0,662000000.0,-0.009,0.692,-0.47,-0.466,2613000000.0,0.0,9.83,0.45,0.447,1879000000.0,-1381000000.0,1883000000.0,1883000000.0,0.0,,,,,0.0,283000000.0,1.0,385946844.0,383000000.0,383000000.0,4.916,8641000000.0,0.0,-156000000.0,97000000.0,22.561,3739000000.0
6,NOV,MRQ,2019-12-31,2019-12-31,2019-12-31,2021-09-24,-1423000000.0,13149000000.0,,6113000000.0,7036000000.0,,20.361,-67000000.0,1171000000.0,1171000000.0,1905000000.0,-385000000.0,2.721,0.682,2777000000.0,114000000.0,2663000000.0,2777000000.0,0.0,100000000.0,0.0,0.008,0.05,-406000000.0,-306000000.0,-0.134,-306000000.0,-406000000.0,-431000000.0,-1.01,-1.01,-1.01,7778000000.0,,7778000000.0,11622094581.0,-2.0,-1.993,406000000.0,1.063,1.0,376000000.0,0.165,3659000000.0,25000000.0,8849000000.0,,2197000000.0,282000000.0,0.0,282000000.0,5303000000.0,2247000000.0,3056000000.0,9665094581.0,-142000000.0,0.0,0.0,-521000000.0,-19000000.0,-574000000.0,-47000000.0,0.0,473000000.0,6000000.0,-385000000.0,-385000000.0,-385000000.0,0.0,0.0,-0.169,725000000.0,-349000000.0,715000000.0,-0.05,1.243,-1.586,-1.57,3028000000.0,0.0,25.05,1.14,1.129,1855000000.0,690000000.0,2281000000.0,2281000000.0,0.0,,,,,130000000.0,289000000.0,1.0,385832119.0,382000000.0,382000000.0,5.971,9490000000.0,0.0,-46000000.0,182000000.0,24.843,3866000000.0
7,NOV,MRQ,2019-09-30,2019-09-30,2019-09-30,2021-09-24,-1524000000.0,14005000000.0,,6515000000.0,7490000000.0,,21.092,-69000000.0,1313000000.0,1313000000.0,1975000000.0,-249000000.0,2.862,0.729,3270000000.0,113000000.0,3157000000.0,3270000000.0,0.0,102000000.0,0.0,0.009,0.05,-159000000.0,-57000000.0,-0.027,-57000000.0,-159000000.0,-184000000.0,-0.64,-0.64,-0.64,8057000000.0,,8057000000.0,10355004210.0,-2.0,-1.956,283000000.0,0.741,1.0,151000000.0,0.071,4102000000.0,25000000.0,9584000000.0,,2537000000.0,291000000.0,0.0,291000000.0,5876000000.0,2276000000.0,3600000000.0,8181004210.0,192000000.0,-115000000.0,0.0,0.0,-20000000.0,-34000000.0,-112000000.0,0.0,352000000.0,-14000000.0,-244000000.0,-244000000.0,-244000000.0,0.0,-5000000.0,-0.115,305000000.0,-154000000.0,716000000.0,-0.078,1.015,-1.436,-1.421,3034000000.0,0.0,21.2,0.952,0.942,1799000000.0,1094000000.0,2126000000.0,2126000000.0,0.0,,,,,0.0,293000000.0,1.0,385896425.0,382000000.0,382000000.0,5.565,9903000000.0,0.0,60000000.0,183000000.0,25.924,4239000000.0
8,NOV,MRQ,2019-06-30,2019-06-30,2019-06-30,2021-09-24,-1392000000.0,14349000000.0,,6766000000.0,7583000000.0,,22.018,-54000000.0,1121000000.0,1121000000.0,2070000000.0,-5384000000.0,3.046,0.697,3295000000.0,116000000.0,3179000000.0,3295000000.0,0.0,154000000.0,0.0,0.009,0.05,-5737000000.0,-5583000000.0,-2.619,-5583000000.0,-5737000000.0,-5762000000.0,-14.11,-14.11,-14.11,8411000000.0,,8411000000.0,10635011070.0,-2.0,-2.122,-127000000.0,-0.332,1.0,62000000.0,0.029,4106000000.0,25000000.0,10196000000.0,,2858000000.0,294000000.0,0.0,294000000.0,5862000000.0,2221000000.0,3641000000.0,8579011070.0,-149000000.0,0.0,0.0,0.0,-19000000.0,-19000000.0,-49000000.0,0.0,-73000000.0,-8000000.0,-5389000000.0,-5389000000.0,-5389000000.0,0.0,5000000.0,-2.528,5790000000.0,-5728000000.0,695000000.0,-0.004,1.02,-1.573,-1.557,3054000000.0,0.0,22.23,0.995,0.985,1973000000.0,1358000000.0,2132000000.0,2132000000.0,0.0,,,,,0.0,417000000.0,1.0,385920426.0,382000000.0,382000000.0,5.581,10243000000.0,0.0,-373000000.0,177000000.0,26.814,4545000000.0
9,NOV,MRQ,2019-03-31,2019-03-31,2019-03-31,2021-09-24,-1413000000.0,20002000000.0,,6938000000.0,13064000000.0,,36.224,-43000000.0,1270000000.0,1270000000.0,1684000000.0,-75000000.0,3.299,0.448,3326000000.0,115000000.0,3211000000.0,3326000000.0,0.0,177000000.0,0.0,0.008,0.05,-62000000.0,115000000.0,0.059,115000000.0,-62000000.0,-87000000.0,-0.2,-0.2,-0.2,13765000000.0,,13765000000.0,11498664337.0,111.0,14.409,-81000000.0,-0.213,1.0,256000000.0,0.132,9234000000.0,25000000.0,10721000000.0,,3131000000.0,299000000.0,0.0,299000000.0,6162000000.0,2103000000.0,4059000000.0,10214664337.0,-157000000.0,-65000000.0,0.0,0.0,-19000000.0,-20000000.0,-107000000.0,0.0,-38000000.0,8000000.0,-77000000.0,-77000000.0,-77000000.0,0.0,2000000.0,-0.04,304000000.0,-48000000.0,679000000.0,-0.25,0.742,-255.367,-242.182,3394000000.0,0.0,26.64,1.188,1.177,1793000000.0,6766000000.0,1940000000.0,1940000000.0,0.0,,,,,0.0,304000000.0,1.0,383433346.0,380000000.0,380000000.0,5.105,10768000000.0,11000000.0,-10000000.0,586000000.0,28.337,4835000000.0
10,NOV,MRQ,2018-12-31,2018-12-31,2018-12-31,2021-09-24,-1437000000.0,19796000000.0,,7279000000.0,12517000000.0,,36.558,-71000000.0,1427000000.0,1427000000.0,1989000000.0,15000000.0,3.109,0.427,2711000000.0,7000000.0,2704000000.0,2711000000.0,0.0,171000000.0,0.0,0.008,0.05,60000000.0,231000000.0,0.096,231000000.0,60000000.0,38000000.0,0.03,0.03,0.03,13819000000.0,,13819000000.0,11273520284.0,90.0,13.833,150000000.0,0.397,1.0,409000000.0,0.171,9284000000.0,22000000.0,9455000000.0,,2986000000.0,301000000.0,0.0,301000000.0,5907000000.0,2341000000.0,3566000000.0,9852520284.0,134000000.0,0.0,0.0,-8000000.0,-19000000.0,-18000000.0,-65000000.0,0.0,221000000.0,-4000000.0,12000000.0,12000000.0,12000000.0,0.0,3000000.0,0.005,322000000.0,87000000.0,722000000.0,1.667,0.713,-317.823,-321.25,2797000000.0,0.0,25.7,1.166,1.149,2101000000.0,6862000000.0,2398000000.0,2398000000.0,0.0,,,,,110000000.0,322000000.0,1.0,383366548.0,378000000.0,378000000.0,6.344,10512000000.0,11000000.0,26000000.0,630000000.0,27.81,4938000000.0
11,NOV,MRQ,2018-09-30,2018-09-30,2018-09-30,2021-09-24,-1328000000.0,19893000000.0,,7221000000.0,12672000000.0,,36.691,-71000000.0,1293000000.0,1293000000.0,1761000000.0,4000000.0,3.173,0.425,2714000000.0,8000000.0,2706000000.0,2714000000.0,0.0,172000000.0,0.0,0.005,0.05,54000000.0,226000000.0,0.105,226000000.0,54000000.0,30000000.0,0.0,0.0,0.0,13906000000.0,,13906000000.0,18061246251.0,-488.0,27.49,119000000.0,0.314,1.0,393000000.0,0.182,9411000000.0,24000000.0,9627000000.0,,3177000000.0,304000000.0,0.0,304000000.0,5917000000.0,2276000000.0,3641000000.0,16483246251.0,156000000.0,0.0,0.0,0.0,-19000000.0,8000000.0,-32000000.0,0.0,190000000.0,-10000000.0,1000000.0,1000000.0,1000000.0,0.0,3000000.0,0.0,320000000.0,73000000.0,675000000.0,,1.185,-289.18,-269.25,2813000000.0,0.0,43.08,2.054,2.035,2005000000.0,6869000000.0,2154000000.0,2154000000.0,0.0,,,,,0.0,320000000.0,1.0,382619458.0,379000000.0,383000000.0,5.683,10482000000.0,13000000.0,29000000.0,672000000.0,27.657,4945000000.0
12,NOV,MRQ,2018-06-30,2018-06-30,2018-06-30,2021-09-24,-1298000000.0,19758000000.0,,7008000000.0,12750000000.0,,36.772,-63000000.0,1137000000.0,1137000000.0,1751000000.0,25000000.0,3.194,0.417,2715000000.0,8000000.0,2707000000.0,2715000000.0,0.0,174000000.0,0.0,0.005,0.05,52000000.0,226000000.0,0.107,226000000.0,52000000.0,29000000.0,0.06,0.06,0.06,13900000000.0,,13900000000.0,18056788044.0,-174.0,30.501,176000000.0,0.466,1.0,355000000.0,0.169,9444000000.0,23000000.0,9698000000.0,,3158000000.0,308000000.0,0.0,308000000.0,5790000000.0,2194000000.0,3596000000.0,16579788044.0,-99000000.0,-244000000.0,0.0,0.0,-19000000.0,-2000000.0,-299000000.0,0.0,239000000.0,-37000000.0,24000000.0,24000000.0,24000000.0,0.0,1000000.0,0.011,303000000.0,52000000.0,616000000.0,0.833,1.193,-197.378,-188.696,2859000000.0,0.0,43.4,2.152,2.129,1967000000.0,6888000000.0,2106000000.0,2106000000.0,0.0,,,,,0.0,303000000.0,1.0,382022766.0,378000000.0,381000000.0,5.571,10314000000.0,13000000.0,5000000.0,677000000.0,27.286,4814000000.0
13,NOV,MRQ,2018-03-31,2018-03-31,2018-03-31,2021-09-24,-1061000000.0,20010000000.0,,7186000000.0,12824000000.0,,37.353,-39000000.0,1236000000.0,1236000000.0,1508000000.0,-66000000.0,3.371,0.416,2713000000.0,6000000.0,2707000000.0,2713000000.0,0.0,173000000.0,0.0,0.005,0.05,-41000000.0,132000000.0,0.074,132000000.0,-41000000.0,-65000000.0,-0.18,-0.18,-0.18,14082000000.0,,14082000000.0,15268089266.0,-69.0,32.211,-168000000.0,-0.446,1.0,287000000.0,0.16,9432000000.0,24000000.0,9923000000.0,,3146000000.0,312000000.0,0.0,312000000.0,5859000000.0,2132000000.0,3727000000.0,13993089266.0,-201000000.0,-36000000.0,0.0,0.0,-19000000.0,-18000000.0,-61000000.0,0.0,-129000000.0,7000000.0,-68000000.0,-68000000.0,-68000000.0,0.0,2000000.0,-0.038,288000000.0,-1000000.0,528000000.0,-0.278,0.994,-76.465,-75.122,2926000000.0,0.0,36.81,1.902,1.886,2102000000.0,6883000000.0,1795000000.0,1795000000.0,0.0,,,,,0.0,288000000.0,1.0,380143691.0,377000000.0,377000000.0,4.761,10578000000.0,13000000.0,3000000.0,720000000.0,28.058,5054000000.0
14,NOV,MRQ,2017-12-31,2017-12-31,2017-12-31,2021-09-24,-1110000000.0,20206000000.0,,7217000000.0,12989000000.0,,37.385,-65000000.0,1437000000.0,1437000000.0,1802000000.0,-15000000.0,3.066,0.429,2712000000.0,6000000.0,2706000000.0,2712000000.0,0.0,175000000.0,0.0,0.006,0.05,-102000000.0,73000000.0,0.037,73000000.0,-102000000.0,-127000000.0,-0.04,-0.04,-0.04,14094000000.0,,14094000000.0,15179760240.0,-52.0,37.297,256000000.0,0.679,1.0,167000000.0,0.085,9528000000.0,25000000.0,9599000000.0,,3003000000.0,309000000.0,0.0,309000000.0,6046000000.0,2354000000.0,3692000000.0,13688760240.0,-285000000.0,-1000000.0,0.0,-502000000.0,-19000000.0,-543000000.0,-61000000.0,0.0,321000000.0,-2000000.0,-14000000.0,-14000000.0,-14000000.0,0.0,-1000000.0,-0.007,278000000.0,-111000000.0,510000000.0,-1.25,0.971,-57.758,-57.175,3002000000.0,0.0,36.02,1.874,1.859,2015000000.0,6966000000.0,1969000000.0,1969000000.0,0.0,,,,,124000000.0,278000000.0,1.0,380032211.0,377000000.0,377000000.0,5.223,10678000000.0,13000000.0,-113000000.0,758000000.0,28.324,4863000000.0
15,NOV,MRQ,2017-09-30,2017-09-30,2017-09-30,2021-09-24,-1109000000.0,20934000000.0,,7825000000.0,13109000000.0,,37.358,-42000000.0,1722000000.0,1722000000.0,1550000000.0,-27000000.0,2.753,0.482,3213000000.0,506000000.0,2707000000.0,3213000000.0,288000000.0,174000000.0,0.0,0.006,0.05,-13000000.0,161000000.0,0.088,161000000.0,-13000000.0,-39000000.0,-0.07,-0.07,-0.07,14084000000.0,,14084000000.0,15262776248.0,-16.0,-56.739,190000000.0,0.504,1.0,285000000.0,0.155,9542000000.0,26000000.0,10041000000.0,,3219000000.0,309000000.0,0.0,309000000.0,6783000000.0,2842000000.0,3941000000.0,13578776248.0,192000000.0,-3000000.0,0.0,-1000000.0,-19000000.0,-21000000.0,-36000000.0,0.0,232000000.0,17000000.0,-26000000.0,-26000000.0,-26000000.0,0.0,-1000000.0,-0.014,292000000.0,-7000000.0,447000000.0,-0.714,0.964,-14.492,-14.466,3031000000.0,0.0,35.73,1.932,1.917,2578000000.0,6999000000.0,1835000000.0,1835000000.0,0.0,,,,,0.0,292000000.0,1.0,380038518.0,377000000.0,377000000.0,4.867,11392000000.0,71000000.0,-13000000.0,982000000.0,30.218,4983000000.0
16,NOV,MRQ,2017-06-30,2017-06-30,2017-06-30,2021-09-24,-1258000000.0,20887000000.0,,7741000000.0,13146000000.0,,37.011,-43000000.0,1530000000.0,1530000000.0,1528000000.0,-74000000.0,2.715,0.492,3214000000.0,506000000.0,2708000000.0,3214000000.0,337000000.0,174000000.0,0.0,0.006,0.05,-66000000.0,108000000.0,0.061,108000000.0,-66000000.0,-92000000.0,-0.2,-0.2,-0.2,13953000000.0,,13953000000.0,14252570073.0,-7.0,-9.689,125000000.0,0.332,1.0,231000000.0,0.131,9567000000.0,26000000.0,10153000000.0,,3207000000.0,306000000.0,0.0,306000000.0,6865000000.0,2851000000.0,4014000000.0,12518570073.0,51000000.0,-76000000.0,0.0,-1000000.0,-19000000.0,-18000000.0,-106000000.0,0.0,168000000.0,7000000.0,-75000000.0,-75000000.0,-75000000.0,0.0,1000000.0,-0.043,293000000.0,-62000000.0,448000000.0,-0.25,0.897,-5.508,-5.472,3052000000.0,0.0,32.94,1.831,1.816,2685000000.0,7044000000.0,1759000000.0,1759000000.0,0.0,,,,,0.0,293000000.0,1.0,380041593.0,377000000.0,377000000.0,4.666,11320000000.0,70000000.0,-17000000.0,1070000000.0,30.027,4890000000.0
17,NOV,MRQ,2017-03-31,2017-03-31,2017-03-31,2021-09-24,-1356000000.0,20904000000.0,,7744000000.0,13160000000.0,,37.024,-42000000.0,1479000000.0,1479000000.0,1532000000.0,-120000000.0,2.715,0.497,3213000000.0,506000000.0,2707000000.0,3213000000.0,363000000.0,175000000.0,0.0,0.005,0.05,-110000000.0,65000000.0,0.037,65000000.0,-110000000.0,-135000000.0,-0.32,-0.32,-0.32,13921000000.0,,13921000000.0,16989176415.0,-7.0,-9.941,69000000.0,0.184,1.0,209000000.0,0.12,9532000000.0,25000000.0,10254000000.0,,3254000000.0,302000000.0,0.0,302000000.0,6919000000.0,2852000000.0,4067000000.0,15183176415.0,71000000.0,-6000000.0,0.0,-2000000.0,-19000000.0,-13000000.0,-42000000.0,0.0,111000000.0,15000000.0,-122000000.0,-122000000.0,-122000000.0,0.0,2000000.0,-0.07,306000000.0,-97000000.0,388000000.0,-0.156,1.091,-6.287,-6.264,3108000000.0,0.0,40.09,2.232,2.216,2631000000.0,7138000000.0,1741000000.0,1741000000.0,0.0,,,,,0.0,306000000.0,1.0,378727274.0,376000000.0,376000000.0,4.63,11372000000.0,87000000.0,-13000000.0,1126000000.0,30.245,4892000000.0
18,NOV,MRQ,2016-12-31,2016-12-31,2016-12-31,2021-09-24,-1452000000.0,21140000000.0,,7876000000.0,13264000000.0,,36.781,-63000000.0,1408000000.0,1408000000.0,2151000000.0,-717000000.0,2.585,0.512,3214000000.0,506000000.0,2708000000.0,3214000000.0,440000000.0,174000000.0,0.0,0.016,0.05,-777000000.0,-603000000.0,-0.356,-603000000.0,-777000000.0,-802000000.0,-1.88,-1.88,-1.88,13940000000.0,,13940000000.0,15846474808.0,-6.0,-8.75,90000000.0,0.237,1.0,-459000000.0,-0.271,9597000000.0,25000000.0,10302000000.0,,3325000000.0,307000000.0,0.0,307000000.0,7137000000.0,3047000000.0,4090000000.0,14140474808.0,-102000000.0,-170000000.0,0.0,-3000000.0,-19000000.0,-25000000.0,-211000000.0,0.0,153000000.0,-19000000.0,-714000000.0,-714000000.0,-714000000.0,0.0,-3000000.0,-0.422,307000000.0,-766000000.0,414000000.0,-0.027,1.014,-5.863,-5.841,3150000000.0,0.0,37.44,1.95,1.941,2748000000.0,7285000000.0,1692000000.0,1692000000.0,0.0,,,,,114000000.0,307000000.0,1.0,377683622.0,379000000.0,379000000.0,4.464,11543000000.0,86000000.0,-88000000.0,1183000000.0,30.456,4829000000.0
19,NOV,MRQ,2016-09-30,2016-09-30,2016-09-30,2021-09-24,-1283000000.0,22194000000.0,,8711000000.0,13483000000.0,,39.41,-60000000.0,1510000000.0,1510000000.0,1567000000.0,-1364000000.0,3.331,0.493,3216000000.0,6000000.0,3210000000.0,3216000000.0,550000000.0,176000000.0,0.0,0.028,0.05,-1217000000.0,-1041000000.0,-0.632,-1041000000.0,-1217000000.0,-1242000000.0,-3.62,-3.62,-3.62,14818000000.0,,14818000000.0,15493174660.0,-5.0,-5.796,-2000000.0,-0.005,1.0,79000000.0,0.048,9641000000.0,25000000.0,11644000000.0,,4161000000.0,311000000.0,0.0,311000000.0,7306000000.0,2615000000.0,4691000000.0,13874174660.0,-151000000.0,-24000000.0,0.0,-112000000.0,-19000000.0,-126000000.0,-83000000.0,0.0,58000000.0,0.0,-1362000000.0,-1362000000.0,-1362000000.0,0.0,-2000000.0,-0.827,1265000000.0,-1186000000.0,396000000.0,-0.014,0.936,-4.307,-4.358,3261000000.0,0.0,36.74,1.675,1.668,2573000000.0,8018000000.0,1646000000.0,1646000000.0,0.0,,,,,0.0,293000000.0,1.0,377631319.0,376000000.0,376000000.0,4.378,12553000000.0,135000000.0,120000000.0,1190000000.0,33.386,6096000000.0
20,NOV,MRQ,2016-06-30,2016-06-30,2016-06-30,2021-09-24,-1325000000.0,23784000000.0,,9204000000.0,14580000000.0,,42.981,-77000000.0,1661000000.0,1661000000.0,1689000000.0,-217000000.0,3.123,0.471,3280000000.0,12000000.0,3268000000.0,3280000000.0,653000000.0,178000000.0,0.0,0.042,0.05,-308000000.0,-130000000.0,-0.075,-130000000.0,-308000000.0,-338000000.0,-0.58,-0.58,-0.58,16118000000.0,,16118000000.0,14308100833.0,-7.0,-11.604,51000000.0,0.136,1.0,35000000.0,0.02,10695000000.0,30000000.0,11761000000.0,,4287000000.0,314000000.0,0.0,314000000.0,7598000000.0,2947000000.0,4651000000.0,12688100833.0,-98000000.0,-15000000.0,0.0,-101000000.0,-19000000.0,-129000000.0,-91000000.0,0.0,128000000.0,-6000000.0,-217000000.0,-217000000.0,-217000000.0,0.0,0.0,-0.126,305000000.0,-270000000.0,434000000.0,-0.086,0.787,-7.446,-7.648,3277000000.0,0.0,33.65,1.276,1.269,2834000000.0,9399000000.0,1724000000.0,1724000000.0,0.0,,,,,0.0,305000000.0,1.0,377060946.0,375000000.0,375000000.0,4.597,13089000000.0,147000000.0,-121000000.0,1177000000.0,34.904,6257000000.0
21,NOV,MRQ,2016-03-31,2016-03-31,2016-03-31,2021-09-24,-1308000000.0,24754000000.0,,10048000000.0,14706000000.0,,43.613,-84000000.0,1759000000.0,1759000000.0,1945000000.0,-118000000.0,2.925,0.509,3379000000.0,7000000.0,3372000000.0,3379000000.0,704000000.0,175000000.0,0.0,0.059,0.46,-212000000.0,-37000000.0,-0.017,-37000000.0,-212000000.0,-237000000.0,-0.32,-0.32,-0.32,16355000000.0,,16355000000.0,13537409732.0,-11.0,-27.459,537000000.0,1.432,1.0,244000000.0,0.111,10803000000.0,25000000.0,12136000000.0,,4534000000.0,324000000.0,0.0,324000000.0,8321000000.0,3435000000.0,4886000000.0,11687409732.0,-321000000.0,-21000000.0,0.0,-684000000.0,-173000000.0,-861000000.0,-103000000.0,0.0,621000000.0,22000000.0,-119000000.0,-119000000.0,-119000000.0,0.0,1000000.0,-0.054,433000000.0,-189000000.0,467000000.0,-1.438,0.715,-9.756,-10.13,3303000000.0,0.0,31.1,0.964,0.962,3252000000.0,9635000000.0,2189000000.0,2189000000.0,0.0,,,,,0.0,433000000.0,1.0,375800956.0,375000000.0,375000000.0,5.837,13951000000.0,144000000.0,-118000000.0,1438000000.0,37.203,6613000000.0
22,NOV,MRQ,2015-12-31,2015-12-31,2015-12-31,2021-09-24,-1553000000.0,25970000000.0,,11425000000.0,14545000000.0,,44.04,-121000000.0,2080000000.0,2080000000.0,2334000000.0,-1522000000.0,2.887,0.58,3909000000.0,2000000.0,3907000000.0,3909000000.0,785000000.0,183000000.0,0.0,0.055,0.46,-1648000000.0,-1465000000.0,-0.538,-1465000000.0,-1648000000.0,-1675000000.0,-3.91,-3.91,-3.91,16383000000.0,,16383000000.0,14720787325.0,-30.0,56.837,493000000.0,1.325,1.0,388000000.0,0.143,10829000000.0,27000000.0,13012000000.0,,4678000000.0,327000000.0,0.0,327000000.0,9510000000.0,3958000000.0,5552000000.0,12583787325.0,234000000.0,-16000000.0,-6000000.0,-53000000.0,-173000000.0,-224000000.0,-136000000.0,0.0,614000000.0,-20000000.0,-1523000000.0,-1523000000.0,-1523000000.0,0.0,1000000.0,-0.56,2020000000.0,-1632000000.0,623000000.0,-0.118,0.768,-16.364,-16.829,3124000000.0,0.0,33.49,0.853,0.878,4176000000.0,9927000000.0,2722000000.0,2722000000.0,0.0,,,,,110000000.0,386000000.0,1.0,375747606.0,372000000.0,369000000.0,7.317,15141000000.0,130000000.0,-152000000.0,1626000000.0,40.702,7467000000.0
23,NOV,MRQ,2015-09-30,2015-09-30,2015-09-30,2021-09-24,-1477000000.0,29628000000.0,,12933000000.0,16695000000.0,,47.7,-98000000.0,1846000000.0,1846000000.0,2634000000.0,156000000.0,2.49,0.63,3983000000.0,2000000.0,3981000000.0,3983000000.0,1180000000.0,184000000.0,0.0,0.049,0.46,215000000.0,399000000.0,0.121,399000000.0,215000000.0,191000000.0,0.41,0.41,0.41,18126000000.0,,18126000000.0,16211397969.0,8.0,5.838,312000000.0,0.821,1.0,672000000.0,0.203,12552000000.0,24000000.0,14020000000.0,,5172000000.0,331000000.0,0.0,331000000.0,11422000000.0,5193000000.0,6229000000.0,14450397969.0,-698000000.0,-26000000.0,-443000000.0,-324000000.0,-174000000.0,-942000000.0,-106000000.0,0.0,410000000.0,-60000000.0,155000000.0,155000000.0,155000000.0,0.0,1000000.0,0.047,438000000.0,234000000.0,731000000.0,1.122,0.797,10.712,11.375,3122000000.0,0.0,37.65,0.814,0.806,4994000000.0,13398000000.0,3306000000.0,3306000000.0,0.0,,,,,0.0,383000000.0,1.0,383808711.0,380000000.0,381000000.0,8.7,17076000000.0,911000000.0,36000000.0,2296000000.0,44.937,7740000000.0
24,NOV,MRQ,2015-06-30,2015-06-30,2015-06-30,2021-09-24,-1119000000.0,31225000000.0,,14167000000.0,17058000000.0,,48.907,-104000000.0,2544000000.0,2544000000.0,3054000000.0,286000000.0,2.498,0.646,4305000000.0,151000000.0,4154000000.0,4305000000.0,1269000000.0,190000000.0,0.0,0.038,0.46,420000000.0,610000000.0,0.156,610000000.0,420000000.0,394000000.0,0.75,0.74,0.75,18927000000.0,,18927000000.0,19947264047.0,7.0,5.566,90000000.0,0.233,1.0,855000000.0,0.219,12764000000.0,26000000.0,14550000000.0,,5394000000.0,327000000.0,0.0,327000000.0,12220000000.0,5672000000.0,6548000000.0,18726264047.0,-480000000.0,-21000000.0,-445000000.0,60000000.0,-178000000.0,-561000000.0,-123000000.0,0.0,194000000.0,10000000.0,289000000.0,289000000.0,289000000.0,0.0,-3000000.0,0.074,417000000.0,438000000.0,847000000.0,0.613,0.989,9.892,10.658,3250000000.0,0.0,48.28,0.935,0.933,5286000000.0,13417000000.0,3909000000.0,3909000000.0,0.0,,,,,0.0,417000000.0,1.0,387867938.0,387000000.0,388000000.0,10.101,18461000000.0,916000000.0,105000000.0,2353000000.0,47.703,8495000000.0
25,NOV,MRQ,2015-03-31,2015-03-31,2015-03-31,2021-09-24,-1318000000.0,32424000000.0,,15299000000.0,17125000000.0,,46.774,-130000000.0,3024000000.0,3024000000.0,3643000000.0,313000000.0,2.295,0.699,4245000000.0,151000000.0,4094000000.0,4245000000.0,1497000000.0,190000000.0,0.0,0.037,0.46,525000000.0,715000000.0,0.148,715000000.0,525000000.0,499000000.0,0.76,0.76,0.76,19037000000.0,,19037000000.0,20122654449.0,6.0,4.915,-16000000.0,-0.039,1.0,1177000000.0,0.244,12799000000.0,26000000.0,14179000000.0,,5378000000.0,360000000.0,0.0,360000000.0,13302000000.0,6667000000.0,6635000000.0,20492654449.0,-512000000.0,-23000000.0,-1327000000.0,1079000000.0,-185000000.0,-436000000.0,-149000000.0,0.0,114000000.0,-41000000.0,310000000.0,310000000.0,310000000.0,0.0,3000000.0,0.064,607000000.0,570000000.0,988000000.0,0.605,1.076,9.218,9.558,3216000000.0,0.0,49.99,0.959,0.952,5950000000.0,13306000000.0,4820000000.0,4820000000.0,0.0,,,,,0.0,607000000.0,1.0,409935076.0,407000000.0,409000000.0,11.843,19625000000.0,937000000.0,189000000.0,2745000000.0,48.219,8632000000.0
26,NOV,MRQ,2014-12-31,2014-12-31,2014-12-31,2021-09-24,-834000000.0,33562000000.0,,16162000000.0,17400000000.0,,48.346,-231000000.0,3536000000.0,3536000000.0,4168000000.0,597000000.0,2.192,0.618,3166000000.0,152000000.0,3014000000.0,3166000000.0,1775000000.0,199000000.0,0.0,0.025,0.46,854000000.0,1053000000.0,0.184,1053000000.0,854000000.0,828000000.0,1.39,1.39,1.39,20692000000.0,,20692000000.0,27270498427.0,7.0,6.164,505000000.0,1.18,1.0,1541000000.0,0.27,12983000000.0,26000000.0,12835000000.0,,5281000000.0,362000000.0,0.0,362000000.0,12790000000.0,7374000000.0,5416000000.0,28215498427.0,-555000000.0,-110000000.0,-778000000.0,20000000.0,-196000000.0,-950000000.0,-307000000.0,0.0,736000000.0,-34000000.0,595000000.0,595000000.0,595000000.0,0.0,2000000.0,0.104,628000000.0,913000000.0,1189000000.0,0.331,1.364,11.277,11.202,3362000000.0,0.0,65.53,1.316,1.308,6294000000.0,13181000000.0,5709000000.0,5709000000.0,0.0,,,,,86000000.0,524000000.0,1.0,430573759.0,428000000.0,430000000.0,13.339,20579000000.0,950000000.0,233000000.0,2712000000.0,48.082,8788000000.0
27,NOV,MRQ,2014-09-30,2014-09-30,2014-09-30,2021-09-24,-362000000.0,34270000000.0,,16670000000.0,17600000000.0,,50.17,-168000000.0,4091000000.0,4091000000.0,4059000000.0,701000000.0,2.315,0.588,3146000000.0,151000000.0,2995000000.0,3146000000.0,1809000000.0,198000000.0,0.0,0.019,0.46,1008000000.0,1206000000.0,0.216,1206000000.0,1008000000.0,982000000.0,1.63,1.62,1.63,21523000000.0,,21523000000.0,32004161189.0,9.0,7.099,351000000.0,0.818,1.0,1528000000.0,0.273,13309000000.0,26000000.0,12815000000.0,,5464000000.0,356000000.0,0.0,356000000.0,12651000000.0,7201000000.0,5450000000.0,32741161189.0,206000000.0,-79000000.0,73000000.0,-2000000.0,-198000000.0,-130000000.0,-143000000.0,0.0,519000000.0,-40000000.0,699000000.0,699000000.0,699000000.0,0.0,2000000.0,0.125,540000000.0,988000000.0,1259000000.0,0.282,1.521,12.765,12.683,3377000000.0,0.0,76.1,1.557,1.552,6097000000.0,12782000000.0,5587000000.0,5587000000.0,0.0,,,,,0.0,540000000.0,1.0,430238649.0,429000000.0,431000000.0,13.023,20961000000.0,832000000.0,283000000.0,2760000000.0,48.86,9469000000.0
28,NOV,MRQ,2014-06-30,2014-06-30,2014-06-30,2021-09-24,48000000.0,33827000000.0,,16003000000.0,17824000000.0,,49.841,-175000000.0,3885000000.0,3885000000.0,3800000000.0,620000000.0,2.314,0.582,3148000000.0,0.0,3148000000.0,3148000000.0,2176000000.0,190000000.0,0.0,0.015,0.46,930000000.0,1120000000.0,0.213,1120000000.0,930000000.0,903000000.0,1.45,1.44,1.45,21332000000.0,,21332000000.0,34793088142.0,10.0,7.882,696000000.0,1.626,1.0,1455000000.0,0.277,13448000000.0,27000000.0,12727000000.0,,5198000000.0,351000000.0,0.0,351000000.0,12409000000.0,6915000000.0,5494000000.0,35332088142.0,197000000.0,-100000000.0,29000000.0,1000000.0,-198000000.0,-158000000.0,-528000000.0,-253000000.0,871000000.0,12000000.0,619000000.0,619000000.0,619000000.0,-11000000.0,1000000.0,0.118,542000000.0,913000000.0,1178000000.0,0.317,1.656,14.122,14.053,3440000000.0,0.0,82.35,1.74,1.735,5994000000.0,12281000000.0,5255000000.0,5255000000.0,0.0,,,,,0.0,542000000.0,1.0,429047822.0,428000000.0,430000000.0,12.278,20379000000.0,803000000.0,284000000.0,2706000000.0,47.614,9088000000.0
29,NOV,MRQ,2014-03-31,2014-03-31,2014-03-31,2021-09-24,-41000000.0,35480000000.0,,17211000000.0,18269000000.0,,53.03,-125000000.0,3688000000.0,3688000000.0,3599000000.0,589000000.0,2.425,0.559,3149000000.0,0.0,3149000000.0,3149000000.0,2079000000.0,191000000.0,0.0,0.013,0.26,854000000.0,1045000000.0,0.214,1045000000.0,854000000.0,828000000.0,1.38,1.37,1.38,22697000000.0,,22697000000.0,33083333481.0,9.0,7.775,363000000.0,0.848,1.0,1290000000.0,0.264,13828000000.0,26000000.0,14015000000.0,,5659000000.0,402000000.0,0.0,402000000.0,12688000000.0,7098000000.0,5590000000.0,33369333481.0,252000000.0,-2000000.0,5000000.0,-1000000.0,-111000000.0,-105000000.0,-126000000.0,0.0,488000000.0,-5000000.0,589000000.0,589000000.0,589000000.0,-41000000.0,0.0,0.12,491000000.0,799000000.0,1391000000.0,0.188,1.47,13.823,13.758,3437000000.0,0.0,77.87,1.691,1.689,6830000000.0,13801000000.0,4889000000.0,4889000000.0,0.0,,,,,0.0,491000000.0,1.0,428526178.0,428000000.0,429000000.0,11.423,21652000000.0,804000000.0,239000000.0,2999000000.0,50.589,10113000000.0
30,NOV,MRQ,2013-12-31,2013-12-31,2013-12-31,2021-09-24,-4000000.0,34812000000.0,,16423000000.0,18389000000.0,,52.183,-180000000.0,3436000000.0,3436000000.0,3898000000.0,661000000.0,2.459,0.561,3150000000.0,1000000.0,3149000000.0,3150000000.0,1771000000.0,195000000.0,0.0,0.011,0.26,942000000.0,1137000000.0,0.214,1137000000.0,942000000.0,915000000.0,1.54,1.54,1.54,22230000000.0,,22230000000.0,35054807952.0,10.0,8.511,1338000000.0,3.141,1.0,1404000000.0,0.265,14104000000.0,27000000.0,13744000000.0,,5603000000.0,390000000.0,0.0,390000000.0,12482000000.0,6678000000.0,5804000000.0,34046807952.0,695000000.0,0.0,33000000.0,-599000000.0,-111000000.0,-668000000.0,-152000000.0,0.0,1518000000.0,-3000000.0,658000000.0,658000000.0,658000000.0,-31000000.0,3000000.0,0.124,495000000.0,909000000.0,1275000000.0,0.169,1.532,14.631,14.566,3408000000.0,0.0,79.53,1.771,1.763,6435000000.0,13323000000.0,5302000000.0,5302000000.0,0.0,,,,,72000000.0,495000000.0,1.0,428100188.0,426000000.0,428000000.0,12.446,20708000000.0,745000000.0,257000000.0,3160000000.0,48.61,9745000000.0
31,NOV,MRQ,2013-09-30,2013-09-30,2013-09-30,2021-09-24,1000000.0,34673000000.0,,16255000000.0,18418000000.0,,50.768,-150000000.0,2741000000.0,2741000000.0,3503000000.0,636000000.0,2.573,0.599,3749000000.0,0.0,3749000000.0,3749000000.0,1553000000.0,187000000.0,0.0,0.01,0.26,925000000.0,1112000000.0,0.229,1112000000.0,925000000.0,899000000.0,1.49,1.49,1.49,21627000000.0,,21627000000.0,35186456053.0,11.0,8.819,859000000.0,2.016,1.0,1360000000.0,0.28,14216000000.0,26000000.0,15148000000.0,,6078000000.0,373000000.0,0.0,373000000.0,12948000000.0,6317000000.0,6631000000.0,33393456053.0,414000000.0,-7000000.0,13000000.0,-371000000.0,-111000000.0,-465000000.0,-148000000.0,0.0,1009000000.0,18000000.0,636000000.0,636000000.0,636000000.0,-38000000.0,0.0,0.131,476000000.0,884000000.0,1312000000.0,0.174,1.544,14.289,14.228,3333000000.0,0.0,78.11,1.888,1.881,6441000000.0,12776000000.0,4863000000.0,4863000000.0,0.0,,,,,0.0,476000000.0,1.0,427518321.0,426000000.0,428000000.0,11.415,20457000000.0,742000000.0,263000000.0,3038000000.0,48.021,9938000000.0
32,NOV,MRQ,2013-06-30,2013-06-30,2013-06-30,2021-09-24,-201000000.0,33593000000.0,,15221000000.0,18372000000.0,,48.965,-116000000.0,2327000000.0,2327000000.0,3507000000.0,531000000.0,2.709,0.606,4120000000.0,0.0,4120000000.0,4120000000.0,1159000000.0,182000000.0,0.0,0.009,0.26,779000000.0,961000000.0,0.205,961000000.0,779000000.0,749000000.0,1.25,1.24,1.25,20859000000.0,,20859000000.0,31347677160.0,10.0,7.991,248000000.0,0.582,1.0,1173000000.0,0.251,14302000000.0,30000000.0,15465000000.0,,6083000000.0,357000000.0,0.0,357000000.0,12642000000.0,5619000000.0,7023000000.0,29439677160.0,-114000000.0,-15000000.0,7000000.0,-230000000.0,-111000000.0,-334000000.0,-129000000.0,0.0,364000000.0,-15000000.0,531000000.0,531000000.0,531000000.0,-37000000.0,0.0,0.113,460000000.0,713000000.0,1232000000.0,0.208,1.411,12.728,12.665,3210000000.0,0.0,68.9,1.623,1.618,5872000000.0,12251000000.0,4680000000.0,4680000000.0,0.0,,,,,0.0,460000000.0,1.0,427281236.0,426000000.0,428000000.0,10.986,19291000000.0,755000000.0,218000000.0,3005000000.0,45.284,9602000000.0
33,NOV,MRQ,2013-03-31,2013-03-31,2013-03-31,2021-09-24,-58000000.0,33556000000.0,,14994000000.0,18562000000.0,,48.237,-168000000.0,2441000000.0,2441000000.0,4043000000.0,500000000.0,2.704,0.627,4349000000.0,0.0,4349000000.0,4349000000.0,1093000000.0,174000000.0,0.0,0.007,0.13,754000000.0,928000000.0,0.175,928000000.0,754000000.0,726000000.0,1.18,1.17,1.18,20549000000.0,,20549000000.0,30014764435.0,9.0,7.47,338000000.0,0.793,1.0,1264000000.0,0.238,14404000000.0,28000000.0,15514000000.0,,6135000000.0,410000000.0,0.0,410000000.0,12877000000.0,5546000000.0,7331000000.0,30184764435.0,-878000000.0,-2375000000.0,5000000.0,1200000000.0,-56000000.0,1162000000.0,-2535000000.0,0.0,506000000.0,-11000000.0,502000000.0,502000000.0,502000000.0,0.0,-2000000.0,0.095,513000000.0,751000000.0,1283000000.0,0.11,1.469,12.645,12.611,3215000000.0,0.0,70.75,1.659,1.656,5612000000.0,11831000000.0,5307000000.0,5307000000.0,0.0,,,,,0.0,513000000.0,1.0,426639780.0,426000000.0,428000000.0,12.458,19152000000.0,727000000.0,224000000.0,3245000000.0,44.958,9448000000.0
34,NOV,MRQ,2012-12-31,2012-12-31,2012-12-31,2021-09-24,107000000.0,31484000000.0,,15678000000.0,15806000000.0,,47.621,-187000000.0,3319000000.0,3319000000.0,1740000000.0,668000000.0,2.775,0.55,3149000000.0,1000000.0,3148000000.0,3149000000.0,1189000000.0,154000000.0,0.0,0.007,0.13,835000000.0,989000000.0,0.348,989000000.0,835000000.0,814000000.0,1.57,1.55,1.57,20239000000.0,,20239000000.0,29005986414.0,8.0,7.039,613000000.0,1.442,1.0,1098000000.0,0.387,11915000000.0,21000000.0,13750000000.0,,5891000000.0,393000000.0,0.0,393000000.0,11128000000.0,5649000000.0,5479000000.0,29178986414.0,1617000000.0,538000000.0,2000000.0,1622000000.0,-56000000.0,1578000000.0,-765000000.0,0.0,800000000.0,4000000.0,668000000.0,668000000.0,668000000.0,-108000000.0,0.0,0.235,363000000.0,735000000.0,1200000000.0,0.083,1.442,11.714,11.664,2945000000.0,0.0,68.35,1.697,1.689,5545000000.0,11385000000.0,2838000000.0,2838000000.0,0.0,,,,,55000000.0,363000000.0,1.0,426905434.0,425000000.0,430000000.0,6.678,19569000000.0,762000000.0,146000000.0,2685000000.0,46.045,10029000000.0
35,NOV,MRQ,2012-09-30,2012-09-30,2012-09-30,2021-09-24,79000000.0,28662000000.0,,13667000000.0,14995000000.0,,46.056,-129000000.0,1702000000.0,1702000000.0,3948000000.0,609000000.0,2.406,0.459,1529000000.0,354000000.0,1175000000.0,1529000000.0,1037000000.0,157000000.0,0.0,0.006,0.12,888000000.0,1045000000.0,0.196,1045000000.0,888000000.0,877000000.0,1.44,1.43,1.44,19574000000.0,,19574000000.0,33691684765.0,10.0,8.164,8000000.0,0.019,1.0,1371000000.0,0.258,11371000000.0,11000000.0,11437000000.0,,5989000000.0,370000000.0,0.0,370000000.0,8979000000.0,5681000000.0,3298000000.0,34160684765.0,-215000000.0,-291000000.0,18000000.0,79000000.0,-51000000.0,50000000.0,-413000000.0,0.0,137000000.0,11000000.0,612000000.0,612000000.0,612000000.0,0.0,-3000000.0,0.115,473000000.0,898000000.0,1365000000.0,0.083,1.745,14.251,14.179,2818000000.0,0.0,80.11,1.835,1.829,5098000000.0,10773000000.0,5319000000.0,5319000000.0,0.0,,,,,0.0,473000000.0,1.0,426422229.0,425000000.0,427000000.0,12.515,17291000000.0,606000000.0,265000000.0,2364000000.0,40.685,7986000000.0
36,NOV,MRQ,2012-06-30,2012-06-30,2012-06-30,2021-09-24,-69000000.0,27833000000.0,,13014000000.0,14819000000.0,,44.282,-140000000.0,1917000000.0,1917000000.0,3428000000.0,602000000.0,2.008,0.473,1448000000.0,1289000000.0,159000000.0,1448000000.0,1075000000.0,157000000.0,0.0,0.007,0.12,899000000.0,1056000000.0,0.223,1056000000.0,899000000.0,890000000.0,1.42,1.42,1.42,18820000000.0,,18820000000.0,24585221267.0,7.0,6.125,-393000000.0,-0.925,1.0,1306000000.0,0.276,11429000000.0,9000000.0,9454000000.0,,5501000000.0,365000000.0,0.0,365000000.0,8902000000.0,6481000000.0,2421000000.0,27465221267.0,-1473000000.0,-1956000000.0,5000000.0,938000000.0,-51000000.0,897000000.0,-2090000000.0,0.0,-253000000.0,-27000000.0,605000000.0,605000000.0,605000000.0,0.0,-3000000.0,0.128,427000000.0,879000000.0,1265000000.0,0.085,1.459,11.854,11.781,2700000000.0,0.0,64.44,1.612,1.608,4813000000.0,10212000000.0,4734000000.0,4734000000.0,0.0,,,,,0.0,427000000.0,1.0,426213862.0,425000000.0,427000000.0,11.139,16404000000.0,522000000.0,285000000.0,2366000000.0,38.598,6533000000.0
37,NOV,MRQ,2012-03-31,2012-03-31,2012-03-31,2021-09-24,104000000.0,26287000000.0,,12836000000.0,13451000000.0,,43.537,-113000000.0,3390000000.0,3390000000.0,3036000000.0,604000000.0,2.357,0.422,510000000.0,351000000.0,159000000.0,510000000.0,965000000.0,148000000.0,0.0,0.006,0.12,883000000.0,1031000000.0,0.24,1031000000.0,883000000.0,875000000.0,1.43,1.42,1.43,18416000000.0,,18416000000.0,30688120300.0,9.0,8.05,-177000000.0,-0.418,1.0,1267000000.0,0.294,10210000000.0,8000000.0,7752000000.0,,4528000000.0,409000000.0,0.0,409000000.0,7767000000.0,5445000000.0,2322000000.0,33713120300.0,-145000000.0,-58000000.0,88000000.0,-1000000.0,-51000000.0,58000000.0,-160000000.0,0.0,-64000000.0,21000000.0,606000000.0,606000000.0,606000000.0,0.0,-2000000.0,0.141,390000000.0,877000000.0,1009000000.0,0.084,1.831,15.373,15.312,2531000000.0,0.0,79.47,2.132,2.126,4140000000.0,9658000000.0,4303000000.0,4303000000.0,0.0,,,,,0.0,390000000.0,1.0,424224491.0,423000000.0,426000000.0,10.173,16077000000.0,556000000.0,269000000.0,2795000000.0,38.007,7391000000.0
38,NOV,MRQ,2011-12-31,2011-12-31,2011-12-31,2021-09-24,-23000000.0,25515000000.0,,12110000000.0,13405000000.0,,41.456,-166000000.0,3535000000.0,3535000000.0,2984000000.0,573000000.0,2.236,0.442,510000000.0,351000000.0,159000000.0,510000000.0,865000000.0,142000000.0,0.0,0.007,0.12,853000000.0,995000000.0,0.234,995000000.0,853000000.0,844000000.0,1.36,1.35,1.36,17619000000.0,,17619000000.0,25459058714.0,9.0,7.22,456000000.0,1.073,1.0,1275000000.0,0.299,10224000000.0,9000000.0,6850000000.0,,4030000000.0,391000000.0,0.0,391000000.0,7787000000.0,5416000000.0,2371000000.0,28817058714.0,-335000000.0,-723000000.0,2000000.0,-17000000.0,-51000000.0,-66000000.0,-882000000.0,0.0,622000000.0,-9000000.0,574000000.0,574000000.0,574000000.0,0.0,-1000000.0,0.135,427000000.0,848000000.0,901000000.0,0.088,1.636,14.452,14.374,2445000000.0,0.0,67.99,1.966,1.957,3884000000.0,9103000000.0,4259000000.0,4259000000.0,0.0,,,,,51000000.0,427000000.0,1.0,423842605.0,425000000.0,424000000.0,10.021,15291000000.0,603000000.0,270000000.0,2775000000.0,35.979,6694000000.0
39,NOV,MRQ,2011-09-30,2011-09-30,2011-09-30,2021-09-24,37000000.0,24544000000.0,,12038000000.0,12506000000.0,,40.602,-125000000.0,3870000000.0,3870000000.0,2576000000.0,528000000.0,2.538,0.426,512000000.0,2000000.0,510000000.0,512000000.0,1117000000.0,140000000.0,0.0,0.009,0.11,792000000.0,932000000.0,0.249,932000000.0,792000000.0,784000000.0,1.26,1.25,1.26,17134000000.0,,17134000000.0,18773768567.0,7.0,5.692,509000000.0,1.206,1.0,1164000000.0,0.311,9937000000.0,8000000.0,6505000000.0,,3907000000.0,371000000.0,0.0,371000000.0,7305000000.0,4744000000.0,2561000000.0,21700768567.0,430000000.0,-56000000.0,23000000.0,-2000000.0,-47000000.0,-20000000.0,-152000000.0,0.0,634000000.0,-32000000.0,532000000.0,532000000.0,532000000.0,0.0,-4000000.0,0.142,392000000.0,772000000.0,802000000.0,0.087,1.267,11.667,11.588,1967000000.0,0.0,51.22,1.599,1.593,3640000000.0,8580000000.0,3740000000.0,3740000000.0,0.0,,,,,0.0,392000000.0,1.0,423677637.0,422000000.0,425000000.0,8.863,14607000000.0,476000000.0,252000000.0,2445000000.0,34.614,7294000000.0
40,NOV,MRQ,2011-06-30,2011-06-30,2011-06-30,2021-09-24,225000000.0,23756000000.0,,11226000000.0,12530000000.0,,39.787,-113000000.0,3440000000.0,3440000000.0,2430000000.0,480000000.0,2.641,0.408,513000000.0,2000000.0,511000000.0,513000000.0,778000000.0,138000000.0,0.0,0.005,0.11,716000000.0,854000000.0,0.243,854000000.0,716000000.0,707000000.0,1.14,1.13,1.14,16790000000.0,,16790000000.0,30743869767.0,12.0,9.988,799000000.0,1.893,1.0,1083000000.0,0.308,10012000000.0,9000000.0,6567000000.0,,3756000000.0,361000000.0,0.0,361000000.0,6851000000.0,4250000000.0,2601000000.0,33088869767.0,380000000.0,-208000000.0,13000000.0,-202000000.0,-47000000.0,-234000000.0,-301000000.0,0.0,912000000.0,3000000.0,481000000.0,481000000.0,481000000.0,0.0,-1000000.0,0.137,375000000.0,708000000.0,745000000.0,0.096,1.971,19.104,18.937,1921000000.0,0.0,78.21,2.577,2.57,3348000000.0,8095000000.0,3513000000.0,3513000000.0,0.0,,,,,0.0,375000000.0,1.0,423077225.0,422000000.0,425000000.0,8.325,13744000000.0,480000000.0,226000000.0,2361000000.0,32.569,6976000000.0
41,NOV,MRQ,2011-03-31,2011-03-31,2011-03-31,2021-09-24,192000000.0,23156000000.0,,10739000000.0,12417000000.0,,38.783,-79000000.0,3060000000.0,3060000000.0,2171000000.0,404000000.0,2.599,0.415,715000000.0,203000000.0,512000000.0,715000000.0,571000000.0,135000000.0,0.0,0.005,0.11,610000000.0,745000000.0,0.237,745000000.0,610000000.0,596000000.0,0.97,0.96,0.97,16289000000.0,,16289000000.0,30932286755.0,13.0,10.493,-104000000.0,-0.248,1.0,975000000.0,0.31,9934000000.0,14000000.0,6745000000.0,,3570000000.0,402000000.0,0.0,402000000.0,6755000000.0,4132000000.0,2623000000.0,33378286755.0,-273000000.0,-51000000.0,58000000.0,-170000000.0,-46000000.0,-144000000.0,-123000000.0,0.0,-25000000.0,19000000.0,407000000.0,407000000.0,407000000.0,0.0,-3000000.0,0.129,366000000.0,609000000.0,656000000.0,0.113,2.049,20.205,20.068,1861000000.0,0.0,79.27,2.72,2.713,3501000000.0,7661000000.0,3146000000.0,3146000000.0,0.0,,,,,0.0,366000000.0,1.0,421070856.0,420000000.0,423000000.0,7.49,13222000000.0,455000000.0,189000000.0,2545000000.0,31.481,6607000000.0
42,NOV,MRQ,2010-12-31,2010-12-31,2010-12-31,2021-09-24,91000000.0,23050000000.0,,10535000000.0,12515000000.0,,37.765,-92000000.0,3333000000.0,3333000000.0,2175000000.0,437000000.0,2.323,0.456,887000000.0,373000000.0,514000000.0,887000000.0,511000000.0,129000000.0,0.0,0.006,0.11,638000000.0,767000000.0,0.242,767000000.0,638000000.0,626000000.0,1.05,1.05,1.05,15748000000.0,,15748000000.0,26020485896.0,11.0,8.785,715000000.0,1.715,1.0,997000000.0,0.314,9893000000.0,12000000.0,6175000000.0,,3388000000.0,386000000.0,0.0,386000000.0,7188000000.0,4536000000.0,2652000000.0,28220485896.0,263000000.0,-487000000.0,73000000.0,-2000000.0,-46000000.0,21000000.0,-573000000.0,0.0,807000000.0,8000000.0,440000000.0,440000000.0,440000000.0,0.0,-3000000.0,0.139,373000000.0,624000000.0,628000000.0,0.105,1.792,16.929,16.855,1840000000.0,0.0,67.25,2.322,2.307,3240000000.0,7300000000.0,3172000000.0,3172000000.0,0.0,,,,,56000000.0,373000000.0,1.0,419635478.0,417000000.0,419000000.0,7.607,13157000000.0,657000000.0,186000000.0,2804000000.0,31.552,5999000000.0
43,NOV,MRQ,2010-09-30,2010-09-30,2010-09-30,2021-09-24,109000000.0,22231000000.0,,10326000000.0,11905000000.0,,36.657,-62000000.0,3070000000.0,3070000000.0,2066000000.0,404000000.0,2.667,0.447,870000000.0,354000000.0,516000000.0,870000000.0,293000000.0,127000000.0,0.0,0.031,0.1,585000000.0,712000000.0,0.236,712000000.0,585000000.0,573000000.0,0.97,0.96,0.97,15286000000.0,,15286000000.0,16819554394.0,7.0,5.776,391000000.0,0.938,1.0,945000000.0,0.314,9402000000.0,12000000.0,6757000000.0,,3562000000.0,365000000.0,0.0,365000000.0,6827000000.0,3872000000.0,2955000000.0,18636554394.0,382000000.0,-7000000.0,-8000000.0,-2000000.0,-42000000.0,-41000000.0,-62000000.0,0.0,453000000.0,32000000.0,404000000.0,404000000.0,404000000.0,0.0,0.0,0.134,349000000.0,596000000.0,585000000.0,0.103,1.219,11.497,11.432,1808000000.0,0.0,44.47,1.538,1.53,3177000000.0,6906000000.0,3011000000.0,3011000000.0,0.0,,,,,0.0,349000000.0,1.0,419081502.0,417000000.0,419000000.0,7.221,12829000000.0,501000000.0,169000000.0,2548000000.0,30.765,6454000000.0
44,NOV,MRQ,2010-06-30,2010-06-30,2010-06-30,2021-09-24,-67000000.0,21648000000.0,,9826000000.0,11822000000.0,,35.319,-47000000.0,2688000000.0,2688000000.0,2013000000.0,399000000.0,2.496,0.462,871000000.0,352000000.0,519000000.0,871000000.0,454000000.0,124000000.0,0.0,0.039,0.1,600000000.0,724000000.0,0.246,724000000.0,600000000.0,587000000.0,0.96,0.96,0.96,14728000000.0,,14728000000.0,12128925128.0,5.0,4.158,140000000.0,0.336,1.0,928000000.0,0.316,9460000000.0,13000000.0,6434000000.0,,3443000000.0,358000000.0,0.0,358000000.0,6811000000.0,3937000000.0,2874000000.0,13856925128.0,80000000.0,-16000000.0,3000000.0,-7000000.0,-42000000.0,-46000000.0,-43000000.0,0.0,187000000.0,-18000000.0,401000000.0,401000000.0,401000000.0,0.0,-2000000.0,0.136,338000000.0,590000000.0,598000000.0,0.104,0.941,8.65,8.59,1792000000.0,0.0,33.07,1.136,1.131,3189000000.0,6544000000.0,2941000000.0,2941000000.0,0.0,,,,,0.0,338000000.0,1.0,419017996.0,417000000.0,419000000.0,7.053,12188000000.0,399000000.0,186000000.0,2324000000.0,29.228,5889000000.0
45,NOV,MRQ,2010-03-31,2010-03-31,2010-03-31,2021-09-24,50000000.0,21466000000.0,,9545000000.0,11921000000.0,,34.693,-31000000.0,2608000000.0,2608000000.0,2070000000.0,419000000.0,2.549,0.476,880000000.0,156000000.0,724000000.0,880000000.0,681000000.0,127000000.0,0.0,0.03,0.1,632000000.0,759000000.0,0.25,759000000.0,632000000.0,619000000.0,1.01,1.01,1.01,14467000000.0,,14467000000.0,15241812838.0,7.0,5.689,64000000.0,0.153,1.0,962000000.0,0.317,9531000000.0,13000000.0,6463000000.0,,3423000000.0,390000000.0,0.0,390000000.0,6886000000.0,3744000000.0,3142000000.0,16980812838.0,-14000000.0,-46000000.0,5000000.0,-2000000.0,-42000000.0,-36000000.0,-65000000.0,0.0,95000000.0,-8000000.0,422000000.0,422000000.0,422000000.0,0.0,-3000000.0,0.139,325000000.0,637000000.0,538000000.0,0.099,1.174,11.95,11.865,1810000000.0,0.0,40.58,1.385,1.38,3029000000.0,6185000000.0,3032000000.0,3032000000.0,0.0,,,,,0.0,325000000.0,1.0,418452756.0,417000000.0,419000000.0,7.271,11935000000.0,359000000.0,197000000.0,2290000000.0,28.621,5801000000.0
46,NOV,MRQ,2009-12-31,2009-12-31,2009-12-31,2021-09-24,90000000.0,21532000000.0,,9598000000.0,11934000000.0,,33.925,-64000000.0,2622000000.0,2622000000.0,2155000000.0,391000000.0,2.126,0.518,883000000.0,7000000.0,876000000.0,883000000.0,1090000000.0,126000000.0,0.0,0.025,1.1,591000000.0,717000000.0,0.229,717000000.0,591000000.0,578000000.0,0.95,0.94,0.95,14113000000.0,,14113000000.0,16136465897.0,7.0,5.874,62000000.0,0.149,1.0,979000000.0,0.312,9541000000.0,13000000.0,5738000000.0,,3490000000.0,393000000.0,0.0,393000000.0,7304000000.0,4514000000.0,2790000000.0,18444465897.0,-570000000.0,-432000000.0,8000000.0,-12000000.0,-460000000.0,-466000000.0,-233000000.0,251000000.0,126000000.0,3000000.0,394000000.0,394000000.0,394000000.0,0.0,-3000000.0,0.126,371000000.0,608000000.0,584000000.0,1.158,1.307,12.556,12.49,1836000000.0,0.0,44.09,1.451,1.443,2927000000.0,5805000000.0,3134000000.0,3134000000.0,0.0,,,,,67000000.0,390000000.0,1.0,418336718.0,416000000.0,417000000.0,7.534,11991000000.0,382000000.0,184000000.0,2317000000.0,28.825,5084000000.0
47,NOV,MRQ,2009-09-30,2009-09-30,2009-09-30,2021-09-24,92000000.0,22362000000.0,,10407000000.0,11955000000.0,,34.062,-43000000.0,3192000000.0,3192000000.0,2196000000.0,387000000.0,2.086,0.57,884000000.0,9000000.0,875000000.0,884000000.0,1615000000.0,126000000.0,0.0,0.0,0.0,591000000.0,717000000.0,0.232,717000000.0,591000000.0,577000000.0,0.93,0.92,0.93,14170000000.0,,14170000000.0,16631933998.0,7.0,5.484,641000000.0,1.541,1.0,891000000.0,0.289,9508000000.0,14000000.0,5557000000.0,,3767000000.0,389000000.0,0.0,389000000.0,8083000000.0,4989000000.0,3094000000.0,18036933998.0,906000000.0,248000000.0,0.0,6000000.0,0.0,8000000.0,205000000.0,0.0,684000000.0,9000000.0,385000000.0,385000000.0,385000000.0,0.0,2000000.0,0.125,290000000.0,601000000.0,510000000.0,0.0,1.273,10.866,10.756,1753000000.0,0.0,43.13,1.347,1.34,2816000000.0,5871000000.0,3087000000.0,3087000000.0,0.0,,,,,0.0,279000000.0,1.0,418199258.0,416000000.0,418000000.0,7.421,12854000000.0,416000000.0,192000000.0,2499000000.0,30.899,5418000000.0
48,NOV,MRQ,2009-06-30,2009-06-30,2009-06-30,2021-09-24,0.0,21939000000.0,,9910000000.0,12029000000.0,,32.493,-64000000.0,2286000000.0,2286000000.0,2135000000.0,222000000.0,1.918,0.617,881000000.0,8000000.0,873000000.0,881000000.0,2081000000.0,122000000.0,0.0,0.0,0.0,364000000.0,486000000.0,0.161,486000000.0,364000000.0,351000000.0,0.53,0.53,0.53,13517000000.0,,13517000000.0,12297771325.0,4.0,3.769,436000000.0,1.048,1.0,875000000.0,0.291,9600000000.0,13000000.0,5767000000.0,,3825000000.0,387000000.0,0.0,387000000.0,8334000000.0,5167000000.0,3167000000.0,13656771325.0,54000000.0,-389000000.0,0.0,-34000000.0,0.0,-34000000.0,-445000000.0,0.0,500000000.0,33000000.0,220000000.0,220000000.0,220000000.0,0.0,2000000.0,0.073,489000000.0,386000000.0,760000000.0,0.0,1.01,7.491,7.423,1758000000.0,0.0,32.66,0.982,0.977,3193000000.0,5486000000.0,3010000000.0,3010000000.0,0.0,,,,,0.0,334000000.0,1.0,418149765.0,416000000.0,418000000.0,7.236,12339000000.0,410000000.0,131000000.0,2386000000.0,29.661,4743000000.0
49,NOV,MRQ,2009-03-31,2009-03-31,2009-03-31,2021-09-24,-194000000.0,22080000000.0,,10190000000.0,11890000000.0,,31.445,-79000000.0,2232000000.0,2232000000.0,2442000000.0,473000000.0,1.767,0.681,873000000.0,5000000.0,868000000.0,873000000.0,2083000000.0,116000000.0,0.0,0.0,0.0,711000000.0,827000000.0,0.238,827000000.0,711000000.0,698000000.0,1.13,1.13,1.13,13081000000.0,,13081000000.0,11313939839.0,4.0,3.157,706000000.0,1.697,1.0,1039000000.0,0.298,9522000000.0,13000000.0,5431000000.0,,3833000000.0,451000000.0,0.0,451000000.0,8907000000.0,5768000000.0,3139000000.0,11982839839.0,689000000.0,0.0,0.0,0.0,0.0,1000000.0,-79000000.0,0.0,785000000.0,-18000000.0,470000000.0,470000000.0,470000000.0,0.0,3000000.0,0.135,319000000.0,720000000.0,855000000.0,0.0,0.916,5.92,5.835,1677000000.0,0.0,28.71,0.842,0.839,3508000000.0,5266000000.0,3481000000.0,3481000000.0,0.0,,,,,0.0,319000000.0,1.0,417375125.0,416000000.0,418000000.0,8.368,12558000000.0,353000000.0,228000000.0,2502000000.0,30.188,4422000000.0
50,NOV,MRQ,2008-12-31,2008-12-31,2008-12-31,2021-09-24,-161000000.0,21479000000.0,,9657000000.0,11822000000.0,,30.429,-115000000.0,1543000000.0,1543000000.0,2616000000.0,590000000.0,1.717,0.693,874000000.0,4000000.0,870000000.0,874000000.0,2161000000.0,118000000.0,0.0,0.0,0.0,885000000.0,1003000000.0,0.263,1003000000.0,885000000.0,871000000.0,1.42,1.42,1.42,12628000000.0,,12628000000.0,9946388588.0,3.0,2.913,473000000.0,1.14,1.0,1194000000.0,0.313,9525000000.0,14000000.0,5662000000.0,,3806000000.0,421000000.0,0.0,421000000.0,8755000000.0,5623000000.0,3132000000.0,10199388588.0,-222000000.0,-20000000.0,-6000000.0,-636000000.0,0.0,-642000000.0,-134000000.0,0.0,588000000.0,-34000000.0,585000000.0,585000000.0,585000000.0,0.0,5000000.0,0.154,326000000.0,868000000.0,852000000.0,0.0,0.808,5.225,4.978,1677000000.0,0.0,24.44,0.759,0.722,3754000000.0,4796000000.0,3810000000.0,3810000000.0,0.0,,,,,67000000.0,342000000.0,1.0,417323592.0,415000000.0,417000000.0,9.181,11954000000.0,397000000.0,286000000.0,2364000000.0,28.805,4034000000.0
51,NOV,MRQ,2008-09-30,2008-09-30,2008-09-30,2021-09-24,97200000.0,21734900000.0,,9808600000.0,11926300000.0,,29.544,-104000000.0,1764900000.0,1764900000.0,2511000000.0,553000000.0,1.733,0.761,1511900000.0,19200000.0,1492700000.0,1511900000.0,2144600000.0,116000000.0,0.0,0.0,0.0,831000000.0,947000000.0,0.262,947000000.0,831000000.0,812000000.0,1.32,1.31,1.32,12290300000.0,,12290300000.0,21026154361.0,8.0,6.906,358000000.0,0.861,1.0,1100000000.0,0.305,9679300000.0,19000000.0,6142100000.0,,3627400000.0,218800000.0,0.0,218800000.0,9354300000.0,5660500000.0,3693800000.0,20965054361.0,113000000.0,-26000000.0,7000000.0,-202000000.0,0.0,-194000000.0,-130000000.0,0.0,462000000.0,-25000000.0,548000000.0,548000000.0,548000000.0,0.0,5000000.0,0.152,310000000.0,790000000.0,956600000.0,0.0,1.706,12.024,11.04,1735000000.0,0.0,50.23,1.707,1.702,3767400000.0,4211100000.0,3611000000.0,3611000000.0,0.0,,,,,-1000000.0,310000000.0,1.0,417381134.0,416000000.0,418000000.0,8.68,12055600000.0,434700000.0,264000000.0,2436900000.0,28.98,4148100000.0
52,NOV,MRQ,2008-06-30,2008-06-30,2008-06-30,2021-09-24,254000000.0,21271500000.0,,9402200000.0,11869300000.0,,29.542,-106000000.0,1652400000.0,1652400000.0,2344000000.0,425000000.0,1.635,0.783,1713500000.0,320800000.0,1392700000.0,1713500000.0,1951600000.0,107000000.0,0.0,0.0,0.0,700000000.0,807000000.0,0.243,807000000.0,700000000.0,676000000.0,1.05,1.04,1.05,11875800000.0,,11875800000.0,35437830715.0,15.0,13.08,535000000.0,1.331,1.0,981000000.0,0.295,9774600000.0,24000000.0,5805700000.0,,3484100000.0,205300000.0,0.0,205300000.0,9303000000.0,5752300000.0,3550700000.0,36834230715.0,-487000000.0,-2032000000.0,66000000.0,795000000.0,0.0,895000000.0,-2026000000.0,0.0,641000000.0,3000000.0,421000000.0,421000000.0,421000000.0,0.0,4000000.0,0.127,290000000.0,691000000.0,772500000.0,0.0,3.102,23.587,20.826,1750900000.0,0.0,88.72,3.275,3.171,3620000000.0,3663400000.0,3325000000.0,3325000000.0,0.0,,,,,-34000000.0,274000000.0,1.0,415173926.0,402000000.0,404000000.0,8.271,11496900000.0,276700000.0,255000000.0,2630900000.0,28.599,3649900000.0
53,NOV,MRQ,2008-03-31,2008-03-31,2008-03-31,2021-09-24,242700000.0,13100500000.0,,8465100000.0,4635400000.0,,20.034,-54000000.0,2139400000.0,2139400000.0,1888000000.0,400000000.0,1.882,0.828,743000000.0,5600000.0,737400000.0,743000000.0,1605400000.0,61000000.0,0.0,0.0,0.0,596000000.0,657000000.0,0.245,657000000.0,596000000.0,586000000.0,1.12,1.11,1.12,7132200000.0,,7132200000.0,19889901707.0,9.0,8.093,549000000.0,1.542,1.0,797000000.0,0.297,3286400000.0,10000000.0,3919800000.0,,2821400000.0,0.0,0.0,0.0,5904700000.0,4497900000.0,1406800000.0,20841001707.0,297000000.0,-129000000.0,11000000.0,-146000000.0,0.0,-133000000.0,-183000000.0,0.0,603000000.0,10000000.0,398000000.0,398000000.0,398000000.0,0.0,2000000.0,0.148,228000000.0,569000000.0,663600000.0,0.0,2.922,14.283,14.204,1262600000.0,0.0,58.38,2.022,2.016,3024800000.0,3241700000.0,2685000000.0,2685000000.0,0.0,,,,,-2000000.0,228000000.0,1.0,356988724.0,356000000.0,359000000.0,7.542,9814100000.0,224200000.0,188000000.0,867500000.0,27.568,3967200000.0
54,NOV,MRQ,2007-12-31,2007-12-31,2007-12-31,2021-09-24,195000000.0,12114900000.0,,7593800000.0,4521100000.0,,18.802,-74600000.0,1841800000.0,1841800000.0,1868000000.0,392600000.0,1.886,0.809,890700000.0,152800000.0,737900000.0,890700000.0,1396100000.0,58400000.0,0.0,0.0,0.0,575200000.0,633600000.0,0.238,633600000.0,575200000.0,562100000.0,1.06,1.05,1.06,6661400000.0,,6661400000.0,25560665596.0,12.0,11.226,385100000.0,1.087,1.0,790900000.0,0.297,3219200000.0,13100000.0,3917900000.0,,2574700000.0,0.0,0.0,0.0,5390700000.0,4026700000.0,1364000000.0,26200465596.0,356400000.0,-36600000.0,-13900000.0,44000000.0,0.0,33100000.0,-111700000.0,0.0,459700000.0,-24700000.0,376600000.0,376600000.0,376600000.0,0.0,16000000.0,0.142,216600000.0,574300000.0,604000000.0,0.0,3.933,19.596,19.485,1197300000.0,0.0,73.46,2.677,2.657,2743300000.0,2845600000.0,2658900000.0,2658900000.0,0.0,,,,,20000000.0,216600000.0,1.0,356663022.0,354300000.0,356800000.0,7.505,8895700000.0,187100000.0,185500000.0,676700000.0,25.108,3567100000.0
55,NOV,MRQ,2007-09-30,2007-09-30,2007-09-30,2021-09-24,276500000.0,11345800000.0,,6832800000.0,4513000000.0,,17.853,-55800000.0,1486000000.0,1486000000.0,1839200000.0,366000000.0,1.875,0.78,846200000.0,108400000.0,737800000.0,846200000.0,1102900000.0,56400000.0,0.0,0.0,0.0,555300000.0,611700000.0,0.237,611700000.0,555300000.0,543800000.0,1.03,1.02,1.03,6346900000.0,,6346900000.0,25567681950.0,14.0,12.388,357400000.0,1.005,1.0,740300000.0,0.287,3223700000.0,11500000.0,3837400000.0,,2252100000.0,0.0,0.0,0.0,4949200000.0,3644900000.0,1304300000.0,25749681950.0,453300000.0,-50000000.0,29600000.0,-3200000.0,0.0,30000000.0,-104900000.0,0.0,413200000.0,115000000.0,366000000.0,366000000.0,366000000.0,0.0,0.0,0.142,194900000.0,545400000.0,605900000.0,0.0,4.057,21.465,21.313,1163800000.0,0.0,72.25,2.796,2.789,2647600000.0,2468900000.0,2579500000.0,2579500000.0,0.0,,,,,0.0,194900000.0,1.0,356396982.0,355500000.0,357900000.0,7.256,8122100000.0,181600000.0,177800000.0,622900000.0,22.847,3187900000.0
56,NOV,MRQ,2007-06-30,2007-06-30,2007-06-30,2021-09-24,130200000.0,10310300000.0,,5949300000.0,4361000000.0,,16.392,-73600000.0,1032700000.0,1032700000.0,1701100000.0,318500000.0,1.848,0.767,850700000.0,110000000.0,740700000.0,850700000.0,819800000.0,51900000.0,0.0,0.0,0.0,503600000.0,555500000.0,0.233,555500000.0,503600000.0,490500000.0,0.9,0.89,0.9,5809500000.0,,5809500000.0,18169847501.0,11.0,10.258,-22700000.0,-0.064,1.0,683800000.0,0.287,3159000000.0,13100000.0,3749300000.0,,2243200000.0,0.0,0.0,0.0,4456600000.0,3220000000.0,1236600000.0,18514447501.0,-157500000.0,-199300000.0,33100000.0,-3700000.0,0.0,36700000.0,-272600000.0,0.0,50900000.0,27500000.0,318500000.0,318500000.0,318500000.0,0.0,0.0,0.134,186600000.0,497200000.0,587300000.0,0.0,3.187,18.328,18.224,1133400000.0,0.0,52.12,2.202,2.197,2326600000.0,2102900000.0,2384900000.0,2384900000.0,0.0,,,,,9100000.0,186600000.0,1.0,355227312.0,354400000.0,356300000.0,6.729,7151300000.0,156000000.0,172000000.0,550500000.0,20.179,2729300000.0
57,NOV,MRQ,2007-03-31,2007-03-31,2007-03-31,2021-09-24,60200000.0,9670100000.0,,5533800000.0,4136300000.0,,15.26,-48000000.0,1190200000.0,1190200000.0,1550700000.0,275900000.0,1.835,0.794,845600000.0,107800000.0,737800000.0,845600000.0,733300000.0,47300000.0,0.0,0.0,0.0,428900000.0,476200000.0,0.22,476200000.0,428900000.0,416600000.0,0.78,0.78,0.78,5368300000.0,,5368300000.0,13558665000.0,10.0,9.09,216200000.0,0.615,1.0,615000000.0,0.284,3003800000.0,12300000.0,3306600000.0,,1993100000.0,0.0,0.0,0.0,4262000000.0,3015100000.0,1246900000.0,13675765000.0,232800000.0,-38100000.0,42200000.0,-1100000.0,0.0,50200000.0,-85800000.0,0.0,264200000.0,4200000.0,275900000.0,275900000.0,275900000.0,0.0,0.0,0.127,187900000.0,427100000.0,572500000.0,0.0,2.548,16.288,16.342,1047500000.0,0.0,38.895,1.781,1.782,2056800000.0,1784400000.0,2165700000.0,2165700000.0,0.0,,,,,-9100000.0,187900000.0,1.0,351607276.0,351800000.0,355100000.0,6.156,6666300000.0,166000000.0,140700000.0,631300000.0,18.949,2518700000.0
58,NOV,MRQ,2006-12-31,2006-12-31,2006-12-31,2021-09-24,46100000.0,9019300000.0,,4965600000.0,4053700000.0,,14.3,-61800000.0,957400000.0,957400000.0,1511300000.0,239200000.0,1.863,0.788,840300000.0,5600000.0,834700000.0,840300000.0,564400000.0,41900000.0,0.0,0.0,0.0,378600000.0,420500000.0,0.202,420500000.0,378600000.0,366500000.0,0.68,0.67,0.68,5023500000.0,,5023500000.0,10786182504.0,10.0,8.636,460200000.0,1.31,1.0,567400000.0,0.273,2949900000.0,12100000.0,3287100000.0,,1828800000.0,0.0,0.0,0.0,3960300000.0,2665200000.0,1295100000.0,10737182504.0,170700000.0,-300000000.0,2000000.0,-3800000.0,0.0,200000.0,-361900000.0,0.0,522000000.0,10400000.0,239200000.0,239200000.0,239200000.0,0.0,0.0,0.115,186200000.0,381200000.0,505200000.0,0.0,2.137,15.698,15.687,1022100000.0,0.0,30.59,1.528,1.526,1923500000.0,1513900000.0,2078700000.0,2078700000.0,0.0,,,,,29200000.0,194100000.0,1.0,351003024.0,351300000.0,354200000.0,5.917,6069400000.0,157700000.0,127300000.0,558800000.0,17.277,2300400000.0
59,NOV,MRQ,2006-09-30,2006-09-30,2006-09-30,2021-09-24,41700000.0,8191400000.0,,4445100000.0,3746300000.0,,13.591,-55900000.0,786700000.0,786700000.0,1335200000.0,176600000.0,2.105,0.712,835700000.0,5800000.0,829900000.0,835700000.0,0.0,41600000.0,0.0,0.0,0.0,277400000.0,319000000.0,0.179,319000000.0,277400000.0,267400000.0,0.5,0.5,0.5,4767800000.0,,4767800000.0,10588568316.0,12.0,10.373,273400000.0,0.779,1.0,442700000.0,0.249,2739500000.0,10000000.0,3388800000.0,,1712400000.0,0.0,0.0,0.0,3393400000.0,2112100000.0,1281300000.0,10268368316.0,271000000.0,-7300000.0,3700000.0,700000.0,0.0,5500000.0,-63200000.0,0.0,329300000.0,-600000.0,176600000.0,176600000.0,176600000.0,0.0,0.0,0.099,157200000.0,285500000.0,868200000.0,0.0,2.154,18.793,18.646,924100000.0,0.0,29.275,1.624,1.624,1739900000.0,1274700000.0,1777900000.0,1777900000.0,0.0,,,,,-1100000.0,157200000.0,1.0,350755536.0,350800000.0,353700000.0,5.068,5451900000.0,124200000.0,90800000.0,478300000.0,15.541,2333000000.0
60,NOV,MRQ,2006-06-30,2006-06-30,2006-06-30,2021-09-24,44100000.0,7598500000.0,,3868200000.0,3730300000.0,,13.073,-52500000.0,515700000.0,515700000.0,1256700000.0,147900000.0,2.243,0.653,835900000.0,4500000.0,831400000.0,835900000.0,0.0,38700000.0,0.0,0.0,0.0,237200000.0,275900000.0,0.166,275900000.0,237200000.0,224200000.0,0.42,0.42,0.42,4580900000.0,,4580900000.0,11655026316.0,16.0,13.213,226300000.0,0.646,1.0,400700000.0,0.242,2747600000.0,13000000.0,3446700000.0,,1536400000.0,0.0,0.0,0.0,2990900000.0,1724400000.0,1266500000.0,11079026316.0,252700000.0,-1400000.0,13800000.0,100000.0,0.0,19100000.0,-53800000.0,0.0,278800000.0,8600000.0,147900000.0,147900000.0,147900000.0,0.0,0.0,0.089,154100000.0,246600000.0,789600000.0,0.0,2.419,24.174,23.894,909300000.0,0.0,31.66,1.916,1.918,1645800000.0,1098100000.0,1657400000.0,1657400000.0,0.0,,,,,-5200000.0,154100000.0,1.0,349937660.0,350400000.0,353200000.0,4.73,4850900000.0,112200000.0,76300000.0,459900000.0,13.844,2143800000.0
61,NOV,MRQ,2006-03-31,2006-03-31,2006-03-31,2021-09-24,-5700000.0,7009500000.0,,3318500000.0,3691000000.0,,12.473,-30200000.0,263000000.0,263000000.0,1162000000.0,120300000.0,2.428,0.604,839000000.0,4200000.0,834800000.0,839000000.0,0.0,38400000.0,0.0,0.0,0.0,195200000.0,233600000.0,0.155,233600000.0,195200000.0,181600000.0,0.345,0.34,0.345,4355700000.0,,4355700000.0,11834995516.0,19.0,15.89,56400000.0,0.162,1.0,349800000.0,0.231,2740400000.0,13600000.0,3478500000.0,,1353500000.0,0.0,0.0,0.0,2628900000.0,1366600000.0,1262300000.0,11203095516.0,53600000.0,-21000000.0,13200000.0,-2100000.0,0.0,16300000.0,-51200000.0,0.0,86600000.0,1900000.0,120300000.0,120300000.0,120300000.0,0.0,0.0,0.08,152000000.0,197800000.0,605600000.0,0.0,2.572,30.148,29.685,878400000.0,0.0,32.06,2.097,2.096,1553200000.0,950200000.0,1511800000.0,1511800000.0,0.0,,,,,-5200000.0,144100000.0,1.0,349441532.0,349200000.0,353200000.0,4.329,4269100000.0,111000000.0,61300000.0,472500000.0,12.225,1951900000.0
62,NOV,MRQ,2005-12-31,2005-12-31,2005-12-31,2021-09-24,-21800000.0,6678500000.0,,2998200000.0,3680300000.0,,12.045,-37200000.0,209400000.0,209400000.0,1065900000.0,101600000.0,2.525,0.586,841300000.0,5700000.0,835600000.0,841300000.0,98100000.0,28500000.0,0.0,0.0,0.0,163800000.0,192300000.0,0.14,192300000.0,163800000.0,150300000.0,0.305,0.3,0.305,4194200000.0,,4194200000.0,11612054141.0,24.0,19.572,64200000.0,0.184,1.0,311500000.0,0.226,2729200000.0,13500000.0,3394000000.0,,1198300000.0,0.0,0.0,0.0,2459800000.0,1187200000.0,1272600000.0,10928654141.0,47200000.0,-16000000.0,4500000.0,-5700000.0,0.0,-1200000.0,-47900000.0,0.0,101400000.0,-5100000.0,101600000.0,101600000.0,101600000.0,0.0,0.0,0.074,147700000.0,163800000.0,568200000.0,0.0,2.606,38.092,34.076,877600000.0,0.0,31.35,2.353,2.111,1481100000.0,829900000.0,1377400000.0,1377400000.0,0.0,,,,,16200000.0,139100000.0,1.0,348601408.0,348200000.0,352800000.0,3.956,3949300000.0,110800000.0,48700000.0,456500000.0,11.342,1811000000.0
63,NOV,MRQ,2005-09-30,2005-09-30,2005-09-30,2021-09-24,-4000000.0,6368000000.0,,2708400000.0,3659600000.0,,11.879,-29300000.0,162200000.0,162200000.0,977800000.0,88500000.0,3.004,0.538,845600000.0,4600000.0,841000000.0,845600000.0,0.0,34800000.0,0.0,0.0,0.0,145500000.0,180300000.0,0.146,180300000.0,145500000.0,130900000.0,0.255,0.25,0.255,4126700000.0,,4126700000.0,12076793319.0,32.0,25.457,-32500000.0,-0.094,1.0,258700000.0,0.209,2737400000.0,14600000.0,3412400000.0,,1110900000.0,0.0,0.0,0.0,2219200000.0,901600000.0,1317600000.0,11409493319.0,-160200000.0,0.0,30900000.0,-145700000.0,0.0,-114800000.0,-41900000.0,0.0,-3200000.0,-300000.0,88500000.0,88500000.0,88500000.0,0.0,0.0,0.072,113700000.0,145000000.0,483800000.0,0.0,2.765,47.48,35.761,840100000.0,0.0,32.9,2.898,2.903,1317400000.0,754500000.0,1236500000.0,1236500000.0,0.0,,,,,15200000.0,110900000.0,1.0,346793110.0,347400000.0,351800000.0,3.559,3630600000.0,119800000.0,42400000.0,421600000.0,10.451,1806800000.0
64,NOV,MRQ,2005-06-30,2005-06-30,2005-06-30,2021-09-24,-12900000.0,6383100000.0,,2740400000.0,3642700000.0,,11.545,-28500000.0,322400000.0,322400000.0,960500000.0,61200000.0,2.477,0.6,989700000.0,154300000.0,835400000.0,989700000.0,0.0,35000000.0,0.0,0.0,0.0,103600000.0,138600000.0,0.114,138600000.0,103600000.0,89500000.0,0.175,0.175,0.175,3978400000.0,,3978400000.0,8884751035.0,32.0,25.063,-6700000.0,-0.019,1.0,255200000.0,0.21,2629600000.0,14100000.0,3314500000.0,,1070200000.0,0.0,0.0,0.0,2386300000.0,1106300000.0,1280000000.0,8179551035.0,27300000.0,4700000.0,40000000.0,-8800000.0,0.0,31200000.0,-24300000.0,0.0,21800000.0,-1400000.0,61200000.0,61200000.0,61200000.0,0.0,0.0,0.05,153100000.0,102100000.0,525900000.0,0.0,2.056,45.543,28.812,931900000.0,0.0,23.77,2.464,2.468,1241500000.0,666000000.0,1215700000.0,1215700000.0,0.0,,,,,400000.0,142600000.0,1.0,344112370.0,344600000.0,348400000.0,3.528,3753500000.0,115200000.0,28300000.0,417800000.0,10.892,1634100000.0
65,NOV,MRQ,2005-03-31,2005-03-31,2005-03-31,2021-09-24,18300000.0,6236900000.0,,2546200000.0,3690700000.0,,18.673,-10000000.0,295100000.0,295100000.0,653100000.0,35600000.0,2.574,0.582,1000300000.0,162000000.0,838300000.0,1000300000.0,33600000.0,16300000.0,0.0,0.0,0.0,65800000.0,82100000.0,0.101,82100000.0,65800000.0,55100000.0,0.17,0.165,0.17,3932600000.0,,3932600000.0,4382251720.0,20.0,16.438,-52500000.0,-0.249,1.0,161800000.0,0.199,2616900000.0,10700000.0,3336100000.0,,1052000000.0,0.0,0.0,0.0,2287100000.0,989100000.0,1298000000.0,4024951720.0,152400000.0,158800000.0,36500000.0,7900000.0,0.0,44400000.0,152100000.0,0.0,-42500000.0,-1600000.0,35600000.0,35600000.0,35600000.0,0.0,0.0,0.044,95900000.0,65900000.0,511700000.0,0.0,1.023,28.791,30.129,932800000.0,0.0,23.35,1.526,1.865,1126600000.0,604800000.0,814900000.0,814900000.0,0.0,,,,,13500000.0,86100000.0,1.0,172374806.0,210600000.0,213200000.0,3.869,3620000000.0,107800000.0,19500000.0,411200000.0,17.189,1557100000.0
66,NOV,MRQ,2004-12-31,2004-12-31,2004-12-31,2021-09-24,33400000.0,2576500000.0,,1515200000.0,1061300000.0,,7.376,-15500000.0,142700000.0,142700000.0,518800000.0,55000000.0,1.884,1.014,500000000.0,150000000.0,350000000.0,500000000.0,0.0,11200000.0,0.0,0.0,0.0,62200000.0,73400000.0,0.11,73400000.0,62200000.0,52500000.0,0.32,0.315,0.32,1270200000.0,,1270200000.0,3484827439.0,20.0,15.898,71000000.0,0.412,1.0,150700000.0,0.225,730000000.0,9700000.0,1399600000.0,,635300000.0,0.0,0.0,0.0,1288500000.0,804200000.0,484300000.0,3033192439.0,69300000.0,-2800000.0,500000.0,-25100000.0,0.0,-24600000.0,1100000.0,0.0,86500000.0,6300000.0,55000000.0,55000000.0,55000000.0,0.0,0.0,0.082,87900000.0,62800000.0,407700000.0,0.0,2.388,26.33,26.336,255100000.0,0.0,17.645,1.308,1.306,706600000.0,543000000.0,669500000.0,669500000.0,0.0,,,,,300000.0,87900000.0,1.0,171900960.0,172200000.0,174200000.0,3.888,1846500000.0,70700000.0,-2500000.0,139800000.0,10.723,711000000.0
67,NOV,MRQ,2004-09-30,2004-09-30,2004-09-30,2021-09-24,-29472000.0,2347908000.0,,1315495000.0,1032413000.0,,6.876,-9400000.0,73365000.0,73365000.0,487000000.0,27800000.0,2.021,0.973,525000000.0,175000000.0,350000000.0,525000000.0,77803000.0,12100000.0,0.0,0.0,0.0,48300000.0,60400000.0,0.098,60400000.0,48300000.0,38500000.0,0.16,0.16,0.16,1181231000.0,,1181231000.0,3338893104.0,22.0,17.035,51500000.0,0.3,1.0,131900000.0,0.213,695468000.0,9800000.0,1453196000.0,,591279000.0,0.0,0.0,0.0,1149771000.0,650879000.0,498892000.0,2822271104.0,10700000.0,0.0,2500000.0,-55200000.0,0.0,-52700000.0,2300000.0,0.0,60900000.0,200000.0,27800000.0,27800000.0,27800000.0,0.0,0.0,0.045,82800000.0,49100000.0,237213000.0,0.0,2.389,34.173,34.229,243966000.0,0.0,16.43,1.295,1.295,615787000.0,519167000.0,618900000.0,618900000.0,0.0,,,,,400000.0,82800000.0,1.0,171775478.0,171800000.0,173400000.0,3.602,1652440000.0,89774000.0,10700000.0,145161000.0,9.618,664616000.0
68,NOV,MRQ,2004-06-30,2004-06-30,2004-06-30,2021-09-24,-47015000.0,2256024000.0,,1266248000.0,989776000.0,,6.608,-7700000.0,62678000.0,62678000.0,415900000.0,21400000.0,2.967,0.975,579300000.0,0.0,579300000.0,579300000.0,70293000.0,10900000.0,0.0,0.0,0.0,39800000.0,50700000.0,0.095,50700000.0,39800000.0,30200000.0,0.125,0.125,0.125,1134014000.0,,1134014000.0,3219695221.0,22.0,17.239,-300000.0,-0.002,1.0,117600000.0,0.22,670243000.0,9600000.0,1675641000.0,,621739000.0,0.0,0.0,0.0,1105800000.0,426762000.0,679038000.0,2701756221.0,-5000000.0,0.0,1100000.0,-6400000.0,0.0,-5300000.0,-5000000.0,0.0,7400000.0,-2100000.0,21400000.0,21400000.0,21400000.0,0.0,0.0,0.04,79300000.0,38300000.0,211102000.0,0.0,2.382,35.321,34.989,248933000.0,0.0,15.745,1.312,1.312,546918000.0,491338000.0,533500000.0,533500000.0,0.0,,,,,100000.0,79300000.0,1.0,171594552.0,171600000.0,172800000.0,3.109,1585781000.0,64817000.0,8800000.0,78550000.0,9.241,839486000.0
69,NOV,MRQ,2004-03-31,2004-03-31,2004-03-31,2021-09-24,-47009000.0,2238447000.0,,1247390000.0,991057000.0,,6.508,-6400000.0,67691000.0,67691000.0,392600000.0,11000000.0,2.882,1.0,585630000.0,0.0,585630000.0,585630000.0,69682000.0,9800000.0,0.0,0.0,0.0,24900000.0,34700000.0,0.07,34700000.0,24900000.0,15600000.0,0.065,0.065,0.065,1111507000.0,,1111507000.0,2952479009.0,21.0,16.247,5000000.0,0.029,1.0,103600000.0,0.209,661972000.0,9300000.0,1661573000.0,,609916000.0,0.0,0.0,0.0,1110968000.0,432841000.0,678127000.0,2417806009.0,-6500000.0,0.0,10500000.0,-23200000.0,0.0,-12700000.0,-4400000.0,0.0,11400000.0,-800000.0,11000000.0,11000000.0,11000000.0,0.0,0.0,0.022,77800000.0,25800000.0,236203000.0,0.0,2.175,32.959,32.506,258402000.0,0.0,14.14,1.209,1.207,526883000.0,469951000.0,496200000.0,496200000.0,0.0,,,,,2600000.0,77800000.0,1.0,170990524.0,170800000.0,171800000.0,2.905,1576475000.0,66760000.0,4600000.0,77453000.0,9.23,814549000.0
70,NOV,MRQ,2003-12-31,2003-12-31,2003-12-31,2021-09-24,-44400000.0,2213100000.0,,1216800000.0,996300000.0,,6.24,-16913000.0,74200000.0,74200000.0,404704000.0,22388000.0,2.681,1.075,608900000.0,14900000.0,594000000.0,608900000.0,75700000.0,10783000.0,0.0,0.0,0.0,39417000.0,50200000.0,0.095,50200000.0,39417000.0,29576000.0,0.13,0.13,0.13,1059200000.0,,1059200000.0,2413006362.0,16.0,12.457,7147000.0,0.042,1.0,125622000.0,0.237,666600000.0,9841000.0,1627400000.0,,517100000.0,0.0,0.0,0.0,1138200000.0,453800000.0,684400000.0,1901935362.0,-57000.0,52914000.0,771000.0,9370000.0,0.0,10141000.0,-34099000.0,0.0,24060000.0,-159000.0,22388000.0,22388000.0,22388000.0,0.0,0.0,0.042,82503000.0,43119000.0,220500000.0,0.0,1.796,23.864,23.787,261100000.0,0.0,11.18,0.949,0.942,568500000.0,427800000.0,530326000.0,530326000.0,0.0,,,,,261000.0,82503000.0,1.0,170119442.0,169750000.0,170672000.0,3.124,1546500000.0,67800000.0,7188000.0,78700000.0,9.11,763000000.0
71,NOV,MRQ,2003-09-30,2003-09-30,2003-09-30,2021-09-24,-43574000.0,2155009000.0,,1211188000.0,943821000.0,,6.329,-3768000.0,74295000.0,74295000.0,379757000.0,21704000.0,2.955,0.991,585366000.0,14240000.0,571126000.0,585366000.0,52754000.0,9727000.0,0.0,0.0,0.0,41438000.0,51165000.0,0.103,51165000.0,41438000.0,31941000.0,0.13,0.125,0.13,1075632000.0,,1075632000.0,2085921870.0,15.0,11.778,22026000.0,0.13,1.0,118843000.0,0.238,650190000.0,9497000.0,1605958000.0,,526725000.0,0.0,0.0,0.0,1065734000.0,409932000.0,655802000.0,1541009870.0,12142000.0,-5801000.0,994000.0,-7209000.0,0.0,-6215000.0,-9569000.0,0.0,25794000.0,2132000.0,21704000.0,21704000.0,21704000.0,0.0,0.0,0.044,76468000.0,42375000.0,222223000.0,0.0,1.433,22.493,21.855,243465000.0,0.0,9.07,0.825,0.825,541772000.0,444406000.0,498600000.0,498600000.0,0.0,,,,,338000.0,76468000.0,1.0,169901860.0,169964000.0,170396000.0,2.934,1504819000.0,62073000.0,10237000.0,52575000.0,8.854,801256000.0
72,NOV,MRQ,2003-06-30,2003-06-30,2003-06-30,2021-09-24,-44151000.0,2114219000.0,,1166994000.0,947225000.0,,6.223,-6088000.0,62153000.0,62153000.0,368774000.0,18267000.0,3.134,1.0,607065000.0,13800000.0,593265000.0,607065000.0,31320000.0,9490000.0,0.0,0.0,0.0,36165000.0,45655000.0,0.096,45655000.0,36165000.0,26857000.0,0.11,0.105,0.11,1050996000.0,,1050996000.0,2390856026.0,18.0,14.398,-13968000.0,-0.083,1.0,106624000.0,0.224,638490000.0,9308000.0,1648299000.0,,505156000.0,0.0,0.0,0.0,1050582000.0,372342000.0,678240000.0,1853174026.0,-3208000.0,0.0,7559000.0,3433000.0,0.0,10992000.0,-6088000.0,0.0,-7880000.0,-232000.0,18267000.0,18267000.0,18267000.0,0.0,0.0,0.038,68684000.0,37940000.0,210957000.0,0.0,1.763,28.703,27.848,243853000.0,0.0,11.0,1.067,1.07,532990000.0,421692000.0,475398000.0,475398000.0,0.0,,,,,3215000.0,68684000.0,1.0,168470366.0,168880000.0,169980000.0,2.815,1475729000.0,62153000.0,8590000.0,53777000.0,8.738,794652000.0
73,NOV,MRQ,2003-03-31,2003-03-31,2003-03-31,2021-09-24,-52760000.0,2084622000.0,,1149130000.0,935492000.0,,6.04,-5631000.0,65361000.0,65361000.0,382365000.0,17341000.0,3.113,1.05,603043000.0,0.0,603043000.0,603043000.0,51983000.0,9200000.0,0.0,0.0,0.0,37480000.0,46680000.0,0.093,46680000.0,37480000.0,27226000.0,0.105,0.105,0.105,1011167000.0,,1011167000.0,2362086160.0,18.0,14.82,-16605000.0,-0.099,1.0,118211000.0,0.236,628524000.0,10254000.0,1624602000.0,,517689000.0,0.0,0.0,0.0,1061925000.0,369178000.0,692747000.0,1885787160.0,-52977000.0,-47113000.0,376000.0,9906000.0,0.0,10282000.0,-52744000.0,0.0,-10974000.0,459000.0,17341000.0,17341000.0,17341000.0,0.0,0.0,0.035,77545000.0,40666000.0,213827000.0,0.0,1.865,29.812,28.705,247840000.0,0.0,11.195,1.154,1.147,508014000.0,401332000.0,500576000.0,500576000.0,0.0,,,,,86000.0,77545000.0,1.0,168449054.0,167408000.0,168952000.0,2.99,1456098000.0,62905000.0,9885000.0,55496000.0,8.698,779952000.0
74,NOV,MRQ,2002-12-31,2002-12-31,2002-12-31,2021-09-24,-44461000.0,1977228000.0,,1123634000.0,853594000.0,,5.754,-3756000.0,118338000.0,118338000.0,307377000.0,11199000.0,3.167,1.108,594637000.0,0.0,594637000.0,594637000.0,71271000.0,6268000.0,0.0,0.0,0.0,27330000.0,33598000.0,0.085,33598000.0,27330000.0,18554000.0,0.07,0.07,0.07,933364000.0,,933364000.0,2016976324.0,15.0,12.75,61705000.0,0.38,1.0,86218000.0,0.219,581576000.0,8776000.0,1517169000.0,,470088000.0,0.0,0.0,0.0,1034260000.0,354782000.0,679478000.0,1769044324.0,66034000.0,-197568000.0,1011000.0,198986000.0,0.0,201297000.0,-201324000.0,0.0,65461000.0,600000.0,11199000.0,11199000.0,11199000.0,0.0,0.0,0.028,60373000.0,25845000.0,168548000.0,0.0,1.895,26.364,26.313,215809000.0,0.0,10.92,1.162,1.162,481921000.0,382166000.0,393595000.0,393595000.0,0.0,,,,,300000.0,60373000.0,1.0,162000396.0,162216000.0,163412000.0,2.426,1395652000.0,63647000.0,7355000.0,78385000.0,8.604,768852000.0
75,NOV,MRQ,2002-09-30,2002-09-30,2002-09-30,2021-09-24,-38152000.0,1457246000.0,,890633000.0,566613000.0,,5.687,-5159000.0,52286000.0,52286000.0,278396000.0,17756000.0,4.342,0.582,300218000.0,218000.0,300000000.0,300218000.0,10689000.0,6031000.0,0.0,0.0,0.0,34092000.0,40123000.0,0.109,40123000.0,34092000.0,27743000.0,0.11,0.11,0.11,921152000.0,,921152000.0,1838243246.0,12.0,9.872,19426000.0,0.12,1.0,88533000.0,0.241,361315000.0,6349000.0,1138728000.0,,454028000.0,0.0,0.0,0.0,536094000.0,205135000.0,330959000.0,1569562246.0,17736000.0,0.0,57000.0,-1912000.0,0.0,-1855000.0,-5159000.0,0.0,24585000.0,165000.0,17756000.0,17756000.0,17756000.0,0.0,0.0,0.048,56631000.0,31902000.0,130136000.0,0.0,1.704,18.63,18.635,173080000.0,0.0,9.69,0.985,0.985,354208000.0,364999000.0,366929000.0,366929000.0,0.0,,,,,0.0,56631000.0,1.0,161977528.0,161984000.0,163044000.0,2.265,1095931000.0,30398000.0,9987000.0,22778000.0,6.766,685498000.0
76,NOV,MRQ,2002-06-30,2002-06-30,2002-06-30,2021-09-24,-33966000.0,1436841000.0,,867591000.0,569250000.0,,5.603,-694000.0,34550000.0,34550000.0,284986000.0,16961000.0,4.331,0.583,303231000.0,3231000.0,300000000.0,303231000.0,11873000.0,6368000.0,0.0,0.0,0.0,32613000.0,38981000.0,0.105,38981000.0,32613000.0,26501000.0,0.105,0.105,0.105,907526000.0,,907526000.0,2001345123.0,11.0,9.52,25863000.0,0.16,1.0,87404000.0,0.235,362011000.0,6112000.0,1143205000.0,,460622000.0,0.0,0.0,0.0,529315000.0,200306000.0,329009000.0,1704736123.0,6029000.0,0.0,291000.0,-20727000.0,0.0,-20436000.0,-694000.0,0.0,26557000.0,602000.0,16961000.0,16961000.0,16961000.0,0.0,0.0,0.046,55167000.0,32237000.0,127048000.0,0.0,1.878,17.863,17.839,177641000.0,0.0,10.525,0.995,0.995,342009000.0,347243000.0,372390000.0,372390000.0,0.0,,,,,-146000.0,55167000.0,1.0,161970178.0,161960000.0,163970000.0,2.299,1074830000.0,30352000.0,9540000.0,22746000.0,6.636,667285000.0
77,NOV,MRQ,2002-03-31,2002-03-31,2002-03-31,2021-09-24,-37323000.0,1460387000.0,,892777000.0,567610000.0,,5.48,-2691000.0,28521000.0,28521000.0,295941000.0,21185000.0,3.678,0.647,325130000.0,25130000.0,300000000.0,325130000.0,12140000.0,6333000.0,0.0,0.0,0.0,39165000.0,45498000.0,0.117,45498000.0,39165000.0,33102000.0,0.13,0.13,0.13,886916000.0,,886916000.0,2317383170.0,12.0,10.169,-14894000.0,-0.092,1.0,93045000.0,0.239,362065000.0,6063000.0,1152174000.0,,450540000.0,0.0,0.0,0.0,573471000.0,242757000.0,330714000.0,2050390170.0,-14699000.0,-15432000.0,641000.0,14953000.0,0.0,15594000.0,-18123000.0,0.0,-12203000.0,33000.0,21185000.0,21185000.0,21185000.0,0.0,0.0,0.054,55329000.0,37716000.0,143227000.0,0.0,2.312,19.759,19.789,176334000.0,0.0,12.665,1.154,1.154,382418000.0,330282000.0,388986000.0,388986000.0,0.0,,,,,146000.0,55329000.0,1.0,161894210.0,161840000.0,163170000.0,2.404,1098322000.0,33133000.0,11917000.0,22397000.0,6.786,650020000.0
78,NOV,MRQ,2001-12-31,2001-12-31,2001-12-31,2021-09-24,-34873000.0,1471696000.0,,908566000.0,563130000.0,,5.362,-4196000.0,43220000.0,43220000.0,352481000.0,28348000.0,3.276,0.696,310213000.0,10213000.0,300000000.0,310213000.0,9843000.0,9991000.0,0.0,0.0,0.0,51610000.0,61601000.0,0.132,61601000.0,51610000.0,45203000.0,0.175,0.17,0.175,867540000.0,,867540000.0,2030789110.0,11.0,8.76,104122000.0,0.644,1.0,113262000.0,0.243,352094000.0,6407000.0,1109286000.0,,455934000.0,0.0,0.0,0.0,604156000.0,277309000.0,326847000.0,1667133110.0,21028000.0,-1807000.0,-3424000.0,-76804000.0,0.0,-80228000.0,-6003000.0,0.0,108318000.0,-1059000.0,28348000.0,28348000.0,28348000.0,0.0,0.0,0.061,63907000.0,49355000.0,161277000.0,0.0,1.922,16.02,15.977,181095000.0,0.0,10.305,0.954,0.953,382153000.0,309097000.0,465743000.0,465743000.0,0.0,,,,,2348000.0,63907000.0,1.0,161779050.0,161782000.0,162860000.0,2.879,1119602000.0,33488000.0,16855000.0,20380000.0,6.92,631257000.0
79,NOV,MRQ,2001-09-30,2001-09-30,2001-09-30,2021-09-24,-29460000.0,1586149000.0,,1020029000.0,566120000.0,,5.22,-4835000.0,22192000.0,22192000.0,366907000.0,28938000.0,3.059,0.878,385848000.0,0.0,385848000.0,385848000.0,17960000.0,9810000.0,0.0,0.0,0.0,54332000.0,64142000.0,0.132,64142000.0,54332000.0,47369000.0,0.18,0.18,0.18,844393000.0,,844393000.0,1497083322.0,9.0,7.62,-41394000.0,-0.256,1.0,119905000.0,0.246,349541000.0,6963000.0,1266766000.0,,509501000.0,0.0,0.0,0.0,741756000.0,333498000.0,408258000.0,1172883322.0,-17504000.0,-1461000.0,3876000.0,21959000.0,0.0,25835000.0,-6296000.0,0.0,-36559000.0,-484000.0,28938000.0,28938000.0,28938000.0,0.0,0.0,0.059,63003000.0,56902000.0,219848000.0,0.0,1.389,14.317,14.216,183925000.0,0.0,7.25,0.728,0.728,460583000.0,280749000.0,486812000.0,486812000.0,0.0,,,,,0.0,63003000.0,1.0,161777010.0,161774000.0,162874000.0,3.009,1236608000.0,37205000.0,18431000.0,15297000.0,7.644,686531000.0
80,NOV,MRQ,2001-06-30,2001-06-30,2001-06-30,2021-09-24,-34626000.0,1524880000.0,,956747000.0,568133000.0,,4.994,-5540000.0,39696000.0,39696000.0,331134000.0,25299000.0,2.903,0.888,363896000.0,0.0,363896000.0,363896000.0,24450000.0,9603000.0,0.0,0.0,0.0,47038000.0,56641000.0,0.13,56641000.0,47038000.0,40805000.0,0.155,0.155,0.155,807699000.0,,807699000.0,2404083413.0,19.0,14.6,-80466000.0,-0.498,1.0,103494000.0,0.238,351298000.0,6233000.0,1168224000.0,,480107000.0,0.0,0.0,0.0,717181000.0,329558000.0,387623000.0,2167203413.0,-24472000.0,-8548000.0,760000.0,62836000.0,0.0,63596000.0,-14088000.0,0.0,-74926000.0,946000.0,25299000.0,25299000.0,25299000.0,0.0,0.0,0.058,56703000.0,46791000.0,206532000.0,0.0,2.683,33.397,33.086,184921000.0,0.0,13.4,1.536,1.536,405492000.0,251811000.0,434628000.0,434628000.0,0.0,,,,,0.0,56703000.0,1.0,161731598.0,161718000.0,164176000.0,2.688,1173582000.0,37153000.0,15506000.0,15271000.0,7.257,627189000.0
81,NOV,MRQ,2001-03-31,2001-03-31,2001-03-31,2021-09-24,-33498000.0,1394294000.0,,841105000.0,553189000.0,,4.855,-4860000.0,64168000.0,64168000.0,269099000.0,21478000.0,2.92,0.781,301048000.0,0.0,301048000.0,301048000.0,29515000.0,9469000.0,0.0,0.0,0.0,39967000.0,49436000.0,0.137,49436000.0,39967000.0,34640000.0,0.135,0.13,0.135,782770000.0,,782770000.0,2971550369.0,40.0,27.004,-34721000.0,-0.215,1.0,91173000.0,0.253,341149000.0,5327000.0,1001998000.0,,417567000.0,0.0,0.0,0.0,611524000.0,288027000.0,323497000.0,2791532369.0,21709000.0,-26701000.0,5726000.0,78414000.0,0.0,84140000.0,-31561000.0,0.0,-29861000.0,-1009000.0,21478000.0,21478000.0,21478000.0,0.0,0.0,0.06,54944000.0,36229000.0,190349000.0,0.0,3.566,92.65,91.132,185256000.0,0.0,17.315,2.24,2.24,328502000.0,226512000.0,360272000.0,360272000.0,0.0,,,,,0.0,54944000.0,1.0,161220466.0,161232000.0,163954000.0,2.234,1053145000.0,37128000.0,13162000.0,15294000.0,6.532,553078000.0
82,NOV,MRQ,2000-12-31,2000-12-31,2000-12-31,2021-09-24,-21858000.0,1278894000.0,,743103000.0,535791000.0,,4.776,-5933000.0,42459000.0,42459000.0,260120000.0,6208000.0,2.828,0.667,222477000.0,0.0,222477000.0,222477000.0,19371000.0,9081000.0,0.0,0.0,0.0,17173000.0,26254000.0,0.08,26254000.0,17173000.0,12246000.0,0.04,0.035,0.04,767206000.0,,767206000.0,3286291933.0,71.0,40.502,-2272000.0,-0.014,1.0,69279000.0,0.21,329340000.0,4927000.0,866790000.0,,375734000.0,0.0,0.0,0.0,511688000.0,262782000.0,248906000.0,3106241933.0,17412000.0,0.0,2813000.0,17430000.0,0.0,19544000.0,-5933000.0,0.0,3661000.0,140000.0,6208000.0,6208000.0,6208000.0,0.0,0.0,0.019,55164000.0,14115000.0,165801000.0,0.0,4.049,236.468,227.588,181917000.0,0.0,19.345,2.701,2.669,295163000.0,205034000.0,329399000.0,329399000.0,0.0,,,,,4901000.0,54082000.0,1.0,160570790.0,160654000.0,163470000.0,2.05,949554000.0,37024000.0,6038000.0,16030000.0,5.911,480321000.0
83,NOV,MRQ,2000-09-30,2000-09-30,2000-09-30,2021-09-24,-17927000.0,1215047000.0,,703307000.0,511740000.0,,4.761,-4461000.0,25047000.0,25047000.0,222040000.0,11908000.0,3.01,0.593,205097000.0,89000.0,205008000.0,205097000.0,15971000.0,8452000.0,0.0,0.0,0.0,23879000.0,32331000.0,0.113,32331000.0,23879000.0,19207000.0,0.075,0.075,0.075,762825000.0,,762825000.0,2660980625.0,86.0,43.06,13043000.0,0.081,1.0,64285000.0,0.225,308697000.0,4672000.0,852741000.0,,386335000.0,0.0,0.0,0.0,452222000.0,233659000.0,218563000.0,2501742625.0,955000.0,-41777000.0,8290000.0,21767000.0,0.0,30057000.0,-46238000.0,0.0,17504000.0,-368000.0,11908000.0,11908000.0,11908000.0,0.0,0.0,0.042,42046000.0,22239000.0,159131000.0,0.0,3.28,344.166,312.5,183523000.0,0.0,15.625,2.399,2.4,247618000.0,198810000.0,286325000.0,286325000.0,0.0,,,,,0.0,42046000.0,1.0,160111528.0,160222000.0,163454000.0,1.787,906350000.0,47472000.0,7299000.0,3039000.0,5.657,469648000.0
84,NOV,MRQ,2000-06-30,2000-06-30,2000-06-30,2021-09-24,-22073000.0,1159038000.0,,672594000.0,486444000.0,,4.632,-2170000.0,24092000.0,24092000.0,212121000.0,-9464000.0,3.03,0.567,183330000.0,170000.0,183160000.0,183330000.0,19915000.0,8877000.0,0.0,0.0,0.0,-6857000.0,2020000.0,0.007,2020000.0,-6857000.0,-11645000.0,-0.06,-0.06,-0.06,739469000.0,,739469000.0,2395913373.0,198.0,59.293,30255000.0,0.189,1.0,58184000.0,0.215,305640000.0,4788000.0,790628000.0,,364690000.0,0.0,0.0,0.0,419569000.0,222008000.0,197561000.0,2182310373.0,-15293000.0,-1905000.0,920000.0,-44441000.0,0.0,-43410000.0,-4075000.0,0.0,32425000.0,-233000.0,-9464000.0,-9464000.0,-9464000.0,0.0,0.0,-0.035,57555000.0,629000.0,134669000.0,0.0,2.951,-523.964,-822.25,164106000.0,0.0,16.445,2.293,2.759,241030000.0,186902000.0,270305000.0,270305000.0,0.0,,,,,0.0,44555000.0,1.0,132703580.0,159660000.0,159660000.0,1.693,853398000.0,45636000.0,-2181000.0,3037000.0,5.345,450586000.0
85,NOV,MRQ,2000-03-31,2000-03-31,2000-03-31,2021-09-24,-15237000.0,970149000.0,,524159000.0,445990000.0,,3.574,-3770000.0,13822000.0,13822000.0,211530000.0,4484000.0,2.893,0.762,227425000.0,0.0,227425000.0,227425000.0,11291000.0,8624000.0,0.0,0.0,0.0,11911000.0,20535000.0,0.078,20535000.0,11911000.0,7229000.0,0.03,0.03,0.03,550568000.0,,550568000.0,2230439067.0,465.0,67.233,-30747000.0,-0.2,1.0,52361000.0,0.198,310400000.0,4682000.0,692154000.0,,254155000.0,0.0,0.0,0.0,419581000.0,181198000.0,238383000.0,2046835067.0,-8706000.0,-4526000.0,2224000.0,24418000.0,0.0,26568000.0,-8296000.0,0.0,-26977000.0,-1000.0,4484000.0,4484000.0,4484000.0,0.0,0.0,0.017,40888000.0,11473000.0,122088000.0,0.0,3.718,-303.955,-343.111,122190000.0,0.0,15.44,2.336,2.715,232854000.0,162419000.0,263891000.0,263891000.0,0.0,,,,,0.0,40888000.0,1.0,132567038.0,154066000.0,156426000.0,1.713,659749000.0,25985000.0,2745000.0,2844000.0,4.282,342961000.0
86,NOV,MRQ,1999-12-31,1999-12-31,1999-12-31,2021-09-24,-11923000.0,1005715000.0,,642545000.0,363170000.0,,4.16,-28616000.0,48091000.0,48091000.0,185671000.0,341000.0,3.372,0.686,196053000.0,0.0,196053000.0,196053000.0,18776000.0,4821000.0,0.0,0.0,0.0,2090000.0,6911000.0,0.031,6911000.0,2090000.0,-1802000.0,0.005,0.0,0.005,596375000.0,,596375000.0,1093134004.0,1079.0,41.166,-32237000.0,-0.225,1.0,36837000.0,0.166,177377000.0,3892000.0,785770000.0,,348024000.0,14686000.0,14686000.0,0.0,409340000.0,190530000.0,218810000.0,914083004.0,-7279000.0,24570000.0,-312000.0,1398000.0,0.0,336000.0,-4046000.0,0.0,-3621000.0,52000.0,341000.0,341000.0,341000.0,0.0,0.0,0.002,36128000.0,709000.0,106219000.0,0.0,1.533,-97.398,-120.692,162268000.0,0.0,7.845,1.089,1.339,200396000.0,191880000.0,222508000.0,222508000.0,0.0,,,,,0.0,36128000.0,1.0,116517910.0,143368000.0,140818000.0,1.552,828338000.0,41609000.0,-2143000.0,12449000.0,5.778,452015000.0
87,NOV,MRQ,1999-09-30,1999-09-30,1999-09-30,2021-09-24,-12849000.0,741717000.0,,437249000.0,304468000.0,,2.734,-3628000.0,15579000.0,15579000.0,157071000.0,474000.0,3.118,0.893,194630000.0,22000.0,194608000.0,194630000.0,5263000.0,5959000.0,0.0,0.0,0.0,4983000.0,10942000.0,0.056,10942000.0,4983000.0,1013000.0,0.005,0.005,0.005,391908000.0,,391908000.0,1062526024.0,42.0,20.712,10828000.0,0.076,1.0,37799000.0,0.194,165136000.0,3970000.0,615385000.0,,232554000.0,0.0,0.0,0.0,349809000.0,140247000.0,209562000.0,957760024.0,-20546000.0,-65000000.0,55000.0,33179000.0,0.0,33473000.0,-68628000.0,0.0,14456000.0,153000.0,474000.0,474000.0,474000.0,0.0,0.0,0.002,36219000.0,1580000.0,89803000.0,0.0,2.444,139.432,-126.462,118579000.0,0.0,8.22,0.899,1.106,172849000.0,157367000.0,194870000.0,194870000.0,0.0,,,,,0.0,35898000.0,1.0,116515818.0,143362000.0,145030000.0,1.359,576581000.0,22759000.0,539000.0,2528000.0,4.022,297002000.0
88,NOV,MRQ,1999-06-30,1999-06-30,1999-06-30,2021-09-24,-9327000.0,684087000.0,,420707000.0,263380000.0,,2.741,24295000.0,45555000.0,45555000.0,165687000.0,-12033000.0,3.28,0.74,150321000.0,321000.0,150000000.0,150321000.0,8945000.0,8977000.0,0.0,0.0,0.0,-14190000.0,-5213000.0,-0.027,-5213000.0,-14190000.0,-17861000.0,-0.085,-0.085,-0.085,393255000.0,,393255000.0,957935428.0,16.0,11.229,60089000.0,0.419,1.0,29317000.0,0.15,144320000.0,3671000.0,516284000.0,,189495000.0,0.0,0.0,0.0,290832000.0,128249000.0,162583000.0,788572428.0,25236000.0,0.0,421000.0,-35224000.0,0.0,-34861000.0,24295000.0,0.0,35794000.0,8000.0,-12033000.0,-12033000.0,-12033000.0,0.0,0.0,-0.062,40403000.0,-11086000.0,74539000.0,0.0,2.005,28.788,58.333,100653000.0,0.0,7.0,0.657,0.836,167927000.0,155195000.0,195004000.0,195004000.0,0.0,,,,,0.0,39750000.0,1.0,112653204.0,143446000.0,144172000.0,1.359,539767000.0,22236000.0,-5828000.0,2521000.0,3.763,292458000.0
89,NOV,MRQ,1999-03-31,1999-03-31,1999-03-31,2021-09-24,-15925000.0,732548000.0,,465822000.0,266726000.0,,3.324,-3318000.0,12790000.0,12790000.0,162459000.0,3335000.0,3.02,0.893,182153000.0,3949000.0,178204000.0,182153000.0,10375000.0,5784000.0,0.0,0.0,0.0,9829000.0,15613000.0,0.077,15613000.0,9829000.0,5619000.0,0.03,0.03,0.03,386897000.0,,386897000.0,852622846.0,8.0,6.298,34606000.0,0.297,1.0,41464000.0,0.203,144968000.0,4210000.0,602686000.0,,225700000.0,0.0,0.0,0.0,345651000.0,154257000.0,191394000.0,650978846.0,1242000.0,0.0,0.0,-32950000.0,0.0,-33340000.0,-3318000.0,0.0,37924000.0,-24000.0,3335000.0,3335000.0,3335000.0,0.0,0.0,0.016,31187000.0,10277000.0,90883000.0,0.0,1.683,10.294,13.287,101821000.0,0.0,5.78,0.501,0.517,212546000.0,155583000.0,203923000.0,203923000.0,0.0,,,,,0.0,31187000.0,1.0,112626098.0,116396000.0,116534000.0,1.752,587580000.0,21352000.0,2284000.0,2539000.0,5.048,311565000.0
90,NOV,MRQ,1998-12-31,1998-12-31,1998-12-31,2021-09-24,-13821000.0,855888000.0,,590919000.0,264969000.0,,2.884,-14965000.0,11963000.0,11963000.0,358672000.0,15093000.0,2.606,1.176,229625000.0,8427000.0,221198000.0,229625000.0,25392000.0,5282000.0,0.0,0.0,0.0,24676000.0,29958000.0,0.064,29958000.0,24676000.0,19657000.0,-0.015,-0.01,-0.015,393299000.0,,393299000.0,796263024.0,6.0,4.983,5939000.0,0.044,1.0,112865000.0,0.239,145696000.0,5019000.0,701065000.0,,253385000.0,0.0,0.0,0.0,462589000.0,226789000.0,235800000.0,593034024.0,-21568000.0,26241000.0,0.0,-56194000.0,0.0,-58462000.0,11276000.0,0.0,20904000.0,4714000.0,15093000.0,15093000.0,15093000.0,0.0,0.0,0.032,87354000.0,25511000.0,131575000.0,0.0,1.508,7.291,9.403,106155000.0,0.0,5.595,0.409,0.526,301405000.0,158347000.0,471537000.0,471537000.0,0.0,,,,,0.0,70331000.0,1.0,105993570.0,136356000.0,136726000.0,3.458,710192000.0,23246000.0,4564000.0,4097000.0,5.208,364130000.0
91,NOV,MRQ,1998-09-30,1998-09-30,1998-09-30,2021-09-24,-11911000.0,803781000.0,,556743000.0,247038000.0,,3.2,-8659000.0,21471000.0,21471000.0,252904000.0,20997000.0,2.638,1.274,224700000.0,1276000.0,223424000.0,224700000.0,32639000.0,6456000.0,0.0,0.0,0.0,38494000.0,44950000.0,0.136,44950000.0,38494000.0,33423000.0,0.19,0.19,0.19,353506000.0,,353506000.0,844481198.0,6.0,4.873,-17404000.0,-0.158,1.0,77301000.0,0.234,137437000.0,5071000.0,658495000.0,,264215000.0,0.0,0.0,0.0,450275000.0,211078000.0,239197000.0,656100198.0,-5989000.0,0.0,0.0,12961000.0,0.0,12961000.0,-8659000.0,0.0,-8745000.0,-1546000.0,20997000.0,20997000.0,20997000.0,0.0,0.0,0.064,39164000.0,38137000.0,119829000.0,0.0,1.856,7.245,7.325,100125000.0,0.0,6.19,0.498,0.519,251194000.0,149471000.0,330205000.0,330205000.0,0.0,,,,,0.0,39164000.0,1.0,105993570.0,110466000.0,110618000.0,2.989,666344000.0,15969000.0,12426000.0,3365000.0,6.032,345665000.0
92,NOV,MRQ,1998-06-30,1998-06-30,1998-06-30,2021-09-24,-10691000.0,807154000.0,,573281000.0,233873000.0,,3.08,-1799000.0,26955000.0,26955000.0,222035000.0,23811000.0,2.223,1.521,215336000.0,1334000.0,214002000.0,215336000.0,56822000.0,4522000.0,0.0,0.0,0.0,40345000.0,44867000.0,0.152,44867000.0,40345000.0,38097000.0,0.23,0.23,0.23,320125000.0,,320125000.0,1421606752.0,11.0,9.467,11615000.0,0.112,1.0,72808000.0,0.247,139290000.0,2248000.0,598391000.0,,275387000.0,0.0,0.0,0.0,487029000.0,257854000.0,229175000.0,1384354752.0,5703000.0,-157204000.0,614000.0,157025000.0,0.0,157639000.0,-159003000.0,0.0,13414000.0,-6347000.0,23811000.0,23811000.0,23811000.0,0.0,0.0,0.081,32928000.0,39880000.0,156065000.0,0.0,4.324,17.66,18.115,88233000.0,0.0,13.405,1.105,1.112,250208000.0,121239000.0,294843000.0,294843000.0,0.0,,,,,0.0,32928000.0,1.0,103271522.0,103926000.0,104584000.0,2.837,667864000.0,16081000.0,14286000.0,2993000.0,6.426,315427000.0
93,NOV,MRQ,1998-03-31,1998-03-31,1998-03-31,2021-09-24,-3897000.0,587531000.0,,481171000.0,106360000.0,,2.909,-3822000.0,21252000.0,21252000.0,237060000.0,21137000.0,2.261,0.943,58504000.0,1332000.0,57172000.0,58504000.0,50157000.0,4258000.0,0.0,0.0,0.0,34794000.0,39052000.0,0.129,39052000.0,34794000.0,33546000.0,0.205,0.2,0.205,302390000.0,,302390000.0,1744952584.0,16.0,13.669,2475000.0,0.024,1.0,64792000.0,0.215,24152000.0,1248000.0,387854000.0,,224802000.0,0.0,0.0,0.0,285141000.0,212777000.0,72364000.0,1701871584.0,1428000.0,0.0,388000.0,-4393000.0,0.0,-4005000.0,-3822000.0,0.0,6297000.0,2958000.0,21137000.0,21137000.0,21137000.0,0.0,0.0,0.07,29493000.0,35299000.0,127340000.0,0.0,5.628,25.927,26.78,73893000.0,0.0,16.47,1.427,1.436,222969000.0,97428000.0,301852000.0,301852000.0,0.0,,,,,0.0,29493000.0,1.0,103331608.0,103964000.0,104514000.0,2.903,563379000.0,15169000.0,12409000.0,2682000.0,5.419,268394000.0
94,NOV,MRQ,1997-12-31,1997-12-31,1997-12-31,2021-09-24,-7074000.0,567511000.0,,463598000.0,103913000.0,,2.35,-14877000.0,19824000.0,19824000.0,312019000.0,24616000.0,2.192,1.044,62905000.0,1340000.0,61565000.0,62905000.0,37688000.0,4963000.0,0.0,0.0,0.0,39455000.0,44418000.0,0.113,44418000.0,39455000.0,37170000.0,0.22,0.22,0.22,277688000.0,,277688000.0,1783995305.0,19.0,16.51,-5705000.0,-0.048,1.0,79668000.0,0.203,24233000.0,2285000.0,374898000.0,,203520000.0,0.0,0.0,0.0,289823000.0,211461000.0,78362000.0,1742744305.0,-7926000.0,-1208000.0,5851000.0,-3828000.0,0.0,-111000.0,-14434000.0,0.0,9172000.0,-2553000.0,24616000.0,24616000.0,24616000.0,0.0,0.0,0.063,40562000.0,39106000.0,134955000.0,0.0,6.276,32.152,33.52,74282000.0,0.0,17.095,1.588,1.652,223991000.0,76291000.0,391687000.0,391687000.0,0.0,,,,,0.0,40562000.0,1.0,101944680.0,118174000.0,118910000.0,3.314,543278000.0,14758000.0,12554000.0,2675000.0,4.597,252137000.0
95,NOV,MRQ,1997-09-30,1997-09-30,1997-09-30,2021-09-24,-5027000.0,498102000.0,,393137000.0,104965000.0,,2.425,-5130000.0,27730000.0,27730000.0,209607000.0,8824000.0,2.388,1.002,68981000.0,1385000.0,67596000.0,68981000.0,22908000.0,3971000.0,0.0,0.0,0.0,17860000.0,21831000.0,0.082,21831000.0,17860000.0,16092000.0,0.085,0.085,0.085,248800000.0,,248800000.0,1409833784.0,31.0,24.075,-12707000.0,-0.124,1.0,55352000.0,0.209,25041000.0,1768000.0,349659000.0,,177117000.0,0.0,0.0,0.0,249302000.0,164653000.0,84649000.0,1359908784.0,-18411000.0,0.0,559000.0,-4634000.0,0.0,-4075000.0,-6533000.0,0.0,-7577000.0,-226000.0,8824000.0,8824000.0,8824000.0,0.0,0.0,0.033,37310000.0,18042000.0,96482000.0,0.0,5.466,59.969,,68499000.0,0.0,18.72,1.5,2.118,180000000.0,55224000.0,264959000.0,264959000.0,0.0,,,,,0.0,26650000.0,1.0,72644700.0,102578000.0,104296000.0,2.583,473061000.0,13831000.0,7268000.0,13182000.0,4.612,228484000.0
96,NOV,MRQ,1997-06-30,1997-06-30,1997-06-30,2021-09-24,669000.0,310728000.0,,260373000.0,50355000.0,,1.232,-5588000.0,5700000.0,5700000.0,187061000.0,11065000.0,2.317,1.462,55625000.0,0.0,55625000.0,55625000.0,14309000.0,3610000.0,0.0,0.0,0.0,18747000.0,22357000.0,0.096,22357000.0,18747000.0,17164000.0,0.105,0.105,0.105,126231000.0,,126231000.0,1064420360.0,25.0,19.215,10342000.0,0.101,1.0,47029000.0,0.201,12916000.0,1583000.0,235352000.0,,135437000.0,0.0,0.0,0.0,184497000.0,112385000.0,72112000.0,1027762360.0,3506000.0,-19000000.0,0.0,12975000.0,0.0,12975000.0,-24588000.0,0.0,15930000.0,-811000.0,11065000.0,11065000.0,11065000.0,0.0,0.0,0.047,29087000.0,17942000.0,70903000.0,0.0,8.142,49.602,70.813,28041000.0,0.0,14.375,1.22,1.748,112235000.0,17771000.0,234090000.0,234090000.0,0.0,,,,,0.0,29087000.0,1.0,71496512.0,102446000.0,104404000.0,2.285,297812000.0,11414000.0,6099000.0,0.0,2.907,147988000.0
97,NOV,MRQ,1997-03-31,1997-03-31,1997-03-31,2021-09-24,744000.0,267606000.0,,235482000.0,32124000.0,,1.137,-4663000.0,5349000.0,5349000.0,164747000.0,9699000.0,2.518,1.333,42007000.0,0.0,42007000.0,42007000.0,2524000.0,2899000.0,0.0,0.0,0.0,16548000.0,19447000.0,0.094,19447000.0,16548000.0,15096000.0,0.095,0.095,0.095,114706000.0,,114706000.0,604049096.0,19.0,14.3,-22445000.0,-0.223,1.0,41923000.0,0.203,6286000.0,1452000.0,204448000.0,,121001000.0,0.0,0.0,0.0,152900000.0,93530000.0,59370000.0,571972096.0,30774000.0,955000.0,37376000.0,15395000.0,0.0,52771000.0,-3708000.0,0.0,-17782000.0,-507000.0,9699000.0,9699000.0,9699000.0,0.0,0.0,0.047,25227000.0,16696000.0,70077000.0,0.0,4.986,46.802,,18243000.0,0.0,8.0,0.751,1.059,98345000.0,6286000.0,206670000.0,206670000.0,0.0,,,,,0.0,25227000.0,1.0,71496512.0,100872000.0,103124000.0,2.049,261320000.0,10234000.0,5397000.0,0.0,2.591,141952000.0
98,NOV,MRQ,1996-12-31,1996-12-31,1996-12-31,2021-09-24,-2302000.0,352518000.0,,293399000.0,59119000.0,,1.957,-2881000.0,13611000.0,13611000.0,166625000.0,-6911000.0,2.357,1.086,45236000.0,6100000.0,39136000.0,45236000.0,5889000.0,2433000.0,0.0,0.0,0.0,-7509000.0,-5076000.0,-0.025,-5076000.0,-7509000.0,-9583000.0,,,,169016000.0,,169016000.0,,,,8605000.0,0.1,1.0,34168000.0,0.17,6327000.0,2074000.0,253314000.0,,128611000.0,0.0,0.0,0.0,183502000.0,124502000.0,59000000.0,549629436.0,9151000.0,0.0,77539000.0,-81938000.0,0.0,726000.0,-2881000.0,0.0,11486000.0,-180000.0,-6911000.0,-6911000.0,-6911000.0,0.0,0.0,-0.034,37337000.0,-3169000.0,87461000.0,,3.252,89.414,102.5,44446000.0,0.0,7.688,0.721,0.808,139186000.0,21586000.0,200793000.0,200793000.0,0.0,,,,,0.0,20726000.0,1.0,71496512.0,86360000.0,,2.325,346191000.0,10875000.0,-2672000.0,1913000.0,4.009,168897000.0
99,NOV,MRQ,1996-09-30,1996-09-30,1996-09-30,2021-09-24,,,,,,,,-7713000.0,,,166015000.0,6867000.0,,,,,,,,4439000.0,,,0.0,14228000.0,18667000.0,0.093,18667000.0,14228000.0,10815000.0,,,,,,,,,,-15259000.0,-0.196,1.0,34758000.0,0.173,,3413000.0,,,,,,,,,,,-10692000.0,0.0,570000.0,3997000.0,0.0,4567000.0,-7713000.0,0.0,-7546000.0,0.0,6867000.0,6867000.0,6867000.0,0.0,0.0,0.034,21356000.0,13402000.0,,,,,,,0.0,,,,,,200773000.0,200773000.0,0.0,,,,,0.0,21356000.0,1.0,,77996000.0,,2.574,,,3948000.0,,,
100,NOV,MRQ,1996-06-30,1996-06-30,1996-06-30,2021-09-24,,,,,,,,-198000.0,,,131706000.0,2566000.0,,,,,,,,957000.0,,,0.0,8246000.0,9203000.0,0.06,9203000.0,8246000.0,4586000.0,0.048,,0.048,,,,,,,14073000.0,0.259,1.0,21793000.0,0.142,,3660000.0,,,,,,,,,,,426000.0,0.0,0.0,-13667000.0,0.0,-13667000.0,-198000.0,0.0,14271000.0,20000.0,2566000.0,2566000.0,2566000.0,0.0,0.0,0.017,13660000.0,8133000.0,,0.0,,,,,0.0,,,,,,153499000.0,153499000.0,0.0,,,,,0.0,13660000.0,1.0,,54360000.0,,2.824,,,2020000.0,,,
101,NOV,MRQ,1996-03-31,1996-03-31,1996-03-31,2021-09-24,,,,,,,,-379000.0,,,122850000.0,1434000.0,,,,,,,,946000.0,,,0.0,5159000.0,6105000.0,0.043,6105000.0,5159000.0,2081000.0,0.025,,0.025,,,,,,,-25202000.0,-0.464,1.0,18294000.0,0.13,,3078000.0,,,,,,,,,,,4086000.0,-106248000.0,30179000.0,105727000.0,0.0,135906000.0,-106977000.0,0.0,-24823000.0,-20000.0,1434000.0,1434000.0,1434000.0,0.0,0.0,0.01,13021000.0,5273000.0,,0.0,,,,,0.0,,,,,,141144000.0,141144000.0,0.0,,,,,0.0,13021000.0,1.0,,54360000.0,,2.596,,,647000.0,,,
102,NOV,MRQ,1995-12-31,1995-12-31,1995-12-31,2021-09-24,-7494000.0,288578000.0,,265667000.0,22911000.0,,,,65452000.0,65452000.0,,,3.009,0.621,9128000.0,0.0,9128000.0,9128000.0,7500000.0,,0.0,,0.0,,,,,,,,,,178012000.0,,178012000.0,,,,,,1.0,,,0.0,,143952000.0,,120686000.0,0.0,0.0,0.0,110566000.0,88302000.0,22264000.0,,,,,,,,,,,,,,,,,,,,66665000.0,,,,,18877000.0,,,,,74986000.0,,,,,,,,,,,1.0,,,,,288578000.0,1450000.0,,0.0,,177365000.0
0,NOV,MRT,2021-06-30,2021-06-30,2021-06-30,2021-09-24,-1497000000.0,9601000000.0,9842500000.0,4908000000.0,4693000000.0,0.546,13.233,-200000000.0,1572000000.0,1572000000.0,4917000000.0,-538000000.0,2.712,0.866,2386000000.0,105000000.0,2281000000.0,2386000000.0,0.0,321000000.0,0.0,0.0,0.0,-507000000.0,-186000000.0,-0.035,-186000000.0,-507000000.0,-586000000.0,-1.41,-1.41,-1.41,5108000000.0,5216000000.0,5108000000.0,6924654253.0,-14.0,-37.229,459000000.0,1.189,1.0,460000000.0,0.086,2003000000.0,79000000.0,6602000000.0,6879750000.0,1322000000.0,45000000.0,0.0,45000000.0,4423000000.0,1810000000.0,2613000000.0,5984654253.0,125000000.0,-14000000.0,0.0,-386000000.0,0.0,-414000000.0,-122000000.0,0.0,659000000.0,2000000.0,-543000000.0,-543000000.0,-543000000.0,0.0,5000000.0,-0.101,911000000.0,-451000000.0,526000000.0,0.0,1.172,-11.021,-10.865,2423000000.0,0.0,15.32,1.113,1.1,1258000000.0,-2017000000.0,5377000000.0,5377000000.0,0.0,-0.055,-0.104,-0.074,-0.094,105000000.0,911000000.0,1.0,390643228.0,386000000.0,386000000.0,13.93,7598000000.0,0.0,-43000000.0,88000000.0,19.684,3098000000.0
1,NOV,MRT,2021-03-31,2021-03-31,2021-03-31,2021-09-24,-1530000000.0,9672000000.0,10054000000.0,4996000000.0,4676000000.0,0.543,13.197,-207000000.0,1607000000.0,1607000000.0,5090000000.0,-602000000.0,2.583,0.89,2547000000.0,288000000.0,2259000000.0,2547000000.0,0.0,326000000.0,0.0,0.0,0.0,-620000000.0,-294000000.0,-0.054,-294000000.0,-620000000.0,-702000000.0,-1.58,-1.58,-1.58,5081000000.0,5304000000.0,5081000000.0,6190258309.0,-10.0,-21.055,653000000.0,1.696,1.0,366000000.0,0.067,2011000000.0,82000000.0,6667000000.0,7181500000.0,1357000000.0,47000000.0,0.0,47000000.0,4522000000.0,1934000000.0,2588000000.0,5326258309.0,492000000.0,-14000000.0,0.0,-194000000.0,0.0,-219000000.0,-142000000.0,0.0,860000000.0,-7000000.0,-610000000.0,-610000000.0,-610000000.0,0.0,8000000.0,-0.112,929000000.0,-563000000.0,467000000.0,0.0,1.048,-8.732,-8.684,2437000000.0,0.0,13.72,0.976,0.968,1265000000.0,-1991000000.0,5456000000.0,5456000000.0,0.0,-0.061,-0.115,-0.086,-0.114,105000000.0,929000000.0,1.0,388211247.0,385000000.0,385000000.0,14.171,7661000000.0,0.0,-92000000.0,115000000.0,19.899,3062000000.0
2,NOV,MRT,2020-12-31,2020-12-31,2020-12-31,2021-09-24,-1509000000.0,9929000000.0,10308500000.0,5209000000.0,4720000000.0,0.591,13.568,-226000000.0,1692000000.0,1692000000.0,5656000000.0,-2537000000.0,2.79,0.893,2556000000.0,110000000.0,2446000000.0,2556000000.0,0.0,352000000.0,0.0,0.004,0.05,-2700000000.0,-2348000000.0,-0.386,-2348000000.0,-2700000000.0,-2784000000.0,-6.62,-6.62,-6.62,5210000000.0,5405250000.0,5210000000.0,6399865434.0,-2.0,-2.726,700000000.0,1.823,1.0,434000000.0,0.071,2020000000.0,84000000.0,6906000000.0,7546250000.0,1408000000.0,51000000.0,0.0,51000000.0,4650000000.0,1867000000.0,2783000000.0,5330865434.0,521000000.0,-14000000.0,0.0,-212000000.0,-19000000.0,-259000000.0,-144000000.0,0.0,926000000.0,-2000000.0,-2542000000.0,-2542000000.0,-2542000000.0,0.0,5000000.0,-0.417,2859000000.0,-2425000000.0,489000000.0,-0.008,1.023,-2.097,-2.074,2493000000.0,0.0,13.73,0.875,0.866,1274000000.0,-1876000000.0,6090000000.0,6090000000.0,0.0,-0.247,-0.47,-0.358,-0.443,105000000.0,968000000.0,1.0,388264052.0,384000000.0,384000000.0,15.859,7909000000.0,0.0,-242000000.0,129000000.0,20.596,3342000000.0
3,NOV,MRT,2020-09-30,2020-09-30,2020-09-30,2021-09-24,-1577000000.0,10168000000.0,11113500000.0,5376000000.0,4792000000.0,0.634,14.195,-240000000.0,1485000000.0,1485000000.0,6168000000.0,-2574000000.0,2.854,0.847,2554000000.0,111000000.0,2443000000.0,2554000000.0,0.0,370000000.0,0.0,0.011,0.1,-2800000000.0,-2430000000.0,-0.345,-2430000000.0,-2800000000.0,-2890000000.0,-6.73,-6.73,-6.73,5465000000.0,6047250000.0,5465000000.0,4851850277.0,-2.0,-1.997,973000000.0,2.527,1.0,876000000.0,0.124,2009000000.0,90000000.0,7344000000.0,8032000000.0,1745000000.0,59000000.0,0.0,59000000.0,4628000000.0,1884000000.0,2744000000.0,3517850277.0,172000000.0,0.0,0.0,-710000000.0,-38000000.0,-830000000.0,-207000000.0,0.0,1213000000.0,-4000000.0,-2580000000.0,-2580000000.0,-2580000000.0,0.0,6000000.0,-0.366,3349000000.0,-2473000000.0,476000000.0,-0.015,0.644,-1.364,-1.346,2569000000.0,0.0,9.06,0.499,0.495,1382000000.0,-1529000000.0,7044000000.0,7044000000.0,0.0,-0.232,-0.427,-0.349,-0.398,130000000.0,1022000000.0,1.0,388283695.0,385000000.0,385000000.0,18.296,8159000000.0,0.0,-310000000.0,144000000.0,21.192,3492000000.0
4,NOV,MRT,2020-06-30,2020-06-30,2020-06-30,2021-09-24,-1613000000.0,10447000000.0,12072750000.0,5590000000.0,4857000000.0,0.645,14.182,-260000000.0,1447000000.0,1447000000.0,6898000000.0,-2770000000.0,2.861,0.9,2781000000.0,115000000.0,2666000000.0,2781000000.0,0.0,389000000.0,0.0,0.012,0.15,-2864000000.0,-2475000000.0,-0.318,-2475000000.0,-2864000000.0,-2958000000.0,-7.23,-7.23,-7.23,5460000000.0,6695250000.0,5460000000.0,6403732044.0,-2.0,-2.587,982000000.0,2.551,1.0,888000000.0,0.114,2018000000.0,94000000.0,7809000000.0,8592000000.0,1929000000.0,66000000.0,0.0,66000000.0,4914000000.0,1954000000.0,2960000000.0,4755732044.0,326000000.0,-115000000.0,0.0,-496000000.0,-58000000.0,-635000000.0,-270000000.0,0.0,1242000000.0,-11000000.0,-2769000000.0,-2769000000.0,-2769000000.0,0.0,-1000000.0,-0.356,3441000000.0,-2553000000.0,556000000.0,-0.021,0.871,-1.717,-1.694,2615000000.0,0.0,12.25,0.611,0.606,1502000000.0,-1474000000.0,7786000000.0,7786000000.0,0.0,-0.229,-0.414,-0.333,-0.368,130000000.0,1102000000.0,1.0,388223024.0,385000000.0,385000000.0,20.223,8429000000.0,0.0,-189000000.0,131000000.0,21.894,3636000000.0
5,NOV,MRT,2020-03-31,2020-03-31,2020-03-31,2021-09-24,-1655000000.0,10690000000.0,13048250000.0,5902000000.0,4788000000.0,0.645,14.324,-258000000.0,1115000000.0,1115000000.0,7609000000.0,-8067000000.0,2.729,0.936,2763000000.0,115000000.0,2648000000.0,2763000000.0,0.0,461000000.0,0.0,0.02,0.2,-8483000000.0,-8022000000.0,-0.953,-8022000000.0,-8483000000.0,-8580000000.0,-21.1,-21.1,-21.1,5486000000.0,7433000000.0,5486000000.0,5399857477.0,-1.0,-0.673,533000000.0,1.392,1.0,813000000.0,0.097,2049000000.0,97000000.0,8126000000.0,9188750000.0,2032000000.0,57000000.0,0.0,57000000.0,5136000000.0,2163000000.0,2973000000.0,3793857477.0,-155000000.0,-115000000.0,0.0,-529000000.0,-77000000.0,-670000000.0,-261000000.0,0.0,791000000.0,-15000000.0,-8065000000.0,-8065000000.0,-8065000000.0,0.0,-2000000.0,-0.958,8994000000.0,-8181000000.0,662000000.0,-0.009,0.692,-0.47,-0.466,2613000000.0,0.0,9.83,0.45,0.447,1879000000.0,-1381000000.0,8422000000.0,8422000000.0,0.0,-0.618,-1.085,-0.923,-1.007,130000000.0,1282000000.0,1.0,385946844.0,383000000.0,383000000.0,21.99,8641000000.0,0.0,-515000000.0,97000000.0,22.561,3739000000.0
6,NOV,MRT,2019-12-31,2019-12-31,2019-12-31,2021-09-24,-1423000000.0,13149000000.0,15376250000.0,6113000000.0,7036000000.0,0.551,20.361,-233000000.0,1171000000.0,1171000000.0,7634000000.0,-6093000000.0,2.721,0.682,2777000000.0,114000000.0,2663000000.0,2777000000.0,0.0,533000000.0,0.0,0.008,0.2,-6364000000.0,-5831000000.0,-0.688,-5831000000.0,-6364000000.0,-6464000000.0,-15.96,-15.96,-15.96,7778000000.0,9502750000.0,7778000000.0,11622094581.0,-2.0,-1.993,481000000.0,1.259,1.0,845000000.0,0.1,3659000000.0,100000000.0,8849000000.0,9837500000.0,2197000000.0,282000000.0,0.0,282000000.0,5303000000.0,2247000000.0,3056000000.0,9665094581.0,-256000000.0,-180000000.0,0.0,-521000000.0,-77000000.0,-647000000.0,-315000000.0,0.0,714000000.0,-8000000.0,-6095000000.0,-6095000000.0,-6095000000.0,0.0,2000000.0,-0.719,7124000000.0,-6279000000.0,715000000.0,-0.013,1.243,-1.586,-1.57,3028000000.0,0.0,25.05,1.14,1.129,1855000000.0,690000000.0,8479000000.0,8479000000.0,0.0,-0.396,-0.641,-0.647,-0.751,130000000.0,1303000000.0,1.0,385832119.0,382000000.0,382000000.0,22.196,9490000000.0,0.0,-369000000.0,182000000.0,24.843,3866000000.0
7,NOV,MRT,2019-09-30,2019-09-30,2019-09-30,2021-09-24,-1524000000.0,14005000000.0,17038000000.0,6515000000.0,7490000000.0,0.505,21.092,-237000000.0,1313000000.0,1313000000.0,7718000000.0,-5693000000.0,2.862,0.729,3270000000.0,113000000.0,3157000000.0,3270000000.0,0.0,604000000.0,0.0,0.009,0.2,-5898000000.0,-5294000000.0,-0.616,-5294000000.0,-5898000000.0,-5995000000.0,-14.92,-14.92,-14.92,8057000000.0,11013000000.0,8057000000.0,10355004210.0,-2.0,-1.956,225000000.0,0.589,1.0,878000000.0,0.102,4102000000.0,97000000.0,9584000000.0,9989000000.0,2537000000.0,291000000.0,0.0,291000000.0,5876000000.0,2276000000.0,3600000000.0,8181004210.0,20000000.0,-180000000.0,0.0,-8000000.0,-77000000.0,-91000000.0,-333000000.0,0.0,462000000.0,-18000000.0,-5698000000.0,-5698000000.0,-5698000000.0,0.0,5000000.0,-0.663,6721000000.0,-5843000000.0,716000000.0,-0.013,1.015,-1.436,-1.421,3034000000.0,0.0,21.2,0.952,0.942,1799000000.0,1094000000.0,8596000000.0,8596000000.0,0.0,-0.334,-0.517,-0.59,-0.686,110000000.0,1336000000.0,1.0,385896425.0,382000000.0,382000000.0,22.503,9903000000.0,0.0,-297000000.0,183000000.0,25.924,4239000000.0
8,NOV,MRT,2019-06-30,2019-06-30,2019-06-30,2021-09-24,-1392000000.0,14349000000.0,18510000000.0,6766000000.0,7583000000.0,0.466,22.018,-239000000.0,1121000000.0,1121000000.0,7504000000.0,-5440000000.0,3.046,0.697,3295000000.0,116000000.0,3179000000.0,3295000000.0,0.0,674000000.0,0.0,0.009,0.2,-5685000000.0,-5011000000.0,-0.581,-5011000000.0,-5685000000.0,-5781000000.0,-14.28,-14.28,-14.28,8411000000.0,12475250000.0,8411000000.0,10635011070.0,-2.0,-2.122,61000000.0,0.16,1.0,1120000000.0,0.13,4106000000.0,96000000.0,10196000000.0,9999750000.0,2858000000.0,294000000.0,0.0,294000000.0,5862000000.0,2221000000.0,3641000000.0,8579011070.0,-16000000.0,-65000000.0,0.0,-8000000.0,-76000000.0,-49000000.0,-253000000.0,0.0,300000000.0,-14000000.0,-5453000000.0,-5453000000.0,-5453000000.0,0.0,13000000.0,-0.632,6736000000.0,-5616000000.0,695000000.0,-0.014,1.02,-1.573,-1.557,3054000000.0,0.0,22.23,0.995,0.985,1973000000.0,1358000000.0,8624000000.0,8624000000.0,0.0,-0.295,-0.437,-0.569,-0.659,110000000.0,1363000000.0,1.0,385920426.0,382000000.0,382000000.0,22.576,10243000000.0,0.0,-328000000.0,177000000.0,26.814,4545000000.0
9,NOV,MRT,2019-03-31,2019-03-31,2019-03-31,2021-09-24,-1413000000.0,20002000000.0,19862250000.0,6938000000.0,13064000000.0,0.433,36.224,-248000000.0,1270000000.0,1270000000.0,7185000000.0,-31000000.0,3.299,0.448,3326000000.0,115000000.0,3211000000.0,3326000000.0,0.0,694000000.0,0.0,0.008,0.2,104000000.0,798000000.0,0.093,798000000.0,104000000.0,10000000.0,-0.11,-0.11,-0.11,13765000000.0,13847500000.0,13765000000.0,11498664337.0,111.0,14.409,364000000.0,0.958,1.0,1413000000.0,0.164,9234000000.0,94000000.0,10721000000.0,9875250000.0,3131000000.0,299000000.0,0.0,299000000.0,6162000000.0,2103000000.0,4059000000.0,10214664337.0,34000000.0,-309000000.0,0.0,-8000000.0,-76000000.0,-32000000.0,-503000000.0,0.0,612000000.0,-43000000.0,-40000000.0,-40000000.0,-40000000.0,0.0,9000000.0,-0.005,1249000000.0,164000000.0,679000000.0,-1.818,0.742,-255.367,-242.182,3394000000.0,0.0,26.64,1.188,1.177,1793000000.0,6766000000.0,8598000000.0,8598000000.0,0.0,-0.002,-0.003,0.011,0.012,110000000.0,1249000000.0,1.0,383433346.0,380000000.0,380000000.0,22.626,10768000000.0,11000000.0,50000000.0,586000000.0,28.337,4835000000.0
10,NOV,MRT,2018-12-31,2018-12-31,2018-12-31,2021-09-24,-1437000000.0,19796000000.0,19864250000.0,7279000000.0,12517000000.0,0.426,36.558,-244000000.0,1427000000.0,1427000000.0,7009000000.0,-22000000.0,3.109,0.427,2711000000.0,7000000.0,2704000000.0,2711000000.0,0.0,690000000.0,0.0,0.008,0.2,125000000.0,815000000.0,0.096,815000000.0,125000000.0,32000000.0,-0.08,-0.08,-0.08,13819000000.0,13926750000.0,13819000000.0,11273520284.0,90.0,13.833,277000000.0,0.733,1.0,1444000000.0,0.171,9284000000.0,93000000.0,9455000000.0,9675750000.0,2986000000.0,301000000.0,0.0,301000000.0,5907000000.0,2341000000.0,3566000000.0,9852520284.0,-10000000.0,-280000000.0,0.0,-8000000.0,-76000000.0,-30000000.0,-457000000.0,0.0,521000000.0,-44000000.0,-31000000.0,-31000000.0,-31000000.0,0.0,9000000.0,-0.004,1233000000.0,211000000.0,722000000.0,-2.5,0.713,-317.823,-321.25,2797000000.0,0.0,25.7,1.166,1.149,2101000000.0,6862000000.0,8453000000.0,8453000000.0,0.0,-0.002,-0.002,0.013,0.015,110000000.0,1233000000.0,1.0,383366548.0,378000000.0,378000000.0,22.362,10512000000.0,11000000.0,63000000.0,630000000.0,27.81,4938000000.0
11,NOV,MRT,2018-09-30,2018-09-30,2018-09-30,2021-09-24,-1328000000.0,19893000000.0,19966750000.0,7221000000.0,12672000000.0,0.402,36.691,-238000000.0,1293000000.0,1293000000.0,6822000000.0,-52000000.0,3.173,0.425,2714000000.0,8000000.0,2706000000.0,2714000000.0,0.0,694000000.0,0.0,0.005,0.2,-37000000.0,657000000.0,0.082,657000000.0,-37000000.0,-133000000.0,-0.16,-0.16,-0.16,13906000000.0,13995500000.0,13906000000.0,18061246251.0,-488.0,27.49,383000000.0,1.011,1.0,1202000000.0,0.15,9411000000.0,96000000.0,9627000000.0,9711750000.0,3177000000.0,304000000.0,0.0,304000000.0,5917000000.0,2276000000.0,3641000000.0,16483246251.0,-429000000.0,-281000000.0,0.0,-502000000.0,-76000000.0,-555000000.0,-453000000.0,0.0,621000000.0,-42000000.0,-57000000.0,-57000000.0,-57000000.0,0.0,5000000.0,-0.007,1189000000.0,13000000.0,675000000.0,-1.25,1.185,-289.18,-269.25,2813000000.0,0.0,43.08,2.054,2.035,2005000000.0,6869000000.0,8024000000.0,8024000000.0,0.0,-0.003,-0.004,-0.004,-0.005,124000000.0,1189000000.0,1.0,382619458.0,379000000.0,383000000.0,21.172,10482000000.0,13000000.0,-76000000.0,672000000.0,27.657,4945000000.0
12,NOV,MRT,2018-06-30,2018-06-30,2018-06-30,2021-09-24,-1298000000.0,19758000000.0,20227000000.0,7008000000.0,12750000000.0,0.381,36.772,-209000000.0,1137000000.0,1137000000.0,6611000000.0,-83000000.0,3.194,0.417,2715000000.0,8000000.0,2707000000.0,2715000000.0,0.0,696000000.0,0.0,0.005,0.2,-104000000.0,592000000.0,0.077,592000000.0,-104000000.0,-202000000.0,-0.23,-0.23,-0.23,13900000000.0,14040000000.0,13900000000.0,18056788044.0,-174.0,30.501,454000000.0,1.201,1.0,1094000000.0,0.142,9444000000.0,98000000.0,9698000000.0,9815250000.0,3158000000.0,308000000.0,0.0,308000000.0,5790000000.0,2194000000.0,3596000000.0,16579788044.0,-393000000.0,-284000000.0,0.0,-503000000.0,-76000000.0,-584000000.0,-457000000.0,0.0,663000000.0,-15000000.0,-84000000.0,-84000000.0,-84000000.0,0.0,1000000.0,-0.011,1161000000.0,-67000000.0,616000000.0,-0.87,1.193,-197.378,-188.696,2859000000.0,0.0,43.4,2.152,2.129,1967000000.0,6888000000.0,7705000000.0,7705000000.0,0.0,-0.004,-0.006,-0.011,-0.013,124000000.0,1161000000.0,1.0,382022766.0,378000000.0,381000000.0,20.384,10314000000.0,13000000.0,-118000000.0,677000000.0,27.286,4814000000.0
13,NOV,MRT,2018-03-31,2018-03-31,2018-03-31,2021-09-24,-1061000000.0,20010000000.0,20509250000.0,7186000000.0,12824000000.0,0.359,37.353,-189000000.0,1236000000.0,1236000000.0,6388000000.0,-182000000.0,3.371,0.416,2713000000.0,6000000.0,2707000000.0,2713000000.0,0.0,696000000.0,0.0,0.005,0.2,-222000000.0,474000000.0,0.064,474000000.0,-222000000.0,-323000000.0,-0.49,-0.49,-0.49,14082000000.0,14053250000.0,14082000000.0,15268089266.0,-69.0,32.211,403000000.0,1.069,1.0,970000000.0,0.132,9432000000.0,101000000.0,9923000000.0,9929000000.0,3146000000.0,312000000.0,0.0,312000000.0,5859000000.0,2132000000.0,3727000000.0,13993089266.0,-243000000.0,-116000000.0,0.0,-504000000.0,-76000000.0,-600000000.0,-264000000.0,0.0,592000000.0,29000000.0,-183000000.0,-183000000.0,-183000000.0,0.0,1000000.0,-0.025,1151000000.0,-181000000.0,528000000.0,-0.408,0.994,-76.465,-75.122,2926000000.0,0.0,36.81,1.902,1.886,2102000000.0,6883000000.0,7358000000.0,7358000000.0,0.0,-0.009,-0.013,-0.022,-0.03,124000000.0,1151000000.0,1.0,380143691.0,377000000.0,377000000.0,19.517,10578000000.0,13000000.0,-140000000.0,720000000.0,28.058,5054000000.0
14,NOV,MRT,2017-12-31,2017-12-31,2017-12-31,2021-09-24,-1110000000.0,20206000000.0,20732750000.0,7217000000.0,12989000000.0,0.352,37.385,-192000000.0,1437000000.0,1437000000.0,6412000000.0,-236000000.0,3.066,0.429,2712000000.0,6000000.0,2706000000.0,2712000000.0,0.0,698000000.0,0.0,0.006,0.2,-291000000.0,407000000.0,0.056,407000000.0,-291000000.0,-393000000.0,-0.63,-0.63,-0.63,14094000000.0,14013000000.0,14094000000.0,15179760240.0,-52.0,37.297,640000000.0,1.698,1.0,892000000.0,0.122,9528000000.0,102000000.0,9599000000.0,10011750000.0,3003000000.0,309000000.0,0.0,309000000.0,6046000000.0,2354000000.0,3692000000.0,13688760240.0,29000000.0,-86000000.0,0.0,-506000000.0,-76000000.0,-595000000.0,-245000000.0,0.0,832000000.0,37000000.0,-237000000.0,-237000000.0,-237000000.0,0.0,1000000.0,-0.032,1169000000.0,-277000000.0,510000000.0,-0.317,0.971,-57.758,-57.175,3002000000.0,0.0,36.02,1.874,1.859,2015000000.0,6966000000.0,7304000000.0,7304000000.0,0.0,-0.011,-0.017,-0.029,-0.04,124000000.0,1169000000.0,1.0,380032211.0,377000000.0,377000000.0,19.374,10678000000.0,13000000.0,-156000000.0,758000000.0,28.324,4863000000.0
15,NOV,MRT,2017-09-30,2017-09-30,2017-09-30,2021-09-24,-1109000000.0,20934000000.0,20966250000.0,7825000000.0,13109000000.0,0.335,37.358,-190000000.0,1722000000.0,1722000000.0,6761000000.0,-938000000.0,2.753,0.482,3213000000.0,506000000.0,2707000000.0,3213000000.0,288000000.0,697000000.0,0.0,0.006,0.2,-966000000.0,-269000000.0,-0.038,-269000000.0,-966000000.0,-1068000000.0,-2.47,-2.47,-2.47,14084000000.0,13974500000.0,14084000000.0,15262776248.0,-16.0,-56.739,474000000.0,1.257,1.0,266000000.0,0.038,9542000000.0,102000000.0,10041000000.0,10187500000.0,3219000000.0,309000000.0,0.0,309000000.0,6783000000.0,2842000000.0,3941000000.0,13578776248.0,212000000.0,-255000000.0,0.0,-7000000.0,-76000000.0,-77000000.0,-395000000.0,0.0,664000000.0,20000000.0,-937000000.0,-937000000.0,-937000000.0,0.0,-1000000.0,-0.133,1198000000.0,-932000000.0,447000000.0,-0.081,0.964,-14.492,-14.466,3031000000.0,0.0,35.73,1.932,1.917,2578000000.0,6999000000.0,7027000000.0,7027000000.0,0.0,-0.045,-0.067,-0.095,-0.137,114000000.0,1198000000.0,1.0,380038518.0,377000000.0,377000000.0,18.639,11392000000.0,71000000.0,-131000000.0,982000000.0,30.218,4983000000.0
16,NOV,MRT,2017-06-30,2017-06-30,2017-06-30,2021-09-24,-1258000000.0,20887000000.0,21281250000.0,7741000000.0,13146000000.0,0.321,37.011,-208000000.0,1530000000.0,1530000000.0,6778000000.0,-2275000000.0,2.715,0.492,3214000000.0,506000000.0,2708000000.0,3214000000.0,337000000.0,699000000.0,0.0,0.006,0.2,-2170000000.0,-1471000000.0,-0.215,-1471000000.0,-2170000000.0,-2271000000.0,-6.02,-6.02,-6.02,13953000000.0,14158000000.0,13953000000.0,14252570073.0,-7.0,-9.689,282000000.0,0.748,1.0,60000000.0,0.009,9567000000.0,101000000.0,10153000000.0,10588250000.0,3207000000.0,306000000.0,0.0,306000000.0,6865000000.0,2851000000.0,4014000000.0,12518570073.0,-131000000.0,-276000000.0,0.0,-118000000.0,-76000000.0,-182000000.0,-442000000.0,0.0,490000000.0,3000000.0,-2273000000.0,-2273000000.0,-2273000000.0,0.0,-2000000.0,-0.332,2171000000.0,-2111000000.0,448000000.0,-0.033,0.897,-5.508,-5.472,3052000000.0,0.0,32.94,1.831,1.816,2685000000.0,7044000000.0,6838000000.0,6838000000.0,0.0,-0.107,-0.161,-0.205,-0.317,114000000.0,1199000000.0,1.0,380041593.0,377000000.0,377000000.0,18.138,11320000000.0,70000000.0,2000000.0,1070000000.0,30.027,4890000000.0
17,NOV,MRT,2017-03-31,2017-03-31,2017-03-31,2021-09-24,-1356000000.0,20904000000.0,22005500000.0,7744000000.0,13160000000.0,0.309,37.024,-242000000.0,1479000000.0,1479000000.0,6939000000.0,-2418000000.0,2.715,0.497,3213000000.0,506000000.0,2707000000.0,3213000000.0,363000000.0,703000000.0,0.0,0.005,0.2,-2412000000.0,-1709000000.0,-0.251,-1709000000.0,-2412000000.0,-2517000000.0,-6.4,-6.4,-6.4,13921000000.0,14699250000.0,13921000000.0,16989176415.0,-7.0,-9.941,208000000.0,0.553,1.0,-136000000.0,-0.02,9532000000.0,105000000.0,10254000000.0,10990250000.0,3254000000.0,302000000.0,0.0,302000000.0,6919000000.0,2852000000.0,4067000000.0,15183176415.0,-280000000.0,-215000000.0,0.0,-218000000.0,-76000000.0,-293000000.0,-427000000.0,0.0,450000000.0,-10000000.0,-2415000000.0,-2415000000.0,-2415000000.0,0.0,-3000000.0,-0.355,2183000000.0,-2319000000.0,388000000.0,-0.031,1.091,-6.287,-6.264,3108000000.0,0.0,40.09,2.232,2.216,2631000000.0,7138000000.0,6803000000.0,6803000000.0,0.0,-0.11,-0.164,-0.219,-0.355,114000000.0,1211000000.0,1.0,378727274.0,376000000.0,376000000.0,18.093,11372000000.0,87000000.0,-102000000.0,1126000000.0,30.245,4892000000.0
18,NOV,MRT,2016-12-31,2016-12-31,2016-12-31,2021-09-24,-1452000000.0,21140000000.0,22968000000.0,7876000000.0,13264000000.0,0.316,37.074,-284000000.0,1408000000.0,1408000000.0,7352000000.0,-2416000000.0,2.585,0.512,3214000000.0,506000000.0,2708000000.0,3214000000.0,440000000.0,703000000.0,0.0,0.016,0.61,-2514000000.0,-1811000000.0,-0.25,-1811000000.0,-2514000000.0,-2619000000.0,-6.41,-6.41,-6.41,13940000000.0,15307750000.0,13940000000.0,15846474808.0,-6.0,-8.75,676000000.0,1.798,1.0,-101000000.0,-0.014,9597000000.0,105000000.0,10302000000.0,11460750000.0,3325000000.0,307000000.0,0.0,307000000.0,7137000000.0,3047000000.0,4090000000.0,14140474808.0,-672000000.0,-230000000.0,0.0,-900000000.0,-230000000.0,-1141000000.0,-488000000.0,0.0,960000000.0,-3000000.0,-2412000000.0,-2412000000.0,-2412000000.0,0.0,-4000000.0,-0.333,2310000000.0,-2411000000.0,414000000.0,-0.095,1.014,-5.863,-5.841,3150000000.0,0.0,37.44,1.95,1.941,2748000000.0,7285000000.0,7251000000.0,7251000000.0,0.0,-0.105,-0.158,-0.219,-0.347,114000000.0,1338000000.0,1.0,377683622.0,376000000.0,376000000.0,19.285,11543000000.0,86000000.0,-207000000.0,1183000000.0,30.699,4829000000.0
19,NOV,MRT,2016-09-30,2016-09-30,2016-09-30,2021-09-24,-1283000000.0,22194000000.0,24175500000.0,8711000000.0,13483000000.0,0.343,39.41,-342000000.0,1510000000.0,1510000000.0,7535000000.0,-3221000000.0,3.331,0.493,3216000000.0,6000000.0,3210000000.0,3216000000.0,550000000.0,712000000.0,0.0,0.028,1.02,-3385000000.0,-2673000000.0,-0.323,-2673000000.0,-3385000000.0,-3492000000.0,-8.43,-8.43,-8.43,14818000000.0,15918500000.0,14818000000.0,15493174660.0,-5.0,-5.796,1079000000.0,2.87,1.0,746000000.0,0.09,9641000000.0,107000000.0,11644000000.0,12138250000.0,4161000000.0,311000000.0,0.0,311000000.0,7306000000.0,2615000000.0,4691000000.0,13874174660.0,-336000000.0,-76000000.0,-6000000.0,-950000000.0,-384000000.0,-1340000000.0,-413000000.0,0.0,1421000000.0,-4000000.0,-3221000000.0,-3221000000.0,-3221000000.0,0.0,0.0,-0.389,4023000000.0,-3277000000.0,396000000.0,-0.121,0.936,-4.307,-4.358,3261000000.0,0.0,36.74,1.675,1.668,2573000000.0,8018000000.0,8281000000.0,8281000000.0,0.0,-0.133,-0.202,-0.279,-0.409,110000000.0,1417000000.0,1.0,377631319.0,376000000.0,376000000.0,22.024,12553000000.0,135000000.0,-271000000.0,1190000000.0,33.386,6096000000.0
20,NOV,MRT,2016-06-30,2016-06-30,2016-06-30,2021-09-24,-1325000000.0,23784000000.0,26034000000.0,9204000000.0,14580000000.0,0.382,42.981,-380000000.0,1661000000.0,1661000000.0,8602000000.0,-1701000000.0,3.123,0.471,3280000000.0,12000000.0,3268000000.0,3280000000.0,653000000.0,720000000.0,0.0,0.042,1.43,-1953000000.0,-1233000000.0,-0.124,-1233000000.0,-1953000000.0,-2059000000.0,-4.4,-4.4,-4.4,16118000000.0,16745500000.0,16118000000.0,14308100833.0,-7.0,-11.604,1393000000.0,3.715,1.0,1339000000.0,0.135,10695000000.0,106000000.0,11761000000.0,12732250000.0,4287000000.0,314000000.0,0.0,314000000.0,7598000000.0,2947000000.0,4651000000.0,12688100833.0,-883000000.0,-78000000.0,-449000000.0,-1162000000.0,-539000000.0,-2156000000.0,-436000000.0,0.0,1773000000.0,-64000000.0,-1704000000.0,-1704000000.0,-1704000000.0,0.0,3000000.0,-0.171,3196000000.0,-1857000000.0,434000000.0,-0.325,0.787,-7.446,-7.648,3277000000.0,0.0,33.65,1.276,1.269,2834000000.0,9399000000.0,9941000000.0,9941000000.0,0.0,-0.065,-0.102,-0.153,-0.196,110000000.0,1507000000.0,1.0,377060946.0,375000000.0,375000000.0,26.509,13089000000.0,147000000.0,-355000000.0,1177000000.0,34.904,6257000000.0
21,NOV,MRT,2016-03-31,2016-03-31,2016-03-31,2021-09-24,-1308000000.0,24754000000.0,27894250000.0,10048000000.0,14706000000.0,0.435,43.613,-407000000.0,1759000000.0,1759000000.0,9967000000.0,-1198000000.0,2.925,0.509,3379000000.0,7000000.0,3372000000.0,3379000000.0,704000000.0,732000000.0,0.0,0.059,1.84,-1225000000.0,-493000000.0,-0.041,-493000000.0,-1225000000.0,-1327000000.0,-3.07,-3.08,-3.07,16355000000.0,17447750000.0,16355000000.0,13537409732.0,-11.0,-27.459,1432000000.0,3.819,1.0,2159000000.0,0.178,10803000000.0,102000000.0,12136000000.0,13429500000.0,4534000000.0,324000000.0,0.0,324000000.0,8321000000.0,3435000000.0,4886000000.0,11687409732.0,-1265000000.0,-84000000.0,-894000000.0,-1001000000.0,-698000000.0,-2588000000.0,-468000000.0,0.0,1839000000.0,-48000000.0,-1198000000.0,-1198000000.0,-1198000000.0,0.0,0.0,-0.099,3308000000.0,-1149000000.0,467000000.0,-0.599,0.715,-9.756,-10.13,3303000000.0,0.0,31.1,0.964,0.962,3252000000.0,9635000000.0,12126000000.0,12126000000.0,0.0,-0.043,-0.069,-0.091,-0.101,110000000.0,1619000000.0,1.0,375800956.0,375000000.0,375000000.0,32.336,13951000000.0,144000000.0,-129000000.0,1438000000.0,37.203,6613000000.0
22,NOV,MRT,2015-12-31,2015-12-31,2015-12-31,2021-09-24,-1553000000.0,25970000000.0,29811750000.0,11425000000.0,14545000000.0,0.495,42.333,-453000000.0,2080000000.0,2080000000.0,11694000000.0,-767000000.0,2.887,0.58,3909000000.0,2000000.0,3907000000.0,3909000000.0,785000000.0,747000000.0,0.0,0.055,1.84,-488000000.0,259000000.0,0.018,259000000.0,-488000000.0,-591000000.0,-1.99,-1.99,-1.99,16383000000.0,18118250000.0,16383000000.0,14720787325.0,-30.0,56.837,879000000.0,2.271,1.0,3063000000.0,0.208,10829000000.0,103000000.0,13012000000.0,13940250000.0,4678000000.0,327000000.0,0.0,327000000.0,9510000000.0,3958000000.0,5552000000.0,12583787325.0,-1456000000.0,-86000000.0,-2221000000.0,762000000.0,-710000000.0,-2163000000.0,-514000000.0,0.0,1332000000.0,-111000000.0,-769000000.0,-769000000.0,-769000000.0,0.0,2000000.0,-0.052,3453000000.0,-390000000.0,623000000.0,-0.925,0.768,-16.364,-16.829,3124000000.0,0.0,33.49,0.853,0.878,4176000000.0,9927000000.0,14757000000.0,14757000000.0,0.0,-0.026,-0.042,-0.035,-0.033,110000000.0,1764000000.0,1.0,375747606.0,387000000.0,387000000.0,38.132,15141000000.0,130000000.0,178000000.0,1626000000.0,39.124,7467000000.0
23,NOV,MRT,2015-09-30,2015-09-30,2015-09-30,2021-09-24,-1477000000.0,29628000000.0,31709750000.0,12933000000.0,16695000000.0,0.56,47.7,-563000000.0,1846000000.0,1846000000.0,13499000000.0,1352000000.0,2.49,0.63,3983000000.0,2000000.0,3981000000.0,3983000000.0,1180000000.0,763000000.0,0.0,0.049,1.84,2014000000.0,2777000000.0,0.157,2777000000.0,2014000000.0,1912000000.0,3.31,3.3,3.31,18126000000.0,19195500000.0,18126000000.0,16211397969.0,8.0,5.838,891000000.0,2.345,1.0,4245000000.0,0.239,12552000000.0,102000000.0,14020000000.0,13896000000.0,5172000000.0,331000000.0,0.0,331000000.0,11422000000.0,5193000000.0,6229000000.0,14450397969.0,-2245000000.0,-180000000.0,-2993000000.0,835000000.0,-733000000.0,-2889000000.0,-685000000.0,0.0,1454000000.0,-125000000.0,1349000000.0,1349000000.0,1349000000.0,0.0,3000000.0,0.076,2090000000.0,2155000000.0,731000000.0,0.556,0.797,10.712,11.375,3122000000.0,0.0,37.65,0.814,0.806,4994000000.0,13398000000.0,17744000000.0,17744000000.0,0.0,0.043,0.07,0.145,0.114,86000000.0,1931000000.0,1.0,383808711.0,380000000.0,381000000.0,46.695,17076000000.0,911000000.0,563000000.0,2296000000.0,44.937,7740000000.0
24,NOV,MRT,2015-06-30,2015-06-30,2015-06-30,2021-09-24,-1119000000.0,31225000000.0,32870250000.0,14167000000.0,17058000000.0,0.609,48.907,-633000000.0,2544000000.0,2544000000.0,14924000000.0,1897000000.0,2.498,0.646,4305000000.0,151000000.0,4154000000.0,4305000000.0,1269000000.0,777000000.0,0.0,0.038,1.84,2807000000.0,3584000000.0,0.179,3584000000.0,2807000000.0,2703000000.0,4.53,4.51,4.53,18927000000.0,20044750000.0,18927000000.0,19947264047.0,7.0,5.566,930000000.0,2.403,1.0,5101000000.0,0.255,12764000000.0,104000000.0,14550000000.0,13594750000.0,5394000000.0,327000000.0,0.0,327000000.0,12220000000.0,5672000000.0,6548000000.0,18726264047.0,-1341000000.0,-233000000.0,-2477000000.0,1157000000.0,-757000000.0,-2077000000.0,-722000000.0,0.0,1563000000.0,-105000000.0,1893000000.0,1893000000.0,1893000000.0,0.0,4000000.0,0.095,2192000000.0,2909000000.0,847000000.0,0.406,0.989,9.892,10.658,3250000000.0,0.0,48.28,0.935,0.933,5286000000.0,13417000000.0,20025000000.0,20025000000.0,0.0,0.058,0.094,0.206,0.14,86000000.0,2088000000.0,1.0,387867938.0,387000000.0,388000000.0,51.744,18461000000.0,916000000.0,810000000.0,2353000000.0,47.703,8495000000.0
25,NOV,MRT,2015-03-31,2015-03-31,2015-03-31,2021-09-24,-1318000000.0,32424000000.0,33520750000.0,15299000000.0,17125000000.0,0.638,46.774,-704000000.0,3024000000.0,3024000000.0,15670000000.0,2231000000.0,2.295,0.699,4245000000.0,151000000.0,4094000000.0,4245000000.0,1497000000.0,777000000.0,0.0,0.037,1.84,3317000000.0,4094000000.0,0.192,4094000000.0,3317000000.0,3212000000.0,5.23,5.21,5.23,19037000000.0,20646000000.0,19037000000.0,20122654449.0,6.0,4.915,1536000000.0,3.774,1.0,5701000000.0,0.267,12799000000.0,105000000.0,14179000000.0,13139000000.0,5378000000.0,360000000.0,0.0,360000000.0,13302000000.0,6667000000.0,6635000000.0,20492654449.0,-664000000.0,-312000000.0,-2003000000.0,1098000000.0,-777000000.0,-1674000000.0,-1127000000.0,-253000000.0,2240000000.0,-103000000.0,2223000000.0,2223000000.0,2223000000.0,-11000000.0,8000000.0,0.104,2317000000.0,3384000000.0,988000000.0,0.352,1.076,9.218,9.558,3216000000.0,0.0,49.99,0.959,0.952,5950000000.0,13306000000.0,21371000000.0,21371000000.0,0.0,0.066,0.108,0.252,0.155,86000000.0,2213000000.0,1.0,409935076.0,407000000.0,409000000.0,52.509,19625000000.0,937000000.0,989000000.0,2745000000.0,48.219,8632000000.0
26,NOV,MRT,2014-12-31,2014-12-31,2014-12-31,2021-09-24,-834000000.0,33562000000.0,34284750000.0,16162000000.0,17400000000.0,0.625,48.346,-699000000.0,3536000000.0,3536000000.0,15631000000.0,2507000000.0,2.192,0.618,3166000000.0,152000000.0,3014000000.0,3166000000.0,1775000000.0,778000000.0,0.0,0.025,1.64,3646000000.0,4424000000.0,0.206,4424000000.0,3646000000.0,3541000000.0,5.85,5.82,5.85,20692000000.0,21561000000.0,20692000000.0,27270498427.0,7.0,6.164,1915000000.0,4.474,1.0,5809000000.0,0.271,12983000000.0,105000000.0,12835000000.0,13098000000.0,5281000000.0,362000000.0,0.0,362000000.0,12790000000.0,7374000000.0,5416000000.0,28215498427.0,100000000.0,-291000000.0,-671000000.0,18000000.0,-703000000.0,-1343000000.0,-1104000000.0,-253000000.0,2614000000.0,-67000000.0,2502000000.0,2502000000.0,2502000000.0,-52000000.0,5000000.0,0.117,2196000000.0,3613000000.0,1189000000.0,0.28,1.364,11.277,11.202,3362000000.0,0.0,65.53,1.316,1.308,6294000000.0,13181000000.0,21440000000.0,21440000000.0,0.0,0.073,0.116,0.278,0.17,86000000.0,2092000000.0,1.0,430573759.0,428000000.0,430000000.0,50.093,20579000000.0,950000000.0,1039000000.0,2712000000.0,48.082,8788000000.0
27,NOV,MRT,2014-09-30,2014-09-30,2014-09-30,2021-09-24,-362000000.0,34270000000.0,34597250000.0,16670000000.0,17600000000.0,0.608,50.17,-648000000.0,4091000000.0,4091000000.0,15356000000.0,2571000000.0,2.315,0.588,3146000000.0,151000000.0,2995000000.0,3146000000.0,1809000000.0,774000000.0,0.0,0.019,1.44,3734000000.0,4508000000.0,0.214,4508000000.0,3734000000.0,3628000000.0,6.0,5.97,6.0,21523000000.0,21945500000.0,21523000000.0,32004161189.0,9.0,7.099,2748000000.0,6.406,1.0,5677000000.0,0.27,13309000000.0,106000000.0,12815000000.0,13325250000.0,5464000000.0,356000000.0,0.0,356000000.0,12651000000.0,7201000000.0,5450000000.0,32741161189.0,1350000000.0,-181000000.0,140000000.0,-601000000.0,-618000000.0,-1061000000.0,-949000000.0,-253000000.0,3396000000.0,-36000000.0,2565000000.0,2565000000.0,2565000000.0,-83000000.0,6000000.0,0.122,2068000000.0,3609000000.0,1259000000.0,0.24,1.521,12.765,12.683,3377000000.0,0.0,76.1,1.557,1.552,6097000000.0,12782000000.0,21033000000.0,21033000000.0,0.0,0.074,0.117,0.28,0.178,72000000.0,2068000000.0,1.0,430238649.0,429000000.0,431000000.0,49.028,20961000000.0,832000000.0,1063000000.0,2760000000.0,48.86,9469000000.0
28,NOV,MRT,2014-06-30,2014-06-30,2014-06-30,2021-09-24,48000000.0,33827000000.0,34698000000.0,16003000000.0,17824000000.0,0.585,49.841,-630000000.0,3885000000.0,3885000000.0,14800000000.0,2506000000.0,2.314,0.582,3148000000.0,0.0,3148000000.0,3148000000.0,2176000000.0,763000000.0,0.0,0.015,1.24,3651000000.0,4414000000.0,0.217,4414000000.0,3651000000.0,3545000000.0,5.86,5.84,5.86,21332000000.0,21971500000.0,21332000000.0,34793088142.0,10.0,7.882,3256000000.0,7.607,1.0,5509000000.0,0.271,13448000000.0,106000000.0,12727000000.0,13908500000.0,5198000000.0,351000000.0,0.0,351000000.0,12409000000.0,6915000000.0,5494000000.0,35332088142.0,1558000000.0,-109000000.0,80000000.0,-970000000.0,-531000000.0,-1396000000.0,-954000000.0,-253000000.0,3886000000.0,22000000.0,2502000000.0,2502000000.0,2502000000.0,-121000000.0,4000000.0,0.123,2004000000.0,3505000000.0,1178000000.0,0.212,1.656,14.122,14.053,3440000000.0,0.0,82.35,1.74,1.735,5994000000.0,12281000000.0,20309000000.0,20309000000.0,0.0,0.072,0.114,0.263,0.18,72000000.0,2004000000.0,1.0,429047822.0,428000000.0,430000000.0,47.451,20379000000.0,803000000.0,1043000000.0,2706000000.0,47.614,9088000000.0
29,NOV,MRT,2014-03-31,2014-03-31,2014-03-31,2021-09-24,-41000000.0,35480000000.0,34639500000.0,17211000000.0,18269000000.0,0.57,53.03,-571000000.0,3688000000.0,3688000000.0,14507000000.0,2417000000.0,2.425,0.559,3149000000.0,0.0,3149000000.0,3149000000.0,2079000000.0,755000000.0,0.0,0.013,1.04,3500000000.0,4255000000.0,0.216,4255000000.0,3500000000.0,3391000000.0,5.66,5.64,5.66,22697000000.0,21853250000.0,22697000000.0,33083333481.0,9.0,7.775,2808000000.0,6.561,1.0,5227000000.0,0.265,13828000000.0,109000000.0,14015000000.0,14593000000.0,5659000000.0,402000000.0,0.0,402000000.0,12688000000.0,7098000000.0,5590000000.0,33369333481.0,1247000000.0,-24000000.0,58000000.0,-1201000000.0,-444000000.0,-1572000000.0,-555000000.0,0.0,3379000000.0,-5000000.0,2414000000.0,2414000000.0,2414000000.0,-147000000.0,3000000.0,0.122,1922000000.0,3305000000.0,1391000000.0,0.184,1.47,13.823,13.758,3437000000.0,0.0,77.87,1.691,1.689,6830000000.0,13801000000.0,19734000000.0,19734000000.0,0.0,0.07,0.11,0.24,0.177,72000000.0,1922000000.0,1.0,428526178.0,428000000.0,429000000.0,46.107,21652000000.0,804000000.0,977000000.0,2999000000.0,50.589,10113000000.0
30,NOV,MRT,2013-12-31,2013-12-31,2013-12-31,2021-09-24,-4000000.0,34812000000.0,34158500000.0,16423000000.0,18389000000.0,0.563,52.183,-614000000.0,3436000000.0,3436000000.0,14117000000.0,2328000000.0,2.459,0.561,3150000000.0,1000000.0,3149000000.0,3150000000.0,1771000000.0,738000000.0,0.0,0.011,0.91,3381000000.0,4119000000.0,0.214,4119000000.0,3381000000.0,3270000000.0,5.46,5.44,5.46,22230000000.0,21316250000.0,22230000000.0,35054807952.0,10.0,8.511,2783000000.0,6.533,1.0,5104000000.0,0.266,14104000000.0,111000000.0,13744000000.0,14967750000.0,5603000000.0,390000000.0,0.0,390000000.0,12482000000.0,6678000000.0,5804000000.0,34046807952.0,117000000.0,-2397000000.0,58000000.0,0.0,-389000000.0,-305000000.0,-2964000000.0,0.0,3397000000.0,-11000000.0,2327000000.0,2327000000.0,2327000000.0,-147000000.0,1000000.0,0.121,1905000000.0,3199000000.0,1275000000.0,0.167,1.532,14.631,14.566,3408000000.0,0.0,79.53,1.771,1.763,6435000000.0,13323000000.0,19221000000.0,19221000000.0,0.0,0.068,0.109,0.226,0.176,72000000.0,1905000000.0,1.0,428100188.0,426000000.0,428000000.0,45.12,20708000000.0,745000000.0,943000000.0,3160000000.0,48.61,9745000000.0
31,NOV,MRT,2013-09-30,2013-09-30,2013-09-30,2021-09-24,1000000.0,34673000000.0,33326500000.0,16255000000.0,18418000000.0,0.531,50.768,-621000000.0,2741000000.0,2741000000.0,12793000000.0,2335000000.0,2.573,0.599,3749000000.0,0.0,3749000000.0,3749000000.0,1553000000.0,697000000.0,0.0,0.01,0.78,3293000000.0,3990000000.0,0.226,3990000000.0,3293000000.0,3188000000.0,5.49,5.45,5.49,21627000000.0,20818500000.0,21627000000.0,35186456053.0,11.0,8.819,2058000000.0,4.831,1.0,4895000000.0,0.277,14216000000.0,105000000.0,15148000000.0,14969250000.0,6078000000.0,373000000.0,0.0,373000000.0,12948000000.0,6317000000.0,6631000000.0,33393456053.0,1039000000.0,-1859000000.0,27000000.0,2221000000.0,-334000000.0,1941000000.0,-3577000000.0,0.0,2679000000.0,-4000000.0,2337000000.0,2337000000.0,2337000000.0,-183000000.0,-2000000.0,0.132,1812000000.0,3083000000.0,1312000000.0,0.142,1.544,14.289,14.228,3333000000.0,0.0,78.11,1.888,1.881,6441000000.0,12776000000.0,17688000000.0,17688000000.0,0.0,0.07,0.112,0.22,0.186,55000000.0,1812000000.0,1.0,427518321.0,426000000.0,428000000.0,41.521,20457000000.0,742000000.0,851000000.0,3038000000.0,48.021,9938000000.0
32,NOV,MRT,2013-06-30,2013-06-30,2013-06-30,2021-09-24,-201000000.0,33593000000.0,31823750000.0,15221000000.0,18372000000.0,0.57,48.965,-600000000.0,2327000000.0,2327000000.0,13238000000.0,2308000000.0,2.709,0.606,4120000000.0,0.0,4120000000.0,4120000000.0,1159000000.0,667000000.0,0.0,0.009,0.64,3256000000.0,3923000000.0,0.216,3923000000.0,3256000000.0,3166000000.0,5.44,5.39,5.44,20859000000.0,20305250000.0,20859000000.0,31347677160.0,10.0,7.991,1207000000.0,2.833,1.0,4906000000.0,0.27,14302000000.0,90000000.0,15465000000.0,14041500000.0,6083000000.0,357000000.0,0.0,357000000.0,12642000000.0,5619000000.0,7023000000.0,29439677160.0,410000000.0,-2143000000.0,32000000.0,2671000000.0,-274000000.0,2456000000.0,-3842000000.0,0.0,1807000000.0,-11000000.0,2313000000.0,2313000000.0,2313000000.0,-145000000.0,-5000000.0,0.127,1809000000.0,3097000000.0,1232000000.0,0.118,1.411,12.728,12.665,3210000000.0,0.0,68.9,1.623,1.618,5872000000.0,12251000000.0,18144000000.0,18144000000.0,0.0,0.073,0.114,0.232,0.179,55000000.0,1809000000.0,1.0,427281236.0,426000000.0,428000000.0,42.592,19291000000.0,755000000.0,853000000.0,3005000000.0,45.284,9602000000.0
33,NOV,MRT,2013-03-31,2013-03-31,2013-03-31,2021-09-24,-58000000.0,33556000000.0,30383750000.0,14994000000.0,18562000000.0,0.599,48.237,-624000000.0,2441000000.0,2441000000.0,13159000000.0,2379000000.0,2.704,0.627,4349000000.0,0.0,4349000000.0,4349000000.0,1093000000.0,642000000.0,0.0,0.007,0.5,3376000000.0,4018000000.0,0.221,4018000000.0,3376000000.0,3307000000.0,5.61,5.57,5.61,20549000000.0,19795500000.0,20549000000.0,30014764435.0,9.0,7.47,566000000.0,1.329,1.0,5039000000.0,0.277,14404000000.0,69000000.0,15514000000.0,12538750000.0,6135000000.0,410000000.0,0.0,410000000.0,12877000000.0,5546000000.0,7331000000.0,30184764435.0,-949000000.0,-4084000000.0,30000000.0,3839000000.0,-214000000.0,3687000000.0,-5803000000.0,0.0,1190000000.0,-23000000.0,2387000000.0,2387000000.0,2387000000.0,-108000000.0,-8000000.0,0.131,1776000000.0,3263000000.0,1283000000.0,0.089,1.469,12.645,12.611,3215000000.0,0.0,70.75,1.659,1.656,5612000000.0,11831000000.0,18198000000.0,18198000000.0,0.0,0.079,0.121,0.269,0.186,55000000.0,1776000000.0,1.0,426639780.0,426000000.0,428000000.0,42.718,19152000000.0,727000000.0,920000000.0,3245000000.0,44.958,9448000000.0
34,NOV,MRT,2012-12-31,2012-12-31,2012-12-31,2021-09-24,107000000.0,31484000000.0,28566500000.0,15678000000.0,15806000000.0,0.602,47.621,-569000000.0,3319000000.0,3319000000.0,12151000000.0,2483000000.0,2.775,0.55,3149000000.0,1000000.0,3148000000.0,3149000000.0,1189000000.0,616000000.0,0.0,0.007,0.49,3505000000.0,4121000000.0,0.24,4121000000.0,3505000000.0,3456000000.0,5.86,5.83,5.86,20239000000.0,19262250000.0,20239000000.0,29005986414.0,8.0,7.039,51000000.0,0.12,1.0,5043000000.0,0.293,11915000000.0,49000000.0,13750000000.0,10598250000.0,5891000000.0,393000000.0,0.0,393000000.0,11128000000.0,5649000000.0,5479000000.0,29178986414.0,-216000000.0,-1767000000.0,113000000.0,2638000000.0,-209000000.0,2583000000.0,-3428000000.0,0.0,620000000.0,9000000.0,2491000000.0,2491000000.0,2491000000.0,-108000000.0,-8000000.0,0.145,1654000000.0,3389000000.0,1200000000.0,0.084,1.442,11.714,11.664,2945000000.0,0.0,68.35,1.697,1.689,5545000000.0,11385000000.0,17194000000.0,17194000000.0,0.0,0.087,0.129,0.331,0.204,55000000.0,1654000000.0,1.0,426905434.0,425000000.0,427000000.0,40.456,19569000000.0,762000000.0,965000000.0,2685000000.0,46.045,10029000000.0
35,NOV,MRT,2012-09-30,2012-09-30,2012-09-30,2021-09-24,79000000.0,28662000000.0,27074250000.0,13667000000.0,14995000000.0,0.688,46.056,-548000000.0,1702000000.0,1702000000.0,13396000000.0,2388000000.0,2.406,0.459,1529000000.0,354000000.0,1175000000.0,1529000000.0,1037000000.0,604000000.0,0.0,0.006,0.48,3523000000.0,4127000000.0,0.222,4127000000.0,3523000000.0,3486000000.0,5.65,5.62,5.65,19574000000.0,18607250000.0,19574000000.0,33691684765.0,10.0,8.164,-106000000.0,-0.249,1.0,5219000000.0,0.28,11371000000.0,37000000.0,11437000000.0,8873250000.0,5989000000.0,370000000.0,0.0,370000000.0,8979000000.0,5681000000.0,3298000000.0,34160684765.0,-2168000000.0,-3028000000.0,113000000.0,999000000.0,-204000000.0,939000000.0,-3545000000.0,0.0,442000000.0,-4000000.0,2397000000.0,2397000000.0,2397000000.0,0.0,-9000000.0,0.129,1717000000.0,3502000000.0,1365000000.0,0.085,1.745,14.251,14.179,2818000000.0,0.0,80.11,1.835,1.829,5098000000.0,10773000000.0,18615000000.0,18615000000.0,0.0,0.089,0.129,0.397,0.189,51000000.0,1717000000.0,1.0,426422229.0,425000000.0,427000000.0,43.8,17291000000.0,606000000.0,1089000000.0,2364000000.0,40.685,7986000000.0
36,NOV,MRT,2012-06-30,2012-06-30,2012-06-30,2021-09-24,-69000000.0,27833000000.0,26044750000.0,13014000000.0,14819000000.0,0.654,44.282,-544000000.0,1917000000.0,1917000000.0,12024000000.0,2307000000.0,2.008,0.473,1448000000.0,1289000000.0,159000000.0,1448000000.0,1075000000.0,587000000.0,0.0,0.007,0.47,3427000000.0,4014000000.0,0.236,4014000000.0,3427000000.0,3393000000.0,5.47,5.44,5.47,18820000000.0,17997250000.0,18820000000.0,24585221267.0,7.0,6.125,395000000.0,0.929,1.0,5012000000.0,0.294,11429000000.0,34000000.0,9454000000.0,7640250000.0,5501000000.0,365000000.0,0.0,365000000.0,8902000000.0,6481000000.0,2421000000.0,27465221267.0,-1523000000.0,-2793000000.0,118000000.0,918000000.0,-200000000.0,869000000.0,-3284000000.0,0.0,939000000.0,-47000000.0,2317000000.0,2317000000.0,2317000000.0,0.0,-10000000.0,0.136,1636000000.0,3376000000.0,1265000000.0,0.086,1.459,11.854,11.781,2700000000.0,0.0,64.44,1.612,1.608,4813000000.0,10212000000.0,17036000000.0,17036000000.0,0.0,0.089,0.129,0.449,0.201,51000000.0,1636000000.0,1.0,426213862.0,425000000.0,427000000.0,40.085,16404000000.0,522000000.0,1076000000.0,2366000000.0,38.598,6533000000.0
37,NOV,MRT,2012-03-31,2012-03-31,2012-03-31,2021-09-24,104000000.0,26287000000.0,25025500000.0,12836000000.0,13451000000.0,0.632,43.537,-517000000.0,3390000000.0,3390000000.0,11026000000.0,2185000000.0,2.357,0.422,510000000.0,351000000.0,159000000.0,510000000.0,965000000.0,568000000.0,0.0,0.006,0.46,3244000000.0,3812000000.0,0.241,3812000000.0,3244000000.0,3210000000.0,5.19,5.15,5.19,18416000000.0,17489750000.0,18416000000.0,30688120300.0,9.0,8.05,1587000000.0,3.752,1.0,4789000000.0,0.303,10210000000.0,34000000.0,7752000000.0,6918500000.0,4528000000.0,409000000.0,0.0,409000000.0,7767000000.0,5445000000.0,2322000000.0,33713120300.0,330000000.0,-1045000000.0,126000000.0,-222000000.0,-196000000.0,-262000000.0,-1495000000.0,0.0,2104000000.0,-17000000.0,2193000000.0,2193000000.0,2193000000.0,0.0,-8000000.0,0.139,1584000000.0,3205000000.0,1009000000.0,0.089,1.831,15.373,15.312,2531000000.0,0.0,79.47,2.132,2.126,4140000000.0,9658000000.0,15815000000.0,15815000000.0,0.0,0.088,0.125,0.469,0.205,51000000.0,1584000000.0,1.0,424224491.0,423000000.0,426000000.0,37.388,16077000000.0,556000000.0,1017000000.0,2795000000.0,38.007,7391000000.0
38,NOV,MRT,2011-12-31,2011-12-31,2011-12-31,2021-09-24,-23000000.0,25515000000.0,24242750000.0,12110000000.0,13405000000.0,0.605,41.751,-483000000.0,3535000000.0,3535000000.0,10161000000.0,1985000000.0,2.236,0.442,510000000.0,351000000.0,159000000.0,510000000.0,865000000.0,555000000.0,0.0,0.007,0.45,2971000000.0,3526000000.0,0.241,3526000000.0,2971000000.0,2931000000.0,4.73,4.7,4.73,17619000000.0,16958000000.0,17619000000.0,25459058714.0,9.0,7.22,1660000000.0,3.934,1.0,4497000000.0,0.307,10224000000.0,40000000.0,6850000000.0,6666750000.0,4030000000.0,391000000.0,0.0,391000000.0,7787000000.0,5416000000.0,2371000000.0,28817058714.0,202000000.0,-1038000000.0,96000000.0,-391000000.0,-191000000.0,-464000000.0,-1458000000.0,0.0,2143000000.0,-19000000.0,1994000000.0,1994000000.0,1994000000.0,0.0,-9000000.0,0.136,1560000000.0,2937000000.0,901000000.0,0.095,1.636,14.452,14.374,2445000000.0,0.0,67.99,1.966,1.957,3884000000.0,9103000000.0,14658000000.0,14658000000.0,0.0,0.082,0.118,0.446,0.203,51000000.0,1560000000.0,1.0,423842605.0,422000000.0,424000000.0,34.735,15291000000.0,603000000.0,937000000.0,2775000000.0,36.235,6694000000.0
39,NOV,MRT,2011-09-30,2011-09-30,2011-09-30,2021-09-24,37000000.0,24544000000.0,23626500000.0,12038000000.0,12506000000.0,0.574,40.602,-409000000.0,3870000000.0,3870000000.0,9352000000.0,1849000000.0,2.538,0.426,512000000.0,2000000.0,510000000.0,512000000.0,1117000000.0,542000000.0,0.0,0.009,0.44,2756000000.0,3298000000.0,0.243,3298000000.0,2756000000.0,2713000000.0,4.42,4.39,4.42,17134000000.0,16490250000.0,17134000000.0,18773768567.0,7.0,5.692,1919000000.0,4.547,1.0,4219000000.0,0.311,9937000000.0,43000000.0,6505000000.0,6498000000.0,3907000000.0,371000000.0,0.0,371000000.0,7305000000.0,4744000000.0,2561000000.0,21700768567.0,800000000.0,-802000000.0,167000000.0,-376000000.0,-186000000.0,-377000000.0,-1149000000.0,0.0,2328000000.0,-2000000.0,1860000000.0,1860000000.0,1860000000.0,0.0,-11000000.0,0.137,1506000000.0,2713000000.0,802000000.0,0.1,1.267,11.667,11.588,1967000000.0,0.0,51.22,1.599,1.593,3640000000.0,8580000000.0,13571000000.0,13571000000.0,0.0,0.079,0.113,0.424,0.203,56000000.0,1506000000.0,1.0,423677637.0,422000000.0,425000000.0,32.159,14607000000.0,476000000.0,853000000.0,2445000000.0,34.614,7294000000.0
40,NOV,MRT,2011-06-30,2011-06-30,2011-06-30,2021-09-24,225000000.0,23756000000.0,23048250000.0,11226000000.0,12530000000.0,0.557,39.787,-346000000.0,3440000000.0,3440000000.0,8842000000.0,1725000000.0,2.641,0.408,513000000.0,2000000.0,511000000.0,513000000.0,778000000.0,529000000.0,0.0,0.005,0.43,2549000000.0,3078000000.0,0.24,3078000000.0,2549000000.0,2502000000.0,4.13,4.1,4.13,16790000000.0,16028250000.0,16790000000.0,30743869767.0,12.0,9.988,1801000000.0,4.268,1.0,4000000000.0,0.311,10012000000.0,47000000.0,6567000000.0,6561000000.0,3756000000.0,361000000.0,0.0,361000000.0,6851000000.0,4250000000.0,2601000000.0,33088869767.0,752000000.0,-753000000.0,136000000.0,-376000000.0,-181000000.0,-398000000.0,-1059000000.0,0.0,2147000000.0,62000000.0,1732000000.0,1732000000.0,1732000000.0,0.0,-7000000.0,0.135,1463000000.0,2537000000.0,745000000.0,0.104,1.971,19.104,18.937,1921000000.0,0.0,78.21,2.577,2.57,3348000000.0,8095000000.0,12842000000.0,12842000000.0,0.0,0.075,0.108,0.389,0.198,56000000.0,1463000000.0,1.0,423077225.0,422000000.0,425000000.0,30.431,13744000000.0,480000000.0,770000000.0,2361000000.0,32.569,6976000000.0
41,NOV,MRT,2011-03-31,2011-03-31,2011-03-31,2021-09-24,192000000.0,23156000000.0,22521250000.0,10739000000.0,12417000000.0,0.545,38.783,-280000000.0,3060000000.0,3060000000.0,8425000000.0,1644000000.0,2.599,0.415,715000000.0,203000000.0,512000000.0,715000000.0,571000000.0,515000000.0,0.0,0.005,0.42,2433000000.0,2948000000.0,0.24,2948000000.0,2433000000.0,2382000000.0,3.95,3.93,3.95,16289000000.0,15512750000.0,16289000000.0,30932286755.0,13.0,10.493,1142000000.0,2.719,1.0,3845000000.0,0.313,9934000000.0,51000000.0,6745000000.0,6527750000.0,3570000000.0,402000000.0,0.0,402000000.0,6755000000.0,4132000000.0,2623000000.0,33378286755.0,452000000.0,-561000000.0,126000000.0,-181000000.0,-176000000.0,-210000000.0,-801000000.0,0.0,1422000000.0,41000000.0,1652000000.0,1652000000.0,1652000000.0,0.0,-8000000.0,0.135,1426000000.0,2419000000.0,656000000.0,0.106,2.049,20.205,20.068,1861000000.0,0.0,79.27,2.72,2.713,3501000000.0,7661000000.0,12270000000.0,12270000000.0,0.0,0.073,0.106,0.373,0.198,56000000.0,1426000000.0,1.0,421070856.0,420000000.0,423000000.0,29.214,13222000000.0,455000000.0,730000000.0,2545000000.0,31.481,6607000000.0
42,NOV,MRT,2010-12-31,2010-12-31,2010-12-31,2021-09-24,91000000.0,23050000000.0,22098750000.0,10535000000.0,12515000000.0,0.55,37.765,-232000000.0,3333000000.0,3333000000.0,8324000000.0,1659000000.0,2.323,0.456,887000000.0,373000000.0,514000000.0,887000000.0,511000000.0,507000000.0,0.0,0.006,0.41,2455000000.0,2962000000.0,0.244,2962000000.0,2455000000.0,2405000000.0,3.99,3.98,3.99,15748000000.0,15057250000.0,15748000000.0,26020485896.0,11.0,8.785,1310000000.0,3.141,1.0,3832000000.0,0.315,9893000000.0,50000000.0,6175000000.0,6457250000.0,3388000000.0,386000000.0,0.0,386000000.0,7188000000.0,4536000000.0,2652000000.0,28220485896.0,711000000.0,-556000000.0,73000000.0,-13000000.0,-172000000.0,-102000000.0,-743000000.0,0.0,1542000000.0,14000000.0,1667000000.0,1667000000.0,1667000000.0,0.0,-8000000.0,0.137,1385000000.0,2447000000.0,628000000.0,0.103,1.792,16.929,16.855,1840000000.0,0.0,67.25,2.322,2.307,3240000000.0,7300000000.0,12156000000.0,12156000000.0,0.0,0.075,0.111,0.38,0.202,56000000.0,1385000000.0,1.0,419635478.0,417000000.0,419000000.0,29.151,13157000000.0,657000000.0,738000000.0,2804000000.0,31.552,5999000000.0
43,NOV,MRT,2010-09-30,2010-09-30,2010-09-30,2021-09-24,109000000.0,22231000000.0,21719250000.0,10326000000.0,11905000000.0,0.558,36.657,-204000000.0,3070000000.0,3070000000.0,8304000000.0,1613000000.0,2.667,0.447,870000000.0,354000000.0,516000000.0,870000000.0,293000000.0,504000000.0,0.0,0.031,1.4,2408000000.0,2912000000.0,0.24,2912000000.0,2408000000.0,2357000000.0,3.89,3.87,3.89,15286000000.0,14648500000.0,15286000000.0,16819554394.0,7.0,5.776,657000000.0,1.576,1.0,3814000000.0,0.315,9402000000.0,51000000.0,6757000000.0,6348000000.0,3562000000.0,365000000.0,0.0,365000000.0,6827000000.0,3872000000.0,2955000000.0,18636554394.0,-122000000.0,-501000000.0,8000000.0,-23000000.0,-586000000.0,-589000000.0,-403000000.0,251000000.0,861000000.0,9000000.0,1621000000.0,1621000000.0,1621000000.0,0.0,-8000000.0,0.134,1383000000.0,2431000000.0,585000000.0,0.36,1.219,11.497,11.432,1808000000.0,0.0,44.47,1.538,1.53,3177000000.0,6906000000.0,12118000000.0,12118000000.0,0.0,0.075,0.111,0.379,0.199,67000000.0,1402000000.0,1.0,419081502.0,417000000.0,419000000.0,29.06,12829000000.0,501000000.0,736000000.0,2548000000.0,30.765,6454000000.0
44,NOV,MRT,2010-06-30,2010-06-30,2010-06-30,2021-09-24,-67000000.0,21648000000.0,21752000000.0,9826000000.0,11822000000.0,0.561,35.319,-185000000.0,2688000000.0,2688000000.0,8434000000.0,1596000000.0,2.496,0.462,871000000.0,352000000.0,519000000.0,871000000.0,454000000.0,503000000.0,0.0,0.039,1.3,2414000000.0,2917000000.0,0.239,2917000000.0,2414000000.0,2361000000.0,3.85,3.83,3.85,14728000000.0,14369500000.0,14728000000.0,12128925128.0,5.0,4.158,907000000.0,2.175,1.0,3760000000.0,0.308,9460000000.0,53000000.0,6434000000.0,6048000000.0,3443000000.0,358000000.0,0.0,358000000.0,6811000000.0,3937000000.0,2874000000.0,13856925128.0,402000000.0,-246000000.0,16000000.0,-15000000.0,-544000000.0,-540000000.0,-136000000.0,251000000.0,1092000000.0,-14000000.0,1602000000.0,1602000000.0,1602000000.0,0.0,-6000000.0,0.131,1324000000.0,2436000000.0,598000000.0,0.338,0.941,8.65,8.59,1792000000.0,0.0,33.07,1.136,1.131,3189000000.0,6544000000.0,12194000000.0,12194000000.0,0.0,0.074,0.111,0.399,0.198,67000000.0,1332000000.0,1.0,419017996.0,417000000.0,419000000.0,29.242,12188000000.0,399000000.0,759000000.0,2324000000.0,29.228,5889000000.0
45,NOV,MRT,2010-03-31,2010-03-31,2010-03-31,2021-09-24,50000000.0,21466000000.0,21824750000.0,9545000000.0,11921000000.0,0.562,34.693,-202000000.0,2608000000.0,2608000000.0,8556000000.0,1419000000.0,2.549,0.476,880000000.0,156000000.0,724000000.0,880000000.0,681000000.0,501000000.0,0.0,0.03,1.2,2178000000.0,2679000000.0,0.218,2679000000.0,2178000000.0,2125000000.0,3.42,3.4,3.42,14467000000.0,14066750000.0,14467000000.0,15241812838.0,7.0,5.689,1203000000.0,2.885,1.0,3707000000.0,0.302,9531000000.0,53000000.0,6463000000.0,5881250000.0,3423000000.0,390000000.0,0.0,390000000.0,6886000000.0,3744000000.0,3142000000.0,16980812838.0,376000000.0,-619000000.0,13000000.0,-42000000.0,-502000000.0,-528000000.0,-538000000.0,251000000.0,1405000000.0,37000000.0,1421000000.0,1421000000.0,1421000000.0,0.0,-2000000.0,0.116,1475000000.0,2232000000.0,538000000.0,0.351,1.174,11.95,11.865,1810000000.0,0.0,40.58,1.385,1.38,3029000000.0,6185000000.0,12263000000.0,12263000000.0,0.0,0.065,0.101,0.37,0.178,67000000.0,1328000000.0,1.0,418452756.0,417000000.0,419000000.0,29.408,11935000000.0,359000000.0,704000000.0,2290000000.0,28.621,5801000000.0
46,NOV,MRT,2009-12-31,2009-12-31,2009-12-31,2021-09-24,90000000.0,21532000000.0,21978250000.0,9598000000.0,11934000000.0,0.578,33.925,-250000000.0,2622000000.0,2622000000.0,8928000000.0,1473000000.0,2.126,0.518,883000000.0,7000000.0,876000000.0,883000000.0,1090000000.0,490000000.0,0.0,0.025,1.1,2257000000.0,2747000000.0,0.216,2747000000.0,2257000000.0,2204000000.0,3.53,3.52,3.53,14113000000.0,13720250000.0,14113000000.0,16136465897.0,7.0,5.874,1845000000.0,4.435,1.0,3784000000.0,0.298,9541000000.0,53000000.0,5738000000.0,5623250000.0,3490000000.0,393000000.0,0.0,393000000.0,7304000000.0,4514000000.0,2790000000.0,18444465897.0,1079000000.0,-573000000.0,8000000.0,-40000000.0,-460000000.0,-491000000.0,-552000000.0,251000000.0,2095000000.0,27000000.0,1469000000.0,1469000000.0,1469000000.0,0.0,4000000.0,0.116,1469000000.0,2315000000.0,584000000.0,0.312,1.307,12.556,12.49,1836000000.0,0.0,44.09,1.451,1.443,2927000000.0,5805000000.0,12712000000.0,12712000000.0,0.0,0.067,0.107,0.401,0.178,67000000.0,1322000000.0,1.0,418336718.0,416000000.0,417000000.0,30.558,11991000000.0,382000000.0,735000000.0,2317000000.0,28.825,5084000000.0
47,NOV,MRT,2009-09-30,2009-09-30,2009-09-30,2021-09-24,92000000.0,22362000000.0,21965000000.0,10407000000.0,11955000000.0,0.61,34.062,-301000000.0,3192000000.0,3192000000.0,9389000000.0,1672000000.0,2.086,0.57,884000000.0,9000000.0,875000000.0,884000000.0,1615000000.0,482000000.0,0.0,0.0,0.0,2551000000.0,3033000000.0,0.227,3033000000.0,2551000000.0,2497000000.0,4.01,4.0,4.01,14170000000.0,13349000000.0,14170000000.0,16631933998.0,7.0,5.484,2256000000.0,5.423,1.0,3999000000.0,0.299,9508000000.0,54000000.0,5557000000.0,5604250000.0,3767000000.0,389000000.0,0.0,389000000.0,8083000000.0,4989000000.0,3094000000.0,18036933998.0,1427000000.0,-161000000.0,-6000000.0,-664000000.0,0.0,-667000000.0,-453000000.0,0.0,2557000000.0,-10000000.0,1660000000.0,1660000000.0,1660000000.0,0.0,12000000.0,0.124,1424000000.0,2575000000.0,510000000.0,0.0,1.273,10.866,10.756,1753000000.0,0.0,43.13,1.347,1.34,2816000000.0,5871000000.0,13388000000.0,13388000000.0,0.0,0.076,0.124,0.455,0.191,67000000.0,1274000000.0,1.0,418199258.0,416000000.0,418000000.0,32.183,12854000000.0,416000000.0,837000000.0,2499000000.0,30.899,5418000000.0
48,NOV,MRT,2009-06-30,2009-06-30,2009-06-30,2021-09-24,0.0,21939000000.0,21808225000.0,9910000000.0,12029000000.0,0.638,32.493,-362000000.0,2286000000.0,2286000000.0,9704000000.0,1838000000.0,1.918,0.617,881000000.0,8000000.0,873000000.0,881000000.0,2081000000.0,472000000.0,0.0,0.0,0.0,2791000000.0,3263000000.0,0.235,3263000000.0,2791000000.0,2732000000.0,4.4,4.39,4.4,13517000000.0,12879075000.0,13517000000.0,12297771325.0,4.0,3.769,1973000000.0,4.743,1.0,4208000000.0,0.302,9600000000.0,59000000.0,5767000000.0,5750525000.0,3825000000.0,387000000.0,0.0,387000000.0,8334000000.0,5167000000.0,3167000000.0,13656771325.0,634000000.0,-435000000.0,1000000.0,-872000000.0,0.0,-869000000.0,-788000000.0,0.0,2335000000.0,-44000000.0,1823000000.0,1823000000.0,1823000000.0,0.0,15000000.0,0.131,1444000000.0,2764000000.0,760000000.0,0.0,1.01,7.491,7.423,1758000000.0,0.0,32.66,0.982,0.977,3193000000.0,5486000000.0,13912000000.0,13912000000.0,0.0,0.084,0.142,0.485,0.201,66000000.0,1305000000.0,1.0,418149765.0,416000000.0,418000000.0,33.442,12339000000.0,410000000.0,909000000.0,2386000000.0,29.661,4743000000.0
49,NOV,MRT,2009-03-31,2009-03-31,2009-03-31,2021-09-24,-194000000.0,22080000000.0,21641350000.0,10190000000.0,11890000000.0,0.657,31.445,-404000000.0,2232000000.0,2232000000.0,9913000000.0,2041000000.0,1.767,0.681,873000000.0,5000000.0,868000000.0,873000000.0,2083000000.0,457000000.0,0.0,0.0,0.0,3127000000.0,3584000000.0,0.252,3584000000.0,3127000000.0,3057000000.0,4.92,4.9,4.92,13081000000.0,12468775000.0,13081000000.0,11313939839.0,4.0,3.157,2072000000.0,4.981,1.0,4314000000.0,0.303,9522000000.0,70000000.0,5431000000.0,5760200000.0,3833000000.0,451000000.0,0.0,451000000.0,8907000000.0,5768000000.0,3139000000.0,11982839839.0,93000000.0,-2078000000.0,67000000.0,-43000000.0,0.0,60000000.0,-2369000000.0,0.0,2476000000.0,-74000000.0,2024000000.0,2024000000.0,2024000000.0,0.0,17000000.0,0.142,1245000000.0,3069000000.0,855000000.0,0.0,0.916,5.92,5.835,1677000000.0,0.0,28.71,0.842,0.839,3508000000.0,5266000000.0,14227000000.0,14227000000.0,0.0,0.094,0.162,0.543,0.22,32000000.0,1245000000.0,1.0,417375125.0,416000000.0,418000000.0,34.2,12558000000.0,353000000.0,1033000000.0,2502000000.0,30.188,4422000000.0
50,NOV,MRT,2008-12-31,2008-12-31,2008-12-31,2021-09-24,-161000000.0,21479000000.0,19396475000.0,9657000000.0,11822000000.0,0.692,31.809,-379000000.0,1543000000.0,1543000000.0,9359000000.0,1968000000.0,1.717,0.693,874000000.0,4000000.0,870000000.0,874000000.0,2161000000.0,402000000.0,0.0,0.0,0.0,3012000000.0,3414000000.0,0.254,3414000000.0,3012000000.0,2945000000.0,4.91,4.9,4.91,12628000000.0,10981575000.0,12628000000.0,9946388588.0,3.0,2.913,1915000000.0,4.824,1.0,4072000000.0,0.303,9525000000.0,67000000.0,5662000000.0,5382400000.0,3806000000.0,421000000.0,0.0,421000000.0,8755000000.0,5623000000.0,3132000000.0,10199388588.0,-299000000.0,-2207000000.0,78000000.0,-189000000.0,0.0,-74000000.0,-2473000000.0,0.0,2294000000.0,-46000000.0,1952000000.0,1952000000.0,1952000000.0,0.0,16000000.0,0.145,1154000000.0,2918000000.0,852000000.0,0.0,0.808,5.225,4.978,1677000000.0,0.0,24.44,0.759,0.722,3754000000.0,4796000000.0,13431000000.0,13431000000.0,0.0,0.101,0.178,0.56,0.224,30000000.0,1154000000.0,1.0,417323592.0,397000000.0,399000000.0,33.831,11954000000.0,397000000.0,993000000.0,2364000000.0,30.111,4034000000.0
51,NOV,MRT,2008-09-30,2008-09-30,2008-09-30,2021-09-24,97200000.0,21734900000.0,17055450000.0,9808600000.0,11926300000.0,0.72,29.544,-338600000.0,1764900000.0,1764900000.0,8611000000.0,1770600000.0,1.733,0.761,1511900000.0,19200000.0,1492700000.0,1511900000.0,2144600000.0,342400000.0,0.0,0.0,0.0,2702200000.0,3044600000.0,0.248,3044600000.0,2702200000.0,2636100000.0,4.55,4.51,4.55,12290300000.0,9489925000.0,12290300000.0,21026154361.0,8.0,6.906,1827100000.0,4.392,1.0,3668900000.0,0.299,9679300000.0,66100000.0,6142100000.0,4946375000.0,3627400000.0,218800000.0,0.0,218800000.0,9354300000.0,5660500000.0,3693800000.0,20965054361.0,279400000.0,-2223600000.0,70100000.0,491000000.0,0.0,601100000.0,-2450700000.0,0.0,2165700000.0,-36700000.0,1743600000.0,1743600000.0,1743600000.0,0.0,27000000.0,0.142,1044600000.0,2624300000.0,956600000.0,0.0,1.706,12.024,11.04,1735000000.0,0.0,50.23,1.707,1.702,3767400000.0,4211100000.0,12279900000.0,12279900000.0,0.0,0.102,0.184,0.546,0.22,-17000000.0,1028600000.0,1.0,417381134.0,416000000.0,418000000.0,29.519,12055600000.0,434700000.0,892500000.0,2436900000.0,28.98,4148100000.0
52,NOV,MRT,2008-06-30,2008-06-30,2008-06-30,2021-09-24,254000000.0,21271500000.0,14458175000.0,9402200000.0,11869300000.0,0.778,29.542,-290400000.0,1652400000.0,1652400000.0,7939200000.0,1583600000.0,1.635,0.783,1713500000.0,320800000.0,1392700000.0,1713500000.0,1951600000.0,282800000.0,0.0,0.0,0.0,2426500000.0,2709300000.0,0.241,2709300000.0,2426500000.0,2367900000.0,4.26,4.22,4.26,11875800000.0,8004075000.0,11875800000.0,35437830715.0,15.0,13.08,1826500000.0,4.544,1.0,3309200000.0,0.294,9774600000.0,58600000.0,5805700000.0,4370200000.0,3484100000.0,205300000.0,0.0,205300000.0,9303000000.0,5752300000.0,3550700000.0,36834230715.0,619700000.0,-2247600000.0,92700000.0,689800000.0,0.0,825100000.0,-2425600000.0,0.0,2116900000.0,103300000.0,1561600000.0,1561600000.0,1561600000.0,0.0,22000000.0,0.139,929500000.0,2379700000.0,772500000.0,0.0,3.102,23.587,20.826,1750900000.0,0.0,88.72,3.275,3.171,3620000000.0,3663400000.0,11248400000.0,11248400000.0,0.0,0.108,0.195,0.555,0.216,-16000000.0,913500000.0,1.0,415173926.0,402000000.0,404000000.0,27.981,11496900000.0,276700000.0,806300000.0,2630900000.0,28.599,3649900000.0
53,NOV,MRT,2008-03-31,2008-03-31,2008-03-31,2021-09-24,242700000.0,13100500000.0,11717875000.0,8465100000.0,4635400000.0,0.88,20.034,-258000000.0,2139400000.0,2139400000.0,7296300000.0,1477100000.0,1.882,0.828,743000000.0,5600000.0,737400000.0,743000000.0,1605400000.0,227700000.0,0.0,0.0,0.0,2230100000.0,2457800000.0,0.238,2457800000.0,2230100000.0,2182400000.0,4.11,4.07,4.11,7132200000.0,6487500000.0,7132200000.0,19889901707.0,9.0,8.093,1268800000.0,3.564,1.0,3012000000.0,0.292,3286400000.0,47700000.0,3919800000.0,3856100000.0,2821400000.0,0.0,0.0,0.0,5904700000.0,4497900000.0,1406800000.0,20841001707.0,949200000.0,-414900000.0,59800000.0,-108900000.0,0.0,-33200000.0,-672200000.0,0.0,1526800000.0,127800000.0,1459100000.0,1459100000.0,1459100000.0,0.0,18000000.0,0.142,826100000.0,2185900000.0,663600000.0,0.0,2.922,14.283,14.204,1262600000.0,0.0,58.38,2.022,2.016,3024800000.0,3241700000.0,10308300000.0,10308300000.0,0.0,0.125,0.225,0.578,0.216,27100000.0,826100000.0,1.0,356988724.0,356000000.0,359000000.0,28.956,9814100000.0,224200000.0,723300000.0,867500000.0,27.568,3967200000.0
54,NOV,MRT,2007-12-31,2007-12-31,2007-12-31,2021-09-24,195000000.0,12114900000.0,10860275000.0,7593800000.0,4521100000.0,0.901,18.818,-252000000.0,1841800000.0,1841800000.0,6959000000.0,1353000000.0,1.886,0.809,890700000.0,152800000.0,737900000.0,890700000.0,1396100000.0,214000000.0,0.0,0.0,0.0,2063000000.0,2277000000.0,0.233,2277000000.0,2063000000.0,2013000000.0,3.77,3.76,3.77,6661400000.0,6046525000.0,6661400000.0,25560665596.0,12.0,11.226,936000000.0,2.644,1.0,2830000000.0,0.289,3219200000.0,50000000.0,3917900000.0,3702800000.0,2574700000.0,0.0,0.0,0.0,5390700000.0,4026700000.0,1364000000.0,26200465596.0,885000000.0,-324000000.0,91000000.0,36000000.0,0.0,150000000.0,-575000000.0,0.0,1188000000.0,122000000.0,1337000000.0,1337000000.0,1337000000.0,0.0,16000000.0,0.137,786000000.0,2044000000.0,604000000.0,0.0,3.933,19.596,19.485,1197300000.0,0.0,73.46,2.677,2.657,2743300000.0,2845600000.0,9789000000.0,9789000000.0,0.0,0.123,0.221,0.557,0.211,20000000.0,786000000.0,1.0,356663022.0,354000000.0,355000000.0,27.653,8895700000.0,187100000.0,676000000.0,676700000.0,25.129,3567100000.0
55,NOV,MRT,2007-09-30,2007-09-30,2007-09-30,2021-09-24,276500000.0,11345800000.0,10086375000.0,6832800000.0,4513000000.0,0.913,17.853,-239200000.0,1486000000.0,1486000000.0,6602300000.0,1199600000.0,1.875,0.78,846200000.0,108400000.0,737800000.0,846200000.0,1102900000.0,197500000.0,0.0,0.0,0.0,1866400000.0,2063900000.0,0.224,2063900000.0,1866400000.0,1817400000.0,3.39,3.36,3.39,6346900000.0,5637050000.0,6346900000.0,25567681950.0,14.0,12.388,1011100000.0,2.844,1.0,2606500000.0,0.283,3223700000.0,49000000.0,3837400000.0,3545100000.0,2252100000.0,0.0,0.0,0.0,4949200000.0,3644900000.0,1304300000.0,25749681950.0,699300000.0,-587400000.0,106900000.0,-11800000.0,0.0,117100000.0,-825200000.0,0.0,1250300000.0,157100000.0,1199600000.0,1199600000.0,1199600000.0,0.0,0.0,0.13,755600000.0,1850900000.0,605900000.0,0.0,4.057,21.465,21.313,1163800000.0,0.0,72.25,2.796,2.789,2647600000.0,2468900000.0,9208800000.0,9208800000.0,0.0,0.119,0.213,0.526,0.203,29200000.0,763500000.0,1.0,356396982.0,355500000.0,357900000.0,25.904,8122100000.0,181600000.0,617800000.0,622900000.0,22.847,3187900000.0
56,NOV,MRT,2007-06-30,2007-06-30,2007-06-30,2021-09-24,130200000.0,10310300000.0,9297775000.0,5949300000.0,4361000000.0,0.904,16.392,-239300000.0,1032700000.0,1032700000.0,6098300000.0,1010200000.0,1.848,0.767,850700000.0,110000000.0,740700000.0,850700000.0,819800000.0,182700000.0,0.0,0.0,0.0,1588500000.0,1771200000.0,0.211,1771200000.0,1588500000.0,1541000000.0,2.86,2.84,2.86,5809500000.0,5242275000.0,5809500000.0,18169847501.0,11.0,10.258,927100000.0,2.616,1.0,2308900000.0,0.275,3159000000.0,47500000.0,3749300000.0,3432950000.0,2243200000.0,0.0,0.0,0.0,4456600000.0,3220000000.0,1236600000.0,18514447501.0,517000000.0,-544700000.0,81000000.0,-7900000.0,0.0,92600000.0,-783500000.0,0.0,1166400000.0,41500000.0,1010200000.0,1010200000.0,1010200000.0,0.0,0.0,0.12,717900000.0,1591000000.0,587300000.0,0.0,3.187,18.328,18.224,1133400000.0,0.0,52.12,2.202,2.197,2326600000.0,2102900000.0,8407200000.0,8407200000.0,0.0,0.109,0.193,0.463,0.189,28100000.0,725800000.0,1.0,355227312.0,354400000.0,356300000.0,23.722,7151300000.0,156000000.0,530800000.0,550500000.0,20.179,2729300000.0
57,NOV,MRT,2007-03-31,2007-03-31,2007-03-31,2021-09-24,60200000.0,9670100000.0,8619825000.0,5533800000.0,4136300000.0,0.891,15.26,-218200000.0,1190200000.0,1190200000.0,5653900000.0,839600000.0,1.835,0.794,845600000.0,107800000.0,737800000.0,845600000.0,733300000.0,169500000.0,0.0,0.0,0.0,1322100000.0,1491600000.0,0.194,1491600000.0,1322100000.0,1274700000.0,2.38,2.37,2.38,5368300000.0,4935125000.0,5368300000.0,13558665000.0,10.0,9.09,1176100000.0,3.343,1.0,2025800000.0,0.264,3003800000.0,47400000.0,3306600000.0,3357300000.0,1993100000.0,0.0,0.0,0.0,4262000000.0,3015100000.0,1246900000.0,13675765000.0,927200000.0,-346800000.0,61700000.0,-4100000.0,0.0,75000000.0,-564700000.0,0.0,1394300000.0,22600000.0,839600000.0,839600000.0,839600000.0,0.0,0.0,0.109,685400000.0,1340400000.0,572500000.0,0.0,2.548,16.288,16.342,1047500000.0,0.0,38.895,1.781,1.782,2056800000.0,1784400000.0,7679700000.0,7679700000.0,0.0,0.097,0.17,0.394,0.172,13800000.0,693300000.0,1.0,351607276.0,351800000.0,355100000.0,21.83,6666300000.0,166000000.0,435100000.0,631300000.0,18.949,2518700000.0
58,NOV,MRT,2006-12-31,2006-12-31,2006-12-31,2021-09-24,46100000.0,9019300000.0,7954675000.0,4965600000.0,4053700000.0,0.883,14.336,-200400000.0,957400000.0,957400000.0,5265200000.0,684000000.0,1.863,0.788,840300000.0,5600000.0,834700000.0,840300000.0,564400000.0,160600000.0,0.0,0.0,0.0,1088400000.0,1249000000.0,0.178,1249000000.0,1088400000.0,1039700000.0,1.95,1.93,1.95,5023500000.0,4681975000.0,5023500000.0,10786182504.0,10.0,8.636,1016300000.0,2.9,1.0,1760600000.0,0.251,2949900000.0,48700000.0,3287100000.0,3400275000.0,1828800000.0,0.0,0.0,0.0,3960300000.0,2665200000.0,1295100000.0,10737182504.0,748000000.0,-329700000.0,32700000.0,-5100000.0,0.0,41100000.0,-530100000.0,0.0,1216700000.0,20300000.0,684000000.0,684000000.0,684000000.0,0.0,0.0,0.097,649500000.0,1111100000.0,505200000.0,0.0,2.137,15.698,15.687,1022100000.0,0.0,30.59,1.528,1.526,1923500000.0,1513900000.0,7025800000.0,7025800000.0,0.0,0.086,0.146,0.32,0.155,17700000.0,649500000.0,1.0,351003024.0,350400000.0,353600000.0,20.051,6069400000.0,157700000.0,355700000.0,558800000.0,17.321,2300400000.0
59,NOV,MRT,2006-09-30,2006-09-30,2006-09-30,2021-09-24,41700000.0,8191400000.0,7369475000.0,4445100000.0,3746300000.0,0.858,13.591,-175800000.0,786700000.0,786700000.0,4819800000.0,546400000.0,2.105,0.712,835700000.0,5800000.0,829900000.0,835700000.0,0.0,147200000.0,0.0,0.0,0.0,873600000.0,1020800000.0,0.161,1020800000.0,873600000.0,823500000.0,1.57,1.56,1.57,4767800000.0,4474650000.0,4767800000.0,10588568316.0,12.0,10.373,620300000.0,1.768,1.0,1504700000.0,0.238,2739500000.0,50100000.0,3388800000.0,3427000000.0,1712400000.0,0.0,0.0,0.0,3393400000.0,2112100000.0,1281300000.0,10268368316.0,624500000.0,-45700000.0,35200000.0,-7000000.0,0.0,39700000.0,-216100000.0,0.0,796100000.0,4800000.0,546400000.0,546400000.0,546400000.0,0.0,0.0,0.086,611000000.0,893700000.0,868200000.0,0.0,2.154,18.793,18.646,924100000.0,0.0,29.275,1.624,1.624,1739900000.0,1274700000.0,6324500000.0,6324500000.0,0.0,0.074,0.122,0.255,0.138,4700000.0,594500000.0,1.0,350755536.0,350800000.0,353700000.0,18.029,5451900000.0,124200000.0,277100000.0,478300000.0,15.541,2333000000.0
60,NOV,MRT,2006-06-30,2006-06-30,2006-06-30,2021-09-24,44100000.0,7598500000.0,6913625000.0,3868200000.0,3730300000.0,0.836,13.073,-149200000.0,515700000.0,515700000.0,4462400000.0,458300000.0,2.243,0.653,835900000.0,4500000.0,831400000.0,835900000.0,0.0,140400000.0,0.0,0.0,0.0,741700000.0,882100000.0,0.153,882100000.0,741700000.0,687000000.0,1.325,1.31,1.325,4580900000.0,4314375000.0,4580900000.0,11655026316.0,16.0,13.213,314400000.0,0.897,1.0,1320700000.0,0.228,2747600000.0,54700000.0,3446700000.0,3432900000.0,1536400000.0,0.0,0.0,0.0,2990900000.0,1724400000.0,1266500000.0,11079026316.0,193300000.0,-38400000.0,62400000.0,-153400000.0,0.0,-80600000.0,-194800000.0,0.0,463600000.0,5100000.0,458300000.0,458300000.0,458300000.0,0.0,0.0,0.079,567500000.0,753200000.0,789600000.0,0.0,2.419,24.174,23.894,909300000.0,0.0,31.66,1.916,1.918,1645800000.0,1098100000.0,5783100000.0,5783100000.0,0.0,0.066,0.106,0.216,0.128,21000000.0,548200000.0,1.0,349937660.0,350400000.0,353200000.0,16.504,4850900000.0,112200000.0,228700000.0,459900000.0,13.844,2143800000.0
61,NOV,MRT,2006-03-31,2006-03-31,2006-03-31,2021-09-24,-5700000.0,7009500000.0,6609775000.0,3318500000.0,3691000000.0,0.808,12.473,-125200000.0,263000000.0,263000000.0,4166200000.0,371600000.0,2.428,0.604,839000000.0,4200000.0,834800000.0,839000000.0,0.0,136700000.0,0.0,0.0,0.0,608100000.0,744800000.0,0.139,744800000.0,608100000.0,552300000.0,1.08,1.065,1.08,4355700000.0,4163750000.0,4355700000.0,11834995516.0,19.0,15.89,81400000.0,0.233,1.0,1175200000.0,0.22,2740400000.0,55800000.0,3478500000.0,3399850000.0,1353500000.0,0.0,0.0,0.0,2628900000.0,1366600000.0,1262300000.0,11203095516.0,-32100000.0,-32300000.0,88600000.0,-162300000.0,0.0,-68500000.0,-165300000.0,0.0,206600000.0,-4900000.0,371600000.0,371600000.0,371600000.0,0.0,0.0,0.07,566500000.0,608700000.0,605600000.0,0.0,2.572,30.148,29.685,878400000.0,0.0,32.06,2.097,2.096,1553200000.0,950200000.0,5341400000.0,5341400000.0,0.0,0.056,0.089,0.179,0.114,26600000.0,536700000.0,1.0,349441532.0,349200000.0,353200000.0,15.296,4269100000.0,111000000.0,180700000.0,472500000.0,12.225,1951900000.0
62,NOV,MRT,2005-12-31,2005-12-31,2005-12-31,2021-09-24,-21800000.0,6678500000.0,6416625000.0,2998200000.0,3680300000.0,0.724,13.409,-105000000.0,209400000.0,209400000.0,3657300000.0,286900000.0,2.525,0.586,841300000.0,5700000.0,835600000.0,841300000.0,98100000.0,114600000.0,0.0,0.0,0.0,478700000.0,593300000.0,0.128,593300000.0,478700000.0,425800000.0,0.92,0.91,0.92,4194200000.0,4057975000.0,4194200000.0,11612054141.0,24.0,19.572,-27500000.0,-0.088,1.0,987200000.0,0.213,2729200000.0,52900000.0,3394000000.0,3364250000.0,1198300000.0,0.0,0.0,0.0,2459800000.0,1187200000.0,1272600000.0,10928654141.0,66700000.0,147500000.0,111900000.0,-152300000.0,0.0,-40400000.0,38000000.0,0.0,77500000.0,-8400000.0,286900000.0,286900000.0,286900000.0,0.0,0.0,0.062,510400000.0,476800000.0,568200000.0,0.0,2.606,38.092,34.076,877600000.0,0.0,31.35,2.353,2.111,1481100000.0,829900000.0,4644500000.0,4644500000.0,0.0,0.045,0.071,0.142,0.103,45300000.0,478700000.0,1.0,348601408.0,312800000.0,316500000.0,14.848,3949300000.0,110800000.0,138900000.0,456500000.0,12.626,1811000000.0
63,NOV,MRT,2005-09-30,2005-09-30,2005-09-30,2021-09-24,-4000000.0,6368000000.0,5391125000.0,2708400000.0,3659600000.0,0.73,11.879,-83300000.0,162200000.0,162200000.0,3110200000.0,240300000.0,3.004,0.538,845600000.0,4600000.0,841000000.0,845600000.0,0.0,97300000.0,0.0,0.0,0.0,377100000.0,474400000.0,0.121,474400000.0,377100000.0,328000000.0,0.92,0.905,0.92,4126700000.0,3326975000.0,4126700000.0,12076793319.0,32.0,25.457,-20700000.0,-0.06,1.0,826400000.0,0.21,2737400000.0,49100000.0,3412400000.0,2865650000.0,1110900000.0,0.0,0.0,0.0,2219200000.0,901600000.0,1317600000.0,11409493319.0,88800000.0,160700000.0,107900000.0,-171700000.0,0.0,-63800000.0,87000000.0,0.0,62600000.0,3000000.0,240300000.0,240300000.0,240300000.0,0.0,0.0,0.061,450600000.0,375800000.0,483800000.0,0.0,2.765,47.48,35.761,840100000.0,0.0,32.9,2.898,2.903,1317400000.0,754500000.0,3936600000.0,3936600000.0,0.0,0.045,0.072,0.132,0.096,29400000.0,427500000.0,1.0,346793110.0,347400000.0,351800000.0,11.332,3630600000.0,119800000.0,87700000.0,421600000.0,10.451,1806800000.0
64,NOV,MRT,2005-06-30,2005-06-30,2005-06-30,2021-09-24,-12900000.0,6383100000.0,4386102000.0,2740400000.0,3642700000.0,0.757,11.545,-63400000.0,322400000.0,322400000.0,2619400000.0,179600000.0,2.477,0.6,989700000.0,154300000.0,835400000.0,989700000.0,0.0,74600000.0,0.0,0.0,0.0,279900000.0,354500000.0,0.107,354500000.0,279900000.0,235600000.0,0.825,0.815,0.825,3978400000.0,2590607750.0,3978400000.0,8884751035.0,32.0,25.063,63300000.0,0.184,1.0,699600000.0,0.211,2629600000.0,44300000.0,3314500000.0,2375849000.0,1070200000.0,0.0,0.0,0.0,2386300000.0,1106300000.0,1280000000.0,8179551035.0,259700000.0,160700000.0,79500000.0,-81200000.0,0.0,-1700000.0,131200000.0,0.0,126700000.0,3500000.0,179600000.0,179600000.0,179600000.0,0.0,0.0,0.054,419700000.0,279900000.0,525900000.0,0.0,2.056,45.543,28.812,931900000.0,0.0,23.77,2.464,2.468,1241500000.0,666000000.0,3319000000.0,3319000000.0,0.0,0.041,0.069,0.118,0.084,14600000.0,399400000.0,1.0,344112370.0,344600000.0,348400000.0,9.631,3753500000.0,115200000.0,56000000.0,417800000.0,10.892,1634100000.0
65,NOV,MRT,2005-03-31,2005-03-31,2005-03-31,2021-09-24,18300000.0,6236900000.0,3354333000.0,2546200000.0,3690700000.0,0.786,18.673,-42600000.0,295100000.0,295100000.0,2074800000.0,139800000.0,2.574,0.582,1000300000.0,162000000.0,838300000.0,1000300000.0,33600000.0,50500000.0,0.0,0.0,0.0,216100000.0,266600000.0,0.101,266600000.0,216100000.0,176300000.0,0.775,0.765,0.775,3932600000.0,1879511250.0,3932600000.0,4382251720.0,20.0,16.438,69700000.0,0.331,1.0,562000000.0,0.213,2616900000.0,39800000.0,3336100000.0,1966134250.0,1052000000.0,0.0,0.0,0.0,2287100000.0,989100000.0,1298000000.0,4024951720.0,227400000.0,156000000.0,40600000.0,-78800000.0,0.0,-38200000.0,150500000.0,0.0,112300000.0,2800000.0,139800000.0,139800000.0,139800000.0,0.0,0.0,0.053,345900000.0,216100000.0,511700000.0,0.0,1.023,28.791,30.129,932800000.0,0.0,23.35,1.526,1.865,1126600000.0,604800000.0,2636800000.0,2636800000.0,0.0,0.042,0.074,0.11,0.082,14300000.0,336100000.0,1.0,172374806.0,210600000.0,213200000.0,12.52,3620000000.0,107800000.0,36500000.0,411200000.0,17.189,1557100000.0
66,NOV,MRT,2004-12-31,2004-12-31,2004-12-31,2021-09-24,33400000.0,2576500000.0,2354719750.0,1515200000.0,1061300000.0,0.984,7.402,-39000000.0,142700000.0,142700000.0,1814300000.0,115200000.0,1.884,1.014,500000000.0,150000000.0,350000000.0,500000000.0,0.0,44000000.0,0.0,0.0,0.0,175200000.0,219200000.0,0.095,219200000.0,175200000.0,136800000.0,0.67,0.665,0.67,1270200000.0,1174238000.0,1270200000.0,3484827439.0,20.0,15.898,127200000.0,0.741,1.0,503800000.0,0.217,730000000.0,38400000.0,1399600000.0,1547502500.0,635300000.0,0.0,0.0,0.0,1288500000.0,804200000.0,484300000.0,3033192439.0,68500000.0,-2800000.0,14600000.0,-109900000.0,0.0,-95300000.0,-6000000.0,0.0,166200000.0,3600000.0,115200000.0,115200000.0,115200000.0,0.0,0.0,0.05,327800000.0,176000000.0,407700000.0,0.0,2.388,26.33,26.336,255100000.0,0.0,17.645,1.308,1.306,706600000.0,543000000.0,2318100000.0,2318100000.0,0.0,0.049,0.098,0.113,0.076,3400000.0,327800000.0,1.0,171900960.0,171600000.0,173000000.0,13.509,1846500000.0,70700000.0,21600000.0,139800000.0,10.76,711000000.0
67,NOV,MRT,2004-09-30,2004-09-30,2004-09-30,2021-09-24,-29472000.0,2347908000.0,2263869750.0,1315495000.0,1032413000.0,0.962,6.876,-40413000.0,73365000.0,73365000.0,1700204000.0,82588000.0,2.021,0.973,525000000.0,175000000.0,350000000.0,525000000.0,77803000.0,43583000.0,0.0,0.0,0.0,152417000.0,196000000.0,0.09,196000000.0,152417000.0,113876000.0,0.48,0.48,0.48,1181231000.0,1121488000.0,1181231000.0,3338893104.0,22.0,17.035,63347000.0,0.369,1.0,478722000.0,0.22,695468000.0,38541000.0,1453196000.0,1604452500.0,591279000.0,0.0,0.0,0.0,1149771000.0,650879000.0,498892000.0,2822271104.0,-857000.0,52914000.0,14871000.0,-75430000.0,0.0,-60559000.0,-41199000.0,0.0,103760000.0,-2859000.0,82588000.0,82588000.0,82588000.0,0.0,0.0,0.038,322403000.0,156319000.0,237213000.0,0.0,2.389,34.173,34.229,243966000.0,0.0,16.43,1.295,1.295,615787000.0,519167000.0,2178926000.0,2178926000.0,0.0,0.036,0.074,0.095,0.07,3361000.0,322403000.0,1.0,171775478.0,171800000.0,173400000.0,12.683,1652440000.0,89774000.0,31288000.0,145161000.0,9.618,664616000.0
68,NOV,MRT,2004-06-30,2004-06-30,2004-06-30,2021-09-24,-47015000.0,2256024000.0,2215645000.0,1266248000.0,989776000.0,0.929,6.608,-34781000.0,62678000.0,62678000.0,1592961000.0,76492000.0,2.967,0.975,579300000.0,0.0,579300000.0,579300000.0,70293000.0,41210000.0,0.0,0.0,0.0,145555000.0,186765000.0,0.091,186765000.0,145555000.0,107317000.0,0.45,0.445,0.45,1134014000.0,1095088250.0,1134014000.0,3219695221.0,22.0,17.239,33873000.0,0.197,1.0,465665000.0,0.226,670243000.0,38238000.0,1675641000.0,1642643000.0,621739000.0,0.0,0.0,0.0,1105800000.0,426762000.0,679038000.0,2701756221.0,585000.0,47113000.0,13365000.0,-27439000.0,0.0,-14074000.0,-53068000.0,0.0,68654000.0,-927000.0,76492000.0,76492000.0,76492000.0,0.0,0.0,0.037,316071000.0,149594000.0,211102000.0,0.0,2.382,35.321,34.989,248933000.0,0.0,15.745,1.312,1.312,546918000.0,491338000.0,2058626000.0,2058626000.0,0.0,0.035,0.07,0.089,0.071,3299000.0,316071000.0,1.0,171594552.0,171600000.0,172800000.0,11.997,1585781000.0,64817000.0,30825000.0,78550000.0,9.241,839486000.0
69,NOV,MRT,2004-03-31,2004-03-31,2004-03-31,2021-09-24,-47009000.0,2238447000.0,2180193750.0,1247390000.0,991057000.0,0.918,6.508,-33169000.0,67691000.0,67691000.0,1545835000.0,73359000.0,2.882,1.0,585630000.0,0.0,585630000.0,585630000.0,69682000.0,39800000.0,0.0,0.0,0.0,141920000.0,181720000.0,0.091,181720000.0,141920000.0,103974000.0,0.435,0.425,0.435,1111507000.0,1074333750.0,1111507000.0,2952479009.0,21.0,16.247,20205000.0,0.118,1.0,454689000.0,0.227,661972000.0,37946000.0,1661573000.0,1635807500.0,609916000.0,0.0,0.0,0.0,1110968000.0,432841000.0,678127000.0,2417806009.0,2377000.0,47113000.0,19824000.0,-17606000.0,0.0,2218000.0,-54156000.0,0.0,53374000.0,941000.0,73359000.0,73359000.0,73359000.0,0.0,0.0,0.037,305455000.0,149234000.0,236203000.0,0.0,2.175,32.959,32.506,258402000.0,0.0,14.14,1.209,1.207,526883000.0,469951000.0,2000524000.0,2000524000.0,0.0,0.034,0.068,0.087,0.071,6414000.0,305455000.0,1.0,170990524.0,170800000.0,171800000.0,11.713,1576475000.0,66760000.0,30615000.0,77453000.0,9.23,814549000.0
70,NOV,MRT,2003-12-31,2003-12-31,2003-12-31,2021-09-24,-44400000.0,2213100000.0,2141737500.0,1216800000.0,996300000.0,0.936,6.267,-32400000.0,74200000.0,74200000.0,1535600000.0,79700000.0,2.681,1.075,608900000.0,14900000.0,594000000.0,608900000.0,75700000.0,39200000.0,0.0,0.0,0.0,154500000.0,193700000.0,0.097,193700000.0,154500000.0,115600000.0,0.47,0.47,0.47,1059200000.0,1049248750.0,1059200000.0,2413006362.0,16.0,12.457,-1400000.0,-0.008,1.0,469300000.0,0.234,666600000.0,38900000.0,1627400000.0,1626564750.0,517100000.0,0.0,0.0,0.0,1138200000.0,453800000.0,684400000.0,1901935362.0,-44100000.0,0.0,9700000.0,15500000.0,0.0,25200000.0,-102500000.0,0.0,31000000.0,2200000.0,79700000.0,79700000.0,79700000.0,0.0,0.0,0.04,305200000.0,164100000.0,220500000.0,0.0,1.796,23.864,23.787,261100000.0,0.0,11.18,0.949,0.942,568500000.0,427800000.0,2004900000.0,2004900000.0,0.0,0.037,0.076,0.095,0.077,3900000.0,305200000.0,1.0,170119442.0,169000000.0,170000000.0,11.863,1546500000.0,67800000.0,35900000.0,78700000.0,9.151,763000000.0
71,NOV,MRT,2003-09-30,2003-09-30,2003-09-30,2021-09-24,-43574000.0,2155009000.0,2082769500.0,1211188000.0,943821000.0,0.897,6.329,-19243000.0,74295000.0,74295000.0,1438273000.0,68511000.0,2.955,0.991,585366000.0,14240000.0,571126000.0,585366000.0,52754000.0,34685000.0,0.0,0.0,0.0,142413000.0,177098000.0,0.095,177098000.0,142413000.0,104578000.0,0.415,0.405,0.415,1075632000.0,1017789750.0,1075632000.0,2085921870.0,15.0,11.778,53158000.0,0.313,1.0,429896000.0,0.23,650190000.0,37835000.0,1605958000.0,1599007000.0,526725000.0,0.0,0.0,0.0,1065734000.0,409932000.0,655802000.0,1541009870.0,21991000.0,-250482000.0,9940000.0,205116000.0,0.0,216356000.0,-269725000.0,0.0,72401000.0,2959000.0,68511000.0,68511000.0,68511000.0,0.0,0.0,0.037,283070000.0,146826000.0,222223000.0,0.0,1.433,22.493,21.855,243465000.0,0.0,9.07,0.825,0.825,541772000.0,444406000.0,1868169000.0,1868169000.0,0.0,0.033,0.067,0.089,0.076,3939000.0,283070000.0,1.0,169901860.0,169964000.0,170396000.0,10.992,1504819000.0,62073000.0,36067000.0,52575000.0,8.854,801256000.0
72,NOV,MRT,2003-06-30,2003-06-30,2003-06-30,2021-09-24,-44151000.0,2114219000.0,1908328750.0,1166994000.0,947225000.0,0.91,6.223,-20634000.0,62153000.0,62153000.0,1336912000.0,64563000.0,3.134,1.0,607065000.0,13800000.0,593265000.0,607065000.0,31320000.0,30989000.0,0.0,0.0,0.0,135067000.0,166056000.0,0.096,166056000.0,135067000.0,100380000.0,0.395,0.39,0.395,1050996000.0,979169750.0,1050996000.0,2390856026.0,18.0,14.398,50558000.0,0.299,1.0,399586000.0,0.23,638490000.0,34687000.0,1648299000.0,1482199500.0,505156000.0,0.0,0.0,0.0,1050582000.0,372342000.0,678240000.0,1853174026.0,27585000.0,-244681000.0,9003000.0,210413000.0,0.0,220716000.0,-265315000.0,0.0,71192000.0,992000.0,64563000.0,64563000.0,64563000.0,0.0,0.0,0.037,263233000.0,136353000.0,210957000.0,0.0,1.763,28.703,27.848,243853000.0,0.0,11.0,1.067,1.07,532990000.0,421692000.0,1736498000.0,1736498000.0,0.0,0.034,0.066,0.091,0.078,3601000.0,263233000.0,1.0,168470366.0,168880000.0,169980000.0,10.282,1475729000.0,62153000.0,35817000.0,53777000.0,8.738,794652000.0
73,NOV,MRT,2003-03-31,2003-03-31,2003-03-31,2021-09-24,-52760000.0,2084622000.0,1738984250.0,1149130000.0,935492000.0,0.939,6.04,-15240000.0,65361000.0,65361000.0,1253124000.0,63257000.0,3.113,1.05,603043000.0,0.0,603043000.0,603043000.0,51983000.0,27867000.0,0.0,0.0,0.0,131515000.0,159382000.0,0.098,159382000.0,131515000.0,100024000.0,0.39,0.39,0.39,1011167000.0,943302250.0,1011167000.0,2362086160.0,18.0,14.82,90389000.0,0.54,1.0,380366000.0,0.233,628524000.0,31491000.0,1624602000.0,1355926000.0,517689000.0,0.0,0.0,0.0,1061925000.0,369178000.0,692747000.0,1885787160.0,36822000.0,-244681000.0,1735000.0,186253000.0,0.0,189288000.0,-259921000.0,0.0,105629000.0,1826000.0,63257000.0,63257000.0,63257000.0,0.0,0.0,0.039,249716000.0,130650000.0,213827000.0,0.0,1.865,29.812,28.705,247840000.0,0.0,11.195,1.154,1.147,508014000.0,401332000.0,1633490000.0,1633490000.0,0.0,0.036,0.067,0.097,0.081,240000.0,249716000.0,1.0,168449054.0,167408000.0,168952000.0,9.758,1456098000.0,62905000.0,36767000.0,55496000.0,8.698,779952000.0
74,NOV,MRT,2002-12-31,2002-12-31,2002-12-31,2021-09-24,-44461000.0,1977228000.0,1582925500.0,1123634000.0,853594000.0,0.961,5.762,-12300000.0,118338000.0,118338000.0,1166700000.0,67100000.0,3.167,1.108,594637000.0,0.0,594637000.0,594637000.0,71271000.0,25000000.0,0.0,0.0,0.0,133200000.0,158200000.0,0.104,158200000.0,133200000.0,105900000.0,0.415,0.41,0.415,933364000.0,912239500.0,933364000.0,2016976324.0,15.0,12.75,92100000.0,0.569,1.0,355200000.0,0.233,581576000.0,27300000.0,1517169000.0,1237819000.0,470088000.0,0.0,0.0,0.0,1034260000.0,354782000.0,679478000.0,1769044324.0,75100000.0,-213000000.0,2000000.0,191300000.0,0.0,194600000.0,-225300000.0,0.0,104400000.0,1400000.0,67100000.0,67100000.0,67100000.0,0.0,0.0,0.044,227500000.0,127700000.0,168548000.0,0.0,1.895,26.364,26.313,215809000.0,0.0,10.92,1.162,1.162,481921000.0,382166000.0,1521900000.0,1521900000.0,0.0,0.042,0.074,0.108,0.088,300000.0,227500000.0,1.0,162000396.0,162000000.0,163400000.0,9.394,1395652000.0,63647000.0,38800000.0,78385000.0,8.615,768852000.0
75,NOV,MRT,2002-09-30,2002-09-30,2002-09-30,2021-09-24,-38152000.0,1457246000.0,1456542500.0,890633000.0,566613000.0,1.094,5.687,-12740000.0,52286000.0,52286000.0,1211804000.0,84250000.0,4.342,0.582,300218000.0,218000.0,300000000.0,300218000.0,10689000.0,28723000.0,0.0,0.0,0.0,157480000.0,186203000.0,0.117,186203000.0,157480000.0,132549000.0,0.52,0.515,0.52,921152000.0,895783500.0,921152000.0,1838243246.0,12.0,9.872,134517000.0,0.83,1.0,382244000.0,0.24,361315000.0,24931000.0,1138728000.0,1135848250.0,454028000.0,0.0,0.0,0.0,536094000.0,205135000.0,330959000.0,1569562246.0,30094000.0,-17239000.0,-2435000.0,-84490000.0,0.0,-86925000.0,-29979000.0,0.0,147257000.0,-259000.0,84250000.0,84250000.0,84250000.0,0.0,0.0,0.053,231034000.0,151210000.0,130136000.0,0.0,1.704,18.63,18.635,173080000.0,0.0,9.69,0.985,0.985,354208000.0,364999000.0,1594048000.0,1594048000.0,0.0,0.058,0.094,0.139,0.099,2348000.0,231034000.0,1.0,161977528.0,161984000.0,163044000.0,9.841,1095931000.0,30398000.0,48299000.0,22778000.0,6.766,685498000.0
76,NOV,MRT,2002-06-30,2002-06-30,2002-06-30,2021-09-24,-33966000.0,1436841000.0,1488768250.0,867591000.0,569250000.0,1.151,5.603,-12416000.0,34550000.0,34550000.0,1300315000.0,95432000.0,4.331,0.583,303231000.0,3231000.0,300000000.0,303231000.0,11873000.0,32502000.0,0.0,0.0,0.0,177720000.0,210222000.0,0.123,210222000.0,177720000.0,152175000.0,0.59,0.585,0.59,907526000.0,876593750.0,907526000.0,2001345123.0,11.0,9.52,73697000.0,0.455,1.0,413616000.0,0.241,362011000.0,25545000.0,1143205000.0,1167857750.0,460622000.0,0.0,0.0,0.0,529315000.0,200306000.0,329009000.0,1704736123.0,-5146000.0,-18700000.0,1384000.0,-60619000.0,0.0,-59235000.0,-31116000.0,0.0,86113000.0,-908000.0,95432000.0,95432000.0,95432000.0,0.0,0.0,0.056,237406000.0,176210000.0,127048000.0,0.0,1.878,17.863,17.839,177641000.0,0.0,10.525,0.995,0.995,342009000.0,347243000.0,1713931000.0,1713931000.0,0.0,0.064,0.109,0.152,0.104,2348000.0,237406000.0,1.0,161970178.0,161960000.0,163970000.0,10.582,1074830000.0,30352000.0,56743000.0,22746000.0,6.636,667285000.0
77,NOV,MRT,2002-03-31,2002-03-31,2002-03-31,2021-09-24,-37323000.0,1460387000.0,1510778000.0,892777000.0,567610000.0,1.176,5.48,-17262000.0,28521000.0,28521000.0,1346463000.0,103770000.0,3.678,0.647,325130000.0,25130000.0,300000000.0,325130000.0,12140000.0,35737000.0,0.0,0.0,0.0,192145000.0,227882000.0,0.128,227882000.0,192145000.0,166479000.0,0.64,0.635,0.64,886916000.0,851637000.0,886916000.0,2317383170.0,12.0,10.169,-32632000.0,-0.202,1.0,429706000.0,0.242,362065000.0,25666000.0,1152174000.0,1174112500.0,450540000.0,0.0,0.0,0.0,573471000.0,242757000.0,330714000.0,2050390170.0,-35647000.0,-27248000.0,1853000.0,22944000.0,0.0,24797000.0,-44510000.0,0.0,-15370000.0,-564000.0,103770000.0,103770000.0,103770000.0,0.0,0.0,0.058,238942000.0,190764000.0,143227000.0,0.0,2.312,19.759,19.789,176334000.0,0.0,12.665,1.154,1.154,382418000.0,330282000.0,1776169000.0,1776169000.0,0.0,0.069,0.122,0.164,0.108,2494000.0,238942000.0,1.0,161894210.0,161840000.0,163170000.0,10.975,1098322000.0,33133000.0,62709000.0,22397000.0,6.786,650020000.0
78,NOV,MRT,2001-12-31,2001-12-31,2001-12-31,2021-09-24,-34873000.0,1471696000.0,1494254750.0,908566000.0,563130000.0,1.169,5.368,-19431000.0,43220000.0,43220000.0,1319621000.0,104063000.0,3.276,0.696,310213000.0,10213000.0,300000000.0,310213000.0,9843000.0,38873000.0,0.0,0.0,0.0,192946000.0,231819000.0,0.133,231819000.0,192946000.0,168017000.0,0.645,0.635,0.645,867540000.0,825600500.0,867540000.0,2030789110.0,11.0,8.76,-52459000.0,-0.325,1.0,427834000.0,0.245,352094000.0,24929000.0,1109286000.0,1136568500.0,455934000.0,0.0,0.0,0.0,604156000.0,277309000.0,326847000.0,1667133110.0,761000.0,-38517000.0,6938000.0,86405000.0,0.0,93343000.0,-57948000.0,0.0,-33028000.0,-1606000.0,104063000.0,104063000.0,104063000.0,0.0,0.0,0.06,238557000.0,189277000.0,161277000.0,0.0,1.922,16.02,15.977,181095000.0,0.0,10.305,0.954,0.953,382153000.0,309097000.0,1747455000.0,1747455000.0,0.0,0.07,0.126,0.17,0.11,2348000.0,238557000.0,1.0,161779050.0,161626000.0,163466000.0,10.812,1119602000.0,33488000.0,63954000.0,20380000.0,6.927,631257000.0
79,NOV,MRT,2001-09-30,2001-09-30,2001-09-30,2021-09-24,-29460000.0,1586149000.0,1446054250.0,1020029000.0,566120000.0,1.114,5.22,-21168000.0,22192000.0,22192000.0,1227260000.0,81923000.0,3.059,0.878,385848000.0,0.0,385848000.0,385848000.0,17960000.0,37963000.0,0.0,0.0,0.0,158510000.0,196473000.0,0.122,196473000.0,158510000.0,135060000.0,0.51,0.5,0.51,844393000.0,800517000.0,844393000.0,1497083322.0,9.0,7.62,-158853000.0,-0.982,1.0,383851000.0,0.238,349541000.0,23450000.0,1266766000.0,1075944500.0,509501000.0,0.0,0.0,0.0,741756000.0,333498000.0,408258000.0,1172883322.0,-2855000.0,-36710000.0,13175000.0,180639000.0,0.0,193115000.0,-57878000.0,0.0,-137685000.0,-407000.0,81923000.0,81923000.0,81923000.0,0.0,0.0,0.051,229814000.0,154037000.0,219848000.0,0.0,1.389,14.317,14.216,183925000.0,0.0,7.25,0.728,0.728,460583000.0,280749000.0,1611111000.0,1611111000.0,0.0,0.057,0.102,0.147,0.098,4901000.0,228732000.0,1.0,161777010.0,161774000.0,162874000.0,9.959,1236608000.0,37205000.0,53137000.0,15297000.0,7.644,686531000.0
80,NOV,MRT,2001-06-30,2001-06-30,2001-06-30,2021-09-24,-34626000.0,1524880000.0,1353278750.0,956747000.0,568133000.0,1.042,4.994,-20794000.0,39696000.0,39696000.0,1082393000.0,64893000.0,2.903,0.888,363896000.0,0.0,363896000.0,363896000.0,24450000.0,36605000.0,0.0,0.0,0.0,128057000.0,164662000.0,0.117,164662000.0,128057000.0,106898000.0,0.405,0.395,0.405,807699000.0,780125000.0,807699000.0,2404083413.0,19.0,14.6,-104416000.0,-0.646,1.0,328231000.0,0.233,351298000.0,21159000.0,1168224000.0,972438250.0,480107000.0,0.0,0.0,0.0,717181000.0,329558000.0,387623000.0,2167203413.0,15604000.0,-77026000.0,17589000.0,180447000.0,0.0,197337000.0,-97820000.0,0.0,-83622000.0,-291000.0,64893000.0,64893000.0,64893000.0,0.0,0.0,0.046,208857000.0,119374000.0,206532000.0,0.0,2.683,33.397,33.086,184921000.0,0.0,13.4,1.536,1.536,405492000.0,251811000.0,1410624000.0,1410624000.0,0.0,0.048,0.083,0.132,0.091,4901000.0,207775000.0,1.0,161731598.0,161718000.0,164176000.0,8.723,1173582000.0,37153000.0,42005000.0,15271000.0,7.257,627189000.0
81,NOV,MRT,2001-03-31,2001-03-31,2001-03-31,2021-09-24,-33498000.0,1394294000.0,1261818250.0,841105000.0,553189000.0,0.988,4.855,-17424000.0,64168000.0,64168000.0,963380000.0,30130000.0,2.92,0.781,301048000.0,0.0,301048000.0,301048000.0,29515000.0,35879000.0,0.0,0.0,0.0,74162000.0,110041000.0,0.088,110041000.0,74162000.0,54448000.0,0.19,0.18,0.19,782770000.0,763067500.0,782770000.0,2971550369.0,40.0,27.004,6305000.0,0.039,1.0,282921000.0,0.227,341149000.0,19714000.0,1001998000.0,878039250.0,417567000.0,0.0,0.0,0.0,611524000.0,288027000.0,323497000.0,2791532369.0,24783000.0,-70383000.0,17749000.0,73170000.0,0.0,90331000.0,-87807000.0,0.0,23729000.0,-1470000.0,30130000.0,30130000.0,30130000.0,0.0,0.0,0.024,209709000.0,73212000.0,190349000.0,0.0,3.566,92.65,91.132,185256000.0,0.0,17.315,2.24,2.24,328502000.0,226512000.0,1246301000.0,1246301000.0,0.0,0.024,0.039,0.084,0.06,4901000.0,195627000.0,1.0,161220466.0,161232000.0,163954000.0,7.73,1053145000.0,37128000.0,24318000.0,15294000.0,6.532,553078000.0
82,NOV,MRT,2000-12-31,2000-12-31,2000-12-31,2021-09-24,-21858000.0,1278894000.0,1155782000.0,743103000.0,535791000.0,0.995,4.836,-16334000.0,42459000.0,42459000.0,900458000.0,13136000.0,2.828,0.667,222477000.0,0.0,222477000.0,222477000.0,19371000.0,35034000.0,0.0,0.0,0.0,46106000.0,81140000.0,0.071,81140000.0,46106000.0,27037000.0,0.085,0.08,0.085,767206000.0,705017000.0,767206000.0,3286291933.0,71.0,40.502,10279000.0,0.065,1.0,249462000.0,0.217,329340000.0,19069000.0,866790000.0,800578250.0,375734000.0,0.0,0.0,0.0,511688000.0,262782000.0,248906000.0,3106241933.0,-5632000.0,-48208000.0,14247000.0,19174000.0,0.0,32759000.0,-64542000.0,0.0,26613000.0,-462000.0,13136000.0,13136000.0,13136000.0,0.0,0.0,0.011,201006000.0,48456000.0,165801000.0,0.0,4.049,236.468,227.588,181917000.0,0.0,19.345,2.701,2.669,295163000.0,205034000.0,1149920000.0,1149920000.0,0.0,0.011,0.019,0.058,0.04,4901000.0,186924000.0,1.0,160570790.0,158650000.0,161520000.0,7.248,949554000.0,37024000.0,13901000.0,16030000.0,5.985,480321000.0
83,NOV,MRT,2000-09-30,2000-09-30,2000-09-30,2021-09-24,-17927000.0,1215047000.0,1087487250.0,703307000.0,511740000.0,0.959,4.761,-39017000.0,25047000.0,25047000.0,831362000.0,7269000.0,3.01,0.593,205097000.0,89000.0,205008000.0,205097000.0,15971000.0,30774000.0,0.0,0.0,0.0,31023000.0,61797000.0,0.059,61797000.0,31023000.0,12989000.0,0.05,0.045,0.05,762825000.0,662309250.0,762825000.0,2660980625.0,86.0,43.06,-19686000.0,-0.123,1.0,211667000.0,0.203,308697000.0,18034000.0,852741000.0,780323250.0,386335000.0,0.0,0.0,0.0,452222000.0,233659000.0,218563000.0,2501742625.0,-30323000.0,-23638000.0,11122000.0,3142000.0,0.0,13551000.0,-62655000.0,0.0,19331000.0,-550000.0,7269000.0,7269000.0,7269000.0,0.0,0.0,0.007,176617000.0,35050000.0,159131000.0,0.0,3.28,344.166,312.5,183523000.0,0.0,15.625,2.399,2.4,247618000.0,198810000.0,1043029000.0,1043029000.0,0.0,0.007,0.011,0.04,0.03,0.0,163617000.0,1.0,160111528.0,160222000.0,163454000.0,6.51,906350000.0,47472000.0,5720000.0,3039000.0,5.657,469648000.0
84,NOV,MRT,2000-06-30,2000-06-30,2000-06-30,2021-09-24,-22073000.0,1159038000.0,969154750.0,672594000.0,486444000.0,0.982,4.632,-38184000.0,24092000.0,24092000.0,766393000.0,-4165000.0,3.03,0.567,183330000.0,170000.0,183160000.0,183330000.0,19915000.0,28281000.0,0.0,0.0,0.0,12127000.0,40408000.0,0.042,40408000.0,12127000.0,-5205000.0,-0.02,-0.025,-0.02,739469000.0,569580000.0,739469000.0,2395913373.0,198.0,59.293,-21901000.0,-0.137,1.0,185181000.0,0.195,305640000.0,17332000.0,790628000.0,720984250.0,364690000.0,0.0,0.0,0.0,419569000.0,222008000.0,197561000.0,2182310373.0,-51824000.0,-46861000.0,2887000.0,14554000.0,0.0,16967000.0,-85045000.0,0.0,16283000.0,-29000.0,-4165000.0,-4165000.0,-4165000.0,0.0,0.0,-0.004,170790000.0,14391000.0,134669000.0,0.0,2.951,-523.964,-822.25,164106000.0,0.0,16.445,2.293,2.759,241030000.0,186902000.0,951574000.0,951574000.0,0.0,-0.004,-0.007,0.017,0.013,0.0,157469000.0,1.0,132703580.0,159660000.0,159660000.0,5.96,853398000.0,45636000.0,-1040000.0,3037000.0,5.345,450586000.0
85,NOV,MRT,2000-03-31,2000-03-31,2000-03-31,2021-09-24,-15237000.0,970149000.0,850417000.0,524159000.0,445990000.0,1.03,3.574,-11719000.0,13822000.0,13822000.0,719959000.0,-6734000.0,2.893,0.762,227425000.0,0.0,227425000.0,227425000.0,11291000.0,28381000.0,0.0,0.0,0.0,4794000.0,33175000.0,0.038,33175000.0,4794000.0,-11421000.0,-0.045,-0.05,-0.045,550568000.0,483026500.0,550568000.0,2230439067.0,465.0,67.233,7933000.0,0.051,1.0,156314000.0,0.178,310400000.0,16215000.0,692154000.0,652398250.0,254155000.0,0.0,0.0,0.0,419581000.0,181198000.0,238383000.0,2046835067.0,-11295000.0,-44956000.0,2388000.0,23771000.0,0.0,25516000.0,-56675000.0,0.0,19652000.0,212000.0,-6734000.0,-6734000.0,-6734000.0,0.0,0.0,-0.008,153638000.0,2676000.0,122088000.0,0.0,3.718,-303.955,-343.111,122190000.0,0.0,15.44,2.336,2.715,232854000.0,162419000.0,876273000.0,876273000.0,0.0,-0.008,-0.014,0.007,0.005,0.0,152664000.0,1.0,132567038.0,154066000.0,156426000.0,5.688,659749000.0,25985000.0,-4687000.0,2844000.0,4.282,342961000.0
86,NOV,MRT,1999-12-31,1999-12-31,1999-12-31,2021-09-24,-11923000.0,1005715000.0,791016750.0,642545000.0,363170000.0,1.061,4.16,-11267000.0,48091000.0,48091000.0,686510000.0,-9385000.0,3.372,0.686,196053000.0,0.0,196053000.0,196053000.0,18776000.0,25541000.0,0.0,0.0,0.0,1013000.0,26554000.0,0.032,26554000.0,1013000.0,-14859000.0,-0.065,-0.065,-0.065,596375000.0,442108750.0,596375000.0,1093134004.0,1079.0,41.166,73286000.0,0.511,1.0,153138000.0,0.182,177377000.0,15872000.0,785770000.0,630031250.0,348024000.0,14686000.0,14686000.0,0.0,409340000.0,190530000.0,218810000.0,914083004.0,-1347000.0,-40430000.0,164000.0,-33597000.0,0.0,-34392000.0,-51697000.0,0.0,84553000.0,189000.0,-9385000.0,-9385000.0,-9385000.0,0.0,0.0,-0.011,151813000.0,1325000.0,106219000.0,0.0,1.533,-97.398,-120.692,162268000.0,0.0,7.845,1.089,1.339,200396000.0,191880000.0,839648000.0,839648000.0,0.0,-0.012,-0.021,0.002,0.001,0.0,150034000.0,1.0,116517910.0,143344000.0,143344000.0,5.858,828338000.0,41609000.0,-5474000.0,12449000.0,5.779,452015000.0
87,NOV,MRT,1999-09-30,1999-09-30,1999-09-30,2021-09-24,-12849000.0,741717000.0,753560000.0,437249000.0,304468000.0,1.414,2.734,2384000.0,15579000.0,15579000.0,843889000.0,6869000.0,3.118,0.893,194630000.0,22000.0,194608000.0,194630000.0,5263000.0,26002000.0,0.0,0.0,0.0,25298000.0,51300000.0,0.048,51300000.0,25298000.0,8428000.0,-0.065,-0.06,-0.065,391908000.0,391339750.0,391908000.0,1062526024.0,42.0,20.712,111462000.0,0.777,1.0,221445000.0,0.208,165136000.0,16870000.0,615385000.0,608855000.0,232554000.0,0.0,0.0,0.0,349809000.0,140247000.0,209562000.0,957760024.0,-15636000.0,-38759000.0,476000.0,-91189000.0,0.0,-93190000.0,-36375000.0,0.0,109078000.0,4851000.0,6869000.0,6869000.0,6869000.0,0.0,0.0,0.006,195163000.0,26282000.0,89803000.0,0.0,2.444,139.432,-126.462,118579000.0,0.0,8.22,0.899,1.106,172849000.0,157367000.0,1065334000.0,1065334000.0,0.0,0.009,0.018,0.042,0.024,0.0,177166000.0,1.0,116515818.0,143362000.0,145030000.0,7.431,576581000.0,22759000.0,1559000.0,2528000.0,4.022,297002000.0
88,NOV,MRT,1999-06-30,1999-06-30,1999-06-30,2021-09-24,-9327000.0,684087000.0,769076000.0,420707000.0,263380000.0,1.561,2.741,-2647000.0,45555000.0,45555000.0,939722000.0,27392000.0,3.28,0.74,150321000.0,321000.0,150000000.0,150321000.0,8945000.0,26499000.0,0.0,0.0,0.0,58809000.0,85308000.0,0.071,85308000.0,58809000.0,40838000.0,0.12,0.125,0.12,393255000.0,381739250.0,393255000.0,957935428.0,16.0,11.229,83230000.0,0.58,1.0,260947000.0,0.217,144320000.0,17971000.0,516284000.0,619632500.0,189495000.0,0.0,0.0,0.0,290832000.0,128249000.0,162583000.0,788572428.0,-1079000.0,26241000.0,421000.0,-111407000.0,0.0,-113702000.0,23594000.0,0.0,85877000.0,3152000.0,27392000.0,27392000.0,27392000.0,0.0,0.0,0.023,198108000.0,62839000.0,74539000.0,0.0,2.005,28.788,58.333,100653000.0,0.0,7.0,0.657,0.836,167927000.0,155195000.0,1200669000.0,1200669000.0,0.0,0.036,0.072,0.095,0.049,0.0,180432000.0,1.0,112653204.0,143446000.0,144172000.0,8.37,539767000.0,22236000.0,13446000.0,2521000.0,3.763,292458000.0
89,NOV,MRT,1999-03-31,1999-03-31,1999-03-31,2021-09-24,-15925000.0,732548000.0,799842750.0,465822000.0,266726000.0,1.626,3.324,-28741000.0,12790000.0,12790000.0,996070000.0,63236000.0,3.02,0.893,182153000.0,3949000.0,178204000.0,182153000.0,10375000.0,22044000.0,0.0,0.0,0.0,113344000.0,135388000.0,0.104,135388000.0,113344000.0,96796000.0,0.435,0.44,0.435,386897000.0,363456750.0,386897000.0,852622846.0,8.0,6.298,34756000.0,0.299,1.0,304438000.0,0.234,144968000.0,16548000.0,602686000.0,640159250.0,225700000.0,0.0,0.0,0.0,345651000.0,154257000.0,191394000.0,650978846.0,-20612000.0,-130963000.0,614000.0,80842000.0,0.0,78798000.0,-159704000.0,0.0,63497000.0,-3203000.0,63236000.0,63236000.0,63236000.0,0.0,0.0,0.049,190633000.0,113805000.0,90883000.0,0.0,1.683,10.294,13.287,101821000.0,0.0,5.78,0.501,0.517,212546000.0,155583000.0,1300508000.0,1300508000.0,0.0,0.079,0.174,0.177,0.087,0.0,173610000.0,1.0,112626098.0,116396000.0,116534000.0,11.173,587580000.0,21352000.0,33560000.0,2539000.0,5.048,311565000.0
90,NOV,MRT,1998-12-31,1998-12-31,1998-12-31,2021-09-24,-13821000.0,855888000.0,763588500.0,590919000.0,264969000.0,1.898,2.884,-29245000.0,11963000.0,11963000.0,1116967000.0,81336000.0,2.606,1.176,229625000.0,8427000.0,221198000.0,229625000.0,25392000.0,20518000.0,0.0,0.0,0.0,139282000.0,159800000.0,0.11,159800000.0,139282000.0,125021000.0,0.595,0.595,0.595,393299000.0,342330000.0,393299000.0,796263024.0,6.0,4.983,2625000.0,0.019,1.0,332281000.0,0.229,145696000.0,14261000.0,701065000.0,586451250.0,253385000.0,0.0,0.0,0.0,462589000.0,226789000.0,235800000.0,593034024.0,-20426000.0,-130963000.0,1002000.0,109399000.0,0.0,108133000.0,-160208000.0,0.0,31870000.0,-221000.0,81336000.0,81336000.0,81336000.0,0.0,0.0,0.056,192466000.0,139815000.0,131575000.0,0.0,1.508,7.291,9.403,106155000.0,0.0,5.595,0.409,0.526,301405000.0,158347000.0,1449248000.0,1449248000.0,0.0,0.107,0.238,0.237,0.096,0.0,175443000.0,1.0,105993570.0,136356000.0,136726000.0,10.628,710192000.0,23246000.0,43685000.0,4097000.0,5.208,364130000.0
91,NOV,MRT,1998-09-30,1998-09-30,1998-09-30,2021-09-24,-11911000.0,803781000.0,691494250.0,556743000.0,247038000.0,1.907,3.2,-29157000.0,21471000.0,21471000.0,1024018000.0,90561000.0,2.638,1.274,224700000.0,1276000.0,223424000.0,224700000.0,32639000.0,20199000.0,0.0,0.0,0.0,153088000.0,173287000.0,0.131,173287000.0,153088000.0,142236000.0,0.845,0.84,0.845,353506000.0,313427250.0,353506000.0,844481198.0,6.0,4.873,-9019000.0,-0.082,1.0,294569000.0,0.223,137437000.0,10852000.0,658495000.0,504909500.0,264215000.0,0.0,0.0,0.0,450275000.0,211078000.0,239197000.0,656100198.0,-6784000.0,-158412000.0,6853000.0,161765000.0,0.0,166484000.0,-185918000.0,0.0,20138000.0,-7488000.0,90561000.0,90561000.0,90561000.0,0.0,0.0,0.069,142147000.0,152422000.0,119829000.0,0.0,1.856,7.245,7.325,100125000.0,0.0,6.19,0.498,0.519,251194000.0,149471000.0,1318587000.0,1318587000.0,0.0,0.131,0.289,0.303,0.116,0.0,142147000.0,1.0,105993570.0,110466000.0,110618000.0,11.937,666344000.0,15969000.0,51675000.0,3365000.0,6.032,345665000.0
92,NOV,MRT,1998-06-30,1998-06-30,1998-06-30,2021-09-24,-10691000.0,807154000.0,615074500.0,573281000.0,233873000.0,2.038,3.08,-25628000.0,26955000.0,26955000.0,980721000.0,78388000.0,2.223,1.521,215336000.0,1334000.0,214002000.0,215336000.0,56822000.0,17714000.0,0.0,0.0,0.0,132454000.0,150168000.0,0.12,150168000.0,132454000.0,124905000.0,0.74,0.735,0.74,320125000.0,287250750.0,320125000.0,1421606752.0,11.0,9.467,-4322000.0,-0.042,1.0,272620000.0,0.218,139290000.0,7549000.0,598391000.0,427700500.0,275387000.0,0.0,0.0,0.0,487029000.0,257854000.0,229175000.0,1384354752.0,-19206000.0,-158412000.0,7412000.0,144170000.0,0.0,149448000.0,-183792000.0,0.0,21306000.0,-6168000.0,78388000.0,78388000.0,78388000.0,0.0,0.0,0.063,140293000.0,132327000.0,156065000.0,0.0,4.324,17.66,18.115,88233000.0,0.0,13.405,1.105,1.112,250208000.0,121239000.0,1253341000.0,1253341000.0,0.0,0.127,0.273,0.31,0.106,0.0,129633000.0,1.0,103271522.0,103926000.0,104584000.0,12.06,667864000.0,16081000.0,46517000.0,2993000.0,6.426,315427000.0
93,NOV,MRT,1998-03-31,1998-03-31,1998-03-31,2021-09-24,-3897000.0,587531000.0,490968000.0,481171000.0,106360000.0,2.429,2.909,-29417000.0,21252000.0,21252000.0,945747000.0,65642000.0,2.261,0.943,58504000.0,1332000.0,57172000.0,58504000.0,50157000.0,16802000.0,0.0,0.0,0.0,110856000.0,127658000.0,0.107,127658000.0,110856000.0,103972000.0,0.615,0.61,0.615,302390000.0,238777250.0,302390000.0,1744952584.0,16.0,13.669,-5595000.0,-0.054,1.0,246841000.0,0.207,24152000.0,6884000.0,387854000.0,336940750.0,224802000.0,0.0,0.0,0.0,285141000.0,212777000.0,72364000.0,1701871584.0,-21403000.0,-20208000.0,6798000.0,120000.0,0.0,4784000.0,-49377000.0,0.0,23822000.0,-632000.0,65642000.0,65642000.0,65642000.0,0.0,0.0,0.055,136452000.0,110389000.0,127340000.0,0.0,5.628,25.927,26.78,73893000.0,0.0,16.47,1.427,1.436,222969000.0,97428000.0,1192588000.0,1192588000.0,0.0,0.134,0.275,0.329,0.093,0.0,125792000.0,1.0,103331608.0,103964000.0,104514000.0,11.471,563379000.0,15169000.0,38330000.0,2682000.0,5.419,268394000.0
94,NOV,MRT,1997-12-31,1997-12-31,1997-12-31,2021-09-24,-7074000.0,567511000.0,410986750.0,463598000.0,103913000.0,2.67,2.619,-30258000.0,19824000.0,19824000.0,880708000.0,54204000.0,2.192,1.044,62905000.0,1340000.0,61565000.0,62905000.0,37688000.0,15443000.0,0.0,0.0,0.0,92610000.0,108053000.0,0.098,108053000.0,92610000.0,85522000.0,0.51,0.505,0.51,277688000.0,191856250.0,277688000.0,1783995305.0,19.0,16.51,-30515000.0,-0.288,1.0,216698000.0,0.197,24233000.0,7088000.0,374898000.0,291089250.0,203520000.0,0.0,0.0,0.0,289823000.0,211461000.0,78362000.0,1742744305.0,7943000.0,-19253000.0,43786000.0,19908000.0,0.0,61560000.0,-49263000.0,0.0,-257000.0,-4097000.0,54204000.0,54204000.0,54204000.0,0.0,0.0,0.049,124912000.0,91786000.0,134955000.0,0.0,6.276,32.152,33.52,74282000.0,0.0,17.095,1.588,1.652,223991000.0,76291000.0,1097406000.0,1097406000.0,0.0,0.132,0.283,0.318,0.084,0.0,114252000.0,1.0,101944680.0,106018000.0,107684000.0,10.351,543278000.0,14758000.0,31318000.0,2675000.0,5.124,252137000.0
95,NOV,MRT,1997-09-30,1997-09-30,1997-09-30,2021-09-24,-5027000.0,498102000.0,357238500.0,393137000.0,104965000.0,2.538,2.425,-18262000.0,27730000.0,27730000.0,728040000.0,22677000.0,2.388,1.002,68981000.0,1385000.0,67596000.0,68981000.0,22908000.0,12913000.0,0.0,0.0,0.0,45646000.0,58559000.0,0.065,58559000.0,45646000.0,38769000.0,,,,248800000.0,164688250.0,248800000.0,1409833784.0,31.0,24.075,-16205000.0,-0.158,1.0,178472000.0,0.197,25041000.0,6877000.0,349659000.0,260693250.0,177117000.0,0.0,0.0,0.0,249302000.0,164653000.0,84649000.0,1359908784.0,25020000.0,-18045000.0,115474000.0,-58202000.0,0.0,62397000.0,-37710000.0,0.0,2057000.0,-1724000.0,22677000.0,22677000.0,22677000.0,0.0,0.0,0.025,128961000.0,49511000.0,96482000.0,,5.466,59.969,,68499000.0,0.0,18.72,1.5,2.118,180000000.0,55224000.0,906512000.0,906512000.0,0.0,0.063,0.138,0.175,0.05,0.0,101690000.0,1.0,72644700.0,102578000.0,,8.837,473061000.0,13831000.0,16092000.0,13182000.0,4.612,228484000.0
96,NOV,MRT,1997-06-30,1997-06-30,1997-06-30,2021-09-24,669000.0,310728000.0,,260373000.0,50355000.0,,1.232,-20845000.0,5700000.0,5700000.0,684448000.0,20720000.0,2.317,1.462,55625000.0,0.0,55625000.0,55625000.0,14309000.0,13381000.0,0.0,0.0,0.0,42014000.0,55395000.0,0.066,55395000.0,42014000.0,33492000.0,0.203,,0.203,126231000.0,,126231000.0,1064420360.0,25.0,19.215,-18757000.0,-0.183,1.0,157878000.0,0.187,12916000.0,8522000.0,235352000.0,,135437000.0,0.0,0.0,0.0,184497000.0,112385000.0,72112000.0,1027762360.0,32739000.0,-18045000.0,115485000.0,-49571000.0,0.0,71039000.0,-38890000.0,0.0,2088000.0,-1498000.0,20720000.0,20720000.0,20720000.0,0.0,0.0,0.025,113007000.0,44871000.0,70903000.0,0.0,8.142,49.602,70.813,28041000.0,0.0,14.375,1.22,1.748,112235000.0,17771000.0,842326000.0,842326000.0,0.0,,,,0.05,0.0,96396000.0,1.0,71496512.0,102446000.0,,8.222,297812000.0,11414000.0,12772000.0,0.0,2.907,147988000.0
97,NOV,MRT,1997-03-31,1997-03-31,1997-03-31,2021-09-24,744000.0,267606000.0,,235482000.0,32124000.0,,1.137,-15455000.0,5349000.0,5349000.0,629093000.0,12221000.0,2.518,1.333,42007000.0,0.0,42007000.0,42007000.0,2524000.0,10728000.0,0.0,0.0,0.0,31513000.0,42241000.0,0.055,42241000.0,31513000.0,20914000.0,,,,114706000.0,,114706000.0,604049096.0,19.0,14.3,-15026000.0,-0.149,1.0,132642000.0,0.174,6286000.0,10599000.0,204448000.0,,121001000.0,0.0,0.0,0.0,152900000.0,93530000.0,59370000.0,571972096.0,29659000.0,955000.0,115485000.0,-76213000.0,0.0,44397000.0,-14500000.0,0.0,429000.0,-667000.0,12221000.0,12221000.0,12221000.0,0.0,0.0,0.016,97580000.0,35062000.0,70077000.0,,4.986,46.802,,18243000.0,0.0,8.0,0.751,1.059,98345000.0,6286000.0,761735000.0,761735000.0,0.0,,,,0.041,0.0,80969000.0,1.0,71496512.0,100872000.0,,7.552,261320000.0,10234000.0,8693000.0,0.0,2.591,141952000.0
98,NOV,MRT,1996-12-31,1996-12-31,1996-12-31,2021-09-24,-2302000.0,352518000.0,320548000.0,293399000.0,59119000.0,2.377,2.112,-11171000.0,13611000.0,13611000.0,639433000.0,6147000.0,2.357,1.086,45236000.0,6100000.0,39136000.0,45236000.0,5889000.0,8775000.0,0.0,0.0,0.0,24959000.0,33734000.0,0.044,33734000.0,24959000.0,12718000.0,0.075,0.075,0.075,169016000.0,173514000.0,169016000.0,,,,-17783000.0,-0.222,1.0,122383000.0,0.161,6327000.0,12241000.0,253314000.0,198633000.0,128611000.0,0.0,0.0,0.0,183502000.0,124502000.0,59000000.0,549629436.0,2971000.0,-106248000.0,108288000.0,14119000.0,0.0,127532000.0,-117769000.0,0.0,-6612000.0,-180000.0,6147000.0,6147000.0,6147000.0,0.0,0.0,0.008,94884000.0,27499000.0,87461000.0,0.0,3.252,89.414,102.5,44446000.0,0.0,7.688,0.721,0.808,139186000.0,21586000.0,761816000.0,761816000.0,0.0,0.019,0.035,0.126,0.033,0.0,78273000.0,1.0,71496512.0,80036000.0,81106000.0,9.518,346191000.0,10875000.0,6571000.0,1913000.0,4.325,168897000.0
99,NOV,MRT,1996-09-30,1996-09-30,1996-09-30,2021-09-24,,,,,,,,,,,,,,,,,,,,,,,0.0,,,,,,,,,,,,,,,,,,1.0,,,,,,,,,,,,,,,,,,,,,,,,,,,,,,,,,,,,,,,,,,,,,,,,,,,,,,1.0,,77996000.0,,,,,,,,
100,NOV,MRT,1996-06-30,1996-06-30,1996-06-30,2021-09-24,,,,,,,,,,,,,,,,,,,,,,,0.0,,,,,,,,,,,,,,,,,,1.0,,,,,,,,,,,,,,,,,,,,,,,,,,,,,,,,,,,,,,,,,,,,,,,,,,,,,,1.0,,54360000.0,,,,,,,,
101,NOV,MRT,1996-03-31,1996-03-31,1996-03-31,2021-09-24,,,,,,,,,,,,,,,,,,,,,,,0.0,,,,,,,,,,,,,,,,,,1.0,,,,,,,,,,,,,,,,,,,,,,,,,,,,,,,,,,,,,,,,,,,,,,,,,,,,,,1.0,,54360000.0,,,,,,,,
102,NOV,MRT,1995-12-31,1995-12-31,1995-12-31,2021-09-24,-7494000.0,288578000.0,,265667000.0,22911000.0,,,,65452000.0,65452000.0,,,3.009,0.621,9128000.0,0.0,9128000.0,9128000.0,7500000.0,,0.0,,,,,,,,,,,,178012000.0,,178012000.0,,,,,,1.0,,,0.0,,143952000.0,,120686000.0,0.0,0.0,0.0,110566000.0,88302000.0,22264000.0,,,,,,,,,,,,,,,,,,,,66665000.0,,,,,18877000.0,,,,,74986000.0,,,,,,,,,,,1.0,,,,,288578000.0,1450000.0,,0.0,,177365000.0
103,NOV,MRT,1995-09-30,1995-08-31,1995-08-31,2021-09-24,,,,,,,,-3201000.0,,,61252000.0,7789000.0,,,,,,,,4558000.0,,,0.0,12260000.0,16818000.0,0.194,16818000.0,12260000.0,12196000.0,0.345,0.34,0.345,,,,,,,-1133000.0,-0.05,1.0,25623000.0,0.295,,64000.0,,,,,,,,,,,-3750000.0,0.0,161000.0,-1308000.0,0.0,-2617000.0,-3201000.0,0.0,2068000.0,0.0,7789000.0,7789000.0,7789000.0,0.0,0.0,0.09,15564000.0,10059000.0,,0.0,,,,,0.0,,,,,,86875000.0,86875000.0,0.0,,,,0.141,0.0,15564000.0,1.0,,22514000.0,22844000.0,3.859,,,4407000.0,,,
104,NOV,MRT,1994-12-31,1994-12-31,1994-12-31,2021-09-24,,,,,,,,-1873000.0,,,482423000.0,23880000.0,,,,,,,,6027000.0,,,0.0,30698000.0,36725000.0,0.065,36725000.0,30698000.0,24921000.0,,,,,,,,,,35678000.0,,1.0,79630000.0,0.142,,5777000.0,,,,,,,,,,,3402000.0,69821000.0,0.0,-70753000.0,0.0,-101753000.0,68199000.0,0.0,37551000.0,-595000.0,23880000.0,23880000.0,23880000.0,0.0,0.0,0.042,50506000.0,29124000.0,,,,,,,0.0,,,,,,562053000.0,562053000.0,0.0,,,,0.055,0.0,64422000.0,1.0,,,,,,,1041000.0,,,
