None,ticker,dimension,calendardate,datekey,reportperiod,lastupdated,accoci,assets,assetsavg,assetsc,assetsnc,assetturnover,bvps,capex,cashneq,cashnequsd,cor,consolinc,currentratio,de,debt,debtc,debtnc,debtusd,deferredrev,depamor,deposits,divyield,dps,ebit,ebitda,ebitdamargin,ebitdausd,ebitusd,ebt,eps,epsdil,epsusd,equity,equityavg,equityusd,ev,evebit,evebitda,fcf,fcfps,fxusd,gp,grossmargin,intangibles,intexp,invcap,invcapavg,inventory,investments,investmentsc,investmentsnc,liabilities,liabilitiesc,liabilitiesnc,marketcap,ncf,ncfbus,ncfcommon,ncfdebt,ncfdiv,ncff,ncfi,ncfinv,ncfo,ncfx,netinc,netinccmn,netinccmnusd,netincdis,netincnci,netmargin,opex,opinc,payables,payoutratio,pb,pe,pe1,ppnenet,prefdivis,price,ps,ps1,receivables,retearn,revenue,revenueusd,rnd,roa,roe,roic,ros,sbcomp,sgna,sharefactor,sharesbas,shareswa,shareswadil,sps,tangibles,taxassets,taxexp,taxliabilities,tbvps,workingcapital
0,LPX,MRY,2020-12-31,2020-12-31,2020-12-31,2021-09-07,-151000000.0,2086000000.0,1999500000.0,993000000.0,1093000000.0,1.394,11.117,-77000000.0,535000000.0,535000000.0,1920000000.0,497000000.0,3.472,0.682,380000000.0,0.0,380000000.0,380000000.0,0.0,111000000.0,0.0,0.016,0.58,643000000.0,754000000.0,0.27,754000000.0,643000000.0,624000000.0,4.48,4.46,4.48,1234000000.0,1090000000.0,1234000000.0,4023566427.0,6.0,5.336,582000000.0,5.243,1.0,868000000.0,0.311,46000000.0,19000000.0,1599000000.0,1753000000.0,259000000.0,11000000.0,0.0,11000000.0,842000000.0,286000000.0,556000000.0,4063566427.0,340000000.0,15000000.0,-200000000.0,0.0,-65000000.0,-272000000.0,-49000000.0,0.0,659000000.0,2000000.0,499000000.0,499000000.0,499000000.0,0.0,-2000000.0,0.179,215000000.0,653000000.0,267000000.0,0.129,3.293,8.143,8.297,1010000000.0,0.0,37.17,1.458,1.48,184000000.0,1206000000.0,2788000000.0,2788000000.0,0.0,0.25,0.458,0.367,0.231,0.0,211000000.0,1.0,109323821.0,111000000.0,112000000.0,25.117,2040000000.0,3000000.0,125000000.0,96000000.0,18.378,707000000.0
1,LPX,MRY,2019-12-31,2019-12-31,2019-12-31,2021-09-07,-153000000.0,1835000000.0,2015500000.0,619000000.0,1216000000.0,1.146,8.057,-163000000.0,195000000.0,195000000.0,2007000000.0,-10000000.0,2.537,0.842,384000000.0,0.0,384000000.0,384000000.0,0.0,123000000.0,0.0,0.018,0.54,1000000.0,124000000.0,0.054,124000000.0,1000000.0,-18000000.0,-0.04,-0.04,-0.04,991000000.0,1188750000.0,991000000.0,3564843120.0,3565.0,28.749,-4000000.0,-0.033,1.0,303000000.0,0.131,50000000.0,19000000.0,1730000000.0,1798750000.0,265000000.0,10000000.0,0.0,10000000.0,834000000.0,244000000.0,590000000.0,3484843120.0,-697000000.0,27000000.0,-638000000.0,-5000000.0,-65000000.0,-717000000.0,-137000000.0,0.0,159000000.0,-2000000.0,-5000000.0,-5000000.0,-5000000.0,0.0,-5000000.0,-0.002,231000000.0,72000000.0,242000000.0,-13.5,3.516,-696.969,-741.75,1072000000.0,0.0,29.67,1.509,1.58,164000000.0,966000000.0,2310000000.0,2310000000.0,0.0,-0.002,-0.004,0.001,0.0,0.0,230000000.0,1.0,117453425.0,123000000.0,123000000.0,18.78,1785000000.0,1000000.0,-13000000.0,73000000.0,14.512,375000000.0
2,LPX,MRY,2018-12-31,2018-12-31,2018-12-31,2021-09-07,-146000000.0,2514000000.0,2562100000.0,1287000000.0,1227000000.0,1.104,11.888,-214000000.0,892000000.0,892000000.0,2084000000.0,395000000.0,4.912,0.479,352000000.0,5000000.0,347000000.0,352000000.0,0.0,120000000.0,0.0,0.023,0.52,533000000.0,653000000.0,0.231,653000000.0,533000000.0,517000000.0,2.76,2.73,2.76,1700000000.0,1737400000.0,1700000000.0,2490786026.0,5.0,3.814,297000000.0,2.077,1.0,744000000.0,0.263,26000000.0,16000000.0,1686000000.0,1698900000.0,273000000.0,49000000.0,0.0,49000000.0,814000000.0,262000000.0,552000000.0,3136986026.0,-49000000.0,-45000000.0,-212000000.0,-25000000.0,-74000000.0,-317000000.0,-238000000.0,0.0,511000000.0,-5000000.0,395000000.0,395000000.0,395000000.0,4000000.0,0.0,0.14,207000000.0,537000000.0,234000000.0,0.188,1.845,7.942,8.051,1072000000.0,0.0,22.22,1.109,1.124,128000000.0,1613000000.0,2828000000.0,2828000000.0,0.0,0.154,0.227,0.314,0.188,0.0,209000000.0,1.0,141178489.0,143000000.0,144000000.0,19.776,2488000000.0,4000000.0,122000000.0,83000000.0,17.399,1025000000.0
3,LPX,MRY,2017-12-31,2017-12-31,2017-12-31,2021-09-07,-122100000.0,2448500000.0,2249875000.0,1359600000.0,1088900000.0,1.215,11.142,-149000000.0,941300000.0,941300000.0,1998000000.0,390000000.0,5.034,0.526,375900000.0,25100000.0,350800000.0,375900000.0,0.0,123000000.0,0.0,0.0,0.0,518000000.0,641000000.0,0.234,641000000.0,518000000.0,509000000.0,2.7,2.66,2.7,1604500000.0,1418075000.0,1604500000.0,3317977138.0,6.0,5.176,325000000.0,2.257,1.0,736000000.0,0.269,26700000.0,9000000.0,1586300000.0,1566600000.0,259100000.0,30000000.0,22200000.0,7800000.0,844000000.0,270100000.0,573900000.0,3804377138.0,269000000.0,-21000000.0,0.0,-3000000.0,0.0,-9000000.0,-199000000.0,-32000000.0,474000000.0,3000000.0,390000000.0,390000000.0,390000000.0,1000000.0,0.0,0.143,203000000.0,533000000.0,237100000.0,0.0,2.371,9.755,9.726,981800000.0,0.0,26.26,1.392,1.383,142500000.0,1280100000.0,2734000000.0,2734000000.0,0.0,0.173,0.275,0.331,0.189,0.0,191000000.0,1.0,144873463.0,144000000.0,146000000.0,18.986,2421800000.0,2500000.0,119000000.0,37900000.0,16.818,1089500000.0
4,LPX,MRY,2016-12-31,2016-12-31,2016-12-31,2021-09-07,-137200000.0,2031200000.0,2238275000.0,1008300000.0,1022900000.0,0.998,8.338,-124800000.0,672500000.0,672500000.0,1829100000.0,149800000.0,4.407,0.699,377000000.0,2600000.0,374400000.0,377000000.0,0.0,112800000.0,0.0,0.0,0.0,201400000.0,314200000.0,0.141,314200000.0,201400000.0,169300000.0,1.04,1.03,1.04,1195700000.0,1121150000.0,1195700000.0,2949928280.0,15.0,9.389,217500000.0,1.517,1.0,404300000.0,0.181,9700000.0,32100000.0,1497200000.0,2061250000.0,234600000.0,6200000.0,0.0,6200000.0,835500000.0,228800000.0,606700000.0,2692328280.0,223500000.0,0.0,0.0,-392500000.0,0.0,-407000000.0,285100000.0,0.0,342300000.0,3100000.0,149800000.0,149800000.0,149800000.0,500000.0,0.0,0.067,194100000.0,210200000.0,191500000.0,0.0,2.252,17.973,18.202,944900000.0,0.0,18.93,1.205,1.215,108300000.0,890300000.0,2233400000.0,2233400000.0,0.0,0.067,0.134,0.098,0.09,13000000.0,185100000.0,1.0,142225477.0,143400000.0,145300000.0,15.575,2021500000.0,4300000.0,19500000.0,59000000.0,14.097,779500000.0
5,LPX,MRY,2015-12-31,2015-12-31,2015-12-31,2021-09-07,-146100000.0,2176300000.0,2230275000.0,769100000.0,1407200000.0,0.849,7.142,-113800000.0,449000000.0,449000000.0,1682700000.0,-88100000.0,5.378,1.14,753900000.0,2100000.0,751800000.0,753900000.0,0.0,101900000.0,0.0,0.0,0.0,-60700000.0,41200000.0,0.022,41200000.0,-60700000.0,-91900000.0,-0.62,-0.62,-0.62,1017000000.0,1043000000.0,1017000000.0,2863296912.0,-47.0,69.497,-84600000.0,-0.594,1.0,209800000.0,0.111,9700000.0,31200000.0,2328500000.0,2342075000.0,222000000.0,7700000.0,0.0,7700000.0,1159300000.0,143000000.0,1016300000.0,2572896912.0,-98000000.0,1100000.0,700000.0,-2300000.0,0.0,-4400000.0,-115900000.0,-3900000.0,29200000.0,-6900000.0,-88100000.0,-88100000.0,-88100000.0,2100000.0,0.0,-0.047,273100000.0,-63300000.0,139600000.0,0.0,2.53,-29.204,-29.048,915500000.0,0.0,18.01,1.36,1.355,96400000.0,724200000.0,1892500000.0,1892500000.0,0.0,-0.04,-0.084,-0.026,-0.032,9300000.0,152800000.0,1.0,142859351.0,142400000.0,142400000.0,13.29,2166600000.0,4800000.0,-3800000.0,99500000.0,15.215,626100000.0
6,LPX,MRY,2014-12-31,2014-12-31,2014-12-31,2021-09-07,-131300000.0,2348800000.0,2421200000.0,950300000.0,1398500000.0,0.799,7.908,-80100000.0,543100000.0,543100000.0,1757800000.0,-75400000.0,5.503,1.105,757200000.0,2400000.0,754800000.0,757200000.0,0.0,100700000.0,0.0,0.0,0.0,-73800000.0,26900000.0,0.014,26900000.0,-73800000.0,-103600000.0,-0.53,-0.53,-0.53,1115800000.0,1184250000.0,1115800000.0,2526322804.0,-34.0,93.915,-133000000.0,-0.943,1.0,177000000.0,0.091,9700000.0,29800000.0,2380500000.0,2431525000.0,229800000.0,5000000.0,0.0,5000000.0,1233000000.0,172700000.0,1060300000.0,2355022804.0,-124100000.0,2600000.0,0.0,-2300000.0,0.0,-3900000.0,-63500000.0,800000.0,-52900000.0,-3800000.0,-75400000.0,-75400000.0,-75400000.0,2000000.0,0.0,-0.039,254600000.0,-77600000.0,168300000.0,0.0,2.111,-31.234,-31.245,917800000.0,0.0,16.56,1.217,1.208,108400000.0,812300000.0,1934800000.0,1934800000.0,0.0,-0.031,-0.064,-0.03,-0.038,9400000.0,149500000.0,1.0,142211522.0,141100000.0,141100000.0,13.712,2339100000.0,45700000.0,-28200000.0,139500000.0,16.578,777600000.0
7,LPX,MRY,2013-12-31,2013-12-31,2013-12-31,2021-09-07,-89200000.0,2493300000.0,2508700000.0,1034200000.0,1459100000.0,0.831,8.784,-75600000.0,668100000.0,668100000.0,1636900000.0,177100000.0,6.223,1.033,765000000.0,2300000.0,762700000.0,765000000.0,0.0,91300000.0,0.0,0.0,0.0,254100000.0,345400000.0,0.166,345400000.0,254100000.0,218100000.0,1.27,1.23,1.27,1226300000.0,1181375000.0,1226300000.0,2697054393.0,11.0,7.808,166900000.0,1.196,1.0,448300000.0,0.215,9700000.0,36000000.0,2414300000.0,2466725000.0,224400000.0,6900000.0,0.0,6900000.0,1267000000.0,166200000.0,1100800000.0,2612154393.0,95900000.0,-50600000.0,100000.0,-113200000.0,0.0,-126400000.0,-17400000.0,92100000.0,242500000.0,-2800000.0,177100000.0,177100000.0,177100000.0,300000.0,0.0,0.085,245500000.0,202800000.0,161900000.0,0.0,2.13,14.75,14.575,958400000.0,0.0,18.51,1.253,1.239,78100000.0,887700000.0,2085200000.0,2085200000.0,0.0,0.071,0.15,0.103,0.122,8800000.0,150200000.0,1.0,141121253.0,139600000.0,144300000.0,14.937,2483600000.0,50900000.0,41000000.0,188700000.0,17.791,868000000.0
8,LPX,MRY,2012-12-31,2012-12-31,2012-12-31,2021-09-07,-107900000.0,2331000000.0,2261950000.0,980700000.0,1350300000.0,0.748,7.54,-31200000.0,572900000.0,572900000.0,1383200000.0,28800000.0,4.098,1.255,880500000.0,97800000.0,782700000.0,880500000.0,0.0,73400000.0,0.0,0.0,0.0,84700000.0,158100000.0,0.093,158100000.0,84700000.0,35400000.0,0.21,0.2,0.21,1033800000.0,994650000.0,1033800000.0,3061960834.0,36.0,19.367,80600000.0,0.588,1.0,308000000.0,0.182,0.0,49300000.0,2399300000.0,2424325000.0,209800000.0,162000000.0,91400000.0,70600000.0,1297200000.0,239300000.0,1057900000.0,2673260834.0,220900000.0,12700000.0,0.0,97100000.0,0.0,92100000.0,21500000.0,10800000.0,111800000.0,-4500000.0,28800000.0,28800000.0,28800000.0,700000.0,0.0,0.017,203800000.0,104200000.0,139500000.0,0.0,2.586,92.822,92.0,805800000.0,0.0,19.32,1.581,1.566,82700000.0,710600000.0,1691200000.0,1691200000.0,0.0,0.013,0.029,0.035,0.05,8400000.0,128400000.0,1.0,138367538.0,137100000.0,142600000.0,12.336,2331000000.0,17300000.0,6600000.0,93600000.0,17.002,741400000.0
9,LPX,MRY,2011-12-31,2011-12-31,2011-12-31,2021-09-07,-106200000.0,2139900000.0,2267850000.0,656800000.0,1483100000.0,0.586,7.514,-21400000.0,352900000.0,352900000.0,1222600000.0,-181100000.0,4.708,1.138,729100000.0,13200000.0,715900000.0,729100000.0,0.0,78300000.0,0.0,0.0,0.0,-168500000.0,-90200000.0,-0.068,-90200000.0,-168500000.0,-225400000.0,-1.36,-1.36,-1.36,1000900000.0,1113825000.0,1000900000.0,1451931180.0,-9.0,-16.097,-61600000.0,-0.462,1.0,106100000.0,0.08,1400000.0,56900000.0,2375200000.0,2494350000.0,163600000.0,89800000.0,10000000.0,79800000.0,1139000000.0,139500000.0,999500000.0,1099731180.0,-49300000.0,-9600000.0,0.0,9800000.0,0.0,-15700000.0,7700000.0,37400000.0,-40200000.0,-1100000.0,-181300000.0,-181300000.0,-181300000.0,5600000.0,200000.0,-0.136,251800000.0,-145700000.0,122300000.0,0.0,1.099,-6.066,-5.934,827700000.0,0.0,8.07,0.828,0.809,65100000.0,681800000.0,1328700000.0,1328700000.0,0.0,-0.08,-0.163,-0.068,-0.127,7800000.0,110800000.0,1.0,136274000.0,133200000.0,133200000.0,9.975,2138500000.0,24500000.0,-44100000.0,106000000.0,16.055,517300000.0
10,LPX,MRY,2010-12-31,2010-12-31,2010-12-31,2021-09-07,-69600000.0,2410600000.0,2487000000.0,713600000.0,1697000000.0,0.556,9.433,-14500000.0,420400000.0,420400000.0,1187900000.0,-38600000.0,5.286,0.979,714700000.0,200000.0,714500000.0,714700000.0,0.0,82000000.0,0.0,0.0,0.0,-1200000.0,80800000.0,0.058,80800000.0,-1200000.0,-65100000.0,-0.3,-0.3,-0.3,1217800000.0,1238325000.0,1217800000.0,1563283866.0,-1303.0,19.348,33300000.0,0.258,1.0,195700000.0,0.141,2200000.0,63900000.0,2567700000.0,2647100000.0,151900000.0,125400000.0,0.0,125400000.0,1192800000.0,135000000.0,1057800000.0,1248283866.0,-4800000.0,4900000.0,0.0,-174100000.0,0.0,-174300000.0,120300000.0,126600000.0,47800000.0,1400000.0,-39000000.0,-39000000.0,-39000000.0,6400000.0,400000.0,-0.028,203300000.0,-7600000.0,127800000.0,0.0,1.025,-32.007,-31.533,963900000.0,0.0,9.46,0.902,0.883,66800000.0,863100000.0,1383600000.0,1383600000.0,0.0,-0.016,-0.031,0.0,-0.001,8800000.0,118800000.0,1.0,131953897.0,129100000.0,129100000.0,10.717,2408400000.0,48000000.0,-26100000.0,164800000.0,18.655,578600000.0
11,LPX,MRY,2009-12-31,2009-12-31,2009-12-31,2021-09-07,-64600000.0,2620300000.0,2392625000.0,838900000.0,1781400000.0,0.443,11.553,-9600000.0,414900000.0,414900000.0,999300000.0,-121800000.0,2.732,1.09,880400000.0,174100000.0,706300000.0,880400000.0,0.0,80000000.0,0.0,0.0,0.0,-113000000.0,-33000000.0,-0.031,-33000000.0,-113000000.0,-187600000.0,-1.11,-1.11,-1.11,1253500000.0,1223525000.0,1253500000.0,1015832504.0,-9.0,-30.783,51200000.0,0.472,1.0,61700000.0,0.058,3000000.0,74600000.0,2775700000.0,2397075000.0,140400000.0,279900000.0,115100000.0,164800000.0,1366800000.0,307100000.0,1059700000.0,869332504.0,296400000.0,-400000.0,132300000.0,-600000.0,0.0,115900000.0,125600000.0,127800000.0,60800000.0,-5900000.0,-120900000.0,-120900000.0,-120900000.0,5300000.0,-900000.0,-0.114,195000000.0,-133300000.0,123000000.0,0.0,0.694,-7.191,-6.288,1015100000.0,0.0,6.98,0.819,0.714,59900000.0,902100000.0,1061000000.0,1061000000.0,0.0,-0.051,-0.099,-0.047,-0.107,7300000.0,115900000.0,1.0,124546204.0,108500000.0,108500000.0,9.779,2617300000.0,61500000.0,-66700000.0,164300000.0,24.123,531800000.0
12,LPX,MRY,2008-12-31,2008-12-31,2008-12-31,2021-09-07,-98100000.0,2188700000.0,2801450000.0,537100000.0,1651600000.0,0.492,11.49,-99400000.0,174400000.0,174400000.0,1407800000.0,-576800000.0,3.237,0.851,502300000.0,29700000.0,472600000.0,502300000.0,0.0,100400000.0,0.0,0.192,0.3,-725500000.0,-625100000.0,-0.453,-625100000.0,-725500000.0,-786700000.0,-5.6,-5.6,-5.6,1182300000.0,1539575000.0,1182300000.0,595337376.0,-1.0,-0.952,-241900000.0,-2.351,1.0,-28600000.0,-0.021,4100000.0,61200000.0,2346600000.0,2646225000.0,190400000.0,247600000.0,41400000.0,206200000.0,1006400000.0,165900000.0,840500000.0,161137376.0,-254400000.0,-62000000.0,0.0,-199500000.0,-31000000.0,-230500000.0,111000000.0,278500000.0,-142500000.0,7600000.0,-576600000.0,-576600000.0,-576600000.0,13700000.0,-200000.0,-0.418,615000000.0,-643600000.0,121500000.0,-0.054,0.136,-0.279,-0.279,1100500000.0,0.0,1.56,0.117,0.116,43800000.0,1019500000.0,1379200000.0,1379200000.0,0.0,-0.206,-0.375,-0.274,-0.526,9700000.0,141800000.0,1.0,103293190.0,102900000.0,102900000.0,13.403,2184600000.0,119500000.0,-210100000.0,192600000.0,21.23,371200000.0
13,LPX,MRY,2007-12-31,2007-12-31,2007-12-31,2021-09-07,-64500000.0,3229300000.0,3332825000.0,1075900000.0,2153400000.0,0.512,17.546,-335500000.0,413300000.0,413300000.0,1667600000.0,-179900000.0,2.202,0.775,732100000.0,246300000.0,485800000.0,732100000.0,0.0,109800000.0,0.0,0.044,0.6,-293500000.0,-183700000.0,-0.108,-183700000.0,-293500000.0,-328800000.0,-1.73,-1.73,-1.73,1819500000.0,1926600000.0,1819500000.0,1734168122.0,-6.0,-9.44,-345100000.0,-3.328,1.0,37300000.0,0.022,273600000.0,35300000.0,2785900000.0,3040225000.0,212100000.0,605600000.0,254500000.0,351100000.0,1409800000.0,488600000.0,921200000.0,1415368122.0,94100000.0,-5800000.0,-20900000.0,63600000.0,-62400000.0,-19600000.0,122900000.0,463700000.0,-9600000.0,400000.0,-179900000.0,-179900000.0,-179900000.0,24600000.0,0.0,-0.106,303800000.0,-266500000.0,222100000.0,-0.347,0.778,-7.868,-7.908,1140900000.0,0.0,13.68,0.83,0.832,85900000.0,1630100000.0,1704900000.0,1704900000.0,0.0,-0.054,-0.093,-0.097,-0.172,7100000.0,151600000.0,1.0,103462582.0,103700000.0,103700000.0,16.441,2955700000.0,157700000.0,-148900000.0,344400000.0,28.502,587300000.0
14,LPX,MRY,2006-12-31,2006-12-31,2006-12-31,2021-09-07,-71500000.0,3428700000.0,3491950000.0,1496300000.0,1932400000.0,0.626,19.671,-236500000.0,309800000.0,309800000.0,1778600000.0,123700000.0,5.818,0.658,648000000.0,3400000.0,644600000.0,648000000.0,0.0,128000000.0,0.0,0.028,0.6,196200000.0,324200000.0,0.148,324200000.0,196200000.0,146800000.0,1.18,1.17,1.18,2067400000.0,2107225000.0,2067400000.0,2555322783.0,13.0,7.882,-44600000.0,-0.424,1.0,408800000.0,0.187,273500000.0,49400000.0,3236200000.0,3194800000.0,221600000.0,1050300000.0,797000000.0,253300000.0,1361300000.0,257200000.0,1104100000.0,2243922783.0,-333800000.0,-8700000.0,-35500000.0,-183400000.0,-63200000.0,-278500000.0,-247500000.0,-3400000.0,191900000.0,300000.0,123700000.0,123700000.0,123700000.0,10200000.0,0.0,0.057,284800000.0,124000000.0,230200000.0,0.508,1.085,18.14,18.246,949100000.0,0.0,21.53,1.026,1.034,157400000.0,1870200000.0,2187400000.0,2187400000.0,0.0,0.035,0.059,0.061,0.09,2800000.0,160200000.0,1.0,104223074.0,105100000.0,105500000.0,20.813,3155200000.0,28500000.0,23100000.0,378500000.0,30.021,1239100000.0
15,LPX,MRY,2005-12-31,2005-12-31,2005-12-31,2021-09-07,-62200000.0,3598000000.0,3526075000.0,1792400000.0,1805600000.0,0.717,18.742,-173700000.0,663200000.0,663200000.0,1724600000.0,455500000.0,5.179,0.761,823400000.0,88600000.0,734800000.0,823400000.0,0.0,135100000.0,0.0,0.017,0.475,559900000.0,695000000.0,0.275,695000000.0,559900000.0,505300000.0,4.18,4.15,4.18,2042900000.0,1959300000.0,2042900000.0,2815909940.0,5.0,4.052,324500000.0,2.977,1.0,803800000.0,0.318,280900000.0,54600000.0,3131200000.0,2919125000.0,240300000.0,1012600000.0,788100000.0,224500000.0,1555100000.0,346100000.0,1209000000.0,2905609940.0,47100000.0,-83900000.0,-138900000.0,24100000.0,-52000000.0,-167600000.0,-281500000.0,-79200000.0,498200000.0,-2000000.0,455500000.0,455500000.0,455500000.0,18300000.0,0.0,0.18,283700000.0,520100000.0,243200000.0,0.114,1.422,6.379,6.572,881000000.0,0.0,27.47,1.149,1.184,146800000.0,1809700000.0,2528400000.0,2528400000.0,0.0,0.129,0.232,0.192,0.221,5400000.0,146300000.0,1.0,105773933.0,109000000.0,109700000.0,23.196,3317100000.0,0.0,49800000.0,379300000.0,30.432,1446300000.0
16,LPX,MRY,2004-12-31,2004-12-31,2004-12-31,2021-09-07,-67900000.0,3450600000.0,3319375000.0,1604100000.0,1846500000.0,0.823,16.323,-147700000.0,610200000.0,610200000.0,1634300000.0,420700000.0,3.646,0.952,800500000.0,178000000.0,622500000.0,800500000.0,0.0,145100000.0,0.0,0.011,0.3,763700000.0,908800000.0,0.333,908800000.0,763700000.0,698400000.0,3.88,3.84,3.88,1767800000.0,1645100000.0,1767800000.0,2838410401.0,4.0,3.123,453800000.0,4.19,1.0,1096400000.0,0.402,280400000.0,65300000.0,2920500000.0,2688375000.0,203500000.0,771100000.0,608200000.0,162900000.0,1682800000.0,440000000.0,1242800000.0,2942810401.0,-381200000.0,-32000000.0,39200000.0,-266000000.0,-32600000.0,-261000000.0,-728400000.0,-592500000.0,601500000.0,6700000.0,420700000.0,420700000.0,420700000.0,-500000.0,0.0,0.154,351000000.0,745400000.0,250000000.0,0.077,1.665,6.995,6.892,848500000.0,0.0,26.74,1.078,1.061,185500000.0,1406200000.0,2730700000.0,2730700000.0,0.0,0.127,0.256,0.284,0.28,13200000.0,159700000.0,1.0,110052745.0,108300000.0,109600000.0,25.214,3170200000.0,26700000.0,277700000.0,517500000.0,29.272,1164100000.0
17,LPX,MRY,2003-12-31,2003-12-31,2003-12-31,2021-09-07,-71200000.0,3204400000.0,2885050000.0,1325100000.0,1879300000.0,0.752,12.426,-2100000.0,1036600000.0,1036600000.0,1416800000.0,272500000.0,4.379,1.444,1029000000.0,8300000.0,1020700000.0,1029000000.0,0.0,141300000.0,0.0,0.0,0.0,586700000.0,728000000.0,0.336,728000000.0,586700000.0,498200000.0,2.58,2.56,2.58,1310900000.0,1106075000.0,1310900000.0,2426687685.0,4.0,3.333,507300000.0,4.809,1.0,751900000.0,0.347,286700000.0,88500000.0,2607500000.0,2877575000.0,177500000.0,98800000.0,0.0,98800000.0,1893500000.0,302600000.0,1590900000.0,1893287685.0,788600000.0,364200000.0,19200000.0,-84600000.0,0.0,-62500000.0,340100000.0,-102900000.0,509400000.0,1600000.0,272500000.0,272500000.0,272500000.0,8300000.0,0.0,0.126,186700000.0,565200000.0,251300000.0,0.0,1.444,6.948,6.93,884900000.0,0.0,17.88,0.873,0.87,136100000.0,1018100000.0,2168700000.0,2168700000.0,0.0,0.094,0.246,0.204,0.271,2700000.0,159000000.0,1.0,105888573.0,105500000.0,106500000.0,20.556,2917700000.0,51700000.0,225700000.0,407700000.0,27.656,1022500000.0
18,LPX,MRY,2002-12-31,2002-12-31,2002-12-31,2021-09-07,-73100000.0,2780000000.0,2889700000.0,491300000.0,2288700000.0,0.545,9.62,61500000.0,184100000.0,184100000.0,1264000000.0,-62000000.0,1.844,1.763,1112300000.0,35300000.0,1077000000.0,1112300000.0,0.0,157600000.0,0.0,0.0,0.0,14700000.0,172300000.0,0.109,172300000.0,14700000.0,-81100000.0,-0.59,-0.59,-0.59,1006200000.0,1051900000.0,1006200000.0,1799323352.0,122.0,10.443,150000000.0,1.434,1.0,312200000.0,0.198,306600000.0,95800000.0,3135200000.0,3336425000.0,163500000.0,0.0,0.0,0.0,1773800000.0,266400000.0,1507400000.0,842923352.0,75700000.0,-3300000.0,0.0,-72600000.0,0.0,-84500000.0,71700000.0,0.0,88500000.0,0.0,-62000000.0,-62000000.0,-62000000.0,54400000.0,0.0,-0.039,238300000.0,73900000.0,211100000.0,0.0,0.838,-13.596,-13.661,1338200000.0,0.0,8.06,0.535,0.535,99300000.0,745600000.0,1576200000.0,1576200000.0,0.0,-0.021,-0.059,0.004,0.009,0.0,134100000.0,1.0,104581061.0,104600000.0,104600000.0,15.069,2473400000.0,38600000.0,-19100000.0,216100000.0,23.646,224900000.0
19,LPX,MRY,2001-12-31,2001-12-31,2001-12-31,2021-09-07,-53900000.0,3014000000.0,3162750000.0,490300000.0,2523700000.0,0.503,10.353,-66700000.0,76500000.0,76500000.0,1348100000.0,-171600000.0,1.599,1.788,1189700000.0,37700000.0,1152000000.0,1189700000.0,0.0,195200000.0,0.0,0.028,0.24,-190900000.0,4300000.0,0.003,4300000.0,-190900000.0,-284000000.0,-1.64,-1.64,-1.64,1080900000.0,1157375000.0,1080900000.0,1994418591.0,-10.0,463.818,82000000.0,0.785,1.0,243500000.0,0.153,313400000.0,93100000.0,3507100000.0,3597075000.0,183900000.0,0.0,0.0,0.0,1933100000.0,306700000.0,1626400000.0,881618591.0,23500000.0,-6900000.0,0.0,-33500000.0,-25100000.0,-75600000.0,-49600000.0,0.0,148700000.0,0.0,-171600000.0,-171600000.0,-171600000.0,42800000.0,0.0,-0.108,405100000.0,-161600000.0,249000000.0,-0.146,0.816,-5.138,-5.146,1619000000.0,0.0,8.44,0.554,0.554,155000000.0,807600000.0,1591600000.0,1591600000.0,0.0,-0.054,-0.148,-0.053,-0.12,0.0,146700000.0,1.0,104457179.0,104400000.0,104400000.0,15.245,2700600000.0,41400000.0,-112400000.0,235600000.0,25.868,183600000.0
20,LPX,MRY,2000-12-31,2000-12-31,2000-12-31,2021-09-07,-31200000.0,3374700000.0,3485225000.0,654100000.0,2720600000.0,0.709,12.442,-220300000.0,38100000.0,38100000.0,1944900000.0,-13800000.0,1.73,1.606,1223200000.0,39400000.0,1183800000.0,1223200000.0,0.0,235500000.0,0.0,0.055,0.56,59100000.0,294600000.0,0.119,294600000.0,59100000.0,-21900000.0,-0.13,-0.13,-0.13,1295200000.0,1359275000.0,1295200000.0,2165624434.0,37.0,7.351,-137800000.0,-1.324,1.0,526900000.0,0.213,326300000.0,81000000.0,3855300000.0,3788575000.0,327500000.0,0.0,0.0,0.0,2079500000.0,378200000.0,1701300000.0,1054824434.0,-77900000.0,-54700000.0,-11300000.0,165200000.0,-58300000.0,100700000.0,-261100000.0,0.0,82500000.0,0.0,-13800000.0,-13800000.0,-13800000.0,20400000.0,0.0,-0.006,464000000.0,62900000.0,303800000.0,-4.308,0.814,-76.437,-77.885,1899400000.0,0.0,10.125,0.427,0.426,129600000.0,1004300000.0,2471800000.0,2471800000.0,0.0,-0.004,-0.01,0.016,0.024,0.0,220600000.0,1.0,104180191.0,104100000.0,104100000.0,23.744,3048400000.0,136100000.0,-8100000.0,334000000.0,29.283,275900000.0
21,LPX,MRY,1999-12-31,1999-12-31,1999-12-31,2021-09-07,-43600000.0,3488200000.0,3153775000.0,739400000.0,2748800000.0,0.974,12.806,-117900000.0,116000000.0,116000000.0,2318200000.0,216800000.0,1.367,1.565,1059700000.0,44900000.0,1014800000.0,1059700000.0,0.0,202000000.0,0.0,0.04,0.56,404200000.0,606200000.0,0.197,606200000.0,404200000.0,356300000.0,2.04,2.04,2.04,1360000000.0,1323150000.0,1360000000.0,2431861545.0,6.0,4.012,354700000.0,3.34,1.0,753400000.0,0.245,347700000.0,47900000.0,3543500000.0,3097100000.0,293400000.0,0.0,0.0,0.0,2128200000.0,540700000.0,1587500000.0,1496961545.0,-10500000.0,-726100000.0,-47900000.0,404700000.0,-59200000.0,300300000.0,-783400000.0,0.0,472600000.0,0.0,216800000.0,216800000.0,216800000.0,0.0,0.0,0.071,383900000.0,369500000.0,306500000.0,0.275,1.101,6.905,6.894,1945100000.0,0.0,14.063,0.487,0.486,200700000.0,1076400000.0,3071600000.0,3071600000.0,0.0,0.069,0.164,0.131,0.132,0.0,219400000.0,1.0,106446814.0,106200000.0,106200000.0,28.923,3140500000.0,110800000.0,139500000.0,405600000.0,29.572,198700000.0
22,LPX,MRY,1998-12-31,1998-12-31,1998-12-31,2021-09-07,-45600000.0,2519100000.0,2690325000.0,612100000.0,1907000000.0,0.911,11.28,-122500000.0,126500000.0,126500000.0,2049400000.0,2000000.0,1.67,1.06,493900000.0,34100000.0,459800000.0,493900000.0,0.0,185400000.0,0.0,0.031,0.56,53900000.0,239300000.0,0.098,239300000.0,53900000.0,16400000.0,0.02,0.02,0.02,1222800000.0,1294500000.0,1222800000.0,2266852372.0,42.0,9.473,500000.0,0.005,1.0,401700000.0,0.164,60000000.0,37500000.0,2459900000.0,2585400000.0,205700000.0,0.0,0.0,0.0,1296300000.0,366600000.0,929700000.0,1990252372.0,94600000.0,0.0,-51500000.0,-147300000.0,-60700000.0,-274800000.0,246400000.0,0.0,123000000.0,0.0,2000000.0,2000000.0,2000000.0,0.0,0.0,0.001,376300000.0,25400000.0,192500000.0,28.0,1.628,995.126,915.65,1412300000.0,0.0,18.313,0.812,0.81,134700000.0,918800000.0,2451100000.0,2451100000.0,0.0,0.001,0.002,0.021,0.022,0.0,184700000.0,1.0,108679756.0,108400000.0,108600000.0,22.612,2459100000.0,137100000.0,14400000.0,203600000.0,22.685,245500000.0
23,LPX,MRY,1997-12-31,1997-12-31,1997-12-31,2021-09-07,-79400000.0,2578400000.0,2611725000.0,596800000.0,1981600000.0,0.92,11.854,-155900000.0,31900000.0,31900000.0,2167800000.0,-101800000.0,1.869,1.005,617200000.0,44900000.0,572300000.0,617200000.0,0.0,183900000.0,0.0,0.029,0.56,-115300000.0,68600000.0,0.029,68600000.0,-115300000.0,-146200000.0,-0.94,-0.94,-0.94,1286200000.0,1383575000.0,1286200000.0,2598922605.0,-23.0,37.885,-67700000.0,-0.624,1.0,234700000.0,0.098,77600000.0,30900000.0,2766800000.0,2815725000.0,258800000.0,0.0,0.0,0.0,1292200000.0,319300000.0,972900000.0,2081322605.0,4100000.0,-48600000.0,-2900000.0,114000000.0,-60700000.0,55800000.0,-139900000.0,0.0,88200000.0,0.0,-101800000.0,-101800000.0,-101800000.0,0.0,0.0,-0.042,356500000.0,-121800000.0,234400000.0,-0.596,1.618,-20.445,-20.213,1826000000.0,0.0,19.0,0.866,0.858,146200000.0,977500000.0,2402500000.0,2402500000.0,0.0,-0.039,-0.074,-0.041,-0.048,0.0,181200000.0,1.0,109543295.0,108500000.0,108500000.0,22.143,2500800000.0,151000000.0,-44400000.0,178600000.0,23.049,277500000.0
24,LPX,MRY,1996-12-31,1996-12-31,1996-12-31,2021-09-07,0.0,2622400000.0,2713900000.0,612900000.0,2009500000.0,0.916,13.292,-266000000.0,27800000.0,27800000.0,2164700000.0,-200700000.0,1.62,0.837,512700000.0,54100000.0,458600000.0,512700000.0,0.0,191800000.0,0.0,0.027,0.56,-312100000.0,-120300000.0,-0.048,-120300000.0,-312100000.0,-326300000.0,-1.87,-1.87,-1.87,1427600000.0,1541800000.0,1427600000.0,,,,-243200000.0,-2.264,1.0,321300000.0,0.129,45900000.0,14200000.0,2683000000.0,2651350000.0,264300000.0,0.0,0.0,0.0,1194800000.0,378400000.0,816400000.0,2310687800.0,-47600000.0,0.0,0.0,196400000.0,-60100000.0,142300000.0,-212700000.0,0.0,22800000.0,0.0,-200700000.0,-200700000.0,-200700000.0,0.0,0.0,-0.081,640300000.0,-319000000.0,224300000.0,-0.299,1.619,-11.513,-11.297,1927100000.0,0.0,21.125,0.929,0.913,136200000.0,1140000000.0,2486000000.0,2486000000.0,0.0,-0.074,-0.13,-0.118,-0.126,0.0,139700000.0,1.0,109381671.0,107400000.0,107400000.0,23.147,2576500000.0,172600000.0,-125600000.0,163200000.0,23.99,234500000.0
25,LPX,MRY,1995-12-31,1995-12-31,1995-12-31,2021-09-07,0.0,2805400000.0,,618500000.0,2186900000.0,,15.471,-412600000.0,75400000.0,75400000.0,2300900000.0,-51700000.0,1.379,0.694,338200000.0,136900000.0,201300000.0,338200000.0,0.0,202600000.0,0.0,0.022,0.545,-92200000.0,110400000.0,0.039,110400000.0,-92200000.0,-97500000.0,-0.48,-0.48,-0.48,1656000000.0,,1656000000.0,,,,-78000000.0,-0.729,1.0,542300000.0,0.191,0.0,5300000.0,2619700000.0,,317700000.0,0.0,0.0,0.0,1149400000.0,448500000.0,700900000.0,,-240500000.0,23500000.0,-120200000.0,-4200000.0,-58200000.0,-187800000.0,-387300000.0,0.0,334600000.0,0.0,-51700000.0,-51700000.0,-51700000.0,0.0,0.0,-0.018,640000000.0,-97700000.0,161600000.0,-1.135,,,-50.521,2141900000.0,0.0,24.25,,0.913,128700000.0,1400800000.0,2843200000.0,2843200000.0,0.0,,,,-0.032,0.0,121400000.0,1.0,,107040000.0,107040000.0,26.562,2805400000.0,82400000.0,-45800000.0,207500000.0,26.209,170000000.0
26,LPX,MRY,1994-12-31,1994-12-31,1994-12-31,2021-09-07,,,,,,,,-347800000.0,,,2211900000.0,346900000.0,,,,,,,,197300000.0,,0.018,0.485,565700000.0,763000000.0,0.251,763000000.0,565700000.0,556700000.0,3.15,3.15,3.15,,,,,,,248100000.0,2.253,1.0,827600000.0,0.272,,9000000.0,,,,,,,,,,,54300000.0,0.0,1700000.0,-100800000.0,-53400000.0,-191300000.0,-350300000.0,0.0,595900000.0,0.0,346900000.0,346900000.0,346900000.0,0.0,0.0,0.114,269000000.0,558600000.0,,0.154,,,8.651,,0.0,27.25,,0.987,,,3039500000.0,3039500000.0,0.0,,,,0.186,0.0,125200000.0,1.0,,110140000.0,110140000.0,27.597,,,209800000.0,,,
0,LPX,MRQ,2021-06-30,2021-06-30,2021-06-30,2021-09-07,-149000000.0,2367000000.0,,1230000000.0,1137000000.0,,14.188,-32000000.0,603000000.0,603000000.0,619000000.0,497000000.0,3.484,0.645,375000000.0,0.0,375000000.0,375000000.0,0.0,29000000.0,0.0,0.01,0.16,649000000.0,678000000.0,0.512,678000000.0,649000000.0,645000000.0,4.93,4.9,4.93,1433000000.0,,1433000000.0,5882852361.0,4.0,3.42,425000000.0,4.208,1.0,706000000.0,0.533,45000000.0,4000000.0,1741000000.0,,311000000.0,10000000.0,0.0,10000000.0,925000000.0,353000000.0,572000000.0,6164852361.0,-55000000.0,0.0,-465000000.0,0.0,-16000000.0,-484000000.0,-31000000.0,0.0,457000000.0,2000000.0,498000000.0,498000000.0,498000000.0,0.0,0.0,0.376,54000000.0,652000000.0,315000000.0,0.032,4.302,4.928,5.088,1039000000.0,0.0,60.29,1.542,1.523,310000000.0,1413000000.0,1325000000.0,1325000000.0,0.0,,,,,0.0,57000000.0,1.0,102253315.0,101000000.0,102000000.0,13.119,2322000000.0,4000000.0,147000000.0,124000000.0,22.99,877000000.0
1,LPX,MRQ,2021-03-31,2021-03-31,2021-03-31,2021-09-07,-157000000.0,2343000000.0,,1226000000.0,1117000000.0,,13.245,-34000000.0,658000000.0,658000000.0,538000000.0,320000000.0,3.406,0.662,376000000.0,0.0,376000000.0,376000000.0,0.0,29000000.0,0.0,0.011,0.16,421000000.0,450000000.0,0.442,450000000.0,421000000.0,416000000.0,3.02,3.0,3.02,1404000000.0,,1404000000.0,5751816992.0,6.0,5.099,280000000.0,2.642,1.0,479000000.0,0.471,45000000.0,5000000.0,1656000000.0,,307000000.0,9000000.0,0.0,9000000.0,930000000.0,360000000.0,570000000.0,5906816992.0,122000000.0,0.0,-122000000.0,-9000000.0,-17000000.0,-158000000.0,-32000000.0,0.0,314000000.0,-2000000.0,320000000.0,320000000.0,320000000.0,0.0,-1000000.0,0.315,48000000.0,431000000.0,262000000.0,0.053,4.207,7.515,7.692,1023000000.0,0.0,55.46,1.834,1.826,264000000.0,1390000000.0,1017000000.0,1017000000.0,0.0,,,,,0.0,48000000.0,1.0,106505896.0,106000000.0,107000000.0,9.594,2298000000.0,2000000.0,96000000.0,179000000.0,21.679,866000000.0
2,LPX,MRQ,2020-12-31,2020-12-31,2020-12-31,2021-09-07,-151000000.0,2086000000.0,,993000000.0,1093000000.0,,11.426,-24000000.0,535000000.0,535000000.0,509000000.0,256000000.0,3.472,0.682,380000000.0,0.0,380000000.0,380000000.0,0.0,27000000.0,0.0,0.016,0.145,295000000.0,322000000.0,0.374,322000000.0,295000000.0,293000000.0,2.32,2.31,2.32,1234000000.0,,1234000000.0,4023566427.0,6.0,5.336,297000000.0,2.75,1.0,351000000.0,0.408,46000000.0,2000000.0,1599000000.0,,259000000.0,11000000.0,0.0,11000000.0,842000000.0,286000000.0,556000000.0,4063566427.0,115000000.0,0.0,-171000000.0,0.0,-16000000.0,-188000000.0,-24000000.0,0.0,321000000.0,6000000.0,256000000.0,256000000.0,256000000.0,0.0,0.0,0.298,37000000.0,314000000.0,267000000.0,0.062,3.293,8.143,8.297,1010000000.0,0.0,37.17,1.458,1.48,184000000.0,1206000000.0,860000000.0,860000000.0,0.0,,,,,0.0,54000000.0,1.0,109323821.0,108000000.0,109000000.0,7.963,2040000000.0,3000000.0,37000000.0,96000000.0,18.889,707000000.0
3,LPX,MRQ,2020-09-30,2020-09-30,2020-09-30,2021-09-07,-170000000.0,1973000000.0,,904000000.0,1069000000.0,,10.196,-14000000.0,420000000.0,420000000.0,503000000.0,177000000.0,3.705,0.718,380000000.0,0.0,380000000.0,380000000.0,0.0,28000000.0,0.0,0.019,0.145,242000000.0,270000000.0,0.34,270000000.0,242000000.0,237000000.0,1.58,1.57,1.58,1142000000.0,,1142000000.0,3436170274.0,12.0,8.766,204000000.0,1.821,1.0,292000000.0,0.367,47000000.0,5000000.0,1642000000.0,,238000000.0,12000000.0,0.0,12000000.0,820000000.0,244000000.0,576000000.0,3314170274.0,161000000.0,1000000.0,-29000000.0,0.0,-16000000.0,-45000000.0,-13000000.0,0.0,218000000.0,1000000.0,177000000.0,177000000.0,177000000.0,0.0,0.0,0.223,50000000.0,242000000.0,242000000.0,0.092,2.902,17.261,16.863,990000000.0,0.0,29.51,1.344,1.341,228000000.0,1132000000.0,795000000.0,795000000.0,0.0,,,,,0.0,52000000.0,1.0,112306685.0,112000000.0,113000000.0,7.098,1926000000.0,0.0,60000000.0,72000000.0,17.196,660000000.0
4,LPX,MRQ,2020-06-30,2020-06-30,2020-06-30,2021-09-07,-175000000.0,1807000000.0,,689000000.0,1118000000.0,,8.929,-15000000.0,259000000.0,259000000.0,431000000.0,31000000.0,3.146,0.796,381000000.0,0.0,381000000.0,381000000.0,0.0,28000000.0,0.0,0.022,0.145,58000000.0,86000000.0,0.157,86000000.0,58000000.0,52000000.0,0.29,0.29,0.29,1000000000.0,,1000000000.0,3122088491.0,71.0,19.154,114000000.0,1.018,1.0,117000000.0,0.214,48000000.0,6000000.0,1662000000.0,,240000000.0,11000000.0,0.0,11000000.0,796000000.0,219000000.0,577000000.0,2878088491.0,-229000000.0,14000000.0,0.0,-350000000.0,-17000000.0,-368000000.0,12000000.0,0.0,129000000.0,-2000000.0,33000000.0,33000000.0,33000000.0,0.0,-2000000.0,0.06,64000000.0,53000000.0,204000000.0,0.5,2.878,169.299,135.0,1009000000.0,0.0,25.65,1.266,1.264,175000000.0,999000000.0,548000000.0,548000000.0,0.0,,,,,0.0,50000000.0,1.0,112206179.0,112000000.0,113000000.0,4.893,1759000000.0,0.0,19000000.0,84000000.0,15.705,470000000.0
5,LPX,MRQ,2020-03-31,2020-03-31,2020-03-31,2021-09-07,-175000000.0,2132000000.0,,976000000.0,1156000000.0,,8.786,-24000000.0,488000000.0,488000000.0,477000000.0,33000000.0,4.561,1.157,732000000.0,0.0,732000000.0,732000000.0,0.0,28000000.0,0.0,0.032,0.145,47000000.0,75000000.0,0.128,75000000.0,47000000.0,42000000.0,0.29,0.29,0.29,984000000.0,,984000000.0,2113506813.0,211.0,16.258,-33000000.0,-0.295,1.0,108000000.0,0.185,53000000.0,5000000.0,2109000000.0,,284000000.0,12000000.0,0.0,12000000.0,1138000000.0,214000000.0,924000000.0,1924506813.0,293000000.0,0.0,0.0,350000000.0,-16000000.0,329000000.0,-24000000.0,0.0,-9000000.0,-3000000.0,33000000.0,33000000.0,33000000.0,0.0,0.0,0.056,64000000.0,44000000.0,208000000.0,0.5,1.956,1924.507,429.5,1029000000.0,0.0,17.18,0.832,0.832,172000000.0,983000000.0,585000000.0,585000000.0,0.0,,,,,0.0,55000000.0,1.0,112020187.0,112000000.0,113000000.0,5.223,2079000000.0,0.0,9000000.0,65000000.0,18.562,762000000.0
6,LPX,MRQ,2019-12-31,2019-12-31,2019-12-31,2021-09-07,-153000000.0,1835000000.0,,619000000.0,1216000000.0,,8.47,-45000000.0,195000000.0,195000000.0,467000000.0,-52000000.0,2.537,0.842,384000000.0,0.0,384000000.0,384000000.0,0.0,33000000.0,0.0,0.018,0.135,-72000000.0,-39000000.0,-0.073,-39000000.0,-72000000.0,-77000000.0,-0.41,-0.4,-0.41,991000000.0,,991000000.0,3564843120.0,3565.0,28.749,56000000.0,0.479,1.0,70000000.0,0.13,50000000.0,5000000.0,1730000000.0,,265000000.0,10000000.0,0.0,10000000.0,834000000.0,244000000.0,590000000.0,3484843120.0,-123000000.0,-3000000.0,-158000000.0,-2000000.0,-15000000.0,-176000000.0,-47000000.0,0.0,101000000.0,-1000000.0,-51000000.0,-51000000.0,-51000000.0,0.0,-2000000.0,-0.095,51000000.0,19000000.0,242000000.0,-0.329,3.516,-696.969,-741.75,1072000000.0,0.0,29.67,1.509,1.58,164000000.0,966000000.0,537000000.0,537000000.0,0.0,,,,,0.0,58000000.0,1.0,117453425.0,117000000.0,114000000.0,4.59,1785000000.0,1000000.0,-26000000.0,73000000.0,15.256,375000000.0
7,LPX,MRQ,2019-09-30,2019-09-30,2019-09-30,2021-09-07,-152000000.0,2043000000.0,,761000000.0,1282000000.0,,10.025,-37000000.0,304000000.0,304000000.0,529000000.0,1000000.0,3.523,0.684,384000000.0,3000000.0,381000000.0,384000000.0,0.0,30000000.0,0.0,0.022,0.135,11000000.0,41000000.0,0.068,41000000.0,11000000.0,5000000.0,0.02,0.02,0.02,1213000000.0,,1213000000.0,3041395791.0,30.0,13.888,22000000.0,0.182,1.0,74000000.0,0.123,54000000.0,6000000.0,1853000000.0,,260000000.0,10000000.0,0.0,10000000.0,830000000.0,216000000.0,614000000.0,3038395791.0,-44000000.0,-3000000.0,-42000000.0,0.0,-16000000.0,-60000000.0,-40000000.0,0.0,59000000.0,-2000000.0,2000000.0,2000000.0,2000000.0,0.0,-1000000.0,0.003,66000000.0,8000000.0,213000000.0,6.75,2.505,48.229,49.16,1136000000.0,0.0,24.58,1.286,1.259,183000000.0,1185000000.0,603000000.0,603000000.0,0.0,,,,,0.0,58000000.0,1.0,123612522.0,121000000.0,122000000.0,4.983,1989000000.0,0.0,3000000.0,1000000.0,16.438,545000000.0
8,LPX,MRQ,2019-06-30,2019-06-30,2019-06-30,2021-09-07,-143000000.0,2090000000.0,,828000000.0,1262000000.0,,10.39,-38000000.0,362000000.0,362000000.0,510000000.0,16000000.0,3.616,0.635,365000000.0,3000000.0,362000000.0,365000000.0,0.0,29000000.0,0.0,0.02,0.135,24000000.0,53000000.0,0.09,53000000.0,24000000.0,20000000.0,0.14,0.14,0.14,1278000000.0,,1278000000.0,3227722000.0,13.0,8.653,16000000.0,0.13,1.0,78000000.0,0.133,51000000.0,4000000.0,1813000000.0,,293000000.0,9000000.0,0.0,9000000.0,812000000.0,229000000.0,583000000.0,3236722000.0,-13000000.0,-7000000.0,0.0,-3000000.0,-17000000.0,-22000000.0,-45000000.0,0.0,54000000.0,1000000.0,17000000.0,17000000.0,17000000.0,0.0,-2000000.0,0.029,55000000.0,23000000.0,223000000.0,0.964,2.533,17.496,19.422,1115000000.0,0.0,26.22,1.297,1.292,177000000.0,1315000000.0,588000000.0,588000000.0,0.0,,,,,0.0,58000000.0,1.0,123444775.0,123000000.0,124000000.0,4.78,2039000000.0,4000000.0,3000000.0,76000000.0,16.577,599000000.0
9,LPX,MRQ,2019-03-31,2019-03-31,2019-03-31,2021-09-07,-144000000.0,2094000000.0,,846000000.0,1248000000.0,,9.718,-43000000.0,375000000.0,375000000.0,501000000.0,26000000.0,3.555,0.645,366000000.0,5000000.0,361000000.0,366000000.0,0.0,31000000.0,0.0,0.022,0.135,33000000.0,64000000.0,0.11,64000000.0,33000000.0,34000000.0,0.2,0.2,0.2,1273000000.0,,1273000000.0,2760985899.0,6.0,4.895,-97000000.0,-0.74,1.0,81000000.0,0.139,48000000.0,-1000000.0,1799000000.0,,310000000.0,9000000.0,0.0,9000000.0,821000000.0,238000000.0,583000000.0,3300885899.0,-517000000.0,40000000.0,-438000000.0,0.0,-17000000.0,-459000000.0,-4000000.0,0.0,-54000000.0,0.0,27000000.0,27000000.0,27000000.0,0.0,-1000000.0,0.046,59000000.0,22000000.0,229000000.0,0.675,2.593,9.972,10.419,1110000000.0,0.0,24.38,1.214,1.175,166000000.0,1314000000.0,582000000.0,582000000.0,0.0,,,,,0.0,56000000.0,1.0,135393187.0,131000000.0,132000000.0,4.443,2046000000.0,3000000.0,7000000.0,71000000.0,15.618,608000000.0
10,LPX,MRQ,2018-12-31,2018-12-31,2018-12-31,2021-09-07,-146000000.0,2514000000.0,,1287000000.0,1227000000.0,,12.117,-64000000.0,892000000.0,892000000.0,495000000.0,17000000.0,4.912,0.479,352000000.0,5000000.0,347000000.0,352000000.0,0.0,28000000.0,0.0,0.023,0.13,33000000.0,61000000.0,0.104,61000000.0,33000000.0,16000000.0,0.14,0.14,0.14,1700000000.0,,1700000000.0,2490786026.0,5.0,3.814,28000000.0,0.2,1.0,94000000.0,0.16,26000000.0,17000000.0,1686000000.0,,273000000.0,49000000.0,0.0,49000000.0,814000000.0,262000000.0,552000000.0,3136986026.0,-108000000.0,0.0,-113000000.0,-3000000.0,-18000000.0,-134000000.0,-65000000.0,0.0,92000000.0,0.0,17000000.0,17000000.0,17000000.0,0.0,0.0,0.029,66000000.0,28000000.0,234000000.0,0.929,1.845,7.942,8.051,1072000000.0,0.0,22.22,1.109,1.124,128000000.0,1613000000.0,589000000.0,589000000.0,0.0,,,,,0.0,57000000.0,1.0,141178489.0,140300000.0,139200000.0,4.198,2488000000.0,4000000.0,-1000000.0,83000000.0,17.733,1025000000.0
11,LPX,MRQ,2018-09-30,2018-09-30,2018-09-30,2021-09-07,-148000000.0,2614400000.0,,1426500000.0,1187900000.0,,12.712,-63000000.0,1000000000.0,1000000000.0,524000000.0,124000000.0,6.128,0.443,353800000.0,5200000.0,348600000.0,353800000.0,0.0,31000000.0,0.0,0.015,0.13,164000000.0,195000000.0,0.265,195000000.0,164000000.0,166000000.0,0.87,0.86,0.87,1811400000.0,,1811400000.0,3142062840.0,5.0,4.068,88000000.0,0.618,1.0,213000000.0,0.289,26300000.0,-2000000.0,1709100000.0,,284400000.0,52600000.0,0.0,52600000.0,803000000.0,232800000.0,570200000.0,3780562840.0,-14000000.0,0.0,-60000000.0,-22000000.0,-19000000.0,-102000000.0,-63000000.0,0.0,151000000.0,-1000000.0,124000000.0,124000000.0,124000000.0,0.0,0.0,0.168,45000000.0,168000000.0,213700000.0,0.149,2.087,7.43,7.483,1033000000.0,0.0,26.49,1.282,1.28,143500000.0,1613900000.0,737000000.0,737000000.0,0.0,,,,,0.0,51000000.0,1.0,142716604.0,142500000.0,143900000.0,5.172,2588100000.0,2900000.0,42000000.0,85100000.0,18.162,1193700000.0
12,LPX,MRQ,2018-06-30,2018-06-30,2018-06-30,2021-09-07,-147300000.0,2620800000.0,,1462600000.0,1158200000.0,,12.212,-44000000.0,1014200000.0,1014200000.0,550000000.0,163000000.0,5.68,0.484,375700000.0,27300000.0,348400000.0,375700000.0,0.0,30000000.0,0.0,0.01,0.13,214000000.0,244000000.0,0.301,244000000.0,214000000.0,214000000.0,1.13,1.11,1.13,1765800000.0,,1765800000.0,3418828583.0,5.0,4.446,193000000.0,1.335,1.0,261000000.0,0.322,26400000.0,0.0,1698400000.0,,286400000.0,53900000.0,0.0,53900000.0,855000000.0,257500000.0,597500000.0,3951728583.0,105000000.0,-45000000.0,-39000000.0,0.0,-19000000.0,-60000000.0,-67000000.0,0.0,237000000.0,-5000000.0,163000000.0,163000000.0,163000000.0,0.0,0.0,0.201,45000000.0,216000000.0,211100000.0,0.115,2.238,7.99,7.936,1002600000.0,0.0,27.22,1.348,1.343,162300000.0,1508400000.0,811000000.0,811000000.0,0.0,,,,,3000000.0,50000000.0,1.0,145177391.0,144600000.0,146200000.0,5.609,2594400000.0,2500000.0,51000000.0,74600000.0,17.942,1205100000.0
13,LPX,MRQ,2018-03-31,2018-03-31,2018-03-31,2021-09-07,-134900000.0,2499200000.0,,1405600000.0,1093600000.0,,11.534,-42000000.0,909100000.0,909100000.0,515000000.0,91000000.0,5.916,0.494,376200000.0,25100000.0,351100000.0,376200000.0,0.0,31000000.0,0.0,0.005,0.13,124000000.0,155000000.0,0.224,155000000.0,124000000.0,120000000.0,0.63,0.62,0.63,1672400000.0,,1672400000.0,3604804394.0,6.0,5.224,-11000000.0,-0.076,1.0,176000000.0,0.255,26600000.0,4000000.0,1702100000.0,,329400000.0,30700000.0,22200000.0,8500000.0,826800000.0,237600000.0,589200000.0,4170204394.0,-32000000.0,0.0,0.0,0.0,-19000000.0,-22000000.0,-43000000.0,0.0,31000000.0,1000000.0,91000000.0,91000000.0,91000000.0,0.0,0.0,0.132,50000000.0,126000000.0,187500000.0,0.206,2.494,9.787,9.753,986000000.0,0.0,28.77,1.482,1.482,149300000.0,1364400000.0,691000000.0,691000000.0,0.0,,,,,2000000.0,51000000.0,1.0,144949753.0,145000000.0,147000000.0,4.766,2472600000.0,2500000.0,29000000.0,61200000.0,17.052,1168000000.0
14,LPX,MRQ,2017-12-31,2017-12-31,2017-12-31,2021-09-07,-122100000.0,2448500000.0,,1359600000.0,1088900000.0,,11.236,-71600000.0,941300000.0,941300000.0,495700000.0,130800000.0,5.034,0.526,375900000.0,25100000.0,350800000.0,375900000.0,0.0,31700000.0,0.0,0.0,0.0,146700000.0,178400000.0,0.251,178400000.0,146700000.0,152500000.0,0.91,0.89,0.91,1604500000.0,,1604500000.0,3317977138.0,6.0,5.176,97400000.0,0.682,1.0,215000000.0,0.303,26700000.0,-5800000.0,1586300000.0,,259100000.0,30000000.0,22200000.0,7800000.0,844000000.0,270100000.0,573900000.0,3804377138.0,79600000.0,-21000000.0,400000.0,-500000.0,0.0,-800000.0,-89900000.0,-32000000.0,169000000.0,1300000.0,130800000.0,130800000.0,130800000.0,-100000.0,0.0,0.184,55000000.0,160000000.0,237100000.0,0.0,2.371,9.755,9.726,981800000.0,0.0,26.26,1.392,1.383,142500000.0,1280100000.0,710700000.0,710700000.0,0.0,,,,,-8000000.0,45700000.0,1.0,144873463.0,142800000.0,145100000.0,4.977,2421800000.0,2500000.0,21700000.0,37900000.0,16.959,1089500000.0
15,LPX,MRQ,2017-09-30,2017-09-30,2017-09-30,2021-09-07,-129400000.0,2308000000.0,,1290800000.0,1017200000.0,,10.14,-34900000.0,861900000.0,861900000.0,507700000.0,109800000.0,5.251,0.575,375500000.0,22500000.0,353000000.0,375500000.0,0.0,31100000.0,0.0,0.0,0.0,160500000.0,191600000.0,0.267,191600000.0,160500000.0,155600000.0,0.76,0.75,0.76,1465300000.0,,1465300000.0,3544007120.0,8.0,6.516,108500000.0,0.751,1.0,210600000.0,0.293,9700000.0,4900000.0,1566100000.0,,231000000.0,29600000.0,22200000.0,7400000.0,842700000.0,245800000.0,596900000.0,3921107120.0,108700000.0,0.0,0.0,-1200000.0,0.0,-1700000.0,-34800000.0,0.0,143400000.0,1800000.0,109800000.0,109800000.0,109800000.0,1100000.0,0.0,0.153,49100000.0,161500000.0,212500000.0,0.0,2.676,13.005,13.019,928300000.0,0.0,27.08,1.524,1.521,171400000.0,1149500000.0,718300000.0,718300000.0,0.0,,,,,2000000.0,49300000.0,1.0,144797161.0,144500000.0,146500000.0,4.971,2298300000.0,1400000.0,45800000.0,58700000.0,15.905,1045000000.0
16,LPX,MRQ,2017-06-30,2017-06-30,2017-06-30,2021-09-07,-140800000.0,2162800000.0,,1155700000.0,1007100000.0,,9.331,-16400000.0,753200000.0,753200000.0,511800000.0,94500000.0,5.012,0.604,376100000.0,23500000.0,352600000.0,376100000.0,0.0,29600000.0,0.0,0.0,0.0,135400000.0,165000000.0,0.238,165000000.0,135400000.0,130500000.0,0.65,0.65,0.65,1348400000.0,,1348400000.0,3203450266.0,10.0,7.135,124400000.0,0.861,1.0,182300000.0,0.263,9700000.0,4900000.0,1545400000.0,,221700000.0,29400000.0,22200000.0,7200000.0,814400000.0,230600000.0,583800000.0,3489850266.0,90600000.0,0.0,-800000.0,-100000.0,0.0,-1000000.0,-48400000.0,0.0,140800000.0,-800000.0,94500000.0,94500000.0,94500000.0,0.0,0.0,0.136,46100000.0,136200000.0,203700000.0,0.0,2.588,13.563,13.545,919400000.0,0.0,24.11,1.424,1.421,153800000.0,1039800000.0,694100000.0,694100000.0,0.0,,,,,1900000.0,47200000.0,1.0,144747004.0,144500000.0,146200000.0,4.803,2153100000.0,1500000.0,36000000.0,37500000.0,14.9,925100000.0
17,LPX,MRQ,2017-03-31,2017-03-31,2017-03-31,2021-09-07,-133200000.0,2080200000.0,,1074000000.0,1006200000.0,,8.697,-26100000.0,662600000.0,662600000.0,482800000.0,55000000.0,4.984,0.659,376200000.0,1600000.0,374600000.0,376200000.0,0.0,30600000.0,0.0,0.0,0.0,75500000.0,106100000.0,0.174,106100000.0,75500000.0,70500000.0,0.38,0.38,0.38,1254100000.0,,1254100000.0,3286443199.0,13.0,8.889,-5300000.0,-0.037,1.0,128100000.0,0.21,9700000.0,5000000.0,1568600000.0,,260000000.0,6800000.0,0.0,6800000.0,826100000.0,215500000.0,610600000.0,3581943199.0,-9900000.0,0.0,400000.0,-1200000.0,0.0,-5500000.0,-25900000.0,0.0,20800000.0,700000.0,55000000.0,55000000.0,55000000.0,0.0,0.0,0.09,52700000.0,75400000.0,210500000.0,0.0,2.856,18.416,18.385,929300000.0,0.0,24.82,1.531,1.53,149100000.0,945300000.0,610900000.0,610900000.0,0.0,,,,,4100000.0,48700000.0,1.0,144316809.0,144200000.0,145900000.0,4.236,2070500000.0,1700000.0,15500000.0,28500000.0,14.359,858500000.0
18,LPX,MRQ,2016-12-31,2016-12-31,2016-12-31,2021-09-07,-137200000.0,2031200000.0,,1008300000.0,1022900000.0,,8.321,-46100000.0,672500000.0,672500000.0,527900000.0,42200000.0,4.407,0.699,377000000.0,2600000.0,374400000.0,377000000.0,0.0,26800000.0,0.0,0.0,0.0,54400000.0,81200000.0,0.148,81200000.0,54400000.0,48600000.0,0.29,0.29,0.29,1195700000.0,,1195700000.0,2949928280.0,15.0,9.389,55900000.0,0.389,1.0,22100000.0,0.04,9700000.0,5800000.0,1497200000.0,,234600000.0,6200000.0,0.0,6200000.0,835500000.0,228800000.0,606700000.0,2692328280.0,98500000.0,0.0,100000.0,-459800000.0,0.0,-460300000.0,457500000.0,93500000.0,102000000.0,-700000.0,42200000.0,42200000.0,42200000.0,500000.0,0.0,0.077,-40100000.0,62200000.0,191500000.0,0.0,2.252,17.973,18.202,944900000.0,0.0,18.93,1.205,1.215,108300000.0,890300000.0,550000000.0,550000000.0,0.0,,,,,3600000.0,49300000.0,1.0,142225477.0,143700000.0,145600000.0,3.827,2021500000.0,4300000.0,6400000.0,59000000.0,14.068,779500000.0
19,LPX,MRQ,2016-09-30,2016-09-30,2016-09-30,2021-09-07,-134500000.0,2432400000.0,,1445800000.0,986600000.0,,8.022,-27600000.0,574800000.0,574800000.0,442600000.0,65600000.0,2.213,1.11,832400000.0,458100000.0,374300000.0,832400000.0,0.0,29600000.0,0.0,0.0,0.0,67100000.0,96700000.0,0.162,96700000.0,67100000.0,58100000.0,0.46,0.45,0.46,1152800000.0,,1152800000.0,2934278914.0,19.0,11.182,108500000.0,0.755,1.0,153800000.0,0.258,9700000.0,9000000.0,2027100000.0,,227100000.0,417400000.0,410000000.0,7400000.0,1279600000.0,653200000.0,626400000.0,2676778914.0,84900000.0,0.0,0.0,75200000.0,0.0,69400000.0,-120900000.0,-93200000.0,136100000.0,300000.0,65600000.0,65600000.0,65600000.0,0.0,0.0,0.11,76900000.0,76900000.0,193800000.0,0.0,2.322,26.768,26.9,905900000.0,0.0,18.83,1.247,1.261,138000000.0,848100000.0,596400000.0,596400000.0,0.0,,,,,3200000.0,47000000.0,1.0,142155014.0,143700000.0,145400000.0,4.15,2422700000.0,3900000.0,-7500000.0,86800000.0,16.859,792600000.0
20,LPX,MRQ,2016-06-30,2016-06-30,2016-06-30,2021-09-07,-135100000.0,2273900000.0,,876100000.0,1397800000.0,,7.561,-24700000.0,489800000.0,489800000.0,443100000.0,31700000.0,4.953,1.097,747300000.0,2100000.0,745200000.0,747300000.0,0.0,28500000.0,0.0,0.0,0.0,57200000.0,85700000.0,0.147,85700000.0,57200000.0,47900000.0,0.22,0.22,0.22,1084300000.0,,1084300000.0,2829333560.0,44.0,16.633,84400000.0,0.589,1.0,139300000.0,0.239,9700000.0,9300000.0,2344800000.0,,231600000.0,7400000.0,0.0,7400000.0,1189600000.0,176900000.0,1012700000.0,2494033560.0,70600000.0,0.0,-200000.0,-6800000.0,0.0,-14200000.0,-25300000.0,-300000.0,109100000.0,1000000.0,31700000.0,31700000.0,31700000.0,0.0,0.0,0.054,87100000.0,52200000.0,173500000.0,0.0,2.3,315.7,347.0,906400000.0,0.0,17.35,1.238,1.235,151400000.0,782500000.0,582400000.0,582400000.0,0.0,,,,,3200000.0,46500000.0,1.0,143748332.0,143400000.0,145200000.0,4.061,2264200000.0,4200000.0,16200000.0,97600000.0,15.789,699200000.0
21,LPX,MRQ,2016-03-31,2016-03-31,2016-03-31,2021-09-07,-139900000.0,2215600000.0,,815600000.0,1400000000.0,,7.36,-26300000.0,418600000.0,418600000.0,415500000.0,10300000.0,4.934,1.106,753900000.0,2100000.0,751800000.0,753900000.0,0.0,27900000.0,0.0,0.0,0.0,22700000.0,50600000.0,0.1,50600000.0,22700000.0,14700000.0,0.07,0.07,0.07,1051800000.0,,1051800000.0,2755963997.0,-586.0,28.008,-31200000.0,-0.218,1.0,89100000.0,0.177,9700000.0,8000000.0,2375900000.0,,250100000.0,7200000.0,0.0,7200000.0,1163800000.0,165300000.0,998500000.0,2451063997.0,-30500000.0,0.0,100000.0,-1100000.0,0.0,-1900000.0,-26200000.0,0.0,-4900000.0,2500000.0,10300000.0,10300000.0,10300000.0,0.0,0.0,0.02,70200000.0,18900000.0,161900000.0,0.0,2.33,-56.607,-55.226,909200000.0,0.0,17.12,1.273,1.271,146400000.0,750800000.0,504600000.0,504600000.0,0.0,,,,,3000000.0,42300000.0,1.0,143169626.0,142900000.0,145200000.0,3.531,2205900000.0,4500000.0,4400000.0,85700000.0,15.437,650300000.0
22,LPX,MRQ,2015-12-31,2015-12-31,2015-12-31,2021-09-07,-146100000.0,2176300000.0,,769100000.0,1407200000.0,,7.127,-46700000.0,449000000.0,449000000.0,395300000.0,-7600000.0,5.378,1.14,753900000.0,2100000.0,751800000.0,753900000.0,0.0,24000000.0,0.0,0.0,0.0,5400000.0,29400000.0,0.064,29400000.0,5400000.0,-2700000.0,-0.05,-0.05,-0.05,1017000000.0,,1017000000.0,2863296912.0,-47.0,69.497,-16200000.0,-0.114,1.0,67600000.0,0.146,9700000.0,8100000.0,2328500000.0,,222000000.0,7700000.0,0.0,7700000.0,1159300000.0,143000000.0,1016300000.0,2572896912.0,-13000000.0,-600000.0,300000.0,-100000.0,0.0,2800000.0,-45100000.0,2000000.0,30500000.0,-1200000.0,-7600000.0,-7600000.0,-7600000.0,200000.0,0.0,-0.016,66200000.0,1400000.0,139600000.0,0.0,2.53,-29.204,-29.048,915500000.0,0.0,18.01,1.36,1.355,96400000.0,724200000.0,462900000.0,462900000.0,0.0,,,,,2000000.0,37900000.0,1.0,142859351.0,142700000.0,142700000.0,3.244,2166600000.0,4800000.0,4900000.0,99500000.0,15.183,626100000.0
23,LPX,MRQ,2015-09-30,2015-09-30,2015-09-30,2021-09-07,-146300000.0,2209500000.0,,840800000.0,1368700000.0,,7.175,-33600000.0,463500000.0,463500000.0,416200000.0,-26500000.0,5.044,1.16,753900000.0,2200000.0,751700000.0,753900000.0,0.0,25900000.0,0.0,0.0,0.0,-21500000.0,4400000.0,0.009,4400000.0,-21500000.0,-29900000.0,-0.19,-0.19,-0.19,1023100000.0,,1023100000.0,2290681434.0,-20.0,-181.8,-32400000.0,-0.227,1.0,48700000.0,0.105,9700000.0,8400000.0,2323500000.0,,230500000.0,7400000.0,0.0,7400000.0,1186400000.0,166700000.0,1019700000.0,2031681434.0,-33300000.0,1700000.0,0.0,-800000.0,0.0,-900000.0,-32300000.0,-500000.0,1200000.0,-1300000.0,-26500000.0,-26500000.0,-26500000.0,1900000.0,0.0,-0.057,66100000.0,-17400000.0,162500000.0,0.0,1.986,-16.464,-16.368,881600000.0,0.0,14.24,1.079,1.078,120000000.0,731800000.0,464900000.0,464900000.0,0.0,,,,,2200000.0,38300000.0,1.0,142674258.0,142600000.0,142600000.0,3.26,2199800000.0,25000000.0,-3400000.0,115300000.0,15.426,674100000.0
24,LPX,MRQ,2015-06-30,2015-06-30,2015-06-30,2021-09-07,-136500000.0,2236300000.0,,870800000.0,1365500000.0,,7.427,-18600000.0,496800000.0,496800000.0,443400000.0,-19500000.0,5.677,1.116,755800000.0,2200000.0,753600000.0,755800000.0,0.0,25300000.0,0.0,0.0,0.0,-11300000.0,14000000.0,0.028,14000000.0,-11300000.0,-18500000.0,-0.14,-0.14,-0.14,1056800000.0,,1056800000.0,2707342488.0,-25.0,-392.368,22900000.0,0.161,1.0,49600000.0,0.101,9700000.0,7200000.0,2332200000.0,,224900000.0,7100000.0,0.0,7100000.0,1179500000.0,153400000.0,1026100000.0,2425942488.0,12700000.0,0.0,300000.0,0.0,0.0,-2600000.0,-24000000.0,-5400000.0,41500000.0,-2200000.0,-19500000.0,-19500000.0,-19500000.0,0.0,0.0,-0.04,63700000.0,-14100000.0,149200000.0,0.0,2.296,-20.682,-20.768,877600000.0,0.0,17.03,1.253,1.252,124600000.0,758300000.0,493000000.0,493000000.0,0.0,,,,,2700000.0,37900000.0,1.0,142451115.0,142300000.0,142300000.0,3.465,2226600000.0,24600000.0,1000000.0,117300000.0,15.647,717400000.0
25,LPX,MRQ,2015-03-31,2015-03-31,2015-03-31,2021-09-07,-137400000.0,2299000000.0,,928800000.0,1370200000.0,,7.571,-14500000.0,478700000.0,478700000.0,427800000.0,-34500000.0,4.977,1.138,760100000.0,2200000.0,757900000.0,760100000.0,0.0,26700000.0,0.0,0.0,0.0,-33300000.0,-6600000.0,-0.014,-6600000.0,-33300000.0,-40800000.0,-0.24,-0.24,-0.24,1075100000.0,,1075100000.0,2569235022.0,-27.0,377.829,-58500000.0,-0.412,1.0,43900000.0,0.093,9700000.0,7500000.0,2384100000.0,,262100000.0,10300000.0,0.0,10300000.0,1223900000.0,186600000.0,1037300000.0,2350435022.0,-64400000.0,0.0,100000.0,-1400000.0,0.0,-3700000.0,-14500000.0,0.0,-44000000.0,-2200000.0,-34500000.0,-34500000.0,-34500000.0,0.0,0.0,-0.073,77100000.0,-33200000.0,182400000.0,0.0,2.186,-24.56,-24.642,884400000.0,0.0,16.51,1.198,1.195,137200000.0,777800000.0,471700000.0,471700000.0,0.0,,,,,2400000.0,38700000.0,1.0,142364326.0,142000000.0,142000000.0,3.322,2289300000.0,29700000.0,-6300000.0,119200000.0,16.122,742200000.0
26,LPX,MRQ,2014-12-31,2014-12-31,2014-12-31,2021-09-07,-131300000.0,2348800000.0,,950300000.0,1398500000.0,,7.874,-38100000.0,543100000.0,543100000.0,430900000.0,-42900000.0,5.503,1.105,757200000.0,2400000.0,754800000.0,757200000.0,0.0,23300000.0,0.0,0.0,0.0,-47700000.0,-24400000.0,-0.054,-24400000.0,-47700000.0,-54100000.0,-0.3,-0.3,-0.3,1115800000.0,,1115800000.0,2526322804.0,-34.0,93.915,-60700000.0,-0.428,1.0,22600000.0,0.05,9700000.0,6400000.0,2380500000.0,,229800000.0,5000000.0,0.0,5000000.0,1233000000.0,172700000.0,1060300000.0,2355022804.0,-47200000.0,2600000.0,0.0,-100000.0,0.0,-200000.0,-22400000.0,-100000.0,-22600000.0,-2000000.0,-42900000.0,-42900000.0,-42900000.0,-100000.0,0.0,-0.095,71500000.0,-48900000.0,168300000.0,0.0,2.111,-31.234,-31.245,917800000.0,0.0,16.56,1.217,1.208,108400000.0,812300000.0,453500000.0,453500000.0,0.0,,,,,2500000.0,40800000.0,1.0,142211522.0,141700000.0,141700000.0,3.2,2339100000.0,45700000.0,-11200000.0,139500000.0,16.507,777600000.0
27,LPX,MRQ,2014-09-30,2014-09-30,2014-09-30,2021-09-07,-96100000.0,2409600000.0,,982700000.0,1426900000.0,,8.464,-600000.0,590200000.0,590200000.0,477000000.0,-20400000.0,5.577,1.022,761500000.0,2300000.0,759200000.0,761500000.0,0.0,26900000.0,0.0,0.0,0.0,-16800000.0,10100000.0,0.019,10100000.0,-16800000.0,-25100000.0,-0.14,-0.14,-0.14,1191700000.0,,1191700000.0,2120361764.0,-43.0,39.266,26900000.0,0.191,1.0,41100000.0,0.079,9700000.0,8300000.0,2395000000.0,,218300000.0,6400000.0,0.0,6400000.0,1217900000.0,176200000.0,1041700000.0,1921761764.0,25200000.0,0.0,0.0,-1100000.0,0.0,-1100000.0,-700000.0,-100000.0,27500000.0,-500000.0,-20400000.0,-20400000.0,-20400000.0,2100000.0,0.0,-0.039,55700000.0,-14600000.0,171900000.0,0.0,1.613,-36.328,-35.763,923100000.0,0.0,13.59,0.98,0.976,142600000.0,855200000.0,518100000.0,518100000.0,0.0,,,,,2400000.0,31900000.0,1.0,141409990.0,140800000.0,140800000.0,3.68,2399900000.0,23200000.0,-4700000.0,142100000.0,17.045,806500000.0
28,LPX,MRQ,2014-06-30,2014-06-30,2014-06-30,2021-09-07,-88000000.0,2432300000.0,,982300000.0,1450000000.0,,8.649,-17500000.0,565000000.0,565000000.0,461500000.0,2100000.0,6.201,0.997,763600000.0,2300000.0,761300000.0,763600000.0,0.0,24900000.0,0.0,0.0,0.0,2800000.0,27700000.0,0.053,27700000.0,2800000.0,-4600000.0,0.01,0.01,0.01,1217800000.0,,1217800000.0,2320185788.0,132.0,19.303,-2300000.0,-0.016,1.0,57000000.0,0.11,9700000.0,7400000.0,2462800000.0,,235600000.0,5000000.0,0.0,5000000.0,1214500000.0,158400000.0,1056100000.0,2119785788.0,3000000.0,0.0,0.0,0.0,0.0,-100000.0,-16300000.0,1200000.0,15200000.0,4200000.0,2100000.0,2100000.0,2100000.0,0.0,0.0,0.004,60900000.0,-3900000.0,154100000.0,0.0,1.741,378.533,500.667,947100000.0,0.0,15.02,1.087,1.084,145400000.0,875600000.0,518500000.0,518500000.0,0.0,,,,,2400000.0,35900000.0,1.0,141130878.0,140800000.0,144000000.0,3.683,2422600000.0,23200000.0,-6700000.0,147100000.0,17.206,823900000.0
29,LPX,MRQ,2014-03-31,2014-03-31,2014-03-31,2021-09-07,-89600000.0,2494100000.0,,1039800000.0,1454300000.0,,8.606,-23900000.0,563100000.0,563100000.0,388400000.0,-14200000.0,5.278,1.058,763500000.0,2300000.0,761200000.0,763500000.0,0.0,25600000.0,0.0,0.0,0.0,-12100000.0,13500000.0,0.03,13500000.0,-12100000.0,-19800000.0,-0.1,-0.1,-0.1,1211700000.0,,1211700000.0,2479959962.0,17.0,10.269,-96900000.0,-0.688,1.0,56300000.0,0.127,9700000.0,7700000.0,2487800000.0,,276300000.0,7600000.0,0.0,7600000.0,1282400000.0,197000000.0,1085400000.0,2383059962.0,-105100000.0,0.0,0.0,-1100000.0,0.0,-2500000.0,-24100000.0,-200000.0,-73000000.0,-5500000.0,-14200000.0,-14200000.0,-14200000.0,0.0,0.0,-0.032,66500000.0,-10200000.0,192700000.0,0.0,1.967,24.367,24.1,952200000.0,0.0,16.87,1.192,1.188,143000000.0,873500000.0,444700000.0,444700000.0,0.0,,,,,2100000.0,40900000.0,1.0,141260223.0,140800000.0,140800000.0,3.158,2484400000.0,47300000.0,-5600000.0,177600000.0,17.645,842800000.0
30,LPX,MRQ,2013-12-31,2013-12-31,2013-12-31,2021-09-07,-89200000.0,2493300000.0,,1034200000.0,1459100000.0,,8.691,-49000000.0,668100000.0,668100000.0,415200000.0,-20400000.0,6.223,1.033,765000000.0,2300000.0,762700000.0,765000000.0,0.0,26300000.0,0.0,0.0,0.0,-23600000.0,2700000.0,0.006,2700000.0,-23600000.0,-31600000.0,-0.15,-0.14,-0.15,1226300000.0,,1226300000.0,2697054393.0,11.0,7.808,-29300000.0,-0.208,1.0,64500000.0,0.134,9700000.0,8000000.0,2414300000.0,,224400000.0,6900000.0,0.0,6900000.0,1267000000.0,166200000.0,1100800000.0,2612154393.0,-12700000.0,2900000.0,100000.0,-100000.0,0.0,-1200000.0,-29400000.0,0.0,19700000.0,-1800000.0,-20400000.0,-20400000.0,-20400000.0,1300000.0,0.0,-0.043,86400000.0,-21900000.0,161900000.0,0.0,2.13,14.75,14.575,958400000.0,0.0,18.51,1.253,1.239,78100000.0,887700000.0,479700000.0,479700000.0,0.0,,,,,2200000.0,46600000.0,1.0,141121253.0,141100000.0,144900000.0,3.4,2483600000.0,50900000.0,-11200000.0,188700000.0,17.602,868000000.0
31,LPX,MRQ,2013-09-30,2013-09-30,2013-09-30,2021-09-07,-109800000.0,2497500000.0,,1059000000.0,1438500000.0,,8.741,-2700000.0,680700000.0,680700000.0,416300000.0,38100000.0,5.956,1.041,765600000.0,2300000.0,763300000.0,765600000.0,0.0,25800000.0,0.0,0.0,0.0,50500000.0,76300000.0,0.15,76300000.0,50500000.0,42900000.0,0.27,0.26,0.27,1223800000.0,,1223800000.0,2701591756.0,8.0,6.271,56500000.0,0.404,1.0,91100000.0,0.18,9700000.0,7600000.0,2394900000.0,,225000000.0,8000000.0,0.0,8000000.0,1273700000.0,177800000.0,1095900000.0,2468091756.0,38800000.0,0.0,0.0,-109500000.0,0.0,-109600000.0,88000000.0,90700000.0,59200000.0,1200000.0,38100000.0,38100000.0,38100000.0,-600000.0,0.0,0.075,43500000.0,47600000.0,173500000.0,0.0,2.017,10.132,9.994,936200000.0,0.0,17.59,1.198,1.196,109200000.0,908100000.0,507400000.0,507400000.0,0.0,,,,,2400000.0,33500000.0,1.0,140312209.0,140000000.0,144000000.0,3.624,2487800000.0,13700000.0,4800000.0,148400000.0,17.77,881200000.0
32,LPX,MRQ,2013-06-30,2013-06-30,2013-06-30,2021-09-07,-110800000.0,2571900000.0,,1137400000.0,1434500000.0,,8.501,-10700000.0,641300000.0,641300000.0,418000000.0,94300000.0,4.297,1.175,874800000.0,97500000.0,777300000.0,874800000.0,0.0,20600000.0,0.0,0.0,0.0,128400000.0,149000000.0,0.263,149000000.0,128400000.0,118600000.0,0.68,0.65,0.68,1182500000.0,,1182500000.0,2370255239.0,7.0,5.601,136100000.0,0.978,1.0,149000000.0,0.263,9700000.0,9800000.0,2531000000.0,,247000000.0,99700000.0,91400000.0,8300000.0,1389400000.0,264700000.0,1124700000.0,2061155239.0,70200000.0,-60300000.0,0.0,-2700000.0,0.0,-2900000.0,-71100000.0,-100000.0,146800000.0,-2600000.0,94300000.0,94300000.0,94300000.0,-200000.0,0.0,0.166,60300000.0,88700000.0,165200000.0,0.0,1.743,8.704,8.599,949600000.0,0.0,14.79,1.023,1.021,103500000.0,870000000.0,567000000.0,567000000.0,0.0,,,,,2100000.0,35000000.0,1.0,139361409.0,139100000.0,144100000.0,4.076,2562200000.0,21600000.0,24300000.0,153300000.0,18.42,872700000.0
33,LPX,MRQ,2013-03-31,2013-03-31,2013-03-31,2021-09-07,-104300000.0,2472100000.0,,1143100000.0,1329000000.0,,7.897,-13200000.0,571000000.0,571000000.0,387200000.0,65100000.0,4.492,1.262,880100000.0,97900000.0,782200000.0,880100000.0,0.0,18600000.0,0.0,0.0,0.0,98800000.0,117400000.0,0.221,117400000.0,98800000.0,88200000.0,0.47,0.45,0.47,1092900000.0,,1092900000.0,3316331759.0,18.0,12.914,3600000.0,0.026,1.0,143900000.0,0.271,0.0,10600000.0,2526700000.0,,255100000.0,167400000.0,91400000.0,76000000.0,1379200000.0,254500000.0,1124700000.0,3008731759.0,-400000.0,6800000.0,0.0,-1000000.0,0.0,-12700000.0,-4900000.0,1500000.0,16800000.0,400000.0,65100000.0,65100000.0,65100000.0,-400000.0,0.0,0.123,55400000.0,88500000.0,154600000.0,0.0,2.753,28.6,28.052,785500000.0,0.0,21.6,1.605,1.594,135800000.0,775900000.0,531100000.0,531100000.0,0.0,,,,,2100000.0,35200000.0,1.0,139293137.0,138400000.0,144400000.0,3.837,2472100000.0,63300000.0,23100000.0,163300000.0,17.862,888600000.0
34,LPX,MRQ,2012-12-31,2012-12-31,2012-12-31,2021-09-07,-107900000.0,2331000000.0,,980700000.0,1350300000.0,,7.508,-24200000.0,572900000.0,572900000.0,356300000.0,46100000.0,4.098,1.255,880500000.0,97800000.0,782700000.0,880500000.0,0.0,17900000.0,0.0,0.0,0.0,70200000.0,88100000.0,0.194,88100000.0,70200000.0,57300000.0,0.34,0.33,0.34,1033800000.0,,1033800000.0,3061960834.0,36.0,19.367,38800000.0,0.282,1.0,97600000.0,0.215,0.0,12900000.0,2399300000.0,,209800000.0,162000000.0,91400000.0,70600000.0,1297200000.0,239300000.0,1057900000.0,2673260834.0,70400000.0,6100000.0,0.0,-10600000.0,0.0,-10500000.0,20900000.0,9800000.0,63000000.0,-3000000.0,46100000.0,46100000.0,46100000.0,2500000.0,0.0,0.102,50500000.0,47100000.0,139500000.0,0.0,2.586,92.822,92.0,805800000.0,0.0,19.32,1.581,1.566,82700000.0,710600000.0,453900000.0,453900000.0,0.0,,,,,2000000.0,36300000.0,1.0,138367538.0,137700000.0,159700000.0,3.296,2331000000.0,17300000.0,11200000.0,93600000.0,16.928,741400000.0
35,LPX,MRQ,2012-09-30,2012-09-30,2012-09-30,2021-09-07,-101800000.0,2313400000.0,,963400000.0,1350000000.0,,7.242,-9300000.0,502400000.0,502400000.0,364400000.0,31300000.0,3.501,1.33,891100000.0,105700000.0,785400000.0,891100000.0,0.0,18800000.0,0.0,0.0,0.0,49900000.0,68700000.0,0.149,68700000.0,49900000.0,39200000.0,0.23,0.22,0.23,992900000.0,,992900000.0,2170857500.0,-71.0,51.442,56500000.0,0.412,1.0,97700000.0,0.211,800000.0,10700000.0,2426100000.0,,209300000.0,173600000.0,101400000.0,72200000.0,1320500000.0,275200000.0,1045300000.0,1721057500.0,63400000.0,8800000.0,0.0,-200000.0,0.0,600000.0,-500000.0,0.0,65800000.0,-2500000.0,31300000.0,31300000.0,31300000.0,-300000.0,0.0,0.068,54800000.0,42900000.0,165500000.0,0.0,1.733,-23.101,-23.148,792400000.0,0.0,12.5,1.121,1.116,104600000.0,664500000.0,462100000.0,462100000.0,0.0,,,,,1800000.0,30500000.0,1.0,137684600.0,137100000.0,142600000.0,3.371,2312600000.0,20900000.0,7900000.0,103100000.0,16.868,688200000.0
36,LPX,MRQ,2012-06-30,2012-06-30,2012-06-30,2021-09-07,-105400000.0,2256200000.0,,903800000.0,1352400000.0,,6.978,-4000000.0,439000000.0,439000000.0,359900000.0,-37300000.0,3.49,1.36,888800000.0,104400000.0,784400000.0,888800000.0,0.0,17900000.0,0.0,0.0,0.0,-35300000.0,-17400000.0,-0.041,-17400000.0,-35300000.0,-48400000.0,-0.27,-0.27,-0.27,956000000.0,,956000000.0,1937506720.0,-12.0,-23.287,43100000.0,0.315,1.0,67900000.0,0.159,1000000.0,13100000.0,2446000000.0,,203500000.0,179100000.0,101400000.0,77700000.0,1300200000.0,259000000.0,1041200000.0,1496206720.0,146600000.0,1100000.0,0.0,107900000.0,0.0,102000000.0,-2800000.0,100000.0,47100000.0,300000.0,-37300000.0,-37300000.0,-37300000.0,100000.0,0.0,-0.087,48900000.0,19000000.0,150600000.0,0.0,1.565,-8.729,-8.635,789800000.0,0.0,10.88,1.051,1.047,99600000.0,633200000.0,427800000.0,427800000.0,0.0,,,,,1600000.0,30700000.0,1.0,137519000.0,137000000.0,137000000.0,3.123,2255200000.0,24000000.0,-11100000.0,98300000.0,16.461,644800000.0
37,LPX,MRQ,2012-03-31,2012-03-31,2012-03-31,2021-09-07,-100800000.0,2147200000.0,,678200000.0,1469000000.0,,7.291,6300000.0,292500000.0,292500000.0,313300000.0,-11300000.0,4.202,1.156,733800000.0,14500000.0,719300000.0,733800000.0,0.0,19100000.0,0.0,0.0,0.0,0.0,19100000.0,0.053,19100000.0,0.0,-12600000.0,-0.08,-0.08,-0.08,995900000.0,,995900000.0,1658458448.0,-11.0,-21.623,-58100000.0,-0.425,1.0,48200000.0,0.133,1200000.0,12600000.0,2425900000.0,,212300000.0,90900000.0,10000000.0,80900000.0,1151300000.0,161400000.0,989900000.0,1282258448.0,-59500000.0,-3000000.0,0.0,0.0,0.0,0.0,4200000.0,900000.0,-64400000.0,700000.0,-11300000.0,-11300000.0,-11300000.0,100000.0,0.0,-0.031,50300000.0,-2100000.0,142900000.0,0.0,1.288,-7.56,-7.421,812700000.0,0.0,9.35,0.944,0.94,107400000.0,670500000.0,361500000.0,361500000.0,0.0,,,,,2700000.0,31300000.0,1.0,137139941.0,136600000.0,136600000.0,2.646,2146000000.0,24500000.0,-1300000.0,108400000.0,15.71,516800000.0
38,LPX,MRQ,2011-12-31,2011-12-31,2011-12-31,2021-09-07,-106200000.0,2139900000.0,,656800000.0,1483100000.0,,7.381,-9200000.0,352900000.0,352900000.0,269300000.0,-57200000.0,4.708,1.138,729100000.0,13200000.0,715900000.0,729100000.0,0.0,17100000.0,0.0,0.0,0.0,-45300000.0,-28200000.0,-0.099,-28200000.0,-45300000.0,-59600000.0,-0.42,-0.42,-0.42,1000900000.0,,1000900000.0,1451931180.0,-9.0,-16.097,-15600000.0,-0.115,1.0,14700000.0,0.052,1400000.0,14300000.0,2375200000.0,,163600000.0,89800000.0,10000000.0,79800000.0,1139000000.0,139500000.0,999500000.0,1099731180.0,-20100000.0,-5000000.0,0.0,0.0,0.0,-500000.0,-11200000.0,1700000.0,-6400000.0,-2000000.0,-57200000.0,-57200000.0,-57200000.0,-3200000.0,0.0,-0.201,45900000.0,-31200000.0,122300000.0,0.0,1.099,-6.066,-5.934,827700000.0,0.0,8.07,0.828,0.809,65100000.0,681800000.0,284000000.0,284000000.0,0.0,,,,,1400000.0,27900000.0,1.0,136274000.0,135600000.0,135600000.0,2.094,2138500000.0,24500000.0,-2400000.0,106000000.0,15.771,517300000.0
39,LPX,MRQ,2011-09-30,2011-09-30,2011-09-30,2021-09-07,-79200000.0,2203100000.0,,690800000.0,1512300000.0,,8.062,-4500000.0,374600000.0,374600000.0,322000000.0,-65600000.0,4.807,1.032,726800000.0,10600000.0,716200000.0,726800000.0,0.0,19600000.0,0.0,0.0,0.0,-76300000.0,-56700000.0,-0.162,-56700000.0,-76300000.0,-90500000.0,-0.49,-0.49,-0.49,1084400000.0,,1084400000.0,1049470100.0,-8.0,-23.373,600000.0,0.004,1.0,28600000.0,0.082,1600000.0,14200000.0,2410000000.0,,156000000.0,109300000.0,10000000.0,99300000.0,1118700000.0,143700000.0,975000000.0,673970100.0,26100000.0,-1500000.0,0.0,5400000.0,0.0,5400000.0,13300000.0,19300000.0,5100000.0,2300000.0,-65600000.0,-65600000.0,-65600000.0,6300000.0,0.0,-0.187,101300000.0,-72700000.0,129100000.0,0.0,0.622,-5.149,-5.152,837200000.0,0.0,5.1,0.495,0.504,86200000.0,739000000.0,350600000.0,350600000.0,0.0,,,,,1600000.0,26500000.0,1.0,132151000.0,134500000.0,134500000.0,2.607,2201500000.0,21100000.0,-24900000.0,119900000.0,16.368,547100000.0
40,LPX,MRQ,2011-06-30,2011-06-30,2011-06-30,2021-09-07,-56500000.0,2336400000.0,,691400000.0,1645000000.0,,8.912,-5300000.0,348700000.0,348700000.0,336300000.0,-35400000.0,4.879,0.995,724200000.0,7400000.0,716800000.0,724200000.0,0.0,20200000.0,0.0,0.0,0.0,-31100000.0,-10900000.0,-0.03,-10900000.0,-31100000.0,-45500000.0,-0.27,-0.27,-0.27,1171100000.0,,1171100000.0,1447909140.0,-17.0,-467.067,24100000.0,0.183,1.0,26100000.0,0.072,1800000.0,14400000.0,2568400000.0,,173900000.0,123000000.0,0.0,123000000.0,1165300000.0,141700000.0,1023600000.0,1075709140.0,12800000.0,-1100000.0,0.0,4400000.0,0.0,-20600000.0,1700000.0,8100000.0,29400000.0,2300000.0,-35500000.0,-35500000.0,-35500000.0,2500000.0,100000.0,-0.098,49700000.0,-23600000.0,127300000.0,0.0,0.919,-11.056,-11.0,931900000.0,0.0,8.14,0.807,0.802,93000000.0,804600000.0,362400000.0,362400000.0,0.0,,,,,1300000.0,27600000.0,1.0,132151000.0,131400000.0,131400000.0,2.758,2334600000.0,35000000.0,-10000000.0,151100000.0,17.767,549700000.0
41,LPX,MRQ,2011-03-31,2011-03-31,2011-03-31,2021-09-07,-68300000.0,2392000000.0,,722000000.0,1670000000.0,,9.131,-2400000.0,344000000.0,344000000.0,295000000.0,-22900000.0,5.217,0.995,716200000.0,100000.0,716100000.0,716200000.0,0.0,21400000.0,0.0,0.0,0.0,-15800000.0,5600000.0,0.017,5600000.0,-15800000.0,-29800000.0,-0.18,-0.18,-0.18,1198900000.0,,1198900000.0,1681829860.0,-1869.0,20.485,-70800000.0,-0.539,1.0,36700000.0,0.111,2000000.0,14000000.0,2623800000.0,,202700000.0,127400000.0,0.0,127400000.0,1193100000.0,138400000.0,1054700000.0,1387529860.0,-68100000.0,-2000000.0,0.0,0.0,0.0,0.0,3900000.0,8300000.0,-68400000.0,-3600000.0,-23000000.0,-23000000.0,-23000000.0,0.0,100000.0,-0.069,54900000.0,-18200000.0,131300000.0,0.0,1.157,-35.127,-35.0,944200000.0,0.0,10.5,0.978,0.972,98600000.0,840100000.0,331700000.0,331700000.0,0.0,,,,,3500000.0,28800000.0,1.0,132145701.0,131300000.0,131300000.0,2.526,2390000000.0,48700000.0,-6800000.0,161900000.0,18.203,583600000.0
42,LPX,MRQ,2010-12-31,2010-12-31,2010-12-31,2021-09-07,-69600000.0,2410600000.0,,713600000.0,1697000000.0,,9.303,-4500000.0,420400000.0,420400000.0,284500000.0,-6600000.0,5.286,0.979,714700000.0,200000.0,714500000.0,714700000.0,0.0,20500000.0,0.0,0.0,0.0,-3400000.0,17100000.0,0.054,17100000.0,-3400000.0,-17500000.0,-0.05,-0.05,-0.05,1217800000.0,,1217800000.0,1563283866.0,-1303.0,19.348,-1700000.0,-0.013,1.0,31800000.0,0.101,2200000.0,14100000.0,2567700000.0,,151900000.0,125400000.0,0.0,125400000.0,1192800000.0,135000000.0,1057800000.0,1248283866.0,7200000.0,-1200000.0,0.0,0.0,0.0,-200000.0,4000000.0,6400000.0,2800000.0,600000.0,-6800000.0,-6800000.0,-6800000.0,4200000.0,200000.0,-0.021,49700000.0,-17900000.0,127800000.0,0.0,1.025,-32.007,-31.533,963900000.0,0.0,9.46,0.902,0.883,66800000.0,863100000.0,316300000.0,316300000.0,0.0,,,,,1800000.0,31600000.0,1.0,131953897.0,130900000.0,130900000.0,2.416,2408400000.0,48000000.0,-10700000.0,164800000.0,18.399,578600000.0
43,LPX,MRQ,2010-09-30,2010-09-30,2010-09-30,2021-09-07,-51900000.0,2414700000.0,,703100000.0,1711600000.0,,9.466,-5800000.0,397800000.0,397800000.0,289100000.0,-31700000.0,5.355,0.946,712800000.0,100000.0,712700000.0,712800000.0,0.0,18700000.0,0.0,0.0,0.0,-33600000.0,-14900000.0,-0.046,-14900000.0,-33600000.0,-48900000.0,-0.24,-0.24,-0.24,1241000000.0,,1241000000.0,1291841827.0,-28.0,37.229,3600000.0,0.027,1.0,33700000.0,0.104,0.0,15300000.0,2598400000.0,,147700000.0,148700000.0,0.0,148700000.0,1173700000.0,131300000.0,1042400000.0,978141827.0,-55000000.0,0.0,0.0,-60300000.0,0.0,-60300000.0,-5900000.0,-100000.0,9400000.0,1800000.0,-32000000.0,-32000000.0,-32000000.0,800000.0,300000.0,-0.099,49600000.0,-15900000.0,122500000.0,0.0,0.788,-12.076,-11.47,970100000.0,0.0,7.57,0.727,0.738,81700000.0,869900000.0,322800000.0,322800000.0,0.0,,,,,1700000.0,27700000.0,1.0,129212923.0,131100000.0,131100000.0,2.462,2414700000.0,22600000.0,-16900000.0,163000000.0,18.419,571800000.0
44,LPX,MRQ,2010-06-30,2010-06-30,2010-06-30,2021-09-07,-62500000.0,2527300000.0,,799500000.0,1727800000.0,,9.811,-2300000.0,452700000.0,452700000.0,346300000.0,22400000.0,3.864,1.005,766400000.0,60300000.0,706100000.0,766400000.0,0.0,22400000.0,0.0,0.0,0.0,51900000.0,74300000.0,0.166,74300000.0,51900000.0,34200000.0,0.17,0.16,0.17,1260700000.0,,1260700000.0,1350343326.0,-90.0,19.346,65400000.0,0.509,1.0,101200000.0,0.226,0.0,17700000.0,2634100000.0,,164200000.0,167000000.0,0.0,167000000.0,1266600000.0,206900000.0,1059700000.0,848343326.0,79700000.0,8200000.0,0.0,-113800000.0,0.0,-113800000.0,125900000.0,120400000.0,67700000.0,-100000.0,22300000.0,22300000.0,22300000.0,1200000.0,100000.0,0.05,52300000.0,48900000.0,137900000.0,0.0,0.673,-13.839,-12.389,972900000.0,0.0,6.69,0.637,0.645,108600000.0,901900000.0,447500000.0,447500000.0,0.0,,,,,2200000.0,29400000.0,1.0,126807672.0,128500000.0,139800000.0,3.482,2527300000.0,16300000.0,11900000.0,171800000.0,19.668,592600000.0
45,LPX,MRQ,2010-03-31,2010-03-31,2010-03-31,2021-09-07,-60000000.0,2595400000.0,,829000000.0,1766400000.0,,9.8,-1900000.0,378300000.0,378300000.0,268000000.0,-22700000.0,2.681,1.104,880300000.0,174100000.0,706200000.0,880300000.0,0.0,20400000.0,0.0,0.0,0.0,-15900000.0,4500000.0,0.015,4500000.0,-15900000.0,-32700000.0,-0.18,-0.18,-0.18,1233800000.0,,1233800000.0,1246579545.0,-14.0,-121.027,-34000000.0,-0.27,1.0,29000000.0,0.098,0.0,16800000.0,2788200000.0,,183400000.0,286600000.0,115100000.0,171500000.0,1361600000.0,309200000.0,1052400000.0,1148179545.0,-36700000.0,-2100000.0,0.0,0.0,0.0,0.0,-3700000.0,-100000.0,-32100000.0,-900000.0,-22500000.0,-22500000.0,-22500000.0,100000.0,-200000.0,-0.076,51700000.0,-22700000.0,125100000.0,0.0,0.931,-10.179,-9.141,993500000.0,0.0,9.05,0.996,0.989,95800000.0,874800000.0,297000000.0,297000000.0,0.0,,,,,3200000.0,30100000.0,1.0,126870668.0,125900000.0,125900000.0,2.359,2595400000.0,14500000.0,-10200000.0,160100000.0,20.615,519800000.0
46,LPX,MRQ,2009-12-31,2009-12-31,2009-12-31,2021-09-07,-64600000.0,2620300000.0,,838900000.0,1781400000.0,,10.076,-2900000.0,414900000.0,414900000.0,266400000.0,-48900000.0,2.732,1.09,880400000.0,174100000.0,706300000.0,880400000.0,0.0,19800000.0,0.0,0.0,0.0,-49000000.0,-29200000.0,-0.105,-29200000.0,-49000000.0,-67800000.0,-0.41,-0.41,-0.41,1253500000.0,,1253500000.0,1015832504.0,-9.0,-30.783,24800000.0,0.199,1.0,11200000.0,0.04,3000000.0,18800000.0,2775700000.0,,140400000.0,279900000.0,115100000.0,164800000.0,1366800000.0,307100000.0,1059700000.0,869332504.0,-45700000.0,-1700000.0,0.0,-132500000.0,0.0,-132800000.0,63500000.0,67700000.0,27700000.0,-4100000.0,-48800000.0,-48800000.0,-48800000.0,2400000.0,-100000.0,-0.176,61700000.0,-50500000.0,123000000.0,0.0,0.694,-7.191,-6.288,1015100000.0,0.0,6.98,0.819,0.714,59900000.0,902100000.0,277600000.0,277600000.0,0.0,,,,,1800000.0,33400000.0,1.0,124546204.0,124400000.0,124400000.0,2.232,2617300000.0,61500000.0,-19000000.0,164300000.0,21.039,531800000.0
47,LPX,MRQ,2009-09-30,2009-09-30,2009-09-30,2021-09-07,-57300000.0,2382900000.0,,860400000.0,1522500000.0,,12.625,-2000000.0,479200000.0,479200000.0,273100000.0,-12700000.0,2.019,0.825,625700000.0,296200000.0,329500000.0,625700000.0,0.0,22200000.0,0.0,0.0,0.0,-2000000.0,20200000.0,0.065,20200000.0,-2000000.0,-23000000.0,-0.12,-0.12,-0.12,1305400000.0,,1305400000.0,965427301.0,-2.0,-2.731,-11800000.0,-0.114,1.0,37400000.0,0.12,0.0,21000000.0,2103300000.0,,151700000.0,361600000.0,141100000.0,220500000.0,1077500000.0,426100000.0,651400000.0,692227301.0,115100000.0,2700000.0,132300000.0,-13100000.0,0.0,119200000.0,3900000.0,1000000.0,-9800000.0,1800000.0,-12300000.0,-12300000.0,-12300000.0,200000.0,-400000.0,-0.04,45500000.0,-8100000.0,116900000.0,0.0,0.53,-1.687,-1.676,1090300000.0,0.0,6.67,0.668,0.665,79600000.0,947200000.0,310500000.0,310500000.0,0.0,,,,,1500000.0,26100000.0,1.0,103782204.0,103400000.0,103400000.0,3.003,2382900000.0,37500000.0,-10700000.0,153700000.0,23.045,434300000.0
48,LPX,MRQ,2009-06-30,2009-06-30,2009-06-30,2021-09-07,-71500000.0,2283900000.0,,749900000.0,1534000000.0,,11.314,-800000.0,363800000.0,363800000.0,254500000.0,-29500000.0,2.655,0.96,637000000.0,137000000.0,500000000.0,637000000.0,0.0,18900000.0,0.0,0.0,0.0,-24700000.0,-5800000.0,-0.022,-5800000.0,-24700000.0,-46600000.0,-0.28,-0.28,-0.28,1165300000.0,,1165300000.0,669970095.0,-1.0,-1.323,39900000.0,0.387,1.0,12900000.0,0.048,0.0,21900000.0,2274600000.0,,154900000.0,350000000.0,142500000.0,207500000.0,1118600000.0,282500000.0,836100000.0,354770095.0,44800000.0,2300000.0,0.0,-9700000.0,0.0,-10700000.0,18800000.0,12700000.0,40700000.0,-4000000.0,-29200000.0,-29200000.0,-29200000.0,2300000.0,-300000.0,-0.109,45100000.0,-32200000.0,130800000.0,0.0,0.304,-0.697,-0.692,1109800000.0,0.0,3.42,0.318,0.316,76700000.0,959200000.0,267400000.0,267400000.0,0.0,,,,,2200000.0,29100000.0,1.0,103733946.0,103000000.0,103000000.0,2.596,2283900000.0,47000000.0,-17400000.0,167500000.0,22.174,467400000.0
49,LPX,MRQ,2009-03-31,2009-03-31,2009-03-31,2021-09-07,-94600000.0,2283400000.0,,628200000.0,1655200000.0,,11.38,-3900000.0,329800000.0,329800000.0,205300000.0,-30700000.0,3.833,0.952,645000000.0,33300000.0,611700000.0,645000000.0,0.0,19100000.0,0.0,0.067,0.0,-37200000.0,-18100000.0,-0.088,-18100000.0,-37200000.0,-50100000.0,-0.3,-0.3,-0.3,1169900000.0,,1169900000.0,558243814.0,-1.0,-0.932,-1600000.0,-0.016,1.0,200000.0,0.001,0.0,12900000.0,2434700000.0,,188900000.0,228100000.0,27800000.0,200300000.0,1113500000.0,163900000.0,949600000.0,230343814.0,182200000.0,-3700000.0,0.0,154700000.0,0.0,140200000.0,39300000.0,46400000.0,2300000.0,400000.0,-30500000.0,-30500000.0,-30500000.0,400000.0,-200000.0,-0.148,42700000.0,-42500000.0,115900000.0,0.0,0.197,-0.411,-0.409,1118800000.0,0.0,2.23,0.186,0.186,77700000.0,988900000.0,205500000.0,205500000.0,0.0,,,,,1800000.0,27300000.0,1.0,103293190.0,102800000.0,102800000.0,1.999,2283400000.0,46900000.0,-19600000.0,171100000.0,22.212,464300000.0
50,LPX,MRQ,2008-12-31,2008-12-31,2008-12-31,2021-09-07,-98100000.0,2188700000.0,,537100000.0,1651600000.0,,11.49,-11100000.0,174400000.0,174400000.0,277800000.0,-338500000.0,3.237,0.851,502300000.0,29700000.0,472600000.0,502300000.0,0.0,20000000.0,0.0,0.192,0.0,-369800000.0,-349800000.0,-1.382,-349800000.0,-369800000.0,-394700000.0,-3.28,-3.28,-3.28,1182300000.0,,1182300000.0,595337376.0,-1.0,-0.952,-63000000.0,-0.612,1.0,-24600000.0,-0.097,4100000.0,24900000.0,2346600000.0,,190400000.0,247600000.0,41400000.0,206200000.0,1006400000.0,165900000.0,840500000.0,161137376.0,-57000000.0,-13900000.0,0.0,-141800000.0,0.0,-141800000.0,132700000.0,164900000.0,-51900000.0,4000000.0,-338300000.0,-338300000.0,-338300000.0,1100000.0,-200000.0,-1.336,341600000.0,-366200000.0,121500000.0,0.0,0.136,-0.279,-0.279,1100500000.0,0.0,1.56,0.117,0.116,43800000.0,1019500000.0,253200000.0,253200000.0,0.0,,,,,2300000.0,26000000.0,1.0,103293190.0,102900000.0,102900000.0,2.461,2184600000.0,119500000.0,-56400000.0,192600000.0,21.23,371200000.0
51,LPX,MRQ,2008-09-30,2008-09-30,2008-09-30,2021-09-07,-54100000.0,2833200000.0,,758800000.0,2074400000.0,,15.223,-12400000.0,228000000.0,228000000.0,382200000.0,-111100000.0,2.022,0.809,662200000.0,171800000.0,490400000.0,662200000.0,0.0,27000000.0,0.0,0.048,0.0,-159700000.0,-132700000.0,-0.341,-132700000.0,-159700000.0,-172100000.0,-1.08,-1.08,-1.08,1566400000.0,,1566400000.0,1392825830.0,-3.0,-3.832,-47900000.0,-0.466,1.0,7400000.0,0.019,278400000.0,12400000.0,2613800000.0,,207600000.0,411100000.0,163900000.0,247200000.0,1266800000.0,375200000.0,891600000.0,960625830.0,-14700000.0,700000.0,0.0,-4300000.0,0.0,-4300000.0,23100000.0,34800000.0,-35500000.0,2000000.0,-111100000.0,-111100000.0,-111100000.0,10700000.0,0.0,-0.285,75000000.0,-67600000.0,174700000.0,0.0,0.613,-3.315,-3.298,1156300000.0,0.0,9.3,0.639,0.637,89800000.0,1360800000.0,389600000.0,389600000.0,0.0,,,,,2500000.0,36600000.0,1.0,103293100.0,102900000.0,102900000.0,3.786,2554800000.0,126800000.0,-61000000.0,274600000.0,24.828,383600000.0
52,LPX,MRQ,2008-06-30,2008-06-30,2008-06-30,2021-09-07,-79300000.0,3026000000.0,,854700000.0,2171300000.0,,16.038,-39100000.0,242600000.0,242600000.0,375000000.0,-80800000.0,1.921,0.834,674800000.0,177000000.0,497800000.0,674800000.0,0.0,26800000.0,0.0,0.071,0.15,-124900000.0,-98100000.0,-0.253,-98100000.0,-124900000.0,-137600000.0,-0.79,-0.79,-0.79,1650300000.0,,1650300000.0,1369234100.0,-3.0,-4.546,14400000.0,0.14,1.0,12000000.0,0.031,277800000.0,12700000.0,2735400000.0,,206800000.0,482600000.0,183400000.0,299200000.0,1375700000.0,445000000.0,930700000.0,876834100.0,-42300000.0,-44100000.0,0.0,-99800000.0,-15600000.0,-115400000.0,14600000.0,97700000.0,53500000.0,5000000.0,-80800000.0,-80800000.0,-80800000.0,1400000.0,0.0,-0.209,136100000.0,-124100000.0,195800000.0,-0.19,0.531,-3.557,-3.552,1199500000.0,0.0,8.49,0.553,0.551,264200000.0,1471900000.0,387000000.0,387000000.0,0.0,,,,,2700000.0,39100000.0,1.0,103278457.0,102900000.0,102900000.0,3.761,2748200000.0,17800000.0,-56800000.0,312600000.0,26.707,409700000.0
53,LPX,MRQ,2008-03-31,2008-03-31,2008-03-31,2021-09-07,-64600000.0,3157900000.0,,1028600000.0,2129300000.0,,17.097,-36800000.0,280900000.0,280900000.0,372800000.0,-46400000.0,2.109,0.795,773300000.0,279500000.0,493800000.0,773300000.0,0.0,26600000.0,0.0,0.065,0.15,-71100000.0,-44500000.0,-0.127,-44500000.0,-71100000.0,-82300000.0,-0.45,-0.45,-0.45,1759300000.0,,1759300000.0,1263193118.0,-4.0,-6.341,-145400000.0,-1.413,1.0,-23400000.0,-0.067,273500000.0,11200000.0,2889100000.0,,224800000.0,601700000.0,276500000.0,325200000.0,1398600000.0,487700000.0,910900000.0,946293118.0,-140400000.0,-4700000.0,0.0,46400000.0,-15400000.0,31000000.0,-59400000.0,-18900000.0,-108600000.0,-3400000.0,-46400000.0,-46400000.0,-46400000.0,500000.0,0.0,-0.133,62300000.0,-85700000.0,188000000.0,-0.333,0.538,-5.007,-5.044,1138100000.0,0.0,9.18,0.57,0.569,305700000.0,1568300000.0,349400000.0,349400000.0,0.0,,,,,2200000.0,40100000.0,1.0,103082039.0,102900000.0,102900000.0,3.396,2884400000.0,500000.0,-35900000.0,330700000.0,28.031,540900000.0
54,LPX,MRQ,2007-12-31,2007-12-31,2007-12-31,2021-09-07,-64500000.0,3229300000.0,,1075900000.0,2153400000.0,,17.699,-114200000.0,413300000.0,413300000.0,391700000.0,-51500000.0,2.202,0.775,732100000.0,246300000.0,485800000.0,732100000.0,0.0,24900000.0,0.0,0.044,0.15,-113100000.0,-88200000.0,-0.234,-88200000.0,-113100000.0,-120700000.0,-0.5,-0.5,-0.5,1819500000.0,,1819500000.0,1734168122.0,-6.0,-9.44,-119100000.0,-1.159,1.0,-15100000.0,-0.04,273600000.0,7600000.0,2785900000.0,,212100000.0,605600000.0,254500000.0,351100000.0,1409800000.0,488600000.0,921200000.0,1415368122.0,14700000.0,-1100000.0,-5500000.0,9700000.0,-15500000.0,-11200000.0,30800000.0,148300000.0,-4900000.0,0.0,-51500000.0,-51500000.0,-51500000.0,2400000.0,0.0,-0.137,71800000.0,-86900000.0,222100000.0,-0.3,0.778,-7.868,-7.908,1140900000.0,0.0,13.68,0.83,0.832,85900000.0,1630100000.0,376600000.0,376600000.0,0.0,,,,,1900000.0,36400000.0,1.0,103462582.0,102800000.0,102800000.0,3.663,2955700000.0,157700000.0,-69200000.0,344400000.0,28.752,587300000.0
55,LPX,MRQ,2007-09-30,2007-09-30,2007-09-30,2021-09-07,-69500000.0,3290800000.0,,1315900000.0,1974900000.0,,18.197,-89000000.0,401600000.0,401600000.0,446600000.0,-67800000.0,3.746,0.746,720400000.0,93900000.0,626500000.0,720400000.0,0.0,27200000.0,0.0,0.035,0.15,-97600000.0,-70400000.0,-0.149,-70400000.0,-97600000.0,-105300000.0,-0.65,-0.65,-0.65,1885200000.0,,1885200000.0,2154330017.0,-9.0,-18.257,-83800000.0,-0.809,1.0,25900000.0,0.055,273500000.0,7700000.0,2984800000.0,,222500000.0,775100000.0,498800000.0,276300000.0,1405600000.0,351300000.0,1054300000.0,1772730017.0,89400000.0,200000.0,-18100000.0,11500000.0,-15500000.0,-22100000.0,106800000.0,194900000.0,5200000.0,-500000.0,-67800000.0,-67800000.0,-67800000.0,13200000.0,0.0,-0.143,111600000.0,-85700000.0,233800000.0,-0.231,0.94,-11.579,-11.623,1033800000.0,0.0,16.97,1.045,1.036,219200000.0,1697000000.0,472500000.0,472500000.0,0.0,,,,,1900000.0,36700000.0,1.0,104462582.0,103600000.0,103600000.0,4.561,3017300000.0,8800000.0,-37500000.0,341000000.0,29.125,964600000.0
56,LPX,MRQ,2007-06-30,2007-06-30,2007-06-30,2021-09-07,-71400000.0,3382200000.0,,1389200000.0,1993000000.0,,19.031,-74400000.0,318300000.0,318300000.0,437600000.0,-23300000.0,4.305,0.706,699900000.0,69300000.0,630600000.0,699900000.0,0.0,28400000.0,0.0,0.032,0.15,-24500000.0,3900000.0,0.008,3900000.0,-24500000.0,-34200000.0,-0.22,-0.22,-0.22,1983000000.0,,1983000000.0,2341695398.0,-20.0,1018.128,20000000.0,0.192,1.0,23600000.0,0.051,273500000.0,9700000.0,3167600000.0,,232300000.0,959200000.0,683000000.0,276200000.0,1399200000.0,322700000.0,1076500000.0,1973795398.0,-51700000.0,900000.0,2600000.0,-31500000.0,-15800000.0,-44700000.0,-102300000.0,-29300000.0,94400000.0,900000.0,-23300000.0,-23300000.0,-23300000.0,7700000.0,0.0,-0.051,46200000.0,-22600000.0,229800000.0,-0.682,0.995,-26.04,-26.278,1019000000.0,0.0,18.92,1.127,1.126,180800000.0,1780300000.0,461200000.0,461200000.0,0.0,,,,,3300000.0,38300000.0,1.0,104323224.0,104200000.0,104200000.0,4.426,3108700000.0,8800000.0,-10900000.0,356500000.0,29.834,1066500000.0
57,LPX,MRQ,2007-03-31,2007-03-31,2007-03-31,2021-09-07,-70900000.0,3429000000.0,,1442600000.0,1986400000.0,,19.392,-57900000.0,355800000.0,355800000.0,391700000.0,-37400000.0,4.796,0.699,723700000.0,70200000.0,653500000.0,723700000.0,0.0,29300000.0,0.0,0.03,0.15,-58400000.0,-29100000.0,-0.074,-29100000.0,-58400000.0,-68700000.0,-0.36,-0.36,-0.36,2018700000.0,,2018700000.0,2420483731.0,-672.0,20.306,-162200000.0,-1.558,1.0,2900000.0,0.007,273500000.0,10300000.0,3222600000.0,,282300000.0,900400000.0,608700000.0,291700000.0,1410300000.0,300800000.0,1109500000.0,2092983731.0,41700000.0,-5800000.0,100000.0,73900000.0,-15600000.0,58400000.0,87600000.0,149800000.0,-104300000.0,0.0,-37400000.0,-37400000.0,-37400000.0,1300000.0,0.0,-0.095,74300000.0,-71400000.0,207000000.0,-0.417,1.037,804.994,1003.0,1002800000.0,0.0,20.06,1.086,1.084,211200000.0,1819400000.0,394600000.0,394600000.0,0.0,,,,,0.0,40300000.0,1.0,104336178.0,104100000.0,104100000.0,3.791,3155500000.0,28500000.0,-31300000.0,367100000.0,30.312,1141800000.0
58,LPX,MRQ,2006-12-31,2006-12-31,2006-12-31,2021-09-07,-71500000.0,3428700000.0,,1496300000.0,1932400000.0,,19.898,-114000000.0,309800000.0,309800000.0,361200000.0,-24600000.0,5.818,0.658,648000000.0,3400000.0,644600000.0,648000000.0,0.0,28300000.0,0.0,0.028,0.15,-50700000.0,-22400000.0,-0.061,-22400000.0,-50700000.0,-61200000.0,-0.23,-0.23,-0.23,2067400000.0,,2067400000.0,2555322783.0,13.0,7.882,-115400000.0,-1.111,1.0,7000000.0,0.019,273500000.0,10500000.0,3236200000.0,,221600000.0,1050300000.0,797000000.0,253300000.0,1361300000.0,257200000.0,1104100000.0,2243922783.0,-21900000.0,-2100000.0,100000.0,7300000.0,-15700000.0,-8000000.0,-17700000.0,99900000.0,-1400000.0,5200000.0,-24600000.0,-24600000.0,-24600000.0,5100000.0,0.0,-0.067,73900000.0,-66900000.0,230200000.0,-0.652,1.085,18.14,18.246,949100000.0,0.0,21.53,1.026,1.034,157400000.0,1870200000.0,368200000.0,368200000.0,0.0,,,,,1300000.0,42200000.0,1.0,104223074.0,103900000.0,104000000.0,3.544,3155200000.0,28500000.0,-36600000.0,378500000.0,30.368,1239100000.0
59,LPX,MRQ,2006-09-30,2006-09-30,2006-09-30,2021-09-07,-65300000.0,3420600000.0,,1587300000.0,1833300000.0,,20.138,-57800000.0,335100000.0,335100000.0,460800000.0,9500000.0,7.281,0.619,646500000.0,400000.0,646100000.0,646500000.0,0.0,32800000.0,0.0,0.031,0.15,17100000.0,49900000.0,0.095,49900000.0,17100000.0,5900000.0,0.09,0.09,0.09,2112500000.0,,2112500000.0,2224888409.0,6.0,4.66,-20600000.0,-0.196,1.0,66200000.0,0.126,273500000.0,11200000.0,3240500000.0,,232500000.0,1146600000.0,885700000.0,260900000.0,1308100000.0,218000000.0,1090100000.0,1993288409.0,-80400000.0,2200000.0,-18800000.0,-1600000.0,-15700000.0,-36100000.0,-81600000.0,-27100000.0,37200000.0,100000.0,9500000.0,9500000.0,9500000.0,2800000.0,0.0,0.018,67100000.0,-900000.0,205600000.0,1.667,0.944,8.537,8.455,889700000.0,0.0,18.77,0.832,0.822,127400000.0,1910500000.0,527000000.0,527000000.0,0.0,,,,,1600000.0,38300000.0,1.0,106195440.0,104900000.0,105200000.0,5.024,3147100000.0,30500000.0,-3600000.0,366300000.0,30.001,1369300000.0
60,LPX,MRQ,2006-06-30,2006-06-30,2006-06-30,2021-09-07,-68900000.0,3470600000.0,,1640900000.0,1829700000.0,,20.254,-27100000.0,415700000.0,415700000.0,491300000.0,55100000.0,6.846,0.627,647300000.0,600000.0,646700000.0,647300000.0,0.0,32400000.0,0.0,0.025,0.15,88400000.0,120800000.0,0.19,120800000.0,88400000.0,74100000.0,0.52,0.52,0.52,2132700000.0,,2132700000.0,2391880136.0,5.0,4.148,80800000.0,0.767,1.0,145300000.0,0.228,273500000.0,14300000.0,3189000000.0,,255800000.0,1119800000.0,834300000.0,285500000.0,1337900000.0,239700000.0,1098200000.0,2325680136.0,-322000000.0,-4400000.0,-21400000.0,-169100000.0,-15900000.0,-205600000.0,-218800000.0,-188500000.0,107900000.0,-5500000.0,55100000.0,55100000.0,55100000.0,1000000.0,0.0,0.087,69900000.0,75400000.0,227100000.0,0.288,1.09,5.93,5.967,862100000.0,0.0,21.9,0.934,0.926,128400000.0,1916800000.0,636600000.0,636600000.0,0.0,,,,,2400000.0,38800000.0,1.0,106195440.0,105300000.0,105800000.0,6.046,3197100000.0,30500000.0,19000000.0,365100000.0,30.362,1401200000.0
61,LPX,MRQ,2006-03-31,2006-03-31,2006-03-31,2021-09-07,-65100000.0,3647900000.0,,1851200000.0,1796700000.0,,20.003,-37600000.0,738200000.0,738200000.0,485500000.0,83700000.0,5.659,0.724,804400000.0,70400000.0,734000000.0,804400000.0,0.0,34500000.0,0.0,0.019,0.15,141400000.0,175900000.0,0.259,175900000.0,141400000.0,128000000.0,0.79,0.79,0.79,2116300000.0,,2116300000.0,3044347485.0,6.0,4.614,10600000.0,0.1,1.0,192800000.0,0.284,273500000.0,13400000.0,3113500000.0,,280300000.0,922600000.0,683400000.0,239200000.0,1531600000.0,327100000.0,1204500000.0,2884147485.0,90500000.0,-4400000.0,4600000.0,-20000000.0,-15900000.0,-28800000.0,70600000.0,112300000.0,48200000.0,500000.0,83700000.0,83700000.0,83700000.0,1200000.0,0.0,0.123,76500000.0,116300000.0,244700000.0,0.19,1.363,6.594,6.716,873100000.0,0.0,27.2,1.133,1.131,177200000.0,1877500000.0,678300000.0,678300000.0,0.0,,,,,-2500000.0,42000000.0,1.0,106034834.0,105800000.0,106400000.0,6.411,3374400000.0,4900000.0,44300000.0,376400000.0,31.894,1524100000.0
62,LPX,MRQ,2005-12-31,2005-12-31,2005-12-31,2021-09-07,-62200000.0,3598000000.0,,1792400000.0,1805600000.0,,19.327,-63200000.0,663200000.0,663200000.0,390000000.0,85200000.0,5.179,0.761,823400000.0,88600000.0,734800000.0,823400000.0,0.0,34300000.0,0.0,0.017,0.125,96500000.0,130800000.0,0.236,130800000.0,96500000.0,86000000.0,0.82,0.81,0.82,2042900000.0,,2042900000.0,2815909940.0,5.0,4.052,59300000.0,0.561,1.0,163700000.0,0.296,280900000.0,10500000.0,3131200000.0,,240300000.0,1012600000.0,788100000.0,224500000.0,1555100000.0,346100000.0,1209000000.0,2905609940.0,-62600000.0,-20100000.0,0.0,195200000.0,-13300000.0,181100000.0,-366200000.0,-304800000.0,122500000.0,0.0,85200000.0,85200000.0,85200000.0,3200000.0,0.0,0.154,73000000.0,90700000.0,243200000.0,0.152,1.422,6.379,6.572,881000000.0,0.0,27.47,1.149,1.184,146800000.0,1809700000.0,553700000.0,553700000.0,0.0,,,,,600000.0,35800000.0,1.0,105773933.0,105700000.0,106400000.0,5.238,3317100000.0,0.0,800000.0,379300000.0,31.382,1446300000.0
63,LPX,MRQ,2005-09-30,2005-09-30,2005-09-30,2021-09-07,-66000000.0,3336300000.0,,1544600000.0,1791700000.0,,18.055,-43500000.0,718500000.0,718500000.0,445600000.0,168200000.0,4.48,0.695,628800000.0,92300000.0,536500000.0,628800000.0,0.0,34400000.0,0.0,0.016,0.125,114800000.0,149200000.0,0.24,149200000.0,114800000.0,101700000.0,1.54,1.53,1.54,1968000000.0,,1968000000.0,3145878328.0,6.0,4.708,80900000.0,0.742,1.0,175700000.0,0.283,273500000.0,13100000.0,2628300000.0,,211000000.0,682100000.0,465600000.0,216500000.0,1368300000.0,344800000.0,1023500000.0,3069578328.0,-2100000.0,-11700000.0,-147600000.0,-171100000.0,-13800000.0,-332500000.0,205900000.0,257900000.0,124400000.0,100000.0,168200000.0,168200000.0,168200000.0,7300000.0,0.0,0.271,71500000.0,104200000.0,240500000.0,0.081,1.56,7.996,7.957,852300000.0,0.0,27.69,1.209,1.189,183100000.0,1737800000.0,621300000.0,621300000.0,0.0,,,,,1300000.0,36800000.0,1.0,110855122.0,109000000.0,109600000.0,5.7,3062800000.0,1000000.0,-66500000.0,397600000.0,28.099,1199800000.0
64,LPX,MRQ,2005-06-30,2005-06-30,2005-06-30,2021-09-07,-68100000.0,3607500000.0,,1806400000.0,1801100000.0,,17.651,-46200000.0,722900000.0,722900000.0,463500000.0,100300000.0,3.664,0.843,799200000.0,262700000.0,536500000.0,799200000.0,0.0,33100000.0,0.0,0.016,0.125,170800000.0,203900000.0,0.295,203900000.0,170800000.0,155500000.0,0.9,0.9,0.9,1957500000.0,,1957500000.0,2883618899.0,5.0,3.822,139400000.0,1.257,1.0,228500000.0,0.33,273500000.0,15300000.0,2917300000.0,,218500000.0,918300000.0,706200000.0,212100000.0,1650000000.0,493000000.0,1157000000.0,2724818899.0,82100000.0,-28500000.0,300000.0,0.0,-13900000.0,-13600000.0,-88700000.0,-44900000.0,185600000.0,-1200000.0,100300000.0,100300000.0,100300000.0,4100000.0,0.0,0.145,69200000.0,159300000.0,218300000.0,0.139,1.392,8.415,8.389,839700000.0,0.0,24.58,1.04,1.04,189300000.0,1583300000.0,692000000.0,692000000.0,0.0,,,,,500000.0,36100000.0,1.0,110855122.0,110900000.0,111500000.0,6.24,3334000000.0,1000000.0,55200000.0,528600000.0,30.063,1313400000.0
65,LPX,MRQ,2005-03-31,2005-03-31,2005-03-31,2021-09-07,-68800000.0,3562500000.0,,1686300000.0,1876200000.0,,16.912,-20800000.0,640500000.0,640500000.0,425600000.0,101700000.0,3.79,0.906,799300000.0,178000000.0,621300000.0,799300000.0,0.0,33300000.0,0.0,0.014,0.1,177700000.0,211000000.0,0.319,211000000.0,177700000.0,162000000.0,0.92,0.91,0.92,1868800000.0,,1868800000.0,2974894817.0,4.0,3.319,44900000.0,0.406,1.0,235800000.0,0.357,276700000.0,15700000.0,2999700000.0,,271900000.0,781500000.0,580600000.0,200900000.0,1693700000.0,444900000.0,1248800000.0,2784594817.0,29700000.0,-23600000.0,8400000.0,0.0,-11000000.0,-2600000.0,-32500000.0,12600000.0,65700000.0,-900000.0,101700000.0,101700000.0,101700000.0,3700000.0,0.0,0.154,70000000.0,165800000.0,254900000.0,0.109,1.49,6.695,6.616,851600000.0,0.0,25.14,1.024,1.022,215900000.0,1496900000.0,661400000.0,661400000.0,0.0,,,,,3000000.0,37600000.0,1.0,110763517.0,110500000.0,111300000.0,5.986,3285800000.0,26700000.0,60300000.0,533100000.0,29.736,1241400000.0
66,LPX,MRQ,2004-12-31,2004-12-31,2004-12-31,2021-09-07,-67900000.0,3450600000.0,,1604100000.0,1846500000.0,,16.278,-56500000.0,610200000.0,610200000.0,431600000.0,13700000.0,3.646,0.952,800500000.0,178000000.0,622500000.0,800500000.0,0.0,38100000.0,0.0,0.011,0.1,66000000.0,104100000.0,0.184,104100000.0,66000000.0,50500000.0,0.12,0.12,0.12,1767800000.0,,1767800000.0,2838410401.0,4.0,3.123,500000.0,0.005,1.0,132800000.0,0.235,280400000.0,15500000.0,2920500000.0,,203500000.0,771100000.0,608200000.0,162900000.0,1682800000.0,440000000.0,1242800000.0,2942810401.0,-66900000.0,-19300000.0,1200000.0,-2300000.0,-10800000.0,-14000000.0,-114400000.0,-66500000.0,57000000.0,4500000.0,13700000.0,13700000.0,13700000.0,3300000.0,0.0,0.024,87500000.0,45300000.0,250000000.0,0.833,1.665,6.995,6.892,848500000.0,0.0,26.74,1.078,1.061,185500000.0,1406200000.0,564400000.0,564400000.0,0.0,,,,,-600000.0,39800000.0,1.0,110052745.0,108600000.0,109900000.0,5.197,3170200000.0,26700000.0,36800000.0,517500000.0,29.192,1164100000.0
67,LPX,MRQ,2004-09-30,2004-09-30,2004-09-30,2021-09-07,-72300000.0,3406500000.0,,1582000000.0,1824500000.0,,15.914,-35800000.0,909800000.0,909800000.0,427400000.0,108100000.0,3.654,0.953,805400000.0,171100000.0,634300000.0,805400000.0,0.0,40000000.0,0.0,0.008,0.075,195400000.0,235400000.0,0.335,235400000.0,195400000.0,181000000.0,0.99,0.98,0.99,1744200000.0,,1744200000.0,2666462517.0,3.0,2.309,119100000.0,1.087,1.0,274800000.0,0.391,301200000.0,14400000.0,2567900000.0,,197700000.0,339000000.0,303600000.0,35400000.0,1662300000.0,433000000.0,1229300000.0,2835762517.0,51300000.0,-6000000.0,8400000.0,-17300000.0,-8400000.0,-16800000.0,-89000000.0,-51500000.0,154900000.0,2200000.0,108100000.0,108100000.0,108100000.0,-2600000.0,0.0,0.154,95400000.0,179400000.0,246900000.0,0.076,1.626,4.968,4.905,853500000.0,0.0,25.95,1.011,1.014,175600000.0,1403300000.0,702200000.0,702200000.0,0.0,,,,,13800000.0,38100000.0,1.0,109277939.0,109600000.0,110700000.0,6.407,3105300000.0,35300000.0,72900000.0,474200000.0,28.333,1149000000.0
68,LPX,MRQ,2004-06-30,2004-06-30,2004-06-30,2021-09-07,-72900000.0,3300000000.0,,1458000000.0,1842000000.0,,14.939,-26300000.0,998700000.0,998700000.0,416800000.0,192400000.0,5.546,1.027,829400000.0,9300000.0,820100000.0,829400000.0,0.0,32700000.0,0.0,0.005,0.075,313200000.0,345900000.0,0.438,345900000.0,313200000.0,297800000.0,1.77,1.75,1.77,1628400000.0,,1628400000.0,2760057249.0,3.0,2.322,276900000.0,2.54,1.0,373400000.0,0.473,303800000.0,15400000.0,2564000000.0,,187300000.0,146800000.0,113300000.0,33500000.0,1671600000.0,262900000.0,1408700000.0,2573157249.0,-49800000.0,-6600000.0,6900000.0,-18300000.0,-8100000.0,-18100000.0,-334900000.0,-310100000.0,303200000.0,0.0,192400000.0,192400000.0,192400000.0,-4300000.0,0.0,0.243,74400000.0,299000000.0,226600000.0,0.042,1.58,4.382,4.316,865700000.0,0.0,23.65,0.927,0.929,168900000.0,1303600000.0,790200000.0,790200000.0,0.0,,,,,-8100000.0,40400000.0,1.0,108801575.0,109000000.0,110200000.0,7.25,2996200000.0,42100000.0,105400000.0,463300000.0,27.488,1195100000.0
69,LPX,MRQ,2004-03-31,2004-03-31,2004-03-31,2021-09-07,-70000000.0,3120400000.0,,1277000000.0,1843400000.0,,13.383,-29100000.0,650200000.0,650200000.0,376600000.0,106500000.0,4.221,1.167,837100000.0,9200000.0,827900000.0,837100000.0,0.0,34300000.0,0.0,0.002,0.05,190900000.0,225200000.0,0.324,225200000.0,190900000.0,170900000.0,0.99,0.98,0.99,1440000000.0,,1440000000.0,2794352472.0,4.0,3.132,57300000.0,0.533,1.0,318700000.0,0.458,303700000.0,20000000.0,2701100000.0,,223100000.0,235700000.0,235700000.0,0.0,1680400000.0,302500000.0,1377900000.0,2801952472.0,-315800000.0,-100000.0,22700000.0,-228100000.0,-5300000.0,-212100000.0,-190100000.0,-164400000.0,86400000.0,0.0,106500000.0,106500000.0,106500000.0,5800000.0,0.0,0.153,92500000.0,226200000.0,244300000.0,0.051,1.946,7.42,7.268,872200000.0,0.0,25.8,1.14,1.13,198300000.0,1119300000.0,695300000.0,695300000.0,0.0,,,,,8100000.0,42900000.0,1.0,108602809.0,107600000.0,109200000.0,6.462,2816700000.0,51700000.0,64400000.0,423800000.0,26.178,974500000.0
70,LPX,MRQ,2003-12-31,2003-12-31,2003-12-31,2021-09-07,-71200000.0,3204400000.0,,1325100000.0,1879300000.0,,12.286,-22000000.0,1036600000.0,1036600000.0,315200000.0,163800000.0,4.379,1.444,1029000000.0,8300000.0,1020700000.0,1029000000.0,0.0,36800000.0,0.0,0.0,0.0,311500000.0,348300000.0,0.563,348300000.0,311500000.0,290200000.0,1.54,1.53,1.54,1310900000.0,,1310900000.0,2426687685.0,4.0,3.333,258600000.0,2.424,1.0,303100000.0,0.49,286700000.0,21300000.0,2607500000.0,,177500000.0,98800000.0,0.0,98800000.0,1893500000.0,302600000.0,1590900000.0,1893287685.0,544100000.0,261000000.0,10000000.0,1600000.0,0.0,113300000.0,149800000.0,-102900000.0,280600000.0,400000.0,163800000.0,163800000.0,163800000.0,-4600000.0,0.0,0.265,4000000.0,299100000.0,251300000.0,0.0,1.444,6.948,6.93,884900000.0,0.0,17.88,0.873,0.87,136100000.0,1018100000.0,618300000.0,618300000.0,0.0,,,,,2700000.0,40000000.0,1.0,105888573.0,106700000.0,110700000.0,5.795,2917700000.0,51700000.0,126400000.0,407700000.0,27.345,1022500000.0
71,LPX,MRQ,2003-09-30,2003-09-30,2003-09-30,2021-09-07,-81300000.0,2886600000.0,,788800000.0,2097800000.0,,10.658,-8300000.0,489900000.0,489900000.0,399400000.0,124500000.0,2.851,1.577,1023300000.0,8100000.0,1015200000.0,1023300000.0,0.0,34600000.0,0.0,0.0,0.0,234600000.0,269200000.0,0.401,269200000.0,234600000.0,212600000.0,1.18,1.17,1.18,1120200000.0,,1120200000.0,2232090578.0,10.0,6.197,173200000.0,1.648,1.0,271300000.0,0.405,303600000.0,22000000.0,2839700000.0,,158100000.0,0.0,0.0,0.0,1766400000.0,276700000.0,1489700000.0,1441490578.0,223800000.0,75700000.0,9200000.0,-19100000.0,0.0,-110200000.0,152600000.0,0.0,181500000.0,-100000.0,124500000.0,124500000.0,124500000.0,-14100000.0,0.0,0.186,59000000.0,212300000.0,238600000.0,0.0,1.287,21.775,21.873,1132100000.0,0.0,13.78,0.763,0.766,180000000.0,854600000.0,670700000.0,670700000.0,0.0,,,,,0.0,42500000.0,1.0,104607444.0,105100000.0,105100000.0,6.382,2583000000.0,33600000.0,88100000.0,291000000.0,24.577,512100000.0
72,LPX,MRQ,2003-06-30,2003-06-30,2003-06-30,2021-09-07,-82900000.0,2708500000.0,,538600000.0,2169900000.0,,9.402,14100000.0,250800000.0,250800000.0,371600000.0,-17200000.0,2.097,1.754,1041400000.0,1100000.0,1040300000.0,1041400000.0,0.0,34300000.0,0.0,0.0,0.0,15200000.0,49500000.0,0.105,49500000.0,15200000.0,-7100000.0,-0.16,-0.16,-0.16,983500000.0,,983500000.0,2063641486.0,96.0,12.499,110000000.0,1.052,1.0,101400000.0,0.214,303600000.0,22300000.0,2938700000.0,,166200000.0,0.0,0.0,0.0,1725000000.0,256800000.0,1468200000.0,1133741486.0,90700000.0,27500000.0,0.0,-39500000.0,0.0,-37700000.0,31700000.0,0.0,95900000.0,800000.0,-17200000.0,-17200000.0,-17200000.0,26300000.0,0.0,-0.036,67700000.0,33700000.0,215700000.0,0.0,1.153,-20.613,-20.846,1194500000.0,0.0,10.84,0.694,0.694,139300000.0,730100000.0,473000000.0,473000000.0,0.0,,,,,0.0,39900000.0,1.0,104588698.0,104600000.0,104600000.0,4.522,2404900000.0,46200000.0,10100000.0,342600000.0,22.991,281800000.0
73,LPX,MRQ,2003-03-31,2003-03-31,2003-03-31,2021-09-07,-72100000.0,2740700000.0,,478400000.0,2262300000.0,,9.653,14100000.0,151100000.0,151100000.0,330600000.0,1500000.0,1.997,1.714,1081000000.0,6100000.0,1074900000.0,1081000000.0,0.0,35600000.0,0.0,0.0,0.0,25500000.0,61100000.0,0.15,61100000.0,25500000.0,2600000.0,0.01,0.01,0.01,1009700000.0,,1009700000.0,1749366480.0,80.0,10.183,-34500000.0,-0.33,1.0,76100000.0,0.187,306600000.0,22900000.0,3124400000.0,,220000000.0,0.0,0.0,0.0,1731000000.0,239600000.0,1491400000.0,829366480.0,-70000000.0,0.0,0.0,-27600000.0,0.0,-27900000.0,6000000.0,0.0,-48600000.0,500000.0,1500000.0,1500000.0,1500000.0,600000.0,0.0,0.004,56000000.0,20100000.0,213500000.0,0.0,0.821,-16.262,-16.184,1368500000.0,0.0,7.93,0.52,0.52,144800000.0,747300000.0,406700000.0,406700000.0,0.0,,,,,0.0,36600000.0,1.0,104585937.0,104600000.0,104600000.0,3.888,2434100000.0,38600000.0,1100000.0,299300000.0,23.271,238800000.0
74,LPX,MRQ,2002-12-31,2002-12-31,2002-12-31,2021-09-07,-73100000.0,2780000000.0,,491300000.0,2288700000.0,,9.62,15900000.0,184100000.0,184100000.0,280500000.0,-42600000.0,1.844,1.763,1112300000.0,35300000.0,1077000000.0,1112300000.0,0.0,36600000.0,0.0,0.0,0.0,-56200000.0,-19600000.0,-0.058,-19600000.0,-56200000.0,-79900000.0,-0.4,-0.4,-0.4,1006200000.0,,1006200000.0,1799323352.0,122.0,10.443,22700000.0,0.217,1.0,58900000.0,0.174,306600000.0,23700000.0,3135200000.0,,163500000.0,0.0,0.0,0.0,1773800000.0,266400000.0,1507400000.0,842923352.0,37100000.0,0.0,0.0,-200000.0,0.0,-2300000.0,32600000.0,0.0,6800000.0,0.0,-42600000.0,-42600000.0,-42600000.0,13400000.0,0.0,-0.126,75100000.0,-16200000.0,211100000.0,0.0,0.838,-13.596,-13.661,1338200000.0,0.0,8.06,0.535,0.535,99300000.0,745600000.0,339400000.0,339400000.0,0.0,,,,,0.0,30700000.0,1.0,104581061.0,104600000.0,104600000.0,3.245,2473400000.0,38600000.0,-37300000.0,216100000.0,23.646,224900000.0
75,LPX,MRQ,2002-09-30,2002-09-30,2002-09-30,2021-09-07,-54900000.0,2837200000.0,,476200000.0,2361000000.0,,10.168,60000000.0,148000000.0,148000000.0,344100000.0,3300000.0,1.602,1.668,1104400000.0,32800000.0,1071600000.0,1104400000.0,0.0,37100000.0,0.0,0.0,0.0,37000000.0,74100000.0,0.178,74100000.0,37000000.0,13100000.0,0.03,0.03,0.03,1063600000.0,,1063600000.0,1734651939.0,-31.0,15.599,80600000.0,0.771,1.0,71200000.0,0.171,276700000.0,23900000.0,3219700000.0,,165600000.0,0.0,0.0,0.0,1773600000.0,297200000.0,1476400000.0,676651939.0,2500000.0,-3300000.0,0.0,-40500000.0,0.0,-46100000.0,28100000.0,0.0,20600000.0,-100000.0,3300000.0,3300000.0,3300000.0,14500000.0,0.0,0.008,28600000.0,42600000.0,244400000.0,0.0,0.636,-7.502,-7.437,1463800000.0,0.0,6.47,0.468,0.468,143800000.0,788200000.0,415300000.0,415300000.0,0.0,,,,,0.0,32900000.0,1.0,104582989.0,104600000.0,104700000.0,3.97,2560500000.0,34200000.0,9800000.0,298000000.0,24.479,179000000.0
76,LPX,MRQ,2002-06-30,2002-06-30,2002-06-30,2021-09-07,-54800000.0,2911100000.0,,518700000.0,2392400000.0,,10.133,-10600000.0,97700000.0,97700000.0,339000000.0,-13200000.0,1.712,1.747,1155700000.0,34300000.0,1121400000.0,1155700000.0,0.0,40700000.0,0.0,0.005,0.0,15500000.0,56200000.0,0.13,56200000.0,15500000.0,-8900000.0,-0.13,-0.13,-0.13,1059900000.0,,1059900000.0,2295559235.0,-27.0,23.69,107100000.0,1.024,1.0,93300000.0,0.216,292000000.0,24400000.0,3374100000.0,,172200000.0,0.0,0.0,0.0,1851200000.0,303000000.0,1548200000.0,1107359235.0,50800000.0,0.0,0.0,-76300000.0,0.0,-74200000.0,7200000.0,700000.0,117700000.0,100000.0,-13200000.0,-13200000.0,-13200000.0,20700000.0,0.0,-0.031,64800000.0,28500000.0,236200000.0,0.0,1.045,-11.632,-11.511,1435400000.0,0.0,10.59,0.722,0.722,153500000.0,784900000.0,432300000.0,432300000.0,0.0,,,,,0.0,36700000.0,1.0,104566500.0,104600000.0,104600000.0,4.133,2619100000.0,46300000.0,4300000.0,315400000.0,25.039,215700000.0
77,LPX,MRQ,2002-03-31,2002-03-31,2002-03-31,2021-09-07,-54700000.0,3030500000.0,,561600000.0,2468900000.0,,10.305,-3800000.0,46900000.0,46900000.0,386100000.0,-9500000.0,1.849,1.811,1235100000.0,38900000.0,1196200000.0,1235100000.0,0.0,43200000.0,0.0,0.009,0.0,17300000.0,60500000.0,0.128,60500000.0,17300000.0,-6500000.0,-0.09,-0.09,-0.09,1077900000.0,,1077900000.0,2251144210.0,-24.0,23.696,-60400000.0,-0.577,1.0,88400000.0,0.186,298300000.0,23800000.0,3616700000.0,,252600000.0,0.0,0.0,0.0,1952600000.0,303700000.0,1648900000.0,1123044210.0,-14700000.0,0.0,0.0,44400000.0,0.0,38100000.0,3800000.0,-700000.0,-56600000.0,0.0,-9500000.0,-9500000.0,-9500000.0,4100000.0,0.0,-0.02,72200000.0,16200000.0,244800000.0,0.0,1.042,-12.247,-12.205,1650000000.0,0.0,10.74,0.719,0.72,169700000.0,804400000.0,474500000.0,474500000.0,0.0,,,,,0.0,34600000.0,1.0,104566500.0,104600000.0,104600000.0,4.536,2732200000.0,80900000.0,3000000.0,309800000.0,26.12,257900000.0
78,LPX,MRQ,2001-12-31,2001-12-31,2001-12-31,2021-09-07,-53900000.0,3014000000.0,,490300000.0,2523700000.0,,10.353,-19700000.0,76500000.0,76500000.0,86100000.0,-70800000.0,1.599,1.788,1189700000.0,37700000.0,1152000000.0,1189700000.0,0.0,46800000.0,0.0,0.028,0.0,-126400000.0,-79600000.0,-0.642,-79600000.0,-126400000.0,-150700000.0,-0.68,-0.68,-0.68,1080900000.0,,1080900000.0,1994418591.0,-10.0,463.818,7700000.0,0.074,1.0,37800000.0,0.305,313400000.0,24300000.0,3507100000.0,,183900000.0,0.0,0.0,0.0,1933100000.0,306700000.0,1626400000.0,881618591.0,-26700000.0,-6900000.0,0.0,-16100000.0,100000.0,-22600000.0,-31500000.0,0.0,27400000.0,0.0,-70800000.0,-70800000.0,-70800000.0,24000000.0,0.0,-0.571,126200000.0,-88400000.0,249000000.0,0.0,0.816,-5.138,-5.146,1619000000.0,0.0,8.44,0.554,0.554,155000000.0,807600000.0,123900000.0,123900000.0,0.0,,,,,0.0,22600000.0,1.0,104457179.0,104400000.0,104400000.0,1.187,2700600000.0,41400000.0,-79900000.0,235600000.0,25.868,183600000.0
79,LPX,MRQ,2001-09-30,2001-09-30,2001-09-30,2021-09-07,-29800000.0,3168900000.0,,578800000.0,2590100000.0,,11.247,-13300000.0,88300000.0,88300000.0,416600000.0,-1700000.0,1.449,1.699,1201100000.0,118400000.0,1082700000.0,1201100000.0,0.0,52600000.0,0.0,0.058,0.05,7200000.0,59800000.0,0.119,59800000.0,7200000.0,-17000000.0,-0.02,-0.02,-0.02,1174200000.0,,1174200000.0,1813346422.0,-10.0,73.415,33700000.0,0.323,1.0,87400000.0,0.173,305100000.0,24200000.0,3577100000.0,,217300000.0,0.0,0.0,0.0,1994700000.0,399500000.0,1595200000.0,678846422.0,32600000.0,0.0,0.0,15600000.0,-5100000.0,-700000.0,-13700000.0,10800000.0,47000000.0,0.0,-1700000.0,-1700000.0,-1700000.0,5900000.0,0.0,-0.003,85400000.0,2000000.0,261100000.0,-2.5,0.578,-4.454,-4.452,1746300000.0,0.0,6.5,0.417,0.417,170200000.0,878400000.0,504000000.0,504000000.0,0.0,,,,,0.0,36000000.0,1.0,104437911.0,104400000.0,104400000.0,4.828,2863800000.0,78800000.0,-15300000.0,364900000.0,27.431,179300000.0
80,LPX,MRQ,2001-06-30,2001-06-30,2001-06-30,2021-09-07,-29200000.0,3209300000.0,,572000000.0,2637300000.0,,11.312,-11600000.0,55700000.0,55700000.0,365500000.0,-9700000.0,1.347,1.717,1190200000.0,106000000.0,1084200000.0,1190200000.0,0.0,46700000.0,0.0,0.04,0.05,7600000.0,54300000.0,0.118,54300000.0,7600000.0,-13700000.0,-0.09,-0.09,-0.09,1181000000.0,,1181000000.0,2431959901.0,-13.0,122.826,77400000.0,0.741,1.0,93000000.0,0.203,311800000.0,21300000.0,3607500000.0,,222600000.0,0.0,0.0,0.0,2028300000.0,424500000.0,1603800000.0,1224259901.0,28300000.0,-5600000.0,0.0,-44900000.0,-5400000.0,-49800000.0,-10900000.0,-10800000.0,89000000.0,0.0,-9700000.0,-9700000.0,-9700000.0,-1300000.0,0.0,-0.021,91500000.0,1500000.0,293500000.0,-0.556,1.037,-6.39,-6.41,1779600000.0,0.0,11.73,0.67,0.67,168500000.0,885100000.0,458500000.0,458500000.0,0.0,,,,,0.0,45400000.0,1.0,104369983.0,104400000.0,104400000.0,4.392,2897500000.0,106300000.0,-4000000.0,377400000.0,27.754,147500000.0
81,LPX,MRQ,2001-03-31,2001-03-31,2001-03-31,2021-09-07,-29800000.0,3258800000.0,,564200000.0,2694600000.0,,11.431,-22100000.0,27400000.0,27400000.0,549200000.0,-89400000.0,1.253,1.731,1235100000.0,162200000.0,1072900000.0,1235100000.0,0.0,49100000.0,0.0,0.058,0.14,-88600000.0,-39500000.0,-0.071,-39500000.0,-88600000.0,-111800000.0,-0.86,-0.86,-0.86,1193400000.0,,1193400000.0,2188007768.0,-15.0,27.18,-36800000.0,-0.352,1.0,9300000.0,0.017,319500000.0,23200000.0,3696600000.0,,252200000.0,0.0,0.0,0.0,2065400000.0,450400000.0,1615000000.0,1002907768.0,-10700000.0,5600000.0,0.0,11900000.0,-14700000.0,-2500000.0,6500000.0,0.0,-14700000.0,0.0,-89400000.0,-89400000.0,-89400000.0,0.0,0.0,-0.16,109400000.0,-100100000.0,253200000.0,-0.163,0.84,-6.233,-6.24,1819600000.0,0.0,9.61,0.456,0.456,161200000.0,900200000.0,558500000.0,558500000.0,0.0,,,,,0.0,43600000.0,1.0,104360850.0,104400000.0,104400000.0,5.35,2939300000.0,106000000.0,-22400000.0,387200000.0,28.154,113800000.0
82,LPX,MRQ,2000-12-31,2000-12-31,2000-12-31,2021-09-07,-31200000.0,3374700000.0,,654100000.0,2720600000.0,,12.442,-60700000.0,38100000.0,38100000.0,119800000.0,-51600000.0,1.73,1.606,1223200000.0,39400000.0,1183800000.0,1223200000.0,0.0,51400000.0,0.0,0.055,0.14,-101300000.0,-49900000.0,-0.462,-49900000.0,-101300000.0,-124100000.0,-0.49,-0.49,-0.49,1295200000.0,,1295200000.0,2165624434.0,37.0,7.351,-63200000.0,-0.607,1.0,-11900000.0,-0.11,326300000.0,22800000.0,3855300000.0,,327500000.0,0.0,0.0,0.0,2079500000.0,378200000.0,1701300000.0,1054824434.0,-63500000.0,0.0,-100000.0,7200000.0,-14600000.0,600000.0,-61600000.0,0.0,-2500000.0,0.0,-51600000.0,-51600000.0,-51600000.0,20400000.0,0.0,-0.478,65300000.0,-77200000.0,303800000.0,-0.286,0.814,-76.437,-77.885,1899400000.0,0.0,10.125,0.427,0.426,129600000.0,1004300000.0,107900000.0,107900000.0,0.0,,,,,0.0,43400000.0,1.0,104180191.0,104100000.0,103800000.0,1.037,3048400000.0,136100000.0,-72500000.0,334000000.0,29.283,275900000.0
83,LPX,MRQ,2000-09-30,2000-09-30,2000-09-30,2021-09-07,-42000000.0,3498700000.0,,765100000.0,2733600000.0,,12.949,-61600000.0,101600000.0,101600000.0,594800000.0,-40900000.0,1.908,1.595,1212400000.0,40700000.0,1171700000.0,1212400000.0,0.0,63500000.0,0.0,0.061,0.14,-8600000.0,54900000.0,0.078,54900000.0,-8600000.0,-31200000.0,-0.39,-0.39,-0.39,1348000000.0,,1348000000.0,2011607595.0,9.0,4.186,-44200000.0,-0.425,1.0,107900000.0,0.154,329300000.0,22600000.0,3879100000.0,,298100000.0,0.0,0.0,0.0,2150700000.0,401100000.0,1749600000.0,957207595.0,-16500000.0,0.0,0.0,45700000.0,-14600000.0,23300000.0,-57200000.0,0.0,17400000.0,0.0,-40900000.0,-40900000.0,-40900000.0,0.0,0.0,-0.058,121600000.0,-13700000.0,305400000.0,-0.359,0.71,13.077,13.126,1898800000.0,0.0,9.188,0.293,0.293,221300000.0,1070500000.0,702700000.0,702700000.0,0.0,,,,,0.0,57100000.0,1.0,104180191.0,104100000.0,104100000.0,6.75,3169400000.0,123200000.0,9700000.0,459200000.0,30.446,364000000.0
84,LPX,MRQ,2000-06-30,2000-06-30,2000-06-30,2021-09-07,-39500000.0,3532100000.0,,798700000.0,2733400000.0,,13.521,-56300000.0,118100000.0,118100000.0,625400000.0,21000000.0,1.906,1.512,1172500000.0,46700000.0,1125800000.0,1172500000.0,0.0,59300000.0,0.0,0.051,0.14,55700000.0,115000000.0,0.138,115000000.0,55700000.0,37200000.0,0.2,0.2,0.2,1406200000.0,,1406200000.0,2085663012.0,6.0,3.462,-42200000.0,-0.406,1.0,206100000.0,0.248,335100000.0,18500000.0,3832300000.0,,310000000.0,0.0,0.0,0.0,2125900000.0,419100000.0,1706800000.0,1132763012.0,12300000.0,-54700000.0,0.0,115900000.0,-14400000.0,105100000.0,-106900000.0,0.0,14100000.0,0.0,21000000.0,21000000.0,21000000.0,0.0,0.0,0.025,158800000.0,47300000.0,297400000.0,0.7,0.806,6.176,6.25,1931500000.0,0.0,10.875,0.337,0.336,233400000.0,1126000000.0,831500000.0,831500000.0,0.0,,,,,0.0,61500000.0,1.0,104162116.0,104000000.0,104200000.0,7.995,3197000000.0,117200000.0,16200000.0,471800000.0,30.74,379600000.0
85,LPX,MRQ,2000-03-31,2000-03-31,2000-03-31,2021-09-07,-48700000.0,3535400000.0,,817600000.0,2717800000.0,,13.33,-41700000.0,105800000.0,105800000.0,605200000.0,57700000.0,1.462,1.548,1058700000.0,48000000.0,1010700000.0,1058700000.0,0.0,61300000.0,0.0,0.04,0.14,113300000.0,174600000.0,0.21,174600000.0,113300000.0,96200000.0,0.55,0.55,0.55,1387700000.0,,1387700000.0,2388342925.0,5.0,3.487,11800000.0,0.113,1.0,224500000.0,0.271,341300000.0,17100000.0,3587600000.0,,330500000.0,0.0,0.0,0.0,2147700000.0,559400000.0,1588300000.0,1444642925.0,-10200000.0,0.0,-11200000.0,-3600000.0,-14700000.0,-28300000.0,-35400000.0,0.0,53500000.0,0.0,57700000.0,57700000.0,57700000.0,0.0,0.0,0.07,118000000.0,106500000.0,295300000.0,0.255,1.041,5.842,5.955,1923900000.0,0.0,13.875,0.438,0.438,257000000.0,1119400000.0,829700000.0,829700000.0,0.0,,,,,0.0,58300000.0,1.0,104118409.0,104100000.0,104100000.0,7.97,3194100000.0,110800000.0,38500000.0,487500000.0,30.683,258200000.0
86,LPX,MRQ,1999-12-31,1999-12-31,1999-12-31,2021-09-07,-43600000.0,3488200000.0,,739400000.0,2748800000.0,,12.915,-31200000.0,116000000.0,116000000.0,774300000.0,35400000.0,1.367,1.565,1059700000.0,44900000.0,1014800000.0,1059700000.0,0.0,61100000.0,0.0,0.04,0.14,75000000.0,136100000.0,0.15,136100000.0,75000000.0,56800000.0,0.34,0.34,0.34,1360000000.0,,1360000000.0,2431861545.0,6.0,4.012,92600000.0,0.879,1.0,131300000.0,0.145,347700000.0,18200000.0,3543500000.0,,293400000.0,0.0,0.0,0.0,2128200000.0,540700000.0,1587500000.0,1496961545.0,-52100000.0,-135400000.0,-38900000.0,-26500000.0,-14600000.0,-81300000.0,-94600000.0,0.0,123800000.0,0.0,35400000.0,35400000.0,35400000.0,0.0,0.0,0.039,66600000.0,64700000.0,306500000.0,0.412,1.101,6.905,6.894,1945100000.0,0.0,14.063,0.487,0.486,200700000.0,1076400000.0,905600000.0,905600000.0,0.0,,,,,0.0,56500000.0,1.0,106446814.0,105300000.0,104700000.0,8.6,3140500000.0,110800000.0,21400000.0,405600000.0,29.824,198700000.0
87,LPX,MRQ,1999-09-30,1999-09-30,1999-09-30,2021-09-07,-43700000.0,3519500000.0,,818600000.0,2700900000.0,,12.871,-27900000.0,168100000.0,168100000.0,551100000.0,69300000.0,1.388,1.563,1103000000.0,53800000.0,1049200000.0,1103000000.0,0.0,52400000.0,0.0,0.036,0.14,124400000.0,176800000.0,0.222,176800000.0,124400000.0,114800000.0,0.65,0.65,0.65,1373300000.0,,1373300000.0,2126623891.0,6.0,3.852,109600000.0,1.027,1.0,246300000.0,0.309,377500000.0,9600000.0,3487300000.0,,266100000.0,0.0,0.0,0.0,2146200000.0,589600000.0,1556600000.0,1678223891.0,15200000.0,-397000000.0,-9000000.0,337900000.0,-14900000.0,312500000.0,-434800000.0,0.0,137500000.0,0.0,69300000.0,69300000.0,69300000.0,0.0,0.0,0.087,127600000.0,118700000.0,278400000.0,0.215,1.222,8.506,8.446,1876500000.0,0.0,15.625,0.591,0.587,241900000.0,1055600000.0,797400000.0,797400000.0,0.0,,,,,0.0,56500000.0,1.0,107406329.0,106700000.0,106900000.0,7.473,3142000000.0,121800000.0,45500000.0,452100000.0,29.447,229000000.0
88,LPX,MRQ,1999-06-30,1999-06-30,1999-06-30,2021-09-07,-44600000.0,2814200000.0,,738200000.0,2076000000.0,,12.379,-30500000.0,152900000.0,152900000.0,530900000.0,84900000.0,1.442,1.133,601300000.0,23200000.0,578100000.0,601300000.0,0.0,45700000.0,0.0,0.023,0.14,151800000.0,197500000.0,0.257,197500000.0,151800000.0,140700000.0,0.79,0.79,0.79,1319600000.0,,1319600000.0,3179732622.0,-48.0,26.72,170000000.0,1.595,1.0,237600000.0,0.309,132900000.0,11100000.0,2617900000.0,,239700000.0,0.0,0.0,0.0,1494600000.0,511800000.0,982800000.0,2564132622.0,110400000.0,14900000.0,200000.0,-56800000.0,-14700000.0,-68400000.0,-21700000.0,0.0,200500000.0,0.0,84900000.0,84900000.0,84900000.0,0.0,0.0,0.11,95200000.0,142400000.0,270200000.0,0.177,1.943,-39.631,-41.886,1509300000.0,0.0,23.875,0.968,0.961,204200000.0,1001200000.0,768500000.0,768500000.0,0.0,,,,,0.0,54700000.0,1.0,107398225.0,106600000.0,106800000.0,7.209,2681300000.0,121800000.0,55800000.0,315200000.0,25.153,226400000.0
89,LPX,MRQ,1999-03-31,1999-03-31,1999-03-31,2021-09-07,-47200000.0,2793200000.0,,694200000.0,2099000000.0,,11.673,-28300000.0,42500000.0,42500000.0,468100000.0,27200000.0,1.377,1.253,658100000.0,26500000.0,631600000.0,658100000.0,0.0,42800000.0,0.0,0.03,0.14,53300000.0,96100000.0,0.16,96100000.0,53300000.0,44300000.0,0.26,0.26,0.26,1239700000.0,,1239700000.0,2366025040.0,18.0,7.307,-17500000.0,-0.165,1.0,132000000.0,0.22,165100000.0,9000000.0,2739700000.0,,265800000.0,0.0,0.0,0.0,1553500000.0,504000000.0,1049500000.0,1998625040.0,-84000000.0,-208600000.0,-200000.0,150100000.0,-15000000.0,137500000.0,-232300000.0,0.0,10800000.0,0.0,27200000.0,27200000.0,27200000.0,0.0,0.0,0.045,89000000.0,43000000.0,272500000.0,0.538,1.612,36.807,36.52,1530100000.0,0.0,18.625,0.799,0.79,212300000.0,931000000.0,600100000.0,600100000.0,0.0,,,,,0.0,46200000.0,1.0,107308727.0,106200000.0,106300000.0,5.651,2628100000.0,159900000.0,17100000.0,300400000.0,24.747,190200000.0
90,LPX,MRQ,1998-12-31,1998-12-31,1998-12-31,2021-09-07,-45600000.0,2519100000.0,,612100000.0,1907000000.0,,11.439,-19500000.0,126500000.0,126500000.0,618800000.0,15900000.0,1.67,1.06,493900000.0,34100000.0,459800000.0,493900000.0,0.0,46400000.0,0.0,0.031,0.14,35300000.0,81700000.0,0.121,81700000.0,35300000.0,21000000.0,0.15,0.15,0.15,1222800000.0,,1222800000.0,2266852372.0,42.0,9.473,-78700000.0,-0.736,1.0,54500000.0,0.081,60000000.0,14300000.0,2459900000.0,,205700000.0,0.0,0.0,0.0,1296300000.0,366600000.0,929700000.0,1990252372.0,-96200000.0,-330800000.0,-20700000.0,-3300000.0,-14800000.0,-55700000.0,18700000.0,0.0,-59200000.0,0.0,15900000.0,15900000.0,15900000.0,0.0,0.0,0.024,36800000.0,17700000.0,192500000.0,0.933,1.628,995.126,915.65,1412300000.0,0.0,18.313,0.812,0.81,134700000.0,918800000.0,673300000.0,673300000.0,0.0,,,,,0.0,47900000.0,1.0,108679756.0,106900000.0,107700000.0,6.298,2459100000.0,137100000.0,5100000.0,203600000.0,23.004,245500000.0
91,LPX,MRQ,1998-09-30,1998-09-30,1998-09-30,2021-09-07,-44000000.0,2706700000.0,,759800000.0,1946900000.0,,11.54,-27100000.0,222700000.0,222700000.0,428400000.0,-192700000.0,1.53,1.16,499300000.0,24000000.0,475300000.0,499300000.0,0.0,50000000.0,0.0,0.027,0.14,-306300000.0,-256300000.0,-0.423,-256300000.0,-306300000.0,-309700000.0,-1.77,-1.77,-1.77,1253200000.0,,1253200000.0,2514625874.0,-215.0,14.394,25100000.0,0.231,1.0,177900000.0,0.293,103600000.0,3400000.0,2383000000.0,,221300000.0,0.0,0.0,0.0,1453500000.0,496700000.0,956800000.0,2236725874.0,-210300000.0,31300000.0,-30800000.0,-213400000.0,-15400000.0,-262500000.0,0.0,0.0,52200000.0,0.0,-192700000.0,-192700000.0,-192700000.0,0.0,0.0,-0.318,489300000.0,-311400000.0,259500000.0,-0.079,1.785,-63.543,-61.742,1439500000.0,0.0,20.375,0.943,0.932,569000000.0,917700000.0,606300000.0,606300000.0,0.0,,,,,0.0,47300000.0,1.0,109777957.0,108600000.0,108600000.0,5.583,2603100000.0,137900000.0,-117000000.0,264300000.0,23.97,263100000.0
92,LPX,MRQ,1998-06-30,1998-06-30,1998-06-30,2021-09-07,-78300000.0,2948400000.0,,872400000.0,2076000000.0,,13.276,-30500000.0,433000000.0,433000000.0,506200000.0,203900000.0,2.151,1.036,710900000.0,112200000.0,598700000.0,710900000.0,0.0,49500000.0,0.0,0.031,0.14,352800000.0,402300000.0,0.646,402300000.0,352800000.0,342700000.0,1.87,1.87,1.87,1448400000.0,,1448400000.0,2675840230.0,21.0,8.533,142900000.0,1.31,1.0,117000000.0,0.188,99400000.0,10100000.0,2721400000.0,,192800000.0,0.0,0.0,0.0,1500000000.0,405500000.0,1094500000.0,2004140230.0,410700000.0,299500000.0,0.0,-8900000.0,-15100000.0,-22300000.0,259600000.0,0.0,173400000.0,0.0,203900000.0,203900000.0,203900000.0,0.0,0.0,0.327,-233300000.0,350300000.0,231600000.0,0.075,1.384,44.438,44.512,1572800000.0,0.0,18.25,0.84,0.834,564300000.0,1125800000.0,623200000.0,623200000.0,0.0,,,,,0.0,45500000.0,1.0,109815903.0,109100000.0,109400000.0,5.712,2849000000.0,73000000.0,138800000.0,364200000.0,26.114,466900000.0
93,LPX,MRQ,1998-03-31,1998-03-31,1998-03-31,2021-09-07,-78000000.0,2587100000.0,,615600000.0,1971500000.0,,11.501,-45400000.0,22300000.0,22300000.0,496000000.0,-25100000.0,1.873,1.064,694000000.0,63200000.0,630800000.0,694000000.0,0.0,39500000.0,0.0,0.024,0.14,-27900000.0,11600000.0,0.021,11600000.0,-27900000.0,-37600000.0,-0.23,-0.23,-0.23,1253600000.0,,1253600000.0,3137704948.0,-14.0,-63.904,-88800000.0,-0.815,1.0,52300000.0,0.095,152900000.0,9700000.0,2777300000.0,,260300000.0,0.0,0.0,0.0,1333500000.0,328600000.0,1004900000.0,2552404948.0,-9600000.0,0.0,0.0,78300000.0,-15400000.0,65700000.0,-31900000.0,0.0,-43400000.0,0.0,-25100000.0,-25100000.0,-25100000.0,0.0,0.0,-0.046,83500000.0,-31200000.0,225400000.0,-0.609,2.036,-15.112,-14.904,1818600000.0,0.0,23.25,1.065,1.052,168800000.0,937000000.0,548300000.0,548300000.0,0.0,,,,,0.0,44000000.0,1.0,109780858.0,109000000.0,109000000.0,5.03,2434200000.0,152600000.0,-12500000.0,205800000.0,22.332,287000000.0
94,LPX,MRQ,1997-12-31,1997-12-31,1997-12-31,2021-09-07,-79400000.0,2578400000.0,,596800000.0,1981600000.0,,11.854,-14000000.0,31900000.0,31900000.0,571600000.0,-21300000.0,1.869,1.005,617200000.0,44900000.0,572300000.0,617200000.0,0.0,47400000.0,0.0,0.029,0.14,-30300000.0,17100000.0,0.029,17100000.0,-30300000.0,-37000000.0,-0.2,-0.2,-0.2,1286200000.0,,1286200000.0,2598922605.0,-23.0,37.885,-82600000.0,-0.761,1.0,23500000.0,0.039,77600000.0,6700000.0,2766800000.0,,258800000.0,0.0,0.0,0.0,1292200000.0,319300000.0,972900000.0,2081322605.0,-300000.0,-48600000.0,-100000.0,78800000.0,-15200000.0,64100000.0,4200000.0,0.0,-68600000.0,0.0,-21300000.0,-21300000.0,-21300000.0,0.0,0.0,-0.036,55700000.0,-32200000.0,234400000.0,-0.7,1.618,-20.445,-20.213,1826000000.0,0.0,19.0,0.866,0.858,146200000.0,977500000.0,595100000.0,595100000.0,0.0,,,,,0.0,49400000.0,1.0,109543295.0,108500000.0,,5.485,2500800000.0,151000000.0,-15700000.0,178600000.0,23.049,277500000.0
95,LPX,MRQ,1997-09-30,1997-09-30,1997-09-30,2021-09-07,0.0,2588400000.0,,556600000.0,2031800000.0,,12.156,-12800000.0,32200000.0,32200000.0,536700000.0,-112400000.0,1.518,0.948,549800000.0,41300000.0,508500000.0,549800000.0,0.0,49500000.0,0.0,0.022,0.14,-166900000.0,-117400000.0,-0.19,-117400000.0,-166900000.0,-175300000.0,-1.03,-1.03,-1.03,1328500000.0,,1328500000.0,3236679225.0,-31.0,41.656,3200000.0,0.029,1.0,82800000.0,0.134,0.0,8400000.0,2739400000.0,,258200000.0,0.0,0.0,0.0,1259900000.0,366600000.0,893300000.0,2732279225.0,25300000.0,0.0,-2800000.0,38900000.0,-15200000.0,26200000.0,-16900000.0,0.0,16000000.0,0.0,-112400000.0,-112400000.0,-112400000.0,0.0,0.0,-0.181,251000000.0,-168200000.0,245300000.0,-0.136,2.057,-28.7,-28.409,1876200000.0,0.0,25.0,1.151,1.151,155600000.0,1014000000.0,619500000.0,619500000.0,0.0,,,,,0.0,47100000.0,1.0,109291169.0,109291169.0,,5.668,2588400000.0,96900000.0,-62900000.0,139900000.0,23.684,190000000.0
96,LPX,MRQ,1997-06-30,1997-06-30,1997-06-30,2021-09-07,0.0,2527700000.0,,483400000.0,2044300000.0,,13.261,-47700000.0,6900000.0,6900000.0,552100000.0,-10100000.0,1.579,0.744,511300000.0,41700000.0,469600000.0,511300000.0,0.0,46100000.0,0.0,0.027,0.14,-6500000.0,39600000.0,0.063,39600000.0,-6500000.0,-13500000.0,-0.1,-0.1,-0.1,1449000000.0,,1449000000.0,2932250107.0,-11.0,-37.023,138000000.0,1.263,1.0,81200000.0,0.128,0.0,7000000.0,2725900000.0,,249400000.0,0.0,0.0,0.0,1078700000.0,306200000.0,772500000.0,2308350107.0,-200000.0,0.0,0.0,-117800000.0,-15100000.0,-134300000.0,-51600000.0,0.0,185700000.0,0.0,-10100000.0,-10100000.0,-10100000.0,0.0,0.0,-0.016,89400000.0,-8200000.0,184500000.0,-1.4,1.593,-12.397,-12.141,1941700000.0,0.0,21.125,0.949,0.949,121400000.0,1141600000.0,633300000.0,633300000.0,0.0,,,,,0.0,43300000.0,1.0,109271011.0,109271011.0,,5.796,2527700000.0,86600000.0,-3400000.0,193200000.0,23.132,177200000.0
97,LPX,MRQ,1997-03-31,1997-03-31,1997-03-31,2021-09-07,0.0,2752400000.0,,705100000.0,2047300000.0,,13.691,-81400000.0,7100000.0,7100000.0,510100000.0,42000000.0,2.041,0.872,631000000.0,50000000.0,581000000.0,631000000.0,0.0,40900000.0,0.0,0.027,0.14,88400000.0,129300000.0,0.233,129300000.0,88400000.0,79600000.0,0.39,0.39,0.39,1470600000.0,,1470600000.0,2754569673.0,-13.0,-93.375,-126300000.0,-1.176,1.0,44500000.0,0.08,0.0,8800000.0,3030800000.0,,269100000.0,0.0,0.0,0.0,1281800000.0,345500000.0,936300000.0,2269669673.0,-20700000.0,0.0,0.0,114100000.0,-15200000.0,99800000.0,-75600000.0,0.0,-44900000.0,0.0,42000000.0,42000000.0,42000000.0,0.0,0.0,0.076,-42300000.0,86800000.0,195500000.0,0.359,1.543,-14.634,-14.31,1944600000.0,0.0,20.75,0.924,0.907,256800000.0,1166800000.0,554600000.0,554600000.0,0.0,,,,,0.0,38700000.0,1.0,109381671.0,107410000.0,,5.163,2752400000.0,158000000.0,37600000.0,183200000.0,25.625,359600000.0
98,LPX,MRQ,1996-12-31,1996-12-31,1996-12-31,2021-09-07,0.0,2622400000.0,,612900000.0,2009500000.0,,13.292,-46000000.0,27800000.0,27800000.0,547700000.0,-14700000.0,1.62,0.837,512700000.0,54100000.0,458600000.0,512700000.0,0.0,44400000.0,0.0,0.027,0.14,-18200000.0,26200000.0,0.046,26200000.0,-18200000.0,-23200000.0,-0.14,,-0.14,1427600000.0,,1427600000.0,,,,-138100000.0,-1.286,1.0,19600000.0,0.035,45900000.0,5000000.0,2683000000.0,,264300000.0,0.0,0.0,0.0,1194800000.0,378400000.0,816400000.0,2310687800.0,-25900000.0,0.0,0.0,119100000.0,-15000000.0,106100000.0,-39900000.0,0.0,-92100000.0,0.0,-14700000.0,-14700000.0,-14700000.0,0.0,0.0,-0.026,40500000.0,-20900000.0,224300000.0,-1.0,1.619,-11.513,-11.297,1927100000.0,0.0,21.125,0.929,0.913,136200000.0,1140000000.0,567300000.0,567300000.0,0.0,,,,,0.0,37300000.0,1.0,109381671.0,107400000.0,,5.282,2576500000.0,172600000.0,-8500000.0,163200000.0,23.99,234500000.0
99,LPX,MRQ,1996-09-30,1996-09-30,1996-09-30,2021-09-07,,,,,,,,-45300000.0,,,565300000.0,-203400000.0,,,,,,,,52400000.0,,0.025,0.14,-326700000.0,-274300000.0,-0.406,-274300000.0,-326700000.0,-331600000.0,-1.89,,-1.89,,,,,,,-18100000.0,,1.0,111000000.0,0.164,,4900000.0,,,,,,,,,,,-500000.0,0.0,0.0,-5400000.0,-15100000.0,-22400000.0,-5300000.0,0.0,27200000.0,0.0,-203400000.0,-203400000.0,-203400000.0,0.0,0.0,-0.301,439100000.0,-328100000.0,,-0.074,,,,,0.0,22.75,,,,,676300000.0,676300000.0,0.0,,,,,0.0,36700000.0,1.0,,,,,,,-128200000.0,,,
100,LPX,MRQ,1996-06-30,1996-06-30,1996-06-30,2021-09-07,,,,,,,,-113600000.0,,,540900000.0,21000000.0,,,,,,,,51900000.0,,0.025,0.14,37400000.0,89300000.0,0.136,89300000.0,37400000.0,34000000.0,0.19,,0.19,,,,,,,-78600000.0,,1.0,117400000.0,0.178,,3400000.0,,,,,,,,,,,7000000.0,0.0,0.0,96300000.0,-15000000.0,82500000.0,-110500000.0,0.0,35000000.0,0.0,21000000.0,21000000.0,21000000.0,0.0,0.0,0.032,82400000.0,35000000.0,,0.737,,,,,0.0,22.125,,,,,658300000.0,658300000.0,0.0,,,,,0.0,30500000.0,1.0,,,,,,,13000000.0,,,
101,LPX,MRQ,1996-03-31,1996-03-31,1996-03-31,2021-09-07,,,,,,,,-61100000.0,,,510800000.0,-3600000.0,,,,,,,,43100000.0,,0.023,0.14,-4600000.0,38500000.0,0.066,38500000.0,-4600000.0,-5500000.0,-0.03,,-0.03,,,,,,,-8400000.0,,1.0,73300000.0,0.125,,900000.0,,,,,,,,,,,-28200000.0,0.0,0.0,-13600000.0,-15000000.0,-23900000.0,-57000000.0,0.0,52700000.0,0.0,-3600000.0,-3600000.0,-3600000.0,0.0,0.0,-0.006,78300000.0,-5000000.0,,-4.667,,,,,0.0,24.375,,,,,584100000.0,584100000.0,0.0,,,,,0.0,35200000.0,1.0,,,,,,,-1900000.0,,,
102,LPX,MRQ,1995-12-31,1995-12-31,1995-12-31,2021-09-07,0.0,2805400000.0,,618500000.0,2186900000.0,,15.471,,75400000.0,75400000.0,,,1.379,0.694,338200000.0,136900000.0,201300000.0,338200000.0,0.0,,0.0,0.022,0.14,,,,,,,,,,1656000000.0,,1656000000.0,,,,,,1.0,,,0.0,,2619700000.0,,317700000.0,0.0,0.0,0.0,1149400000.0,448500000.0,700900000.0,,,,,,,,,,,,,,,,,,,,161600000.0,,,,-50.521,2141900000.0,,24.25,,0.913,128700000.0,1400800000.0,,,,,,,,,,1.0,,107040000.0,,,2805400000.0,82400000.0,,207500000.0,26.209,170000000.0
0,LPX,MRT,2021-06-30,2021-06-30,2021-06-30,2021-09-07,-149000000.0,2367000000.0,2192250000.0,1230000000.0,1137000000.0,1.823,14.188,-104000000.0,603000000.0,603000000.0,2169000000.0,1250000000.0,3.484,0.645,375000000.0,0.0,375000000.0,375000000.0,0.0,113000000.0,0.0,0.01,0.61,1607000000.0,1720000000.0,0.43,1720000000.0,1607000000.0,1591000000.0,11.85,11.78,11.85,1433000000.0,1303250000.0,1433000000.0,5882852361.0,4.0,3.42,1206000000.0,11.941,1.0,1828000000.0,0.457,45000000.0,16000000.0,1741000000.0,1659500000.0,311000000.0,10000000.0,0.0,10000000.0,925000000.0,353000000.0,572000000.0,6164852361.0,343000000.0,1000000.0,-787000000.0,-9000000.0,-65000000.0,-875000000.0,-100000000.0,0.0,1310000000.0,7000000.0,1251000000.0,1251000000.0,1251000000.0,0.0,-1000000.0,0.313,189000000.0,1639000000.0,315000000.0,0.051,4.302,4.928,5.088,1039000000.0,0.0,60.29,1.542,1.523,310000000.0,1413000000.0,3997000000.0,3997000000.0,0.0,0.571,0.96,0.968,0.402,0.0,211000000.0,1.0,102253315.0,101000000.0,102000000.0,39.574,2322000000.0,4000000.0,340000000.0,124000000.0,22.99,877000000.0
1,LPX,MRT,2021-03-31,2021-03-31,2021-03-31,2021-09-07,-157000000.0,2343000000.0,2052250000.0,1226000000.0,1117000000.0,1.569,13.245,-87000000.0,658000000.0,658000000.0,1981000000.0,784000000.0,3.406,0.662,376000000.0,0.0,376000000.0,376000000.0,0.0,112000000.0,0.0,0.011,0.595,1016000000.0,1128000000.0,0.35,1128000000.0,1016000000.0,998000000.0,7.21,7.17,7.21,1404000000.0,1195000000.0,1404000000.0,5751816992.0,6.0,5.099,895000000.0,8.443,1.0,1239000000.0,0.385,45000000.0,18000000.0,1656000000.0,1639750000.0,307000000.0,9000000.0,0.0,9000000.0,930000000.0,360000000.0,570000000.0,5906816992.0,169000000.0,15000000.0,-322000000.0,-359000000.0,-66000000.0,-759000000.0,-57000000.0,0.0,982000000.0,3000000.0,786000000.0,786000000.0,786000000.0,0.0,-3000000.0,0.244,199000000.0,1040000000.0,262000000.0,0.083,4.207,7.515,7.692,1023000000.0,0.0,55.46,1.834,1.826,264000000.0,1390000000.0,3220000000.0,3220000000.0,0.0,0.383,0.658,0.62,0.316,0.0,204000000.0,1.0,106505896.0,106000000.0,107000000.0,30.377,2298000000.0,2000000.0,212000000.0,179000000.0,21.679,866000000.0
2,LPX,MRT,2020-12-31,2020-12-31,2020-12-31,2021-09-07,-151000000.0,2086000000.0,1999500000.0,993000000.0,1093000000.0,1.394,11.117,-77000000.0,535000000.0,535000000.0,1920000000.0,497000000.0,3.472,0.682,380000000.0,0.0,380000000.0,380000000.0,0.0,111000000.0,0.0,0.016,0.58,643000000.0,754000000.0,0.27,754000000.0,643000000.0,624000000.0,4.48,4.46,4.48,1234000000.0,1090000000.0,1234000000.0,4023566427.0,6.0,5.336,582000000.0,5.243,1.0,868000000.0,0.311,46000000.0,19000000.0,1599000000.0,1753000000.0,259000000.0,11000000.0,0.0,11000000.0,842000000.0,286000000.0,556000000.0,4063566427.0,340000000.0,15000000.0,-200000000.0,0.0,-65000000.0,-272000000.0,-49000000.0,0.0,659000000.0,2000000.0,499000000.0,499000000.0,499000000.0,0.0,-2000000.0,0.179,215000000.0,653000000.0,267000000.0,0.129,3.293,8.143,8.297,1010000000.0,0.0,37.17,1.458,1.48,184000000.0,1206000000.0,2788000000.0,2788000000.0,0.0,0.25,0.458,0.367,0.231,0.0,211000000.0,1.0,109323821.0,111000000.0,112000000.0,25.117,2040000000.0,3000000.0,125000000.0,96000000.0,18.378,707000000.0
3,LPX,MRT,2020-09-30,2020-09-30,2020-09-30,2021-09-07,-170000000.0,1973000000.0,1936750000.0,904000000.0,1069000000.0,1.273,10.196,-98000000.0,420000000.0,420000000.0,1878000000.0,189000000.0,3.705,0.718,380000000.0,0.0,380000000.0,380000000.0,0.0,117000000.0,0.0,0.019,0.57,275000000.0,392000000.0,0.159,392000000.0,275000000.0,254000000.0,1.75,1.75,1.75,1142000000.0,1029250000.0,1142000000.0,3436170274.0,12.0,8.766,341000000.0,3.045,1.0,587000000.0,0.238,47000000.0,21000000.0,1642000000.0,1785750000.0,238000000.0,12000000.0,0.0,12000000.0,820000000.0,244000000.0,576000000.0,3314170274.0,102000000.0,12000000.0,-187000000.0,-2000000.0,-64000000.0,-260000000.0,-72000000.0,0.0,439000000.0,-5000000.0,192000000.0,192000000.0,192000000.0,0.0,-4000000.0,0.078,229000000.0,358000000.0,242000000.0,0.326,2.902,17.261,16.863,990000000.0,0.0,29.51,1.344,1.341,228000000.0,1132000000.0,2465000000.0,2465000000.0,0.0,0.099,0.187,0.154,0.112,0.0,215000000.0,1.0,112306685.0,112000000.0,113000000.0,22.009,1926000000.0,0.0,62000000.0,72000000.0,17.196,660000000.0
4,LPX,MRT,2020-06-30,2020-06-30,2020-06-30,2021-09-07,-175000000.0,1807000000.0,1954250000.0,689000000.0,1118000000.0,1.163,8.929,-121000000.0,259000000.0,259000000.0,1904000000.0,13000000.0,3.146,0.796,381000000.0,0.0,381000000.0,381000000.0,0.0,119000000.0,0.0,0.022,0.56,44000000.0,163000000.0,0.072,163000000.0,44000000.0,22000000.0,0.19,0.2,0.19,1000000000.0,1047000000.0,1000000000.0,3122088491.0,71.0,19.154,159000000.0,1.42,1.0,369000000.0,0.162,48000000.0,22000000.0,1662000000.0,1838500000.0,240000000.0,11000000.0,0.0,11000000.0,796000000.0,219000000.0,577000000.0,2878088491.0,-103000000.0,8000000.0,-200000000.0,-2000000.0,-64000000.0,-275000000.0,-99000000.0,0.0,280000000.0,-8000000.0,17000000.0,17000000.0,17000000.0,0.0,-5000000.0,0.007,245000000.0,124000000.0,204000000.0,2.947,2.878,169.299,135.0,1009000000.0,0.0,25.65,1.266,1.264,175000000.0,999000000.0,2273000000.0,2273000000.0,0.0,0.009,0.016,0.024,0.019,0.0,221000000.0,1.0,112206179.0,112000000.0,113000000.0,20.295,1759000000.0,0.0,5000000.0,84000000.0,15.705,470000000.0
5,LPX,MRT,2020-03-31,2020-03-31,2020-03-31,2021-09-07,-175000000.0,2132000000.0,2025000000.0,976000000.0,1156000000.0,1.142,8.786,-144000000.0,488000000.0,488000000.0,1983000000.0,-2000000.0,4.561,1.157,732000000.0,0.0,732000000.0,732000000.0,0.0,120000000.0,0.0,0.032,0.55,10000000.0,130000000.0,0.056,130000000.0,10000000.0,-10000000.0,0.04,0.05,0.04,984000000.0,1116500000.0,984000000.0,2113506813.0,211.0,16.258,61000000.0,0.545,1.0,330000000.0,0.143,53000000.0,20000000.0,2109000000.0,1876250000.0,284000000.0,12000000.0,0.0,12000000.0,1138000000.0,214000000.0,924000000.0,1924506813.0,113000000.0,-13000000.0,-200000000.0,345000000.0,-64000000.0,71000000.0,-156000000.0,0.0,205000000.0,-5000000.0,1000000.0,1000000.0,1000000.0,0.0,-5000000.0,0.0,236000000.0,94000000.0,208000000.0,13.75,1.956,1924.507,429.5,1029000000.0,0.0,17.18,0.832,0.832,172000000.0,983000000.0,2313000000.0,2313000000.0,0.0,0.0,0.001,0.005,0.004,0.0,229000000.0,1.0,112020187.0,112000000.0,113000000.0,20.652,2079000000.0,0.0,-11000000.0,65000000.0,18.562,762000000.0
6,LPX,MRT,2019-12-31,2019-12-31,2019-12-31,2021-09-07,-153000000.0,1835000000.0,2015500000.0,619000000.0,1216000000.0,1.146,8.057,-163000000.0,195000000.0,195000000.0,2007000000.0,-10000000.0,2.537,0.842,384000000.0,0.0,384000000.0,384000000.0,0.0,123000000.0,0.0,0.018,0.54,1000000.0,124000000.0,0.054,124000000.0,1000000.0,-18000000.0,-0.04,-0.04,-0.04,991000000.0,1188750000.0,991000000.0,3564843120.0,3565.0,28.749,-4000000.0,-0.033,1.0,303000000.0,0.131,50000000.0,19000000.0,1730000000.0,1798750000.0,265000000.0,10000000.0,0.0,10000000.0,834000000.0,244000000.0,590000000.0,3484843120.0,-697000000.0,27000000.0,-638000000.0,-5000000.0,-65000000.0,-717000000.0,-137000000.0,0.0,159000000.0,-2000000.0,-5000000.0,-5000000.0,-5000000.0,0.0,-5000000.0,-0.002,231000000.0,72000000.0,242000000.0,-13.5,3.516,-696.969,-741.75,1072000000.0,0.0,29.67,1.509,1.58,164000000.0,966000000.0,2310000000.0,2310000000.0,0.0,-0.002,-0.004,0.001,0.0,0.0,230000000.0,1.0,117453425.0,123000000.0,123000000.0,18.78,1785000000.0,1000000.0,-13000000.0,73000000.0,14.512,375000000.0
7,LPX,MRT,2019-09-30,2019-09-30,2019-09-30,2021-09-07,-152000000.0,2043000000.0,2185250000.0,761000000.0,1282000000.0,1.081,10.025,-182000000.0,304000000.0,304000000.0,2035000000.0,60000000.0,3.523,0.684,384000000.0,3000000.0,381000000.0,384000000.0,0.0,118000000.0,0.0,0.022,0.535,101000000.0,219000000.0,0.093,219000000.0,101000000.0,75000000.0,0.5,0.5,0.5,1213000000.0,1366000000.0,1213000000.0,3041395791.0,30.0,13.888,-31000000.0,-0.256,1.0,327000000.0,0.138,54000000.0,26000000.0,1853000000.0,1787750000.0,260000000.0,10000000.0,0.0,10000000.0,830000000.0,216000000.0,614000000.0,3038395791.0,-682000000.0,30000000.0,-593000000.0,-6000000.0,-68000000.0,-675000000.0,-154000000.0,0.0,151000000.0,-1000000.0,63000000.0,63000000.0,63000000.0,0.0,-4000000.0,0.027,246000000.0,81000000.0,213000000.0,1.07,2.505,48.229,49.16,1136000000.0,0.0,24.58,1.286,1.259,183000000.0,1185000000.0,2362000000.0,2362000000.0,0.0,0.029,0.046,0.056,0.043,0.0,229000000.0,1.0,123612522.0,121000000.0,122000000.0,19.521,1989000000.0,0.0,12000000.0,1000000.0,16.438,545000000.0
8,LPX,MRT,2019-06-30,2019-06-30,2019-06-30,2021-09-07,-143000000.0,2090000000.0,2328100000.0,828000000.0,1262000000.0,1.072,10.39,-208000000.0,362000000.0,362000000.0,2030000000.0,183000000.0,3.616,0.635,365000000.0,3000000.0,362000000.0,365000000.0,0.0,119000000.0,0.0,0.02,0.53,254000000.0,373000000.0,0.149,373000000.0,254000000.0,236000000.0,1.35,1.34,1.35,1278000000.0,1515600000.0,1278000000.0,3227722000.0,13.0,8.653,35000000.0,0.285,1.0,466000000.0,0.187,51000000.0,18000000.0,1813000000.0,1751775000.0,293000000.0,9000000.0,0.0,9000000.0,812000000.0,229000000.0,583000000.0,3236722000.0,-652000000.0,33000000.0,-611000000.0,-28000000.0,-71000000.0,-717000000.0,-177000000.0,0.0,243000000.0,0.0,185000000.0,185000000.0,185000000.0,0.0,-3000000.0,0.074,225000000.0,241000000.0,223000000.0,0.393,2.533,17.496,19.422,1115000000.0,0.0,26.22,1.297,1.292,177000000.0,1315000000.0,2496000000.0,2496000000.0,0.0,0.079,0.122,0.145,0.102,0.0,222000000.0,1.0,123444775.0,123000000.0,124000000.0,20.293,2039000000.0,4000000.0,51000000.0,76000000.0,16.577,599000000.0
9,LPX,MRT,2019-03-31,2019-03-31,2019-03-31,2021-09-07,-144000000.0,2094000000.0,2460800000.0,846000000.0,1248000000.0,1.105,9.718,-214000000.0,375000000.0,375000000.0,2070000000.0,330000000.0,3.555,0.645,366000000.0,5000000.0,361000000.0,366000000.0,0.0,120000000.0,0.0,0.022,0.525,444000000.0,564000000.0,0.207,564000000.0,444000000.0,430000000.0,2.34,2.31,2.34,1273000000.0,1637550000.0,1273000000.0,2760985899.0,6.0,4.895,212000000.0,1.618,1.0,649000000.0,0.239,48000000.0,14000000.0,1799000000.0,1723125000.0,310000000.0,9000000.0,0.0,9000000.0,821000000.0,238000000.0,583000000.0,3300885899.0,-534000000.0,-5000000.0,-650000000.0,-25000000.0,-73000000.0,-755000000.0,-199000000.0,0.0,426000000.0,-6000000.0,331000000.0,331000000.0,331000000.0,0.0,-1000000.0,0.122,215000000.0,434000000.0,229000000.0,0.224,2.593,9.972,10.419,1110000000.0,0.0,24.38,1.214,1.175,166000000.0,1314000000.0,2719000000.0,2719000000.0,0.0,0.135,0.202,0.258,0.163,3000000.0,214000000.0,1.0,135393187.0,131000000.0,132000000.0,20.756,2046000000.0,3000000.0,99000000.0,71000000.0,15.618,608000000.0
10,LPX,MRT,2018-12-31,2018-12-31,2018-12-31,2021-09-07,-146000000.0,2514000000.0,2562100000.0,1287000000.0,1227000000.0,1.104,11.888,-214000000.0,892000000.0,892000000.0,2084000000.0,395000000.0,4.912,0.479,352000000.0,5000000.0,347000000.0,352000000.0,0.0,120000000.0,0.0,0.023,0.52,533000000.0,653000000.0,0.231,653000000.0,533000000.0,517000000.0,2.76,2.73,2.76,1700000000.0,1737400000.0,1700000000.0,2490786026.0,5.0,3.814,297000000.0,2.077,1.0,744000000.0,0.263,26000000.0,16000000.0,1686000000.0,1698900000.0,273000000.0,49000000.0,0.0,49000000.0,814000000.0,262000000.0,552000000.0,3136986026.0,-49000000.0,-45000000.0,-212000000.0,-25000000.0,-74000000.0,-317000000.0,-238000000.0,0.0,511000000.0,-5000000.0,395000000.0,395000000.0,395000000.0,4000000.0,0.0,0.14,207000000.0,537000000.0,234000000.0,0.188,1.845,7.942,8.051,1072000000.0,0.0,22.22,1.109,1.124,128000000.0,1613000000.0,2828000000.0,2828000000.0,0.0,0.154,0.227,0.314,0.188,0.0,209000000.0,1.0,141178489.0,143000000.0,144000000.0,19.776,2488000000.0,4000000.0,122000000.0,83000000.0,17.399,1025000000.0
11,LPX,MRT,2018-09-30,2018-09-30,2018-09-30,2021-09-07,-148000000.0,2614400000.0,2545725000.0,1426500000.0,1187900000.0,1.159,12.712,-220600000.0,1000000000.0,1000000000.0,2084700000.0,508800000.0,6.128,0.443,353800000.0,5200000.0,348600000.0,353800000.0,0.0,123700000.0,0.0,0.015,0.39,648700000.0,772400000.0,0.262,772400000.0,648700000.0,652500000.0,3.54,3.48,3.54,1811400000.0,1713525000.0,1811400000.0,3142062840.0,5.0,4.068,367400000.0,2.578,1.0,865000000.0,0.293,26300000.0,-3800000.0,1709100000.0,1673975000.0,284400000.0,52600000.0,0.0,52600000.0,803000000.0,232800000.0,570200000.0,3780562840.0,138600000.0,-66000000.0,-98600000.0,-22500000.0,-57000000.0,-184800000.0,-262900000.0,-32000000.0,588000000.0,-3700000.0,508800000.0,508800000.0,508800000.0,-100000.0,0.0,0.172,195000000.0,670000000.0,213700000.0,0.11,2.087,7.43,7.483,1033000000.0,0.0,26.49,1.282,1.28,143500000.0,1613900000.0,2949700000.0,2949700000.0,0.0,0.2,0.297,0.388,0.22,-3000000.0,197700000.0,1.0,142716604.0,142500000.0,143900000.0,20.7,2588100000.0,2900000.0,143700000.0,85100000.0,18.162,1193700000.0
12,LPX,MRT,2018-06-30,2018-06-30,2018-06-30,2021-09-07,-147300000.0,2620800000.0,2469125000.0,1462600000.0,1158200000.0,1.187,12.212,-192500000.0,1014200000.0,1014200000.0,2068400000.0,494600000.0,5.68,0.484,375700000.0,27300000.0,348400000.0,375700000.0,0.0,123800000.0,0.0,0.01,0.26,645200000.0,769000000.0,0.262,769000000.0,645200000.0,642100000.0,3.43,3.37,3.43,1765800000.0,1627000000.0,1765800000.0,3418828583.0,5.0,4.446,387900000.0,2.683,1.0,862600000.0,0.294,26400000.0,3100000.0,1698400000.0,1638225000.0,286400000.0,53900000.0,0.0,53900000.0,855000000.0,257500000.0,597500000.0,3951728583.0,261300000.0,-66000000.0,-38600000.0,-1700000.0,-38000000.0,-84500000.0,-234700000.0,-32000000.0,580400000.0,-900000.0,494600000.0,494600000.0,494600000.0,1000000.0,0.0,0.169,199100000.0,663500000.0,211100000.0,0.076,2.238,7.99,7.936,1002600000.0,0.0,27.22,1.348,1.343,162300000.0,1508400000.0,2931000000.0,2931000000.0,0.0,0.2,0.304,0.394,0.22,-1000000.0,196000000.0,1.0,145177391.0,144600000.0,146200000.0,20.27,2594400000.0,2500000.0,147500000.0,74600000.0,17.942,1205100000.0
13,LPX,MRT,2018-03-31,2018-03-31,2018-03-31,2021-09-07,-134900000.0,2499200000.0,2354625000.0,1405600000.0,1093600000.0,1.195,11.534,-164900000.0,909100000.0,909100000.0,2030200000.0,426100000.0,5.916,0.494,376200000.0,25100000.0,351100000.0,376200000.0,0.0,123400000.0,0.0,0.005,0.13,566600000.0,690000000.0,0.245,690000000.0,566600000.0,558600000.0,2.95,2.91,2.95,1672400000.0,1522650000.0,1672400000.0,3604804394.0,6.0,5.224,319300000.0,2.202,1.0,783900000.0,0.279,26600000.0,8000000.0,1702100000.0,1599975000.0,329400000.0,30700000.0,22200000.0,8500000.0,826800000.0,237600000.0,589200000.0,4170204394.0,246900000.0,-21000000.0,-400000.0,-1800000.0,-19000000.0,-25500000.0,-216100000.0,-32000000.0,484200000.0,3300000.0,426100000.0,426100000.0,426100000.0,1000000.0,0.0,0.151,200200000.0,583700000.0,187500000.0,0.044,2.494,9.787,9.753,986000000.0,0.0,28.77,1.482,1.482,149300000.0,1364400000.0,2814100000.0,2814100000.0,0.0,0.181,0.28,0.354,0.201,-2100000.0,193200000.0,1.0,144949753.0,145000000.0,147000000.0,19.408,2472600000.0,2500000.0,132500000.0,61200000.0,17.052,1168000000.0
14,LPX,MRT,2017-12-31,2017-12-31,2017-12-31,2021-09-07,-122100000.0,2448500000.0,2249875000.0,1359600000.0,1088900000.0,1.215,11.142,-149000000.0,941300000.0,941300000.0,1998000000.0,390000000.0,5.034,0.526,375900000.0,25100000.0,350800000.0,375900000.0,0.0,123000000.0,0.0,0.0,0.0,518000000.0,641000000.0,0.234,641000000.0,518000000.0,509000000.0,2.7,2.66,2.7,1604500000.0,1418075000.0,1604500000.0,3317977138.0,6.0,5.176,325000000.0,2.257,1.0,736000000.0,0.269,26700000.0,9000000.0,1586300000.0,1566600000.0,259100000.0,30000000.0,22200000.0,7800000.0,844000000.0,270100000.0,573900000.0,3804377138.0,269000000.0,-21000000.0,0.0,-3000000.0,0.0,-9000000.0,-199000000.0,-32000000.0,474000000.0,3000000.0,390000000.0,390000000.0,390000000.0,1000000.0,0.0,0.143,203000000.0,533000000.0,237100000.0,0.0,2.371,9.755,9.726,981800000.0,0.0,26.26,1.392,1.383,142500000.0,1280100000.0,2734000000.0,2734000000.0,0.0,0.173,0.275,0.331,0.189,0.0,191000000.0,1.0,144873463.0,144000000.0,146000000.0,18.986,2421800000.0,2500000.0,119000000.0,37900000.0,16.818,1089500000.0
15,LPX,MRT,2017-09-30,2017-09-30,2017-09-30,2021-09-07,-129400000.0,2308000000.0,2145550000.0,1290800000.0,1017200000.0,1.199,10.14,-123500000.0,861900000.0,861900000.0,2030200000.0,301500000.0,5.251,0.575,375500000.0,22500000.0,353000000.0,375500000.0,0.0,118100000.0,0.0,0.0,0.0,425800000.0,543900000.0,0.211,543900000.0,425800000.0,405200000.0,2.08,2.07,2.08,1465300000.0,1315875000.0,1465300000.0,3544007120.0,8.0,6.516,283500000.0,1.962,1.0,543100000.0,0.211,9700000.0,20600000.0,1566100000.0,1544325000.0,231000000.0,29600000.0,22200000.0,7400000.0,842700000.0,245800000.0,596900000.0,3921107120.0,287900000.0,0.0,-300000.0,-462300000.0,0.0,-468500000.0,348400000.0,93500000.0,407000000.0,1000000.0,301500000.0,301500000.0,301500000.0,1600000.0,0.0,0.117,107800000.0,435300000.0,212500000.0,0.0,2.676,13.005,13.019,928300000.0,0.0,27.08,1.524,1.521,171400000.0,1149500000.0,2573300000.0,2573300000.0,0.0,0.141,0.229,0.276,0.165,11600000.0,194500000.0,1.0,144797161.0,144500000.0,146500000.0,17.808,2298300000.0,1400000.0,103700000.0,58700000.0,15.905,1045000000.0
16,LPX,MRT,2017-06-30,2017-06-30,2017-06-30,2021-09-07,-140800000.0,2162800000.0,2176650000.0,1155700000.0,1007100000.0,1.126,9.331,-116200000.0,753200000.0,753200000.0,1965100000.0,257300000.0,5.012,0.604,376100000.0,23500000.0,352600000.0,376100000.0,0.0,116600000.0,0.0,0.0,0.0,332400000.0,449000000.0,0.183,449000000.0,332400000.0,307700000.0,1.78,1.77,1.78,1348400000.0,1237750000.0,1348400000.0,3203450266.0,10.0,7.135,283500000.0,1.962,1.0,486300000.0,0.198,9700000.0,24700000.0,1545400000.0,1659575000.0,221700000.0,29400000.0,22200000.0,7200000.0,814400000.0,230600000.0,583800000.0,3489850266.0,264100000.0,0.0,-300000.0,-385900000.0,0.0,-397400000.0,262300000.0,300000.0,399700000.0,-500000.0,257300000.0,257300000.0,257300000.0,500000.0,0.0,0.105,135600000.0,350700000.0,203700000.0,0.0,2.588,13.563,13.545,919400000.0,0.0,24.11,1.424,1.421,153800000.0,1039800000.0,2451400000.0,2451400000.0,0.0,0.118,0.208,0.2,0.136,12800000.0,192200000.0,1.0,144747004.0,144500000.0,146200000.0,16.965,2153100000.0,1500000.0,50400000.0,37500000.0,14.9,925100000.0
17,LPX,MRT,2017-03-31,2017-03-31,2017-03-31,2021-09-07,-133200000.0,2080200000.0,2204425000.0,1074000000.0,1006200000.0,1.061,8.697,-124500000.0,662600000.0,662600000.0,1896400000.0,194500000.0,4.984,0.659,376200000.0,1600000.0,374600000.0,376200000.0,0.0,115500000.0,0.0,0.0,0.0,254200000.0,369700000.0,0.158,369700000.0,254200000.0,225100000.0,1.35,1.34,1.35,1254100000.0,1171725000.0,1254100000.0,3286443199.0,13.0,8.889,243500000.0,1.689,1.0,443300000.0,0.189,9700000.0,29100000.0,1568600000.0,1859425000.0,260000000.0,6800000.0,0.0,6800000.0,826100000.0,215500000.0,610600000.0,3581943199.0,244100000.0,0.0,300000.0,-392600000.0,0.0,-410600000.0,285400000.0,0.0,368000000.0,1300000.0,194500000.0,194500000.0,194500000.0,500000.0,0.0,0.083,176600000.0,266700000.0,210500000.0,0.0,2.856,18.416,18.385,929300000.0,0.0,24.82,1.531,1.53,149100000.0,945300000.0,2339700000.0,2339700000.0,0.0,0.088,0.166,0.137,0.109,14100000.0,191500000.0,1.0,144316809.0,144200000.0,145900000.0,16.225,2070500000.0,1700000.0,30600000.0,28500000.0,14.359,858500000.0
18,LPX,MRT,2016-12-31,2016-12-31,2016-12-31,2021-09-07,-137200000.0,2031200000.0,2238275000.0,1008300000.0,1022900000.0,0.998,8.338,-124800000.0,672500000.0,672500000.0,1829100000.0,149800000.0,4.407,0.699,377000000.0,2600000.0,374400000.0,377000000.0,0.0,112800000.0,0.0,0.0,0.0,201400000.0,314200000.0,0.141,314200000.0,201400000.0,169300000.0,1.04,1.03,1.04,1195700000.0,1121150000.0,1195700000.0,2949928280.0,15.0,9.389,217500000.0,1.517,1.0,404300000.0,0.181,9700000.0,32100000.0,1497200000.0,2061250000.0,234600000.0,6200000.0,0.0,6200000.0,835500000.0,228800000.0,606700000.0,2692328280.0,223500000.0,0.0,0.0,-392500000.0,0.0,-407000000.0,285100000.0,0.0,342300000.0,3100000.0,149800000.0,149800000.0,149800000.0,500000.0,0.0,0.067,194100000.0,210200000.0,191500000.0,0.0,2.252,17.973,18.202,944900000.0,0.0,18.93,1.205,1.215,108300000.0,890300000.0,2233400000.0,2233400000.0,0.0,0.067,0.134,0.098,0.09,13000000.0,185100000.0,1.0,142225477.0,143400000.0,145300000.0,15.575,2021500000.0,4300000.0,19500000.0,59000000.0,14.097,779500000.0
19,LPX,MRT,2016-09-30,2016-09-30,2016-09-30,2021-09-07,-134500000.0,2432400000.0,2274550000.0,1445800000.0,986600000.0,0.944,8.022,-125300000.0,574800000.0,574800000.0,1696500000.0,100000000.0,2.213,1.11,832400000.0,458100000.0,374300000.0,832400000.0,0.0,110000000.0,0.0,0.0,0.0,152400000.0,262400000.0,0.122,262400000.0,152400000.0,118000000.0,0.7,0.69,0.7,1152800000.0,1076475000.0,1152800000.0,2934278914.0,19.0,11.182,145500000.0,1.013,1.0,449800000.0,0.21,9700000.0,34400000.0,2027100000.0,2269075000.0,227100000.0,417400000.0,410000000.0,7400000.0,1279600000.0,653200000.0,626400000.0,2676778914.0,112000000.0,-600000.0,200000.0,67200000.0,0.0,56100000.0,-217500000.0,-91500000.0,270800000.0,2600000.0,100000000.0,100000000.0,100000000.0,200000.0,0.0,0.047,300400000.0,149400000.0,193800000.0,0.0,2.322,26.768,26.9,905900000.0,0.0,18.83,1.247,1.261,138000000.0,848100000.0,2146300000.0,2146300000.0,0.0,0.044,0.093,0.067,0.071,11400000.0,173700000.0,1.0,142155014.0,143700000.0,145400000.0,14.936,2422700000.0,3900000.0,18000000.0,86800000.0,16.859,792600000.0
20,LPX,MRT,2016-06-30,2016-06-30,2016-06-30,2021-09-07,-135100000.0,2273900000.0,2218825000.0,876100000.0,1397800000.0,0.908,7.561,-131300000.0,489800000.0,489800000.0,1670100000.0,7900000.0,4.953,1.097,747300000.0,2100000.0,745200000.0,747300000.0,0.0,106300000.0,0.0,0.0,0.0,63800000.0,170100000.0,0.084,170100000.0,63800000.0,30000000.0,0.05,0.05,0.05,1084300000.0,1044050000.0,1084300000.0,2829333560.0,44.0,16.633,4600000.0,0.032,1.0,344700000.0,0.171,9700000.0,33800000.0,2344800000.0,2343175000.0,231600000.0,7400000.0,0.0,7400000.0,1189600000.0,176900000.0,1012700000.0,2494033560.0,-6200000.0,1100000.0,200000.0,-8800000.0,0.0,-14200000.0,-128900000.0,1200000.0,135900000.0,1000000.0,7900000.0,7900000.0,7900000.0,2100000.0,0.0,0.004,289600000.0,55100000.0,173500000.0,0.0,2.3,315.7,347.0,906400000.0,0.0,17.35,1.238,1.235,151400000.0,782500000.0,2014800000.0,2014800000.0,0.0,0.004,0.008,0.027,0.032,10400000.0,165000000.0,1.0,143748332.0,143400000.0,145200000.0,14.05,2264200000.0,4200000.0,22100000.0,97600000.0,15.789,699200000.0
21,LPX,MRT,2016-03-31,2016-03-31,2016-03-31,2021-09-07,-139900000.0,2215600000.0,2209425000.0,815600000.0,1400000000.0,0.871,7.36,-125200000.0,418600000.0,418600000.0,1670400000.0,-43300000.0,4.934,1.106,753900000.0,2100000.0,751800000.0,753900000.0,0.0,103100000.0,0.0,0.0,0.0,-4700000.0,98400000.0,0.051,98400000.0,-4700000.0,-36400000.0,-0.31,-0.31,-0.31,1051800000.0,1037175000.0,1051800000.0,2755963997.0,-586.0,28.008,-56900000.0,-0.398,1.0,255000000.0,0.132,9700000.0,31700000.0,2375900000.0,2340025000.0,250100000.0,7200000.0,0.0,7200000.0,1163800000.0,165300000.0,998500000.0,2451063997.0,-64100000.0,1100000.0,700000.0,-2000000.0,0.0,-2600000.0,-127600000.0,-3900000.0,68300000.0,-2200000.0,-43300000.0,-43300000.0,-43300000.0,2100000.0,0.0,-0.022,266200000.0,-11200000.0,161900000.0,0.0,2.33,-56.607,-55.226,909200000.0,0.0,17.12,1.273,1.271,146400000.0,750800000.0,1925400000.0,1925400000.0,0.0,-0.02,-0.042,-0.002,-0.002,9900000.0,156400000.0,1.0,143169626.0,142900000.0,145200000.0,13.474,2205900000.0,4500000.0,6900000.0,85700000.0,15.437,650300000.0
22,LPX,MRT,2015-12-31,2015-12-31,2015-12-31,2021-09-07,-146100000.0,2176300000.0,2230275000.0,769100000.0,1407200000.0,0.849,7.142,-113800000.0,449000000.0,449000000.0,1682700000.0,-88100000.0,5.378,1.14,753900000.0,2100000.0,751800000.0,753900000.0,0.0,101900000.0,0.0,0.0,0.0,-60700000.0,41200000.0,0.022,41200000.0,-60700000.0,-91900000.0,-0.62,-0.62,-0.62,1017000000.0,1043000000.0,1017000000.0,2863296912.0,-47.0,69.497,-84600000.0,-0.594,1.0,209800000.0,0.111,9700000.0,31200000.0,2328500000.0,2342075000.0,222000000.0,7700000.0,0.0,7700000.0,1159300000.0,143000000.0,1016300000.0,2572896912.0,-98000000.0,1100000.0,700000.0,-2300000.0,0.0,-4400000.0,-115900000.0,-3900000.0,29200000.0,-6900000.0,-88100000.0,-88100000.0,-88100000.0,2100000.0,0.0,-0.047,273100000.0,-63300000.0,139600000.0,0.0,2.53,-29.204,-29.048,915500000.0,0.0,18.01,1.36,1.355,96400000.0,724200000.0,1892500000.0,1892500000.0,0.0,-0.04,-0.084,-0.026,-0.032,9300000.0,152800000.0,1.0,142859351.0,142400000.0,142400000.0,13.29,2166600000.0,4800000.0,-3800000.0,99500000.0,15.215,626100000.0
23,LPX,MRT,2015-09-30,2015-09-30,2015-09-30,2021-09-07,-146300000.0,2209500000.0,2273400000.0,840800000.0,1368700000.0,0.828,7.175,-104800000.0,463500000.0,463500000.0,1718300000.0,-123400000.0,5.044,1.16,753900000.0,2200000.0,751700000.0,753900000.0,0.0,101200000.0,0.0,0.0,0.0,-113800000.0,-12600000.0,-0.007,-12600000.0,-113800000.0,-143300000.0,-0.87,-0.87,-0.87,1023100000.0,1067700000.0,1023100000.0,2290681434.0,-20.0,-181.8,-128700000.0,-0.903,1.0,164800000.0,0.088,9700000.0,29500000.0,2323500000.0,2355075000.0,230500000.0,7400000.0,0.0,7400000.0,1186400000.0,166700000.0,1019700000.0,2031681434.0,-132200000.0,4300000.0,400000.0,-2300000.0,0.0,-7400000.0,-93200000.0,-6000000.0,-23900000.0,-7700000.0,-123400000.0,-123400000.0,-123400000.0,1800000.0,0.0,-0.066,278400000.0,-113600000.0,162500000.0,0.0,1.986,-16.464,-16.368,881600000.0,0.0,14.24,1.079,1.078,120000000.0,731800000.0,1883100000.0,1883100000.0,0.0,-0.054,-0.116,-0.048,-0.06,9800000.0,155700000.0,1.0,142674258.0,142600000.0,142600000.0,13.205,2199800000.0,25000000.0,-19900000.0,115300000.0,15.426,674100000.0
24,LPX,MRT,2015-06-30,2015-06-30,2015-06-30,2021-09-07,-136500000.0,2236300000.0,2323425000.0,870800000.0,1365500000.0,0.833,7.427,-71800000.0,496800000.0,496800000.0,1779100000.0,-117300000.0,5.677,1.116,755800000.0,2200000.0,753600000.0,755800000.0,0.0,102200000.0,0.0,0.0,0.0,-109100000.0,-6900000.0,-0.004,-6900000.0,-109100000.0,-138500000.0,-0.82,-0.82,-0.82,1056800000.0,1109850000.0,1056800000.0,2707342488.0,-25.0,-392.368,-69400000.0,-0.488,1.0,157200000.0,0.081,9700000.0,29400000.0,2332200000.0,2372950000.0,224900000.0,7100000.0,0.0,7100000.0,1179500000.0,153400000.0,1026100000.0,2425942488.0,-73700000.0,2600000.0,400000.0,-2600000.0,0.0,-7600000.0,-61600000.0,-5600000.0,2400000.0,-6900000.0,-117300000.0,-117300000.0,-117300000.0,2000000.0,0.0,-0.061,268000000.0,-110800000.0,149200000.0,0.0,2.296,-20.682,-20.768,877600000.0,0.0,17.03,1.253,1.252,124600000.0,758300000.0,1936300000.0,1936300000.0,0.0,-0.05,-0.106,-0.046,-0.056,10000000.0,149300000.0,1.0,142451115.0,142300000.0,142300000.0,13.607,2226600000.0,24600000.0,-21200000.0,117300000.0,15.647,717400000.0
25,LPX,MRT,2015-03-31,2015-03-31,2015-03-31,2021-09-07,-137400000.0,2299000000.0,2372425000.0,928800000.0,1370200000.0,0.827,7.571,-70700000.0,478700000.0,478700000.0,1797200000.0,-95700000.0,4.977,1.138,760100000.0,2200000.0,757900000.0,760100000.0,0.0,101800000.0,0.0,0.0,0.0,-95000000.0,6800000.0,0.003,6800000.0,-95000000.0,-124600000.0,-0.67,-0.67,-0.67,1075100000.0,1150100000.0,1075100000.0,2569235022.0,-27.0,377.829,-94600000.0,-0.666,1.0,164600000.0,0.084,9700000.0,29600000.0,2384100000.0,2405600000.0,262100000.0,10300000.0,0.0,10300000.0,1223900000.0,186600000.0,1037300000.0,2350435022.0,-83400000.0,2600000.0,100000.0,-2600000.0,0.0,-5100000.0,-53900000.0,1000000.0,-23900000.0,-500000.0,-95700000.0,-95700000.0,-95700000.0,2000000.0,0.0,-0.049,265200000.0,-100600000.0,182400000.0,0.0,2.186,-24.56,-24.642,884400000.0,0.0,16.51,1.198,1.195,137200000.0,777800000.0,1961800000.0,1961800000.0,0.0,-0.04,-0.083,-0.039,-0.048,9700000.0,147300000.0,1.0,142364326.0,142000000.0,142000000.0,13.815,2289300000.0,29700000.0,-28900000.0,119200000.0,16.122,742200000.0
26,LPX,MRT,2014-12-31,2014-12-31,2014-12-31,2021-09-07,-131300000.0,2348800000.0,2421200000.0,950300000.0,1398500000.0,0.799,7.908,-80100000.0,543100000.0,543100000.0,1757800000.0,-75400000.0,5.503,1.105,757200000.0,2400000.0,754800000.0,757200000.0,0.0,100700000.0,0.0,0.0,0.0,-73800000.0,26900000.0,0.014,26900000.0,-73800000.0,-103600000.0,-0.53,-0.53,-0.53,1115800000.0,1184250000.0,1115800000.0,2526322804.0,-34.0,93.915,-133000000.0,-0.943,1.0,177000000.0,0.091,9700000.0,29800000.0,2380500000.0,2431525000.0,229800000.0,5000000.0,0.0,5000000.0,1233000000.0,172700000.0,1060300000.0,2355022804.0,-124100000.0,2600000.0,0.0,-2300000.0,0.0,-3900000.0,-63500000.0,800000.0,-52900000.0,-3800000.0,-75400000.0,-75400000.0,-75400000.0,2000000.0,0.0,-0.039,254600000.0,-77600000.0,168300000.0,0.0,2.111,-31.234,-31.245,917800000.0,0.0,16.56,1.217,1.208,108400000.0,812300000.0,1934800000.0,1934800000.0,0.0,-0.031,-0.064,-0.03,-0.038,9400000.0,149500000.0,1.0,142211522.0,141100000.0,141100000.0,13.712,2339100000.0,45700000.0,-28200000.0,139500000.0,16.578,777600000.0
27,LPX,MRT,2014-09-30,2014-09-30,2014-09-30,2021-09-07,-96100000.0,2409600000.0,2457325000.0,982700000.0,1426900000.0,0.798,8.464,-91000000.0,590200000.0,590200000.0,1742100000.0,-52900000.0,5.577,1.022,761500000.0,2300000.0,759200000.0,761500000.0,0.0,103700000.0,0.0,0.0,0.0,-49700000.0,54000000.0,0.028,54000000.0,-49700000.0,-81100000.0,-0.38,-0.37,-0.38,1191700000.0,1211875000.0,1191700000.0,2120361764.0,-43.0,39.266,-101600000.0,-0.722,1.0,218900000.0,0.112,9700000.0,31400000.0,2395000000.0,2439975000.0,218300000.0,6400000.0,0.0,6400000.0,1217900000.0,176200000.0,1041700000.0,1921761764.0,-89600000.0,2900000.0,100000.0,-2300000.0,0.0,-4900000.0,-70500000.0,900000.0,-10600000.0,-3600000.0,-52900000.0,-52900000.0,-52900000.0,3400000.0,0.0,-0.027,269500000.0,-50600000.0,171900000.0,0.0,1.613,-36.328,-35.763,923100000.0,0.0,13.59,0.98,0.976,142600000.0,855200000.0,1961000000.0,1961000000.0,0.0,-0.022,-0.044,-0.02,-0.025,9100000.0,155300000.0,1.0,141409990.0,140800000.0,140800000.0,13.928,2399900000.0,23200000.0,-28200000.0,142100000.0,17.045,806500000.0
28,LPX,MRT,2014-06-30,2014-06-30,2014-06-30,2021-09-07,-88000000.0,2432300000.0,2479300000.0,982300000.0,1450000000.0,0.787,8.649,-93100000.0,565000000.0,565000000.0,1681400000.0,5600000.0,6.201,0.997,763600000.0,2300000.0,761300000.0,763600000.0,0.0,102600000.0,0.0,0.0,0.0,17600000.0,120200000.0,0.062,120200000.0,17600000.0,-13100000.0,0.03,0.03,0.03,1217800000.0,1219900000.0,1217800000.0,2320185788.0,132.0,19.303,-72000000.0,-0.511,1.0,268900000.0,0.138,9700000.0,30700000.0,2462800000.0,2439950000.0,235600000.0,5000000.0,0.0,5000000.0,1214500000.0,158400000.0,1056100000.0,2119785788.0,-76000000.0,2900000.0,100000.0,-110700000.0,0.0,-113400000.0,18200000.0,91700000.0,21100000.0,-1900000.0,5600000.0,5600000.0,5600000.0,700000.0,0.0,0.003,257300000.0,11600000.0,154100000.0,0.0,1.741,378.533,500.667,947100000.0,0.0,15.02,1.087,1.084,145400000.0,875600000.0,1950300000.0,1950300000.0,0.0,0.002,0.005,0.007,0.009,9100000.0,156900000.0,1.0,141130878.0,140800000.0,144000000.0,13.852,2422600000.0,23200000.0,-18700000.0,147100000.0,17.206,823900000.0
29,LPX,MRT,2014-03-31,2014-03-31,2014-03-31,2021-09-07,-89600000.0,2494100000.0,2514200000.0,1039800000.0,1454300000.0,0.795,8.606,-86300000.0,563100000.0,563100000.0,1637900000.0,97800000.0,5.278,1.058,763500000.0,2300000.0,761200000.0,763500000.0,0.0,98300000.0,0.0,0.0,0.0,143200000.0,241500000.0,0.121,241500000.0,143200000.0,110100000.0,0.7,0.67,0.7,1211700000.0,1211075000.0,1211700000.0,2479959962.0,17.0,10.269,66400000.0,0.472,1.0,360900000.0,0.181,9700000.0,33100000.0,2487800000.0,2457000000.0,276300000.0,7600000.0,0.0,7600000.0,1282400000.0,197000000.0,1085400000.0,2383059962.0,-8800000.0,-57400000.0,100000.0,-113400000.0,0.0,-116200000.0,-36600000.0,90400000.0,152700000.0,-8700000.0,97800000.0,97800000.0,97800000.0,500000.0,0.0,0.049,256700000.0,104200000.0,192700000.0,0.0,1.967,24.367,24.1,952200000.0,0.0,16.87,1.192,1.188,143000000.0,873500000.0,1998800000.0,1998800000.0,0.0,0.039,0.081,0.058,0.072,8800000.0,156000000.0,1.0,141260223.0,140800000.0,140800000.0,14.196,2484400000.0,47300000.0,12300000.0,177600000.0,17.645,842800000.0
30,LPX,MRT,2013-12-31,2013-12-31,2013-12-31,2021-09-07,-89200000.0,2493300000.0,2508700000.0,1034200000.0,1459100000.0,0.831,8.784,-75600000.0,668100000.0,668100000.0,1636900000.0,177100000.0,6.223,1.033,765000000.0,2300000.0,762700000.0,765000000.0,0.0,91300000.0,0.0,0.0,0.0,254100000.0,345400000.0,0.166,345400000.0,254100000.0,218100000.0,1.27,1.23,1.27,1226300000.0,1181375000.0,1226300000.0,2697054393.0,11.0,7.808,166900000.0,1.196,1.0,448300000.0,0.215,9700000.0,36000000.0,2414300000.0,2466725000.0,224400000.0,6900000.0,0.0,6900000.0,1267000000.0,166200000.0,1100800000.0,2612154393.0,95900000.0,-50600000.0,100000.0,-113200000.0,0.0,-126400000.0,-17400000.0,92100000.0,242500000.0,-2800000.0,177100000.0,177100000.0,177100000.0,300000.0,0.0,0.085,245500000.0,202800000.0,161900000.0,0.0,2.13,14.75,14.575,958400000.0,0.0,18.51,1.253,1.239,78100000.0,887700000.0,2085200000.0,2085200000.0,0.0,0.071,0.15,0.103,0.122,8800000.0,150200000.0,1.0,141121253.0,139600000.0,144300000.0,14.937,2483600000.0,50900000.0,41000000.0,188700000.0,17.791,868000000.0
31,LPX,MRT,2013-09-30,2013-09-30,2013-09-30,2021-09-07,-109800000.0,2497500000.0,2468125000.0,1059000000.0,1438500000.0,0.834,8.741,-50800000.0,680700000.0,680700000.0,1577800000.0,243600000.0,5.956,1.041,765600000.0,2300000.0,763300000.0,765600000.0,0.0,82900000.0,0.0,0.0,0.0,347900000.0,430800000.0,0.209,430800000.0,347900000.0,307000000.0,1.76,1.69,1.76,1223800000.0,1133250000.0,1223800000.0,2701591756.0,8.0,6.271,235000000.0,1.679,1.0,481600000.0,0.234,9700000.0,40900000.0,2394900000.0,2462975000.0,225000000.0,8000000.0,0.0,8000000.0,1273700000.0,177800000.0,1095900000.0,2468091756.0,179000000.0,-47400000.0,0.0,-123800000.0,0.0,-135700000.0,32900000.0,101900000.0,285800000.0,-4000000.0,243600000.0,243600000.0,243600000.0,1300000.0,0.0,0.118,209700000.0,271900000.0,173500000.0,0.0,2.017,10.132,9.994,936200000.0,0.0,17.59,1.198,1.196,109200000.0,908100000.0,2059400000.0,2059400000.0,0.0,0.099,0.215,0.141,0.169,8600000.0,140000000.0,1.0,140312209.0,140000000.0,144000000.0,14.71,2487800000.0,13700000.0,63400000.0,148400000.0,17.77,881200000.0
32,LPX,MRT,2013-06-30,2013-06-30,2013-06-30,2021-09-07,-110800000.0,2571900000.0,2422100000.0,1137400000.0,1434500000.0,0.832,8.501,-57400000.0,641300000.0,641300000.0,1525900000.0,236800000.0,4.297,1.175,874800000.0,97500000.0,777300000.0,874800000.0,0.0,75900000.0,0.0,0.0,0.0,347300000.0,423200000.0,0.21,423200000.0,347300000.0,303300000.0,1.72,1.65,1.72,1182500000.0,1075525000.0,1182500000.0,2370255239.0,7.0,5.601,235000000.0,1.689,1.0,488200000.0,0.242,9700000.0,44000000.0,2531000000.0,2470775000.0,247000000.0,99700000.0,91400000.0,8300000.0,1389400000.0,264700000.0,1124700000.0,2061155239.0,203600000.0,-38600000.0,0.0,-14500000.0,0.0,-25500000.0,-55600000.0,11200000.0,292400000.0,-7700000.0,236800000.0,236800000.0,236800000.0,1600000.0,0.0,0.118,221000000.0,267200000.0,165200000.0,0.0,1.743,8.704,8.599,949600000.0,0.0,14.79,1.023,1.021,103500000.0,870000000.0,2014100000.0,2014100000.0,0.0,0.098,0.22,0.141,0.172,8000000.0,137000000.0,1.0,139361409.0,139100000.0,144100000.0,14.48,2562200000.0,21600000.0,66500000.0,153300000.0,18.42,872700000.0
33,LPX,MRT,2013-03-31,2013-03-31,2013-03-31,2021-09-07,-104300000.0,2472100000.0,2343175000.0,1143100000.0,1329000000.0,0.8,7.897,-50700000.0,571000000.0,571000000.0,1467800000.0,105200000.0,4.492,1.262,880100000.0,97900000.0,782200000.0,880100000.0,0.0,73200000.0,0.0,0.0,0.0,183600000.0,256800000.0,0.137,256800000.0,183600000.0,136300000.0,0.77,0.73,0.77,1092900000.0,1018900000.0,1092900000.0,3316331759.0,18.0,12.914,142000000.0,1.026,1.0,407100000.0,0.217,0.0,47300000.0,2526700000.0,2449525000.0,255100000.0,167400000.0,91400000.0,76000000.0,1379200000.0,254500000.0,1124700000.0,3008731759.0,280000000.0,22800000.0,0.0,96100000.0,0.0,79400000.0,12700000.0,11400000.0,192700000.0,-4800000.0,105200000.0,105200000.0,105200000.0,1900000.0,0.0,0.056,209600000.0,197500000.0,154600000.0,0.0,2.753,28.6,28.052,785500000.0,0.0,21.6,1.605,1.594,135800000.0,775900000.0,1874900000.0,1874900000.0,0.0,0.045,0.103,0.075,0.098,7500000.0,132700000.0,1.0,139293137.0,138400000.0,144400000.0,13.547,2472100000.0,63300000.0,31100000.0,163300000.0,17.862,888600000.0
34,LPX,MRT,2012-12-31,2012-12-31,2012-12-31,2021-09-07,-107900000.0,2331000000.0,2261950000.0,980700000.0,1350300000.0,0.748,7.54,-31200000.0,572900000.0,572900000.0,1383200000.0,28800000.0,4.098,1.255,880500000.0,97800000.0,782700000.0,880500000.0,0.0,73400000.0,0.0,0.0,0.0,84700000.0,158100000.0,0.093,158100000.0,84700000.0,35400000.0,0.21,0.2,0.21,1033800000.0,994650000.0,1033800000.0,3061960834.0,36.0,19.367,80600000.0,0.588,1.0,308000000.0,0.182,0.0,49300000.0,2399300000.0,2424325000.0,209800000.0,162000000.0,91400000.0,70600000.0,1297200000.0,239300000.0,1057900000.0,2673260834.0,220900000.0,12700000.0,0.0,97100000.0,0.0,92100000.0,21500000.0,10800000.0,111800000.0,-4500000.0,28800000.0,28800000.0,28800000.0,700000.0,0.0,0.017,203800000.0,104200000.0,139500000.0,0.0,2.586,92.822,92.0,805800000.0,0.0,19.32,1.581,1.566,82700000.0,710600000.0,1691200000.0,1691200000.0,0.0,0.013,0.029,0.035,0.05,8400000.0,128400000.0,1.0,138367538.0,137100000.0,142600000.0,12.336,2331000000.0,17300000.0,6600000.0,93600000.0,17.002,741400000.0
35,LPX,MRT,2012-09-30,2012-09-30,2012-09-30,2021-09-07,-101800000.0,2313400000.0,2214175000.0,963400000.0,1350000000.0,0.693,7.242,-16200000.0,502400000.0,502400000.0,1306900000.0,-74500000.0,3.501,1.33,891100000.0,105700000.0,785400000.0,891100000.0,0.0,72900000.0,0.0,0.0,0.0,-30700000.0,42200000.0,0.027,42200000.0,-30700000.0,-81400000.0,-0.54,-0.55,-0.54,992900000.0,986425000.0,992900000.0,2170857500.0,-71.0,51.442,25900000.0,0.189,1.0,228500000.0,0.149,800000.0,50700000.0,2426100000.0,2418300000.0,209300000.0,173600000.0,101400000.0,72200000.0,1320500000.0,275200000.0,1045300000.0,1721057500.0,130400000.0,1900000.0,0.0,107700000.0,0.0,102100000.0,-10300000.0,2700000.0,42100000.0,-3500000.0,-74500000.0,-74500000.0,-74500000.0,-3300000.0,0.0,-0.049,199900000.0,28600000.0,165500000.0,0.0,1.733,-23.101,-23.148,792400000.0,0.0,12.5,1.121,1.116,104600000.0,664500000.0,1535400000.0,1535400000.0,0.0,-0.034,-0.076,-0.013,-0.02,7500000.0,120400000.0,1.0,137684600.0,137100000.0,142600000.0,11.199,2312600000.0,20900000.0,-6900000.0,103100000.0,16.868,688200000.0
36,LPX,MRT,2012-06-30,2012-06-30,2012-06-30,2021-09-07,-105400000.0,2256200000.0,2186600000.0,903800000.0,1352400000.0,0.651,6.978,-11400000.0,439000000.0,439000000.0,1264500000.0,-171400000.0,3.49,1.36,888800000.0,104400000.0,784400000.0,888800000.0,0.0,73700000.0,0.0,0.0,0.0,-156900000.0,-83200000.0,-0.058,-83200000.0,-156900000.0,-211100000.0,-1.26,-1.26,-1.26,956000000.0,1009300000.0,956000000.0,1937506720.0,-12.0,-23.287,-30000000.0,-0.219,1.0,159400000.0,0.112,1000000.0,54200000.0,2446000000.0,2414275000.0,203500000.0,179100000.0,101400000.0,77700000.0,1300200000.0,259000000.0,1041200000.0,1496206720.0,93100000.0,-8400000.0,0.0,113300000.0,0.0,106900000.0,3500000.0,22000000.0,-18600000.0,1300000.0,-171400000.0,-171400000.0,-171400000.0,3300000.0,0.0,-0.12,246400000.0,-87000000.0,150600000.0,0.0,1.565,-8.729,-8.635,789800000.0,0.0,10.88,1.051,1.047,99600000.0,633200000.0,1423900000.0,1423900000.0,0.0,-0.078,-0.17,-0.065,-0.11,7300000.0,116400000.0,1.0,137519000.0,137000000.0,137000000.0,10.393,2255200000.0,24000000.0,-39700000.0,98300000.0,16.461,644800000.0
37,LPX,MRT,2012-03-31,2012-03-31,2012-03-31,2021-09-07,-100800000.0,2147200000.0,2206650000.0,678200000.0,1469000000.0,0.616,7.291,-12700000.0,292500000.0,292500000.0,1240900000.0,-169500000.0,4.202,1.156,733800000.0,14500000.0,719300000.0,733800000.0,0.0,76000000.0,0.0,0.0,0.0,-152700000.0,-76700000.0,-0.056,-76700000.0,-152700000.0,-208200000.0,-1.26,-1.26,-1.26,995900000.0,1063075000.0,995900000.0,1658458448.0,-11.0,-21.623,-49000000.0,-0.359,1.0,117600000.0,0.087,1200000.0,55500000.0,2425900000.0,2444875000.0,212300000.0,90900000.0,10000000.0,80900000.0,1151300000.0,161400000.0,989900000.0,1282258448.0,-40700000.0,-10600000.0,0.0,9800000.0,0.0,-15700000.0,8000000.0,30000000.0,-36300000.0,3300000.0,-169600000.0,-169600000.0,-169600000.0,5700000.0,100000.0,-0.125,247200000.0,-129600000.0,142900000.0,0.0,1.288,-7.56,-7.421,812700000.0,0.0,9.35,0.944,0.94,107400000.0,670500000.0,1358500000.0,1358500000.0,0.0,-0.077,-0.16,-0.062,-0.112,7000000.0,113300000.0,1.0,137139941.0,136600000.0,136600000.0,9.945,2146000000.0,24500000.0,-38600000.0,108400000.0,15.71,516800000.0
38,LPX,MRT,2011-12-31,2011-12-31,2011-12-31,2021-09-07,-106200000.0,2139900000.0,2267850000.0,656800000.0,1483100000.0,0.586,7.514,-21400000.0,352900000.0,352900000.0,1222600000.0,-181100000.0,4.708,1.138,729100000.0,13200000.0,715900000.0,729100000.0,0.0,78300000.0,0.0,0.0,0.0,-168500000.0,-90200000.0,-0.068,-90200000.0,-168500000.0,-225400000.0,-1.36,-1.36,-1.36,1000900000.0,1113825000.0,1000900000.0,1451931180.0,-9.0,-16.097,-61600000.0,-0.462,1.0,106100000.0,0.08,1400000.0,56900000.0,2375200000.0,2494350000.0,163600000.0,89800000.0,10000000.0,79800000.0,1139000000.0,139500000.0,999500000.0,1099731180.0,-49300000.0,-9600000.0,0.0,9800000.0,0.0,-15700000.0,7700000.0,37400000.0,-40200000.0,-1100000.0,-181300000.0,-181300000.0,-181300000.0,5600000.0,200000.0,-0.136,251800000.0,-145700000.0,122300000.0,0.0,1.099,-6.066,-5.934,827700000.0,0.0,8.07,0.828,0.809,65100000.0,681800000.0,1328700000.0,1328700000.0,0.0,-0.08,-0.163,-0.068,-0.127,7800000.0,110800000.0,1.0,136274000.0,133200000.0,133200000.0,9.975,2138500000.0,24500000.0,-44100000.0,106000000.0,16.055,517300000.0
39,LPX,MRT,2011-09-30,2011-09-30,2011-09-30,2021-09-07,-79200000.0,2203100000.0,2335525000.0,690800000.0,1512300000.0,0.583,8.062,-16700000.0,374600000.0,374600000.0,1237800000.0,-130500000.0,4.807,1.032,726800000.0,10600000.0,716200000.0,726800000.0,0.0,81700000.0,0.0,0.0,0.0,-126600000.0,-44900000.0,-0.033,-44900000.0,-126600000.0,-183300000.0,-0.99,-0.99,-0.99,1084400000.0,1168050000.0,1084400000.0,1049470100.0,-8.0,-23.373,-47800000.0,-0.355,1.0,123200000.0,0.091,1600000.0,56700000.0,2410000000.0,2542475000.0,156000000.0,109300000.0,10000000.0,99300000.0,1118700000.0,143700000.0,975000000.0,673970100.0,-22000000.0,-5800000.0,0.0,9800000.0,0.0,-15400000.0,22900000.0,42100000.0,-31100000.0,1600000.0,-130900000.0,-130900000.0,-130900000.0,13000000.0,400000.0,-0.096,255600000.0,-132400000.0,129100000.0,0.0,0.622,-5.149,-5.152,837200000.0,0.0,5.1,0.495,0.504,86200000.0,739000000.0,1361000000.0,1361000000.0,0.0,-0.056,-0.112,-0.05,-0.093,8200000.0,114500000.0,1.0,132151000.0,134500000.0,134500000.0,10.119,2201500000.0,21100000.0,-52400000.0,119900000.0,16.368,547100000.0
40,LPX,MRT,2011-06-30,2011-06-30,2011-06-30,2021-09-07,-56500000.0,2336400000.0,2388425000.0,691400000.0,1645000000.0,0.558,8.912,-18000000.0,348700000.0,348700000.0,1204900000.0,-96600000.0,4.879,0.995,724200000.0,7400000.0,716800000.0,724200000.0,0.0,80800000.0,0.0,0.0,0.0,-83900000.0,-3100000.0,-0.002,-3100000.0,-83900000.0,-141700000.0,-0.74,-0.74,-0.74,1171100000.0,1207200000.0,1171100000.0,1447909140.0,-17.0,-467.067,-44800000.0,-0.341,1.0,128300000.0,0.096,1800000.0,57800000.0,2568400000.0,2589575000.0,173900000.0,123000000.0,0.0,123000000.0,1165300000.0,141700000.0,1023600000.0,1075709140.0,-103100000.0,-4300000.0,0.0,-55900000.0,0.0,-81100000.0,3700000.0,22700000.0,-26800000.0,1100000.0,-97300000.0,-97300000.0,-97300000.0,7500000.0,700000.0,-0.073,203900000.0,-75600000.0,127300000.0,0.0,0.919,-11.056,-11.0,931900000.0,0.0,8.14,0.807,0.802,93000000.0,804600000.0,1333200000.0,1333200000.0,0.0,-0.041,-0.081,-0.032,-0.063,8300000.0,115700000.0,1.0,132151000.0,131400000.0,131400000.0,10.146,2334600000.0,35000000.0,-44400000.0,151100000.0,17.767,549700000.0
41,LPX,MRT,2011-03-31,2011-03-31,2011-03-31,2021-09-07,-68300000.0,2392000000.0,2436150000.0,722000000.0,1670000000.0,0.582,9.131,-15000000.0,344000000.0,344000000.0,1214900000.0,-38800000.0,5.217,0.995,716200000.0,100000.0,716100000.0,716200000.0,0.0,83000000.0,0.0,0.0,0.0,-900000.0,82100000.0,0.058,82100000.0,-900000.0,-62000000.0,-0.3,-0.31,-0.3,1198900000.0,1229600000.0,1198900000.0,1681829860.0,-1869.0,20.485,-3500000.0,-0.027,1.0,203400000.0,0.143,2000000.0,61100000.0,2623800000.0,2606000000.0,202700000.0,127400000.0,0.0,127400000.0,1193100000.0,138400000.0,1054700000.0,1387529860.0,-36200000.0,5000000.0,0.0,-174100000.0,0.0,-174300000.0,127900000.0,135000000.0,11500000.0,-1300000.0,-39500000.0,-39500000.0,-39500000.0,6200000.0,700000.0,-0.028,206500000.0,-3100000.0,131300000.0,0.0,1.157,-35.127,-35.0,944200000.0,0.0,10.5,0.978,0.972,98600000.0,840100000.0,1418300000.0,1418300000.0,0.0,-0.016,-0.032,0.0,-0.001,9200000.0,117500000.0,1.0,132145701.0,131300000.0,131300000.0,10.802,2390000000.0,48700000.0,-22500000.0,161900000.0,18.203,583600000.0
42,LPX,MRT,2010-12-31,2010-12-31,2010-12-31,2021-09-07,-69600000.0,2410600000.0,2487000000.0,713600000.0,1697000000.0,0.556,9.433,-14500000.0,420400000.0,420400000.0,1187900000.0,-38600000.0,5.286,0.979,714700000.0,200000.0,714500000.0,714700000.0,0.0,82000000.0,0.0,0.0,0.0,-1200000.0,80800000.0,0.058,80800000.0,-1200000.0,-65100000.0,-0.3,-0.3,-0.3,1217800000.0,1238325000.0,1217800000.0,1563283866.0,-1303.0,19.348,33300000.0,0.258,1.0,195700000.0,0.141,2200000.0,63900000.0,2567700000.0,2647100000.0,151900000.0,125400000.0,0.0,125400000.0,1192800000.0,135000000.0,1057800000.0,1248283866.0,-4800000.0,4900000.0,0.0,-174100000.0,0.0,-174300000.0,120300000.0,126600000.0,47800000.0,1400000.0,-39000000.0,-39000000.0,-39000000.0,6400000.0,400000.0,-0.028,203300000.0,-7600000.0,127800000.0,0.0,1.025,-32.007,-31.533,963900000.0,0.0,9.46,0.902,0.883,66800000.0,863100000.0,1383600000.0,1383600000.0,0.0,-0.016,-0.031,0.0,-0.001,8800000.0,118800000.0,1.0,131953897.0,129100000.0,129100000.0,10.717,2408400000.0,48000000.0,-26100000.0,164800000.0,18.655,578600000.0
43,LPX,MRT,2010-09-30,2010-09-30,2010-09-30,2021-09-07,-51900000.0,2414700000.0,2539425000.0,703100000.0,1711600000.0,0.53,9.466,-12900000.0,397800000.0,397800000.0,1169800000.0,-80900000.0,5.355,0.946,712800000.0,100000.0,712700000.0,712800000.0,0.0,81300000.0,0.0,0.0,0.0,-46600000.0,34700000.0,0.026,34700000.0,-46600000.0,-115200000.0,-0.66,-0.67,-0.66,1241000000.0,1247250000.0,1241000000.0,1291841827.0,-28.0,37.229,59800000.0,0.456,1.0,175100000.0,0.13,0.0,68600000.0,2598400000.0,2699100000.0,147700000.0,148700000.0,0.0,148700000.0,1173700000.0,131300000.0,1042400000.0,978141827.0,-57700000.0,4400000.0,0.0,-306600000.0,0.0,-306900000.0,179800000.0,187900000.0,72700000.0,-3300000.0,-81000000.0,-81000000.0,-81000000.0,4500000.0,100000.0,-0.06,215300000.0,-40200000.0,122500000.0,0.0,0.788,-12.076,-11.47,970100000.0,0.0,7.57,0.727,0.738,81700000.0,869900000.0,1344900000.0,1344900000.0,0.0,-0.032,-0.065,-0.017,-0.035,8900000.0,120600000.0,1.0,129212923.0,131100000.0,131100000.0,10.259,2414700000.0,22600000.0,-34200000.0,163000000.0,18.419,571800000.0
44,LPX,MRT,2010-06-30,2010-06-30,2010-06-30,2021-09-07,-62500000.0,2527300000.0,2531475000.0,799500000.0,1727800000.0,0.526,9.811,-9100000.0,452700000.0,452700000.0,1153800000.0,-61900000.0,3.864,1.005,766400000.0,60300000.0,706100000.0,766400000.0,0.0,84800000.0,0.0,0.0,0.0,-15000000.0,69800000.0,0.052,69800000.0,-15000000.0,-89300000.0,-0.54,-0.55,-0.54,1260700000.0,1263350000.0,1260700000.0,1350343326.0,-90.0,19.346,44400000.0,0.346,1.0,178800000.0,0.134,0.0,74300000.0,2634100000.0,2575325000.0,164200000.0,167000000.0,0.0,167000000.0,1266600000.0,206900000.0,1059700000.0,848343326.0,112400000.0,7100000.0,132300000.0,-259400000.0,0.0,-127400000.0,189600000.0,189000000.0,53500000.0,-3300000.0,-61300000.0,-61300000.0,-61300000.0,3900000.0,-600000.0,-0.046,211200000.0,-32400000.0,137900000.0,0.0,0.673,-13.839,-12.389,972900000.0,0.0,6.69,0.637,0.645,108600000.0,901900000.0,1332600000.0,1332600000.0,0.0,-0.024,-0.049,-0.006,-0.011,8700000.0,119000000.0,1.0,126807672.0,128500000.0,139800000.0,10.37,2527300000.0,16300000.0,-28000000.0,171800000.0,19.668,592600000.0
45,LPX,MRT,2010-03-31,2010-03-31,2010-03-31,2021-09-07,-60000000.0,2595400000.0,2470625000.0,829000000.0,1766400000.0,0.466,9.8,-7600000.0,378300000.0,378300000.0,1062000000.0,-113800000.0,2.681,1.104,880300000.0,174100000.0,706200000.0,880300000.0,0.0,81300000.0,0.0,0.0,0.0,-91600000.0,-10300000.0,-0.009,-10300000.0,-91600000.0,-170100000.0,-0.99,-0.99,-0.99,1233800000.0,1239500000.0,1233800000.0,1246579545.0,-14.0,-121.027,18900000.0,0.15,1.0,90500000.0,0.079,0.0,78500000.0,2788200000.0,2485450000.0,183400000.0,286600000.0,115100000.0,171500000.0,1361600000.0,309200000.0,1052400000.0,1148179545.0,77500000.0,1200000.0,132300000.0,-155300000.0,0.0,-24300000.0,82500000.0,81300000.0,26500000.0,-7200000.0,-112800000.0,-112800000.0,-112800000.0,5000000.0,-1000000.0,-0.098,204000000.0,-113500000.0,125100000.0,0.0,0.931,-10.179,-9.141,993500000.0,0.0,9.05,0.996,0.989,95800000.0,874800000.0,1152500000.0,1152500000.0,0.0,-0.046,-0.091,-0.037,-0.079,8700000.0,118700000.0,1.0,126870668.0,125900000.0,125900000.0,9.154,2595400000.0,14500000.0,-57300000.0,160100000.0,20.615,519800000.0
46,LPX,MRT,2009-12-31,2009-12-31,2009-12-31,2021-09-07,-64600000.0,2620300000.0,2392625000.0,838900000.0,1781400000.0,0.443,11.553,-9600000.0,414900000.0,414900000.0,999300000.0,-121800000.0,2.732,1.09,880400000.0,174100000.0,706300000.0,880400000.0,0.0,80000000.0,0.0,0.0,0.0,-113000000.0,-33000000.0,-0.031,-33000000.0,-113000000.0,-187600000.0,-1.11,-1.11,-1.11,1253500000.0,1223525000.0,1253500000.0,1015832504.0,-9.0,-30.783,51200000.0,0.472,1.0,61700000.0,0.058,3000000.0,74600000.0,2775700000.0,2397075000.0,140400000.0,279900000.0,115100000.0,164800000.0,1366800000.0,307100000.0,1059700000.0,869332504.0,296400000.0,-400000.0,132300000.0,-600000.0,0.0,115900000.0,125600000.0,127800000.0,60800000.0,-5900000.0,-120900000.0,-120900000.0,-120900000.0,5300000.0,-900000.0,-0.114,195000000.0,-133300000.0,123000000.0,0.0,0.694,-7.191,-6.288,1015100000.0,0.0,6.98,0.819,0.714,59900000.0,902100000.0,1061000000.0,1061000000.0,0.0,-0.051,-0.099,-0.047,-0.107,7300000.0,115900000.0,1.0,124546204.0,108500000.0,108500000.0,9.779,2617300000.0,61500000.0,-66700000.0,164300000.0,24.123,531800000.0
47,LPX,MRT,2009-09-30,2009-09-30,2009-09-30,2021-09-07,-57300000.0,2382900000.0,2284725000.0,860400000.0,1522500000.0,0.454,12.625,-17800000.0,479200000.0,479200000.0,1010700000.0,-411400000.0,2.019,0.825,625700000.0,296200000.0,329500000.0,625700000.0,0.0,80200000.0,0.0,0.0,0.0,-433700000.0,-353500000.0,-0.341,-353500000.0,-433700000.0,-514400000.0,-3.98,-3.98,-3.98,1305400000.0,1205725000.0,1305400000.0,965427301.0,-2.0,-2.731,-36500000.0,-0.353,1.0,25900000.0,0.025,0.0,80700000.0,2103300000.0,2289800000.0,151700000.0,361600000.0,141100000.0,220500000.0,1077500000.0,426100000.0,651400000.0,692227301.0,285100000.0,-12600000.0,132300000.0,-9900000.0,0.0,106900000.0,194700000.0,225000000.0,-18700000.0,2200000.0,-410300000.0,-410300000.0,-410300000.0,4000000.0,-1100000.0,-0.396,474900000.0,-449000000.0,116900000.0,0.0,0.53,-1.687,-1.676,1090300000.0,0.0,6.67,0.668,0.665,79600000.0,947200000.0,1036600000.0,1036600000.0,0.0,-0.18,-0.34,-0.189,-0.418,7800000.0,108500000.0,1.0,103782204.0,103400000.0,103400000.0,10.025,2382900000.0,37500000.0,-104100000.0,153700000.0,23.045,434300000.0
48,LPX,MRT,2009-06-30,2009-06-30,2009-06-30,2021-09-07,-71500000.0,2283900000.0,2397300000.0,749900000.0,1534000000.0,0.465,11.314,-28200000.0,363800000.0,363800000.0,1119800000.0,-509800000.0,2.655,0.96,637000000.0,137000000.0,500000000.0,637000000.0,0.0,85000000.0,0.0,0.0,0.0,-591400000.0,-506400000.0,-0.454,-506400000.0,-591400000.0,-663500000.0,-4.94,-4.94,-4.94,1165300000.0,1270975000.0,1165300000.0,669970095.0,-1.0,-1.323,-72600000.0,-0.705,1.0,-4100000.0,-0.004,0.0,72100000.0,2274600000.0,2417425000.0,154900000.0,350000000.0,142500000.0,207500000.0,1118600000.0,282500000.0,836100000.0,354770095.0,155300000.0,-14600000.0,0.0,-1100000.0,0.0,-16600000.0,213900000.0,258800000.0,-44400000.0,2400000.0,-509100000.0,-509100000.0,-509100000.0,14500000.0,-700000.0,-0.456,504400000.0,-508500000.0,130800000.0,0.0,0.304,-0.697,-0.692,1109800000.0,0.0,3.42,0.318,0.316,76700000.0,959200000.0,1115700000.0,1115700000.0,0.0,-0.212,-0.401,-0.245,-0.53,8800000.0,119000000.0,1.0,103733946.0,103000000.0,103000000.0,10.832,2283900000.0,47000000.0,-154400000.0,167500000.0,22.174,467400000.0
49,LPX,MRT,2009-03-31,2009-03-31,2009-03-31,2021-09-07,-94600000.0,2283400000.0,2582825000.0,628200000.0,1655200000.0,0.478,11.38,-66500000.0,329800000.0,329800000.0,1240300000.0,-561100000.0,3.833,0.952,645000000.0,33300000.0,611700000.0,645000000.0,0.0,92900000.0,0.0,0.067,0.15,-691600000.0,-598700000.0,-0.485,-598700000.0,-691600000.0,-754500000.0,-5.45,-5.45,-5.45,1169900000.0,1392225000.0,1169900000.0,558243814.0,-1.0,-0.932,-98100000.0,-0.954,1.0,-5000000.0,-0.004,0.0,62900000.0,2434700000.0,2532625000.0,188900000.0,228100000.0,27800000.0,200300000.0,1113500000.0,163900000.0,949600000.0,230343814.0,68200000.0,-61000000.0,0.0,-91200000.0,-15600000.0,-121300000.0,209700000.0,343800000.0,-31600000.0,11400000.0,-560700000.0,-560700000.0,-560700000.0,13600000.0,-400000.0,-0.454,595400000.0,-600400000.0,115900000.0,-0.028,0.197,-0.411,-0.409,1118800000.0,0.0,2.23,0.186,0.186,77700000.0,988900000.0,1235300000.0,1235300000.0,0.0,-0.217,-0.403,-0.273,-0.56,9300000.0,129000000.0,1.0,103293190.0,102800000.0,102800000.0,12.017,2283400000.0,46900000.0,-193800000.0,171100000.0,22.212,464300000.0
50,LPX,MRT,2008-12-31,2008-12-31,2008-12-31,2021-09-07,-98100000.0,2188700000.0,2801450000.0,537100000.0,1651600000.0,0.492,11.49,-99400000.0,174400000.0,174400000.0,1407800000.0,-576800000.0,3.237,0.851,502300000.0,29700000.0,472600000.0,502300000.0,0.0,100400000.0,0.0,0.192,0.3,-725500000.0,-625100000.0,-0.453,-625100000.0,-725500000.0,-786700000.0,-5.6,-5.6,-5.6,1182300000.0,1539575000.0,1182300000.0,595337376.0,-1.0,-0.952,-241900000.0,-2.351,1.0,-28600000.0,-0.021,4100000.0,61200000.0,2346600000.0,2646225000.0,190400000.0,247600000.0,41400000.0,206200000.0,1006400000.0,165900000.0,840500000.0,161137376.0,-254400000.0,-62000000.0,0.0,-199500000.0,-31000000.0,-230500000.0,111000000.0,278500000.0,-142500000.0,7600000.0,-576600000.0,-576600000.0,-576600000.0,13700000.0,-200000.0,-0.418,615000000.0,-643600000.0,121500000.0,-0.054,0.136,-0.279,-0.279,1100500000.0,0.0,1.56,0.117,0.116,43800000.0,1019500000.0,1379200000.0,1379200000.0,0.0,-0.206,-0.375,-0.274,-0.526,9700000.0,141800000.0,1.0,103293190.0,102900000.0,102900000.0,13.403,2184600000.0,119500000.0,-210100000.0,192600000.0,21.23,371200000.0
51,LPX,MRT,2008-09-30,2008-09-30,2008-09-30,2021-09-07,-54100000.0,2833200000.0,3061600000.0,758800000.0,2074400000.0,0.491,15.223,-202500000.0,228000000.0,228000000.0,1521700000.0,-289800000.0,2.022,0.809,662200000.0,171800000.0,490400000.0,662200000.0,0.0,105300000.0,0.0,0.048,0.45,-468800000.0,-363500000.0,-0.242,-363500000.0,-468800000.0,-512700000.0,-2.82,-2.82,-2.82,1566400000.0,1698875000.0,1566400000.0,1392825830.0,-3.0,-3.832,-298000000.0,-2.896,1.0,-19100000.0,-0.013,278400000.0,43900000.0,2613800000.0,2756050000.0,207600000.0,411100000.0,163900000.0,247200000.0,1266800000.0,375200000.0,891600000.0,960625830.0,-182700000.0,-49200000.0,-5500000.0,-48000000.0,-46500000.0,-99900000.0,9100000.0,261900000.0,-95500000.0,3600000.0,-289800000.0,-289800000.0,-289800000.0,15000000.0,0.0,-0.193,345200000.0,-364300000.0,174700000.0,-0.16,0.613,-3.315,-3.298,1156300000.0,0.0,9.3,0.639,0.637,89800000.0,1360800000.0,1502600000.0,1502600000.0,0.0,-0.095,-0.171,-0.17,-0.312,9300000.0,152200000.0,1.0,103293100.0,102900000.0,102900000.0,14.603,2554800000.0,126800000.0,-222900000.0,274600000.0,24.828,383600000.0
52,LPX,MRT,2008-06-30,2008-06-30,2008-06-30,2021-09-07,-79300000.0,3026000000.0,3176000000.0,854700000.0,2171300000.0,0.499,16.038,-279100000.0,242600000.0,242600000.0,1586100000.0,-246500000.0,1.921,0.834,674800000.0,177000000.0,497800000.0,674800000.0,0.0,105500000.0,0.0,0.071,0.6,-406700000.0,-301200000.0,-0.19,-301200000.0,-406700000.0,-445900000.0,-2.39,-2.39,-2.39,1650300000.0,1778575000.0,1650300000.0,1369234100.0,-3.0,-4.546,-333900000.0,-3.245,1.0,-600000.0,0.0,277800000.0,39200000.0,2735400000.0,2848800000.0,206800000.0,482600000.0,183400000.0,299200000.0,1375700000.0,445000000.0,930700000.0,876834100.0,-78600000.0,-49700000.0,-23600000.0,-32200000.0,-62000000.0,-117700000.0,92800000.0,422000000.0,-54800000.0,1100000.0,-246500000.0,-246500000.0,-246500000.0,17500000.0,0.0,-0.155,381800000.0,-382400000.0,195800000.0,-0.251,0.531,-3.557,-3.552,1199500000.0,0.0,8.49,0.553,0.551,264200000.0,1471900000.0,1585500000.0,1585500000.0,0.0,-0.078,-0.139,-0.143,-0.257,8700000.0,152300000.0,1.0,103278457.0,102900000.0,102900000.0,15.408,2748200000.0,17800000.0,-199400000.0,312600000.0,26.707,409700000.0
53,LPX,MRT,2008-03-31,2008-03-31,2008-03-31,2021-09-07,-64600000.0,3157900000.0,3265050000.0,1028600000.0,2129300000.0,0.508,17.097,-314400000.0,280900000.0,280900000.0,1648700000.0,-189000000.0,2.109,0.795,773300000.0,279500000.0,493800000.0,773300000.0,0.0,107100000.0,0.0,0.065,0.6,-306300000.0,-199200000.0,-0.12,-199200000.0,-306300000.0,-342500000.0,-1.82,-1.82,-1.82,1759300000.0,1861750000.0,1759300000.0,1263193118.0,-4.0,-6.341,-328300000.0,-3.19,1.0,11000000.0,0.007,273500000.0,36200000.0,2889100000.0,2956850000.0,224800000.0,601700000.0,276500000.0,325200000.0,1398600000.0,487700000.0,910900000.0,946293118.0,-88000000.0,-4700000.0,-21000000.0,36100000.0,-62200000.0,-47000000.0,-24100000.0,295000000.0,-13900000.0,-3000000.0,-189000000.0,-189000000.0,-189000000.0,23800000.0,0.0,-0.114,291900000.0,-280900000.0,188000000.0,-0.33,0.538,-5.007,-5.044,1138100000.0,0.0,9.18,0.57,0.569,305700000.0,1568300000.0,1659700000.0,1659700000.0,0.0,-0.058,-0.102,-0.104,-0.185,9300000.0,151500000.0,1.0,103082039.0,102900000.0,102900000.0,16.129,2884400000.0,500000.0,-153500000.0,330700000.0,28.031,540900000.0
54,LPX,MRT,2007-12-31,2007-12-31,2007-12-31,2021-09-07,-64500000.0,3229300000.0,3332825000.0,1075900000.0,2153400000.0,0.512,17.546,-335500000.0,413300000.0,413300000.0,1667600000.0,-179900000.0,2.202,0.775,732100000.0,246300000.0,485800000.0,732100000.0,0.0,109800000.0,0.0,0.044,0.6,-293500000.0,-183700000.0,-0.108,-183700000.0,-293500000.0,-328800000.0,-1.73,-1.73,-1.73,1819500000.0,1926600000.0,1819500000.0,1734168122.0,-6.0,-9.44,-345100000.0,-3.328,1.0,37300000.0,0.022,273600000.0,35300000.0,2785900000.0,3040225000.0,212100000.0,605600000.0,254500000.0,351100000.0,1409800000.0,488600000.0,921200000.0,1415368122.0,94100000.0,-5800000.0,-20900000.0,63600000.0,-62400000.0,-19600000.0,122900000.0,463700000.0,-9600000.0,400000.0,-179900000.0,-179900000.0,-179900000.0,24600000.0,0.0,-0.106,303800000.0,-266500000.0,222100000.0,-0.347,0.778,-7.868,-7.908,1140900000.0,0.0,13.68,0.83,0.832,85900000.0,1630100000.0,1704900000.0,1704900000.0,0.0,-0.054,-0.093,-0.097,-0.172,7100000.0,151600000.0,1.0,103462582.0,103700000.0,103700000.0,16.441,2955700000.0,157700000.0,-148900000.0,344400000.0,28.502,587300000.0
55,LPX,MRT,2007-09-30,2007-09-30,2007-09-30,2021-09-07,-69500000.0,3290800000.0,3382675000.0,1315900000.0,1974900000.0,0.502,18.197,-335300000.0,401600000.0,401600000.0,1637100000.0,-153100000.0,3.746,0.746,720400000.0,93900000.0,626500000.0,720400000.0,0.0,113200000.0,0.0,0.035,0.6,-231200000.0,-118000000.0,-0.07,-118000000.0,-231200000.0,-269400000.0,-1.46,-1.46,-1.46,1885200000.0,1988575000.0,1885200000.0,2154330017.0,-9.0,-18.257,-341400000.0,-3.295,1.0,59400000.0,0.035,273500000.0,38200000.0,2984800000.0,3152800000.0,222500000.0,775100000.0,498800000.0,276300000.0,1405600000.0,351300000.0,1054300000.0,1772730017.0,57500000.0,-6800000.0,-15300000.0,61200000.0,-62600000.0,-16400000.0,74400000.0,415300000.0,-6100000.0,5600000.0,-153100000.0,-153100000.0,-153100000.0,27300000.0,0.0,-0.09,306000000.0,-246600000.0,233800000.0,-0.411,0.94,-11.579,-11.623,1033800000.0,0.0,16.97,1.045,1.036,219200000.0,1697000000.0,1696500000.0,1696500000.0,0.0,-0.045,-0.077,-0.073,-0.136,6500000.0,157500000.0,1.0,104462582.0,103600000.0,103600000.0,16.375,3017300000.0,8800000.0,-116300000.0,341000000.0,29.125,964600000.0
56,LPX,MRT,2007-06-30,2007-06-30,2007-06-30,2021-09-07,-71400000.0,3382200000.0,3415125000.0,1389200000.0,1993000000.0,0.513,19.031,-304100000.0,318300000.0,318300000.0,1651300000.0,-75800000.0,4.305,0.706,699900000.0,69300000.0,630600000.0,699900000.0,0.0,118800000.0,0.0,0.032,0.6,-116500000.0,2300000.0,0.001,2300000.0,-116500000.0,-158200000.0,-0.72,-0.72,-0.72,1983000000.0,2045400000.0,1983000000.0,2341695398.0,-20.0,1018.128,-278200000.0,-2.67,1.0,99700000.0,0.057,273500000.0,41700000.0,3167600000.0,3216725000.0,232300000.0,959200000.0,683000000.0,276200000.0,1399200000.0,322700000.0,1076500000.0,1973795398.0,-112300000.0,-4800000.0,-16000000.0,48100000.0,-62800000.0,-30400000.0,-114000000.0,193300000.0,25900000.0,6200000.0,-75800000.0,-75800000.0,-75800000.0,16900000.0,0.0,-0.043,261500000.0,-161800000.0,229800000.0,-0.833,0.995,-26.04,-26.278,1019000000.0,0.0,18.92,1.127,1.126,180800000.0,1780300000.0,1751000000.0,1751000000.0,0.0,-0.022,-0.037,-0.036,-0.067,6200000.0,159100000.0,1.0,104323224.0,104200000.0,104200000.0,16.804,3108700000.0,8800000.0,-82400000.0,356500000.0,29.834,1066500000.0
57,LPX,MRT,2007-03-31,2007-03-31,2007-03-31,2021-09-07,-70900000.0,3429000000.0,3437225000.0,1442600000.0,1986400000.0,0.56,19.392,-256800000.0,355800000.0,355800000.0,1705000000.0,2600000.0,4.796,0.699,723700000.0,70200000.0,653500000.0,723700000.0,0.0,122800000.0,0.0,0.03,0.6,-3600000.0,119200000.0,0.062,119200000.0,-3600000.0,-49900000.0,0.02,0.02,0.02,2018700000.0,2082825000.0,2018700000.0,2420483731.0,-672.0,20.306,-217400000.0,-2.088,1.0,221400000.0,0.115,273500000.0,46300000.0,3222600000.0,3222075000.0,282300000.0,900400000.0,608700000.0,291700000.0,1410300000.0,300800000.0,1109500000.0,2092983731.0,-382600000.0,-10100000.0,-40000000.0,-89500000.0,-62900000.0,-191300000.0,-230500000.0,34100000.0,39400000.0,-200000.0,2600000.0,2600000.0,2600000.0,10200000.0,0.0,0.001,285200000.0,-63800000.0,207000000.0,30.0,1.037,804.994,1003.0,1002800000.0,0.0,20.06,1.086,1.084,211200000.0,1819400000.0,1926400000.0,1926400000.0,0.0,0.001,0.001,-0.001,-0.002,5300000.0,159600000.0,1.0,104336178.0,104100000.0,104100000.0,18.505,3155500000.0,28500000.0,-52500000.0,367100000.0,30.312,1141800000.0
58,LPX,MRT,2006-12-31,2006-12-31,2006-12-31,2021-09-07,-71500000.0,3428700000.0,3491950000.0,1496300000.0,1932400000.0,0.626,19.671,-236500000.0,309800000.0,309800000.0,1778600000.0,123700000.0,5.818,0.658,648000000.0,3400000.0,644600000.0,648000000.0,0.0,128000000.0,0.0,0.028,0.6,196200000.0,324200000.0,0.148,324200000.0,196200000.0,146800000.0,1.18,1.17,1.18,2067400000.0,2107225000.0,2067400000.0,2555322783.0,13.0,7.882,-44600000.0,-0.424,1.0,408800000.0,0.187,273500000.0,49400000.0,3236200000.0,3194800000.0,221600000.0,1050300000.0,797000000.0,253300000.0,1361300000.0,257200000.0,1104100000.0,2243922783.0,-333800000.0,-8700000.0,-35500000.0,-183400000.0,-63200000.0,-278500000.0,-247500000.0,-3400000.0,191900000.0,300000.0,123700000.0,123700000.0,123700000.0,10200000.0,0.0,0.057,284800000.0,124000000.0,230200000.0,0.508,1.085,18.14,18.246,949100000.0,0.0,21.53,1.026,1.034,157400000.0,1870200000.0,2187400000.0,2187400000.0,0.0,0.035,0.059,0.061,0.09,2800000.0,160200000.0,1.0,104223074.0,105100000.0,105500000.0,20.813,3155200000.0,28500000.0,23100000.0,378500000.0,30.021,1239100000.0
59,LPX,MRT,2006-09-30,2006-09-30,2006-09-30,2021-09-07,-65300000.0,3420600000.0,3534275000.0,1587300000.0,1833300000.0,0.678,20.138,-185700000.0,335100000.0,335100000.0,1827600000.0,233500000.0,7.281,0.619,646500000.0,400000.0,646100000.0,646500000.0,0.0,134000000.0,0.0,0.031,0.575,343400000.0,477400000.0,0.199,477400000.0,343400000.0,294000000.0,2.22,2.21,2.22,2112500000.0,2101100000.0,2112500000.0,2224888409.0,6.0,4.66,130100000.0,1.24,1.0,568000000.0,0.237,273500000.0,49400000.0,3240500000.0,3168550000.0,232500000.0,1146600000.0,885700000.0,260900000.0,1308100000.0,218000000.0,1090100000.0,1993288409.0,-374500000.0,-26700000.0,-35600000.0,4500000.0,-60800000.0,-89400000.0,-596000000.0,-408100000.0,315800000.0,-4900000.0,233500000.0,233500000.0,233500000.0,8200000.0,0.0,0.097,286500000.0,281500000.0,205600000.0,0.259,0.944,8.537,8.455,889700000.0,0.0,18.77,0.832,0.822,127400000.0,1910500000.0,2395600000.0,2395600000.0,0.0,0.066,0.111,0.108,0.143,2100000.0,154900000.0,1.0,106195440.0,104900000.0,105200000.0,22.837,3147100000.0,30500000.0,60500000.0,366300000.0,30.001,1369300000.0
60,LPX,MRT,2006-06-30,2006-06-30,2006-06-30,2021-09-07,-68900000.0,3470600000.0,3513200000.0,1640900000.0,1829700000.0,0.709,20.254,-171400000.0,415700000.0,415700000.0,1812400000.0,392200000.0,6.846,0.627,647300000.0,600000.0,646700000.0,647300000.0,0.0,135600000.0,0.0,0.025,0.55,441100000.0,576700000.0,0.232,576700000.0,441100000.0,389800000.0,3.67,3.65,3.67,2132700000.0,2064975000.0,2132700000.0,2391880136.0,5.0,4.148,231600000.0,2.199,1.0,677500000.0,0.272,273500000.0,51300000.0,3189000000.0,3015500000.0,255800000.0,1119800000.0,834300000.0,285500000.0,1337900000.0,239700000.0,1098200000.0,2325680136.0,-296200000.0,-40600000.0,-164400000.0,-165000000.0,-58900000.0,-385800000.0,-308500000.0,-123100000.0,403000000.0,-4900000.0,392200000.0,392200000.0,392200000.0,12700000.0,0.0,0.158,290900000.0,386600000.0,227100000.0,0.15,1.09,5.93,5.967,862100000.0,0.0,21.9,0.934,0.926,128400000.0,1916800000.0,2489900000.0,2489900000.0,0.0,0.112,0.19,0.146,0.177,1800000.0,153400000.0,1.0,106195440.0,105300000.0,105800000.0,23.646,3197100000.0,30500000.0,-2400000.0,365100000.0,30.362,1401200000.0
61,LPX,MRT,2006-03-31,2006-03-31,2006-03-31,2021-09-07,-65100000.0,3647900000.0,3547425000.0,1851200000.0,1796700000.0,0.718,20.003,-190500000.0,738200000.0,738200000.0,1784600000.0,437400000.0,5.659,0.724,804400000.0,70400000.0,734000000.0,804400000.0,0.0,136300000.0,0.0,0.019,0.525,523500000.0,659800000.0,0.259,659800000.0,523500000.0,471200000.0,4.05,4.03,4.05,2116300000.0,2021175000.0,2116300000.0,3044347485.0,6.0,4.614,290200000.0,2.743,1.0,760700000.0,0.299,273500000.0,52300000.0,3113500000.0,2947575000.0,280300000.0,922600000.0,683400000.0,239200000.0,1531600000.0,327100000.0,1204500000.0,2884147485.0,107900000.0,-64700000.0,-142700000.0,4100000.0,-56900000.0,-193800000.0,-178400000.0,20500000.0,480700000.0,-600000.0,437400000.0,437400000.0,437400000.0,15800000.0,0.0,0.172,290200000.0,470500000.0,244700000.0,0.13,1.363,6.594,6.716,873100000.0,0.0,27.2,1.133,1.131,177200000.0,1877500000.0,2545300000.0,2545300000.0,0.0,0.123,0.216,0.178,0.206,-100000.0,150700000.0,1.0,106034834.0,105800000.0,106400000.0,24.058,3374400000.0,4900000.0,33800000.0,376400000.0,31.894,1524100000.0
62,LPX,MRT,2005-12-31,2005-12-31,2005-12-31,2021-09-07,-62200000.0,3598000000.0,3526075000.0,1792400000.0,1805600000.0,0.717,18.742,-173700000.0,663200000.0,663200000.0,1724600000.0,455500000.0,5.179,0.761,823400000.0,88600000.0,734800000.0,823400000.0,0.0,135100000.0,0.0,0.017,0.475,559900000.0,695000000.0,0.275,695000000.0,559900000.0,505300000.0,4.18,4.15,4.18,2042900000.0,1959300000.0,2042900000.0,2815909940.0,5.0,4.052,324500000.0,2.977,1.0,803800000.0,0.318,280900000.0,54600000.0,3131200000.0,2919125000.0,240300000.0,1012600000.0,788100000.0,224500000.0,1555100000.0,346100000.0,1209000000.0,2905609940.0,47100000.0,-83900000.0,-138900000.0,24100000.0,-52000000.0,-167600000.0,-281500000.0,-79200000.0,498200000.0,-2000000.0,455500000.0,455500000.0,455500000.0,18300000.0,0.0,0.18,283700000.0,520100000.0,243200000.0,0.114,1.422,6.379,6.572,881000000.0,0.0,27.47,1.149,1.184,146800000.0,1809700000.0,2528400000.0,2528400000.0,0.0,0.129,0.232,0.192,0.221,5400000.0,146300000.0,1.0,105773933.0,109000000.0,109700000.0,23.196,3317100000.0,0.0,49800000.0,379300000.0,30.432,1446300000.0
63,LPX,MRT,2005-09-30,2005-09-30,2005-09-30,2021-09-07,-66000000.0,3336300000.0,3489225000.0,1544600000.0,1791700000.0,0.728,18.055,-167000000.0,718500000.0,718500000.0,1766300000.0,383900000.0,4.48,0.695,628800000.0,92300000.0,536500000.0,628800000.0,0.0,138900000.0,0.0,0.016,0.45,529300000.0,668200000.0,0.263,668200000.0,529300000.0,469700000.0,3.48,3.46,3.48,1968000000.0,1890525000.0,1968000000.0,3145878328.0,6.0,4.708,265700000.0,2.438,1.0,772800000.0,0.304,273500000.0,59600000.0,2628300000.0,2866450000.0,211000000.0,682100000.0,465600000.0,216500000.0,1368300000.0,344800000.0,1023500000.0,3069578328.0,42800000.0,-83100000.0,-137700000.0,-173400000.0,-49500000.0,-362700000.0,-29700000.0,159100000.0,432700000.0,2500000.0,383900000.0,383900000.0,383900000.0,18400000.0,0.0,0.151,298200000.0,474600000.0,240500000.0,0.129,1.56,7.996,7.957,852300000.0,0.0,27.69,1.209,1.189,183100000.0,1737800000.0,2539100000.0,2539100000.0,0.0,0.11,0.203,0.185,0.208,4200000.0,150300000.0,1.0,110855122.0,109000000.0,109600000.0,23.294,3062800000.0,1000000.0,85800000.0,397600000.0,28.099,1199800000.0
64,LPX,MRT,2005-06-30,2005-06-30,2005-06-30,2021-09-07,-68100000.0,3607500000.0,3506775000.0,1806400000.0,1801100000.0,0.747,17.651,-159300000.0,722900000.0,722900000.0,1748100000.0,323800000.0,3.664,0.843,799200000.0,262700000.0,536500000.0,799200000.0,0.0,144500000.0,0.0,0.016,0.4,609900000.0,754400000.0,0.288,754400000.0,609900000.0,549000000.0,2.93,2.91,2.93,1957500000.0,1834575000.0,1957500000.0,2883618899.0,5.0,3.822,303900000.0,2.74,1.0,871900000.0,0.333,273500000.0,60900000.0,2917300000.0,2851350000.0,218500000.0,918300000.0,706200000.0,212100000.0,1650000000.0,493000000.0,1157000000.0,2724818899.0,96200000.0,-77400000.0,18300000.0,-19600000.0,-44100000.0,-47000000.0,-324600000.0,-150300000.0,463200000.0,4600000.0,323800000.0,323800000.0,323800000.0,8500000.0,0.0,0.124,322100000.0,549800000.0,218300000.0,0.137,1.392,8.415,8.389,839700000.0,0.0,24.58,1.04,1.04,189300000.0,1583300000.0,2620000000.0,2620000000.0,0.0,0.092,0.176,0.214,0.233,16700000.0,151600000.0,1.0,110855122.0,110900000.0,111500000.0,23.625,3334000000.0,1000000.0,225200000.0,528600000.0,30.063,1313400000.0
65,LPX,MRT,2005-03-31,2005-03-31,2005-03-31,2021-09-07,-68800000.0,3562500000.0,3429900000.0,1686300000.0,1876200000.0,0.793,16.912,-139400000.0,640500000.0,640500000.0,1701400000.0,415900000.0,3.79,0.906,799300000.0,178000000.0,621300000.0,799300000.0,0.0,144100000.0,0.0,0.014,0.35,752300000.0,896400000.0,0.33,896400000.0,752300000.0,691300000.0,3.8,3.76,3.8,1868800000.0,1752300000.0,1868800000.0,2974894817.0,4.0,3.319,441400000.0,3.995,1.0,1016800000.0,0.374,276700000.0,61000000.0,2999700000.0,2763025000.0,271900000.0,781500000.0,580600000.0,200900000.0,1693700000.0,444900000.0,1248800000.0,2784594817.0,-35700000.0,-55500000.0,24900000.0,-37900000.0,-38300000.0,-51500000.0,-570800000.0,-415500000.0,580800000.0,5800000.0,415900000.0,415900000.0,415900000.0,100000.0,0.0,0.153,327300000.0,689500000.0,254900000.0,0.092,1.49,6.695,6.616,851600000.0,0.0,25.14,1.024,1.022,215900000.0,1496900000.0,2718200000.0,2718200000.0,0.0,0.121,0.237,0.272,0.277,8100000.0,155900000.0,1.0,110763517.0,110500000.0,111300000.0,24.599,3285800000.0,26700000.0,275400000.0,533100000.0,29.736,1241400000.0
66,LPX,MRT,2004-12-31,2004-12-31,2004-12-31,2021-09-07,-67900000.0,3450600000.0,3319375000.0,1604100000.0,1846500000.0,0.823,16.323,-147700000.0,610200000.0,610200000.0,1634300000.0,420700000.0,3.646,0.952,800500000.0,178000000.0,622500000.0,800500000.0,0.0,145100000.0,0.0,0.011,0.3,763700000.0,908800000.0,0.333,908800000.0,763700000.0,698400000.0,3.88,3.84,3.88,1767800000.0,1645100000.0,1767800000.0,2838410401.0,4.0,3.123,453800000.0,4.19,1.0,1096400000.0,0.402,280400000.0,65300000.0,2920500000.0,2688375000.0,203500000.0,771100000.0,608200000.0,162900000.0,1682800000.0,440000000.0,1242800000.0,2942810401.0,-381200000.0,-32000000.0,39200000.0,-266000000.0,-32600000.0,-261000000.0,-728400000.0,-592500000.0,601500000.0,6700000.0,420700000.0,420700000.0,420700000.0,-500000.0,0.0,0.154,351000000.0,745400000.0,250000000.0,0.077,1.665,6.995,6.892,848500000.0,0.0,26.74,1.078,1.061,185500000.0,1406200000.0,2730700000.0,2730700000.0,0.0,0.127,0.256,0.284,0.28,13200000.0,159700000.0,1.0,110052745.0,108300000.0,109600000.0,25.214,3170200000.0,26700000.0,277700000.0,517500000.0,29.272,1164100000.0
67,LPX,MRT,2004-09-30,2004-09-30,2004-09-30,2021-09-07,-72300000.0,3406500000.0,3257825000.0,1582000000.0,1824500000.0,0.861,15.914,-113200000.0,909800000.0,909800000.0,1536000000.0,570800000.0,3.654,0.953,805400000.0,171100000.0,634300000.0,805400000.0,0.0,143800000.0,0.0,0.008,0.2,1011000000.0,1154800000.0,0.412,1154800000.0,1011000000.0,939900000.0,5.29,5.24,5.29,1744200000.0,1530875000.0,1744200000.0,2666462517.0,3.0,2.309,711900000.0,6.495,1.0,1270000000.0,0.453,301200000.0,71100000.0,2567900000.0,2610125000.0,197700000.0,339000000.0,303600000.0,35400000.0,1662300000.0,433000000.0,1229300000.0,2835762517.0,229800000.0,248300000.0,48000000.0,-262100000.0,-21800000.0,-133700000.0,-464200000.0,-628900000.0,825100000.0,2600000.0,570800000.0,570800000.0,570800000.0,-5700000.0,0.0,0.203,266300000.0,1003700000.0,246900000.0,0.038,1.626,4.968,4.905,853500000.0,0.0,25.95,1.011,1.014,175600000.0,1403300000.0,2806000000.0,2806000000.0,0.0,0.175,0.373,0.387,0.36,16500000.0,161400000.0,1.0,109277939.0,109600000.0,110700000.0,25.602,3105300000.0,35300000.0,369100000.0,474200000.0,28.333,1149000000.0
68,LPX,MRT,2004-06-30,2004-06-30,2004-06-30,2021-09-07,-72900000.0,3300000000.0,3127850000.0,1458000000.0,1842000000.0,0.887,14.939,-85700000.0,998700000.0,998700000.0,1508000000.0,587200000.0,5.546,1.027,829400000.0,9300000.0,820100000.0,829400000.0,0.0,138400000.0,0.0,0.005,0.125,1050200000.0,1188600000.0,0.428,1188600000.0,1050200000.0,971500000.0,5.48,5.43,5.48,1628400000.0,1374875000.0,1628400000.0,2760057249.0,3.0,2.322,766000000.0,7.028,1.0,1266500000.0,0.456,303800000.0,78700000.0,2564000000.0,2678075000.0,187300000.0,146800000.0,113300000.0,33500000.0,1671600000.0,262900000.0,1408700000.0,2573157249.0,402300000.0,330000000.0,48800000.0,-263900000.0,-13400000.0,-227100000.0,-222600000.0,-577400000.0,851700000.0,300000.0,587200000.0,587200000.0,587200000.0,-17200000.0,0.0,0.212,229900000.0,1036600000.0,226600000.0,0.023,1.58,4.382,4.316,865700000.0,0.0,23.65,0.927,0.929,168900000.0,1303600000.0,2774500000.0,2774500000.0,0.0,0.188,0.427,0.392,0.379,2700000.0,165800000.0,1.0,108801575.0,109000000.0,110200000.0,25.454,2996200000.0,42100000.0,384300000.0,463300000.0,27.488,1195100000.0
69,LPX,MRT,2004-03-31,2004-03-31,2004-03-31,2021-09-07,-70000000.0,3120400000.0,2979975000.0,1277000000.0,1843400000.0,0.825,13.383,-45300000.0,650200000.0,650200000.0,1462800000.0,377600000.0,4.221,1.167,837100000.0,9200000.0,827900000.0,837100000.0,0.0,140000000.0,0.0,0.002,0.05,752200000.0,892200000.0,0.363,892200000.0,752200000.0,666600000.0,3.55,3.52,3.55,1440000000.0,1213650000.0,1440000000.0,2794352472.0,4.0,3.132,599100000.0,5.568,1.0,994500000.0,0.405,303700000.0,85600000.0,2701100000.0,2771750000.0,223100000.0,235700000.0,235700000.0,0.0,1680400000.0,302500000.0,1377900000.0,2801952472.0,542800000.0,364100000.0,41900000.0,-285100000.0,-5300000.0,-246700000.0,144000000.0,-267300000.0,644400000.0,1100000.0,377600000.0,377600000.0,377600000.0,13400000.0,0.0,0.154,223200000.0,771300000.0,244300000.0,0.014,1.946,7.42,7.268,872200000.0,0.0,25.8,1.14,1.13,198300000.0,1119300000.0,2457300000.0,2457300000.0,0.0,0.127,0.311,0.271,0.306,10800000.0,165300000.0,1.0,108602809.0,107600000.0,109200000.0,22.837,2816700000.0,51700000.0,289000000.0,423800000.0,26.178,974500000.0
70,LPX,MRT,2003-12-31,2003-12-31,2003-12-31,2021-09-07,-71200000.0,3204400000.0,2885050000.0,1325100000.0,1879300000.0,0.752,12.426,-2100000.0,1036600000.0,1036600000.0,1416800000.0,272500000.0,4.379,1.444,1029000000.0,8300000.0,1020700000.0,1029000000.0,0.0,141300000.0,0.0,0.0,0.0,586700000.0,728000000.0,0.336,728000000.0,586700000.0,498200000.0,2.58,2.56,2.58,1310900000.0,1106075000.0,1310900000.0,2426687685.0,4.0,3.333,507300000.0,4.809,1.0,751900000.0,0.347,286700000.0,88500000.0,2607500000.0,2877575000.0,177500000.0,98800000.0,0.0,98800000.0,1893500000.0,302600000.0,1590900000.0,1893287685.0,788600000.0,364200000.0,19200000.0,-84600000.0,0.0,-62500000.0,340100000.0,-102900000.0,509400000.0,1600000.0,272500000.0,272500000.0,272500000.0,8300000.0,0.0,0.126,186700000.0,565200000.0,251300000.0,0.0,1.444,6.948,6.93,884900000.0,0.0,17.88,0.873,0.87,136100000.0,1018100000.0,2168700000.0,2168700000.0,0.0,0.094,0.246,0.204,0.271,2700000.0,159000000.0,1.0,105888573.0,105500000.0,106500000.0,20.556,2917700000.0,51700000.0,225700000.0,407700000.0,27.656,1022500000.0
71,LPX,MRT,2003-09-30,2003-09-30,2003-09-30,2021-09-07,-81300000.0,2886600000.0,2778950000.0,788800000.0,2097800000.0,0.68,10.658,35800000.0,489900000.0,489900000.0,1382100000.0,66200000.0,2.851,1.577,1023300000.0,8100000.0,1015200000.0,1023300000.0,0.0,141100000.0,0.0,0.0,0.0,219100000.0,360200000.0,0.191,360200000.0,219100000.0,128200000.0,0.63,0.62,0.63,1120200000.0,1029900000.0,1120200000.0,2232090578.0,10.0,6.197,271400000.0,2.582,1.0,507700000.0,0.269,303600000.0,90900000.0,2839700000.0,3009500000.0,158100000.0,0.0,0.0,0.0,1766400000.0,276700000.0,1489700000.0,1441490578.0,281600000.0,103200000.0,9200000.0,-86400000.0,0.0,-178100000.0,222900000.0,0.0,235600000.0,1200000.0,66200000.0,66200000.0,66200000.0,26200000.0,0.0,0.035,257800000.0,249900000.0,238600000.0,0.0,1.287,21.775,21.873,1132100000.0,0.0,13.78,0.763,0.766,180000000.0,854600000.0,1889800000.0,1889800000.0,0.0,0.024,0.064,0.073,0.116,0.0,149700000.0,1.0,104607444.0,105100000.0,105100000.0,17.981,2583000000.0,33600000.0,62000000.0,291000000.0,24.577,512100000.0
72,LPX,MRT,2003-06-30,2003-06-30,2003-06-30,2021-09-07,-82900000.0,2708500000.0,2766600000.0,538600000.0,2169900000.0,0.591,9.402,104100000.0,250800000.0,250800000.0,1326800000.0,-55000000.0,2.097,1.754,1041400000.0,1100000.0,1040300000.0,1041400000.0,0.0,143600000.0,0.0,0.0,0.0,21500000.0,165100000.0,0.101,165100000.0,21500000.0,-71300000.0,-0.52,-0.52,-0.52,983500000.0,1015750000.0,983500000.0,2063641486.0,96.0,12.499,178800000.0,1.709,1.0,307600000.0,0.188,303600000.0,92800000.0,2938700000.0,3104500000.0,166200000.0,0.0,0.0,0.0,1725000000.0,256800000.0,1468200000.0,1133741486.0,60300000.0,24200000.0,0.0,-107800000.0,0.0,-114000000.0,98400000.0,0.0,74700000.0,1200000.0,-55000000.0,-55000000.0,-55000000.0,54800000.0,0.0,-0.034,227400000.0,80200000.0,215700000.0,0.0,1.153,-20.613,-20.846,1194500000.0,0.0,10.84,0.694,0.694,139300000.0,730100000.0,1634400000.0,1634400000.0,0.0,-0.02,-0.054,0.007,0.013,0.0,140100000.0,1.0,104588698.0,104600000.0,104600000.0,15.625,2404900000.0,46200000.0,-16300000.0,342600000.0,22.991,281800000.0
73,LPX,MRT,2003-03-31,2003-03-31,2003-03-31,2021-09-07,-72100000.0,2740700000.0,2817250000.0,478400000.0,2262300000.0,0.566,9.653,79400000.0,151100000.0,151100000.0,1294200000.0,-51000000.0,1.997,1.714,1081000000.0,6100000.0,1074900000.0,1081000000.0,0.0,150000000.0,0.0,0.0,0.0,21800000.0,171800000.0,0.108,171800000.0,21800000.0,-73100000.0,-0.49,-0.49,-0.49,1009700000.0,1034850000.0,1009700000.0,1749366480.0,80.0,10.183,175900000.0,1.682,1.0,299500000.0,0.188,306600000.0,94900000.0,3124400000.0,3213350000.0,220000000.0,0.0,0.0,0.0,1731000000.0,239600000.0,1491400000.0,829366480.0,20400000.0,-3300000.0,0.0,-144600000.0,0.0,-150500000.0,73900000.0,700000.0,96500000.0,500000.0,-51000000.0,-51000000.0,-51000000.0,49200000.0,0.0,-0.032,224500000.0,75000000.0,213500000.0,0.0,0.821,-16.262,-16.184,1368500000.0,0.0,7.93,0.52,0.52,144800000.0,747300000.0,1593700000.0,1593700000.0,0.0,-0.018,-0.049,0.007,0.014,0.0,136900000.0,1.0,104585937.0,104600000.0,104600000.0,15.236,2434100000.0,38600000.0,-22100000.0,299300000.0,23.271,238800000.0
74,LPX,MRT,2002-12-31,2002-12-31,2002-12-31,2021-09-07,-73100000.0,2780000000.0,2889700000.0,491300000.0,2288700000.0,0.545,9.62,61500000.0,184100000.0,184100000.0,1264000000.0,-62000000.0,1.844,1.763,1112300000.0,35300000.0,1077000000.0,1112300000.0,0.0,157600000.0,0.0,0.0,0.0,14700000.0,172300000.0,0.109,172300000.0,14700000.0,-81100000.0,-0.59,-0.59,-0.59,1006200000.0,1051900000.0,1006200000.0,1799323352.0,122.0,10.443,150000000.0,1.434,1.0,312200000.0,0.198,306600000.0,95800000.0,3135200000.0,3336425000.0,163500000.0,0.0,0.0,0.0,1773800000.0,266400000.0,1507400000.0,842923352.0,75700000.0,-3300000.0,0.0,-72600000.0,0.0,-84500000.0,71700000.0,0.0,88500000.0,0.0,-62000000.0,-62000000.0,-62000000.0,54400000.0,0.0,-0.039,238300000.0,73900000.0,211100000.0,0.0,0.838,-13.596,-13.661,1338200000.0,0.0,8.06,0.535,0.535,99300000.0,745600000.0,1576200000.0,1576200000.0,0.0,-0.021,-0.059,0.004,0.009,0.0,134100000.0,1.0,104581061.0,104600000.0,104600000.0,15.069,2473400000.0,38600000.0,-19100000.0,216100000.0,23.646,224900000.0
75,LPX,MRT,2002-09-30,2002-09-30,2002-09-30,2021-09-07,-54900000.0,2837200000.0,2948200000.0,476200000.0,2361000000.0,0.49,10.168,25900000.0,148000000.0,148000000.0,1155300000.0,-90200000.0,1.602,1.668,1104400000.0,32800000.0,1071600000.0,1104400000.0,0.0,167800000.0,0.0,0.0,0.0,-56600000.0,111200000.0,0.077,111200000.0,-56600000.0,-153000000.0,-0.87,-0.87,-0.87,1063600000.0,1070575000.0,1063600000.0,1734651939.0,-31.0,15.599,135000000.0,1.291,1.0,290700000.0,0.201,276700000.0,96400000.0,3219700000.0,3429400000.0,165600000.0,0.0,0.0,0.0,1773600000.0,297200000.0,1476400000.0,676651939.0,11900000.0,-10200000.0,0.0,-88500000.0,100000.0,-104800000.0,7600000.0,0.0,109100000.0,0.0,-90200000.0,-90200000.0,-90200000.0,63300000.0,0.0,-0.062,291800000.0,-1100000.0,244400000.0,0.0,0.636,-7.502,-7.437,1463800000.0,0.0,6.47,0.468,0.468,143800000.0,788200000.0,1446000000.0,1446000000.0,0.0,-0.031,-0.084,-0.017,-0.039,0.0,126800000.0,1.0,104582989.0,104600000.0,104700000.0,13.824,2560500000.0,34200000.0,-62800000.0,298000000.0,24.479,179000000.0
76,LPX,MRT,2002-06-30,2002-06-30,2002-06-30,2021-09-07,-54800000.0,2911100000.0,3031125000.0,518700000.0,2392400000.0,0.506,10.133,-47400000.0,97700000.0,97700000.0,1227800000.0,-95200000.0,1.712,1.747,1155700000.0,34300000.0,1121400000.0,1155700000.0,0.0,183300000.0,0.0,0.005,0.05,-86400000.0,96900000.0,0.063,96900000.0,-86400000.0,-183100000.0,-0.92,-0.92,-0.92,1059900000.0,1098225000.0,1059900000.0,2295559235.0,-27.0,23.69,88100000.0,0.842,1.0,306900000.0,0.2,292000000.0,96700000.0,3374100000.0,3518750000.0,172200000.0,0.0,0.0,0.0,1851200000.0,303000000.0,1548200000.0,1107359235.0,42000000.0,-6900000.0,0.0,-32400000.0,-5000000.0,-59400000.0,-34200000.0,10800000.0,135500000.0,100000.0,-95200000.0,-95200000.0,-95200000.0,54700000.0,0.0,-0.062,348600000.0,-41700000.0,236200000.0,-0.054,1.045,-11.632,-11.511,1435400000.0,0.0,10.59,0.722,0.722,153500000.0,784900000.0,1534700000.0,1534700000.0,0.0,-0.031,-0.087,-0.025,-0.056,0.0,129900000.0,1.0,104566500.0,104600000.0,104600000.0,14.672,2619100000.0,46300000.0,-87900000.0,315400000.0,25.039,215700000.0
77,LPX,MRT,2002-03-31,2002-03-31,2002-03-31,2021-09-07,-54700000.0,3030500000.0,3105675000.0,561600000.0,2468900000.0,0.503,10.305,-48400000.0,46900000.0,46900000.0,1254300000.0,-91700000.0,1.849,1.811,1235100000.0,38900000.0,1196200000.0,1235100000.0,0.0,189300000.0,0.0,0.009,0.1,-94300000.0,95000000.0,0.061,95000000.0,-94300000.0,-187900000.0,-0.88,-0.88,-0.88,1077900000.0,1128500000.0,1077900000.0,2251144210.0,-24.0,23.696,58400000.0,0.558,1.0,306600000.0,0.196,298300000.0,93600000.0,3616700000.0,3577100000.0,252600000.0,0.0,0.0,0.0,1952600000.0,303700000.0,1648900000.0,1123044210.0,19500000.0,-12500000.0,0.0,-1000000.0,-10400000.0,-35000000.0,-52300000.0,-700000.0,106800000.0,0.0,-91700000.0,-91700000.0,-91700000.0,32700000.0,0.0,-0.059,375300000.0,-68700000.0,244800000.0,-0.114,1.042,-12.247,-12.205,1650000000.0,0.0,10.74,0.719,0.72,169700000.0,804400000.0,1560900000.0,1560900000.0,0.0,-0.03,-0.081,-0.026,-0.06,0.0,138600000.0,1.0,104566500.0,104600000.0,104600000.0,14.923,2732200000.0,80900000.0,-96200000.0,309800000.0,26.12,257900000.0
78,LPX,MRT,2001-12-31,2001-12-31,2001-12-31,2021-09-07,-53900000.0,3014000000.0,3162750000.0,490300000.0,2523700000.0,0.503,10.353,-66700000.0,76500000.0,76500000.0,1348100000.0,-171600000.0,1.599,1.788,1189700000.0,37700000.0,1152000000.0,1189700000.0,0.0,195200000.0,0.0,0.028,0.24,-190900000.0,4300000.0,0.003,4300000.0,-190900000.0,-284000000.0,-1.64,-1.64,-1.64,1080900000.0,1157375000.0,1080900000.0,1994418591.0,-10.0,463.818,82000000.0,0.785,1.0,243500000.0,0.153,313400000.0,93100000.0,3507100000.0,3597075000.0,183900000.0,0.0,0.0,0.0,1933100000.0,306700000.0,1626400000.0,881618591.0,23500000.0,-6900000.0,0.0,-33500000.0,-25100000.0,-75600000.0,-49600000.0,0.0,148700000.0,0.0,-171600000.0,-171600000.0,-171600000.0,42800000.0,0.0,-0.108,405100000.0,-161600000.0,249000000.0,-0.146,0.816,-5.138,-5.146,1619000000.0,0.0,8.44,0.554,0.554,155000000.0,807600000.0,1591600000.0,1591600000.0,0.0,-0.054,-0.148,-0.053,-0.12,0.0,146700000.0,1.0,104457179.0,104400000.0,104400000.0,15.245,2700600000.0,41400000.0,-112400000.0,235600000.0,25.868,183600000.0
79,LPX,MRT,2001-09-30,2001-09-30,2001-09-30,2021-09-07,-29800000.0,3168900000.0,3252925000.0,578800000.0,2590100000.0,0.501,11.247,-107700000.0,88300000.0,88300000.0,1451100000.0,-152400000.0,1.449,1.699,1201100000.0,118400000.0,1082700000.0,1201100000.0,0.0,199800000.0,0.0,0.058,0.38,-175100000.0,24700000.0,0.015,24700000.0,-175100000.0,-266600000.0,-1.46,-1.46,-1.46,1174200000.0,1210950000.0,1174200000.0,1813346422.0,-10.0,73.415,11100000.0,0.106,1.0,177800000.0,0.109,305100000.0,91500000.0,3577100000.0,3684125000.0,217300000.0,0.0,0.0,0.0,1994700000.0,399500000.0,1595200000.0,678846422.0,-13300000.0,0.0,-100000.0,-10200000.0,-39800000.0,-52400000.0,-79700000.0,0.0,118800000.0,0.0,-152400000.0,-152400000.0,-152400000.0,25000000.0,0.0,-0.094,351600000.0,-173800000.0,261100000.0,-0.26,0.578,-4.454,-4.452,1746300000.0,0.0,6.5,0.417,0.417,170200000.0,878400000.0,1628900000.0,1628900000.0,0.0,-0.047,-0.126,-0.048,-0.107,0.0,168400000.0,1.0,104437911.0,104400000.0,104400000.0,15.602,2863800000.0,78800000.0,-114200000.0,364900000.0,27.431,179300000.0
80,LPX,MRT,2001-06-30,2001-06-30,2001-06-30,2021-09-07,-29200000.0,3209300000.0,3335375000.0,572000000.0,2637300000.0,0.548,11.312,-156000000.0,55700000.0,55700000.0,1629300000.0,-191600000.0,1.347,1.717,1190200000.0,106000000.0,1084200000.0,1190200000.0,0.0,210700000.0,0.0,0.04,0.47,-190900000.0,19800000.0,0.011,19800000.0,-190900000.0,-280800000.0,-1.83,-1.83,-1.83,1181000000.0,1254400000.0,1181000000.0,2431959901.0,-13.0,122.826,-66800000.0,-0.64,1.0,198300000.0,0.109,311800000.0,89900000.0,3607500000.0,3759625000.0,222600000.0,0.0,0.0,0.0,2028300000.0,424500000.0,1603800000.0,1224259901.0,-62400000.0,0.0,-100000.0,19900000.0,-49300000.0,-28400000.0,-123200000.0,-10800000.0,89200000.0,0.0,-191600000.0,-191600000.0,-191600000.0,19100000.0,0.0,-0.105,387800000.0,-189500000.0,293500000.0,-0.257,1.037,-6.39,-6.41,1779600000.0,0.0,11.73,0.67,0.67,168500000.0,885100000.0,1827600000.0,1827600000.0,0.0,-0.057,-0.153,-0.051,-0.104,0.0,189500000.0,1.0,104369983.0,104400000.0,104400000.0,17.506,2897500000.0,106300000.0,-89200000.0,377400000.0,27.754,147500000.0
81,LPX,MRT,2001-03-31,2001-03-31,2001-03-31,2021-09-07,-29800000.0,3258800000.0,3416075000.0,564200000.0,2694600000.0,0.644,11.431,-200700000.0,27400000.0,27400000.0,1889200000.0,-160900000.0,1.253,1.731,1235100000.0,162200000.0,1072900000.0,1235100000.0,0.0,223300000.0,0.0,0.058,0.56,-142800000.0,80500000.0,0.037,80500000.0,-142800000.0,-229900000.0,-1.54,-1.54,-1.54,1193400000.0,1310700000.0,1193400000.0,2188007768.0,-15.0,27.18,-186400000.0,-1.785,1.0,311400000.0,0.142,319500000.0,87100000.0,3696600000.0,3815825000.0,252200000.0,0.0,0.0,0.0,2065400000.0,450400000.0,1615000000.0,1002907768.0,-78400000.0,-49100000.0,-100000.0,180700000.0,-58300000.0,126500000.0,-219200000.0,0.0,14300000.0,0.0,-160900000.0,-160900000.0,-160900000.0,20400000.0,0.0,-0.073,455100000.0,-143700000.0,253200000.0,-0.364,0.84,-6.233,-6.24,1819600000.0,0.0,9.61,0.456,0.456,161200000.0,900200000.0,2200600000.0,2200600000.0,0.0,-0.047,-0.123,-0.037,-0.065,0.0,205600000.0,1.0,104360850.0,104400000.0,104400000.0,21.079,2939300000.0,106000000.0,-69000000.0,387200000.0,28.154,113800000.0
82,LPX,MRT,2000-12-31,2000-12-31,2000-12-31,2021-09-07,-31200000.0,3374700000.0,3485225000.0,654100000.0,2720600000.0,0.709,12.442,-220300000.0,38100000.0,38100000.0,1944900000.0,-13800000.0,1.73,1.606,1223200000.0,39400000.0,1183800000.0,1223200000.0,0.0,235500000.0,0.0,0.055,0.56,59100000.0,294600000.0,0.119,294600000.0,59100000.0,-21900000.0,-0.13,-0.13,-0.13,1295200000.0,1359275000.0,1295200000.0,2165624434.0,37.0,7.351,-137800000.0,-1.324,1.0,526900000.0,0.213,326300000.0,81000000.0,3855300000.0,3788575000.0,327500000.0,0.0,0.0,0.0,2079500000.0,378200000.0,1701300000.0,1054824434.0,-77900000.0,-54700000.0,-11300000.0,165200000.0,-58300000.0,100700000.0,-261100000.0,0.0,82500000.0,0.0,-13800000.0,-13800000.0,-13800000.0,20400000.0,0.0,-0.006,464000000.0,62900000.0,303800000.0,-4.308,0.814,-76.437,-77.885,1899400000.0,0.0,10.125,0.427,0.426,129600000.0,1004300000.0,2471800000.0,2471800000.0,0.0,-0.004,-0.01,0.016,0.024,0.0,220600000.0,1.0,104180191.0,104100000.0,104100000.0,23.744,3048400000.0,136100000.0,-8100000.0,334000000.0,29.283,275900000.0
83,LPX,MRT,2000-09-30,2000-09-30,2000-09-30,2021-09-07,-42000000.0,3498700000.0,3513600000.0,765100000.0,2733600000.0,0.931,12.949,-190800000.0,101600000.0,101600000.0,2599700000.0,73200000.0,1.908,1.595,1212400000.0,40700000.0,1171700000.0,1212400000.0,0.0,245200000.0,0.0,0.061,0.56,235400000.0,480600000.0,0.147,480600000.0,235400000.0,159000000.0,0.7,0.7,0.7,1348000000.0,1375475000.0,1348000000.0,2011607595.0,9.0,4.186,18000000.0,0.173,1.0,669800000.0,0.205,329300000.0,76400000.0,3879100000.0,3710625000.0,298100000.0,0.0,0.0,0.0,2150700000.0,401100000.0,1749600000.0,957207595.0,-66500000.0,-190100000.0,-50100000.0,131500000.0,-58300000.0,18800000.0,-294100000.0,0.0,208800000.0,0.0,73200000.0,73200000.0,73200000.0,0.0,0.0,0.022,465000000.0,204800000.0,305400000.0,0.8,0.71,13.077,13.126,1898800000.0,0.0,9.188,0.293,0.293,221300000.0,1070500000.0,3269500000.0,3269500000.0,0.0,0.021,0.053,0.063,0.072,0.0,233400000.0,1.0,104180191.0,104100000.0,104100000.0,31.407,3169400000.0,123200000.0,85800000.0,459200000.0,30.446,364000000.0
84,LPX,MRT,2000-06-30,2000-06-30,2000-06-30,2021-09-07,-39500000.0,3532100000.0,3518800000.0,798700000.0,2733400000.0,0.956,13.521,-157100000.0,118100000.0,118100000.0,2556000000.0,183400000.0,1.906,1.512,1172500000.0,46700000.0,1125800000.0,1172500000.0,0.0,234100000.0,0.0,0.051,0.56,368400000.0,602500000.0,0.179,602500000.0,368400000.0,305000000.0,1.74,1.74,1.74,1406200000.0,1381800000.0,1406200000.0,2085663012.0,6.0,3.462,171800000.0,1.652,1.0,808200000.0,0.24,335100000.0,63400000.0,3832300000.0,3612675000.0,310000000.0,0.0,0.0,0.0,2125900000.0,419100000.0,1706800000.0,1132763012.0,-34800000.0,-587100000.0,-59100000.0,423700000.0,-58600000.0,308000000.0,-671700000.0,0.0,328900000.0,0.0,183400000.0,183400000.0,183400000.0,0.0,0.0,0.055,471000000.0,337200000.0,297400000.0,0.322,0.806,6.176,6.25,1931500000.0,0.0,10.875,0.337,0.336,233400000.0,1126000000.0,3364200000.0,3364200000.0,0.0,0.052,0.133,0.102,0.11,0.0,232800000.0,1.0,104162116.0,104000000.0,104200000.0,32.348,3197000000.0,117200000.0,121600000.0,471800000.0,30.74,379600000.0
85,LPX,MRT,2000-03-31,2000-03-31,2000-03-31,2021-09-07,-48700000.0,3535400000.0,3339325000.0,817600000.0,2717800000.0,0.989,13.33,-131300000.0,105800000.0,105800000.0,2461500000.0,247300000.0,1.462,1.548,1058700000.0,48000000.0,1010700000.0,1058700000.0,0.0,220500000.0,0.0,0.04,0.56,464500000.0,685000000.0,0.208,685000000.0,464500000.0,408500000.0,2.33,2.33,2.33,1387700000.0,1360150000.0,1387700000.0,2388342925.0,5.0,3.487,384000000.0,3.689,1.0,839700000.0,0.254,341300000.0,56000000.0,3587600000.0,3309075000.0,330500000.0,0.0,0.0,0.0,2147700000.0,559400000.0,1588300000.0,1444642925.0,63300000.0,-517500000.0,-58900000.0,251000000.0,-58900000.0,134500000.0,-586500000.0,0.0,515300000.0,0.0,247300000.0,247300000.0,247300000.0,0.0,0.0,0.075,407400000.0,432300000.0,295300000.0,0.24,1.041,5.842,5.955,1923900000.0,0.0,13.875,0.438,0.438,257000000.0,1119400000.0,3301200000.0,3301200000.0,0.0,0.074,0.182,0.14,0.141,0.0,226000000.0,1.0,104118409.0,104100000.0,104100000.0,31.712,3194100000.0,110800000.0,161200000.0,487500000.0,30.683,258200000.0
86,LPX,MRT,1999-12-31,1999-12-31,1999-12-31,2021-09-07,-43600000.0,3488200000.0,3153775000.0,739400000.0,2748800000.0,0.974,12.806,-117900000.0,116000000.0,116000000.0,2318200000.0,216800000.0,1.367,1.565,1059700000.0,44900000.0,1014800000.0,1059700000.0,0.0,202000000.0,0.0,0.04,0.56,404200000.0,606200000.0,0.197,606200000.0,404200000.0,356300000.0,2.04,2.04,2.04,1360000000.0,1323150000.0,1360000000.0,2431861545.0,6.0,4.012,354700000.0,3.34,1.0,753400000.0,0.245,347700000.0,47900000.0,3543500000.0,3097100000.0,293400000.0,0.0,0.0,0.0,2128200000.0,540700000.0,1587500000.0,1496961545.0,-10500000.0,-726100000.0,-47900000.0,404700000.0,-59200000.0,300300000.0,-783400000.0,0.0,472600000.0,0.0,216800000.0,216800000.0,216800000.0,0.0,0.0,0.071,383900000.0,369500000.0,306500000.0,0.275,1.101,6.905,6.894,1945100000.0,0.0,14.063,0.487,0.486,200700000.0,1076400000.0,3071600000.0,3071600000.0,0.0,0.069,0.164,0.131,0.132,0.0,219400000.0,1.0,106446814.0,106200000.0,106200000.0,28.923,3140500000.0,110800000.0,139500000.0,405600000.0,29.572,198700000.0
87,LPX,MRT,1999-09-30,1999-09-30,1999-09-30,2021-09-07,-43700000.0,3519500000.0,2911500000.0,818600000.0,2700900000.0,0.975,12.871,-106200000.0,168100000.0,168100000.0,2168900000.0,197300000.0,1.388,1.563,1103000000.0,53800000.0,1049200000.0,1103000000.0,0.0,187300000.0,0.0,0.036,0.56,364800000.0,552100000.0,0.194,552100000.0,364800000.0,320800000.0,1.85,1.85,1.85,1373300000.0,1288850000.0,1373300000.0,2126623891.0,6.0,3.852,183400000.0,1.719,1.0,670400000.0,0.236,377500000.0,44000000.0,3487300000.0,2826200000.0,266100000.0,0.0,0.0,0.0,2146200000.0,589600000.0,1556600000.0,1678223891.0,-54600000.0,-921500000.0,-29700000.0,427900000.0,-59400000.0,325900000.0,-670100000.0,0.0,289600000.0,0.0,197300000.0,197300000.0,197300000.0,0.0,0.0,0.069,348600000.0,321800000.0,278400000.0,0.303,1.222,8.506,8.446,1876500000.0,0.0,15.625,0.591,0.587,241900000.0,1055600000.0,2839300000.0,2839300000.0,0.0,0.068,0.153,0.129,0.128,0.0,205300000.0,1.0,107406329.0,106700000.0,106900000.0,26.61,3142000000.0,121800000.0,123500000.0,452100000.0,29.447,229000000.0
88,LPX,MRT,1999-06-30,1999-06-30,1999-06-30,2021-09-07,-44600000.0,2814200000.0,2708300000.0,738200000.0,2076000000.0,0.978,12.379,-105400000.0,152900000.0,152900000.0,2046200000.0,-64700000.0,1.442,1.133,601300000.0,23200000.0,578100000.0,601300000.0,0.0,184900000.0,0.0,0.023,0.56,-65900000.0,119000000.0,0.045,119000000.0,-65900000.0,-103700000.0,-0.57,-0.57,-0.57,1319600000.0,1258825000.0,1319600000.0,3179732622.0,-48.0,26.72,98900000.0,0.928,1.0,602000000.0,0.227,132900000.0,37800000.0,2617900000.0,2550125000.0,239700000.0,0.0,0.0,0.0,1494600000.0,511800000.0,982800000.0,2564132622.0,-280100000.0,-493200000.0,-51500000.0,-123400000.0,-59900000.0,-249100000.0,-235300000.0,0.0,204300000.0,0.0,-64700000.0,-64700000.0,-64700000.0,0.0,0.0,-0.024,710300000.0,-108300000.0,270200000.0,-0.982,1.943,-39.631,-41.886,1509300000.0,0.0,23.875,0.968,0.961,204200000.0,1001200000.0,2648200000.0,2648200000.0,0.0,-0.024,-0.051,-0.026,-0.025,0.0,196100000.0,1.0,107398225.0,106600000.0,106800000.0,24.842,2681300000.0,121800000.0,-39000000.0,315200000.0,25.153,226400000.0
89,LPX,MRT,1999-03-31,1999-03-31,1999-03-31,2021-09-07,-47200000.0,2793200000.0,2741850000.0,694200000.0,2099000000.0,0.913,11.673,-105400000.0,42500000.0,42500000.0,2021500000.0,54300000.0,1.377,1.253,658100000.0,26500000.0,631600000.0,658100000.0,0.0,188700000.0,0.0,0.03,0.56,135100000.0,323800000.0,0.129,323800000.0,135100000.0,98300000.0,0.51,0.51,0.51,1239700000.0,1291025000.0,1239700000.0,2366025040.0,18.0,7.307,71800000.0,0.676,1.0,481400000.0,0.192,165100000.0,36800000.0,2739700000.0,2576000000.0,265800000.0,0.0,0.0,0.0,1553500000.0,504000000.0,1049500000.0,1998625040.0,20200000.0,-208600000.0,-51700000.0,-75500000.0,-60300000.0,-203000000.0,46000000.0,0.0,177200000.0,0.0,54300000.0,54300000.0,54300000.0,0.0,0.0,0.022,381800000.0,99600000.0,272500000.0,1.098,1.612,36.807,36.52,1530100000.0,0.0,18.625,0.799,0.79,212300000.0,931000000.0,2502900000.0,2502900000.0,0.0,0.02,0.042,0.052,0.054,0.0,186900000.0,1.0,107308727.0,106200000.0,106300000.0,23.568,2628100000.0,159900000.0,44000000.0,300400000.0,24.747,190200000.0
90,LPX,MRT,1998-12-31,1998-12-31,1998-12-31,2021-09-07,-45600000.0,2519100000.0,2690325000.0,612100000.0,1907000000.0,0.911,11.28,-122500000.0,126500000.0,126500000.0,2049400000.0,2000000.0,1.67,1.06,493900000.0,34100000.0,459800000.0,493900000.0,0.0,185400000.0,0.0,0.031,0.56,53900000.0,239300000.0,0.098,239300000.0,53900000.0,16400000.0,0.02,0.02,0.02,1222800000.0,1294500000.0,1222800000.0,2266852372.0,42.0,9.473,500000.0,0.005,1.0,401700000.0,0.164,60000000.0,37500000.0,2459900000.0,2585400000.0,205700000.0,0.0,0.0,0.0,1296300000.0,366600000.0,929700000.0,1990252372.0,94600000.0,0.0,-51500000.0,-147300000.0,-60700000.0,-274800000.0,246400000.0,0.0,123000000.0,0.0,2000000.0,2000000.0,2000000.0,0.0,0.0,0.001,376300000.0,25400000.0,192500000.0,28.0,1.628,995.126,915.65,1412300000.0,0.0,18.313,0.812,0.81,134700000.0,918800000.0,2451100000.0,2451100000.0,0.0,0.001,0.002,0.021,0.022,0.0,184700000.0,1.0,108679756.0,108400000.0,108600000.0,22.612,2459100000.0,137100000.0,14400000.0,203600000.0,22.685,245500000.0
91,LPX,MRT,1998-09-30,1998-09-30,1998-09-30,2021-09-07,-44000000.0,2706700000.0,2705150000.0,759800000.0,1946900000.0,0.877,11.54,-117000000.0,222700000.0,222700000.0,2002200000.0,-35200000.0,1.53,1.16,499300000.0,24000000.0,475300000.0,499300000.0,0.0,186400000.0,0.0,0.027,0.56,-11700000.0,174700000.0,0.074,174700000.0,-11700000.0,-41600000.0,-0.33,-0.33,-0.33,1253200000.0,1310350000.0,1253200000.0,2514625874.0,-215.0,14.394,-3400000.0,-0.031,1.0,370700000.0,0.156,103600000.0,29900000.0,2383000000.0,2662125000.0,221300000.0,0.0,0.0,0.0,1453500000.0,496700000.0,956800000.0,2236725874.0,190500000.0,282200000.0,-30900000.0,-65200000.0,-61100000.0,-155000000.0,231900000.0,0.0,113600000.0,0.0,-35200000.0,-35200000.0,-35200000.0,0.0,0.0,-0.015,395200000.0,-24500000.0,259500000.0,-1.697,1.785,-63.543,-61.742,1439500000.0,0.0,20.375,0.943,0.932,569000000.0,917700000.0,2372900000.0,2372900000.0,0.0,-0.013,-0.027,-0.004,-0.005,0.0,186200000.0,1.0,109777957.0,108600000.0,,21.85,2603100000.0,137900000.0,-6400000.0,264300000.0,23.97,263100000.0
92,LPX,MRT,1998-06-30,1998-06-30,1998-06-30,2021-09-07,-78300000.0,2948400000.0,2675575000.0,872400000.0,2076000000.0,0.892,13.276,-102700000.0,433000000.0,433000000.0,2110500000.0,45100000.0,2.151,1.036,710900000.0,112200000.0,598700000.0,710900000.0,0.0,185900000.0,0.0,0.031,0.56,127700000.0,313600000.0,0.131,313600000.0,127700000.0,92800000.0,0.41,0.41,0.41,1448400000.0,1329175000.0,1448400000.0,2675840230.0,21.0,8.533,-25300000.0,-0.232,1.0,275600000.0,0.116,99400000.0,34900000.0,2721400000.0,2751225000.0,192800000.0,0.0,0.0,0.0,1500000000.0,405500000.0,1094500000.0,2004140230.0,426100000.0,250900000.0,-2900000.0,187100000.0,-60900000.0,133700000.0,215000000.0,0.0,77400000.0,0.0,45100000.0,45100000.0,45100000.0,0.0,0.0,0.019,156900000.0,118700000.0,231600000.0,1.366,1.384,44.438,44.512,1572800000.0,0.0,18.25,0.84,0.834,564300000.0,1125800000.0,2386100000.0,2386100000.0,0.0,0.017,0.034,0.046,0.054,0.0,186000000.0,1.0,109815903.0,109100000.0,,21.871,2849000000.0,73000000.0,47700000.0,364200000.0,26.114,466900000.0
93,LPX,MRT,1998-03-31,1998-03-31,1998-03-31,2021-09-07,-78000000.0,2587100000.0,2570400000.0,615600000.0,1971500000.0,0.932,11.559,-119900000.0,22300000.0,22300000.0,2156400000.0,-168900000.0,1.873,1.064,694000000.0,63200000.0,630800000.0,694000000.0,0.0,182500000.0,0.0,0.024,0.56,-231600000.0,-49100000.0,-0.02,-49100000.0,-231600000.0,-263400000.0,-1.56,-1.56,-1.56,1253600000.0,1329325000.0,1253600000.0,3137704948.0,-14.0,-63.904,-30200000.0,-0.278,1.0,239800000.0,0.1,152900000.0,31800000.0,2777300000.0,2752350000.0,260300000.0,0.0,0.0,0.0,1333500000.0,328600000.0,1004900000.0,2552404948.0,15200000.0,-48600000.0,-2900000.0,78200000.0,-60900000.0,21700000.0,-96200000.0,0.0,89700000.0,0.0,-168900000.0,-168900000.0,-168900000.0,0.0,0.0,-0.07,479600000.0,-239800000.0,225400000.0,-0.359,2.036,-15.112,-14.904,1818600000.0,0.0,23.25,1.065,1.052,168800000.0,937000000.0,2396200000.0,2396200000.0,0.0,-0.066,-0.127,-0.084,-0.097,0.0,183800000.0,1.0,109780858.0,108450000.0,,22.095,2434200000.0,152600000.0,-94500000.0,205800000.0,22.445,287000000.0
94,LPX,MRT,1997-12-31,1997-12-31,1997-12-31,2021-09-07,-79400000.0,2578400000.0,2611725000.0,596800000.0,1981600000.0,0.92,11.854,-155900000.0,31900000.0,31900000.0,2167800000.0,-101800000.0,1.869,1.005,617200000.0,44900000.0,572300000.0,617200000.0,0.0,183900000.0,0.0,0.029,0.56,-115300000.0,68600000.0,0.029,68600000.0,-115300000.0,-146200000.0,-0.94,-0.94,-0.94,1286200000.0,1383575000.0,1286200000.0,2598922605.0,-23.0,37.885,-67700000.0,-0.624,1.0,234700000.0,0.098,77600000.0,30900000.0,2766800000.0,2815725000.0,258800000.0,0.0,0.0,0.0,1292200000.0,319300000.0,972900000.0,2081322605.0,4100000.0,-48600000.0,-2900000.0,114000000.0,-60700000.0,55800000.0,-139900000.0,0.0,88200000.0,0.0,-101800000.0,-101800000.0,-101800000.0,0.0,0.0,-0.042,356500000.0,-121800000.0,234400000.0,-0.596,1.618,-20.445,-20.213,1826000000.0,0.0,19.0,0.866,0.858,146200000.0,977500000.0,2402500000.0,2402500000.0,0.0,-0.039,-0.074,-0.041,-0.048,0.0,181200000.0,1.0,109543295.0,108500000.0,108500000.0,22.143,2500800000.0,151000000.0,-44400000.0,178600000.0,23.049,277500000.0
95,LPX,MRT,1997-09-30,1997-09-30,1997-09-30,2021-09-07,0.0,2588400000.0,2622725000.0,556600000.0,2031800000.0,0.905,12.156,-187900000.0,32200000.0,32200000.0,2146600000.0,-95200000.0,1.518,0.948,549800000.0,41300000.0,508500000.0,549800000.0,0.0,180900000.0,0.0,0.022,0.56,-103200000.0,77700000.0,0.033,77700000.0,-103200000.0,-132400000.0,-0.88,,-0.88,1328500000.0,1418925000.0,1328500000.0,3236679225.0,-31.0,41.656,-123200000.0,-1.127,1.0,228100000.0,0.096,0.0,29200000.0,2739400000.0,2794775000.0,258200000.0,0.0,0.0,0.0,1259900000.0,366600000.0,893300000.0,2732279225.0,-21500000.0,0.0,-2800000.0,154300000.0,-60500000.0,97800000.0,-184000000.0,0.0,64700000.0,0.0,-95200000.0,-95200000.0,-95200000.0,0.0,0.0,-0.04,338600000.0,-110500000.0,245300000.0,-0.636,2.057,-28.7,-28.409,1876200000.0,0.0,25.0,1.151,1.151,155600000.0,1014000000.0,2374700000.0,2374700000.0,0.0,-0.036,-0.067,-0.037,-0.043,0.0,166400000.0,1.0,109291169.0,109291169.0,,21.728,2588400000.0,96900000.0,-37200000.0,139900000.0,23.684,190000000.0
96,LPX,MRT,1997-06-30,1997-06-30,1997-06-30,2021-09-07,0.0,2527700000.0,,483400000.0,2044300000.0,,13.261,-220400000.0,6900000.0,6900000.0,2175200000.0,-186200000.0,1.579,0.744,511300000.0,41700000.0,469600000.0,511300000.0,0.0,183800000.0,0.0,0.027,0.56,-263000000.0,-79200000.0,-0.033,-79200000.0,-263000000.0,-288700000.0,-1.74,,-1.74,1449000000.0,,1449000000.0,2932250107.0,-11.0,-37.023,-144500000.0,-1.322,1.0,256300000.0,0.105,0.0,25700000.0,2725900000.0,,249400000.0,0.0,0.0,0.0,1078700000.0,306200000.0,772500000.0,2308350107.0,-47300000.0,0.0,0.0,110000000.0,-60400000.0,49200000.0,-172400000.0,0.0,75900000.0,0.0,-186200000.0,-186200000.0,-186200000.0,0.0,0.0,-0.077,526700000.0,-270400000.0,184500000.0,-0.322,1.593,-12.397,-12.141,1941700000.0,0.0,21.125,0.949,0.949,121400000.0,1141600000.0,2431500000.0,2431500000.0,0.0,,,,-0.108,0.0,156000000.0,1.0,109271011.0,109271011.0,,22.252,2527700000.0,86600000.0,-102500000.0,193200000.0,23.132,177200000.0
97,LPX,MRT,1997-03-31,1997-03-31,1997-03-31,2021-09-07,0.0,2752400000.0,,705100000.0,2047300000.0,,13.691,-286300000.0,7100000.0,7100000.0,2164000000.0,-155100000.0,2.041,0.872,631000000.0,50000000.0,581000000.0,631000000.0,0.0,189600000.0,0.0,0.027,0.56,-219100000.0,-29500000.0,-0.012,-29500000.0,-219100000.0,-241200000.0,-1.45,,-1.45,1470600000.0,,1470600000.0,2754569673.0,-13.0,-93.375,-361100000.0,-3.362,1.0,292500000.0,0.119,0.0,22100000.0,3030800000.0,,269100000.0,0.0,0.0,0.0,1281800000.0,345500000.0,936300000.0,2269669673.0,-40100000.0,0.0,0.0,324100000.0,-60300000.0,266000000.0,-231300000.0,0.0,-74800000.0,0.0,-155100000.0,-155100000.0,-155100000.0,0.0,0.0,-0.063,519700000.0,-227200000.0,195500000.0,-0.386,1.543,-14.634,-14.31,1944600000.0,0.0,20.75,0.924,0.907,256800000.0,1166800000.0,2456500000.0,2456500000.0,0.0,,,,-0.089,0.0,143200000.0,1.0,109381671.0,107410000.0,,22.87,2752400000.0,158000000.0,-86100000.0,183200000.0,25.625,359600000.0
98,LPX,MRT,1996-12-31,1996-12-31,1996-12-31,2021-09-07,0.0,2622400000.0,2713900000.0,612900000.0,2009500000.0,0.916,13.292,-266000000.0,27800000.0,27800000.0,2164700000.0,-200700000.0,1.62,0.837,512700000.0,54100000.0,458600000.0,512700000.0,0.0,191800000.0,0.0,0.027,0.56,-312100000.0,-120300000.0,-0.048,-120300000.0,-312100000.0,-326300000.0,-1.87,-1.87,-1.87,1427600000.0,1541800000.0,1427600000.0,,,,-243200000.0,-2.264,1.0,321300000.0,0.129,45900000.0,14200000.0,2683000000.0,2651350000.0,264300000.0,0.0,0.0,0.0,1194800000.0,378400000.0,816400000.0,2310687800.0,-47600000.0,0.0,0.0,196400000.0,-60100000.0,142300000.0,-212700000.0,0.0,22800000.0,0.0,-200700000.0,-200700000.0,-200700000.0,0.0,0.0,-0.081,640300000.0,-319000000.0,224300000.0,-0.299,1.619,-11.513,-11.297,1927100000.0,0.0,21.125,0.929,0.913,136200000.0,1140000000.0,2486000000.0,2486000000.0,0.0,-0.074,-0.13,-0.118,-0.126,0.0,139700000.0,1.0,109381671.0,107400000.0,107400000.0,23.147,2576500000.0,172600000.0,-125600000.0,163200000.0,23.99,234500000.0
99,LPX,MRT,1996-09-30,1996-09-30,1996-09-30,2021-09-07,,,,,,,,,,,,,,,,,,,,,,0.025,0.56,,,,,,,,,,,,,,,,,,1.0,,,,,,,,,,,,,,,,,,,,,,,,,,,,,,,,,,,,,,,,22.75,,,,,,,,,,,,,,1.0,,,,,,,,,,
100,LPX,MRT,1996-06-30,1996-06-30,1996-06-30,2021-09-07,,,,,,,,,,,,,,,,,,,,,,0.025,0.56,,,,,,,,,,,,,,,,,,1.0,,,,,,,,,,,,,,,,,,,,,,,,,,,,,,,,,,,,,,,,22.125,,,,,,,,,,,,,,1.0,,,,,,,,,,
101,LPX,MRT,1996-03-31,1996-03-31,1996-03-31,2021-09-07,,,,,,,,,,,,,,,,,,,,,,0.023,0.56,,,,,,,,,,,,,,,,,,1.0,,,,,,,,,,,,,,,,,,,,,,,,,,,,,,,,,,,,,,,,24.375,,,,,,,,,,,,,,1.0,,,,,,,,,,
102,LPX,MRT,1995-12-31,1995-12-31,1995-12-31,2021-09-07,0.0,2805400000.0,,618500000.0,2186900000.0,,15.471,-412600000.0,75400000.0,75400000.0,2300900000.0,-51700000.0,1.379,0.694,338200000.0,136900000.0,201300000.0,338200000.0,0.0,202600000.0,0.0,0.022,0.545,-92200000.0,110400000.0,0.039,110400000.0,-92200000.0,-97500000.0,-0.48,-0.48,-0.48,1656000000.0,,1656000000.0,,,,-78000000.0,-0.729,1.0,542300000.0,0.191,0.0,5300000.0,2619700000.0,,317700000.0,0.0,0.0,0.0,1149400000.0,448500000.0,700900000.0,,-240500000.0,23500000.0,-120200000.0,-4200000.0,-58200000.0,-187800000.0,-387300000.0,0.0,334600000.0,0.0,-51700000.0,-51700000.0,-51700000.0,0.0,0.0,-0.018,640000000.0,-97700000.0,161600000.0,-1.135,,,-50.521,2141900000.0,0.0,24.25,,0.913,128700000.0,1400800000.0,2843200000.0,2843200000.0,0.0,,,,-0.032,0.0,121400000.0,1.0,,107040000.0,107040000.0,26.562,2805400000.0,82400000.0,-45800000.0,207500000.0,26.209,170000000.0
103,LPX,MRT,1994-12-31,1994-12-31,1994-12-31,2021-09-07,,,,,,,,-347800000.0,,,2211900000.0,346900000.0,,,,,,,,197300000.0,,0.018,0.485,565700000.0,763000000.0,0.251,763000000.0,565700000.0,556700000.0,3.15,3.15,3.15,,,,,,,248100000.0,2.253,1.0,827600000.0,0.272,,9000000.0,,,,,,,,,,,54300000.0,0.0,1700000.0,-100800000.0,-53400000.0,-191300000.0,-350300000.0,0.0,595900000.0,0.0,346900000.0,346900000.0,346900000.0,0.0,0.0,0.114,269000000.0,558600000.0,,0.154,,,8.651,,0.0,27.25,,0.987,,,3039500000.0,3039500000.0,0.0,,,,0.186,0.0,125200000.0,1.0,,110140000.0,110140000.0,27.597,,,209800000.0,,,
