None,ticker,dimension,calendardate,datekey,reportperiod,lastupdated,accoci,assets,assetsavg,assetsc,assetsnc,assetturnover,bvps,capex,cashneq,cashnequsd,cor,consolinc,currentratio,de,debt,debtc,debtnc,debtusd,deferredrev,depamor,deposits,divyield,dps,ebit,ebitda,ebitdamargin,ebitdausd,ebitusd,ebt,eps,epsdil,epsusd,equity,equityavg,equityusd,ev,evebit,evebitda,fcf,fcfps,fxusd,gp,grossmargin,intangibles,intexp,invcap,invcapavg,inventory,investments,investmentsc,investmentsnc,liabilities,liabilitiesc,liabilitiesnc,marketcap,ncf,ncfbus,ncfcommon,ncfdebt,ncfdiv,ncff,ncfi,ncfinv,ncfo,ncfx,netinc,netinccmn,netinccmnusd,netincdis,netincnci,netmargin,opex,opinc,payables,payoutratio,pb,pe,pe1,ppnenet,prefdivis,price,ps,ps1,receivables,retearn,revenue,revenueusd,rnd,roa,roe,roic,ros,sbcomp,sgna,sharefactor,sharesbas,shareswa,shareswadil,sps,tangibles,taxassets,taxexp,taxliabilities,tbvps,workingcapital
0,AM1,ARY,2013-12-31,2013-05-09,2013-02-28,2021-09-13,-17133000,1583463000,1587263750.0,661906000,921557000,1.177,20.523,-113296000.0,86059000,86059000,817740000.0,49918000.0,1.796,1.322,286381000,0,286381000,286381000,31851000,49405000.0,0,0.033,0.6,103810000.0,153215000.0,0.082,153215000.0,103810000.0,85914000.0,1.5,1.47,1.5,681877000,665821500.0,681877000,786342415,8.0,5.132,49468000.0,1.489,1.0,1050999000.0,0.562,0,17896000.0,1415189000,1447134250.0,242447000,0,0,0,901586000,368596000,532990000,586020415,-46379000.0,-49878000.0,-83639000.0,61200000.0,-19927000.0,-42002000.0,-163174000.0,0.0,162764000.0,-3967000.0,49918000.0,49918000.0,49918000.0,0.0,0.0,0.027,956834000.0,94165000.0,119777000,0.4,0.859,11.74,12.247,372452000,0.0,18.37,0.314,0.327,105497000,1238396000.0,1868739000.0,1868739000.0,0.0,0.031,0.075,0.072,0.056,10743000.0,952504000.0,1.0,31900948,33225354,34021957.0,56.244,1583463000,164914000,35996000.0,26533000,47.658,293310000
1,AM1,ARY,2012-12-31,2012-04-30,2012-02-29,2021-09-13,-11830000,1549464000,1558075750.0,640959000,908505000,1.088,18.359,-61633000.0,132438000,132438000,741645000.0,57198000.0,2.101,1.13,225181000,0,225181000,225181000,35519000,39225000.0,0,0.037,0.6,150888000.0,190113000.0,0.112,190113000.0,150888000.0,97815000.0,1.44,1.42,1.44,727458000,765843250.0,727458000,655146712,4.0,3.446,54905000.0,1.386,1.0,953499000.0,0.562,0,53073000.0,1337126000,1281056500.0,208945000,0,0,0,822006000,305081000,516925000,562403712,-83400000.0,-5899000.0,-72306000.0,-44178000.0,-23893000.0,-136909000.0,-63032000.0,0.0,116538000.0,3000.0,57198000.0,57198000.0,57198000.0,0.0,0.0,0.034,803934000.0,149565000.0,86166000,0.417,0.773,9.833,11.111,277597000,0.0,16.0,0.332,0.374,113840000,1210110000.0,1695144000.0,1695144000.0,0.0,0.037,0.075,0.118,0.089,10982000.0,784518000.0,1.0,35150232,39624694,40288189.0,42.78,1549464000,179346000,40617000.0,29786000,39.103,335878000
2,AM1,ARY,2011-12-31,2011-04-29,2011-02-28,2021-09-13,-2346000,1532402000,1493768500.0,700924000,831478000,1.066,18.731,-22104000.0,215838000,215838000,682368000.0,87018000.0,2.046,1.046,232688000,0,232688000,232688000,0,41048000.0,0,0.023,0.57,181396000.0,222444000.0,0.14,222444000.0,181396000.0,156007000.0,2.18,2.11,2.18,748911000,698502250.0,748911000,1011193833,6.0,4.546,157695000.0,3.944,1.0,910200000.0,0.572,28903000,25389000.0,1177804000,1202904250.0,179730000,0,0,0,783491000,342545000,440946000,994343833,77889000.0,24651000.0,3099000.0,-102449000.0,-22354000.0,-117192000.0,8210000.0,0.0,179799000.0,7072000.0,87018000.0,87018000.0,87018000.0,0.0,0.0,0.055,735498000.0,174702000.0,87105000,0.261,1.328,11.427,11.284,241649000,0.0,24.6,0.624,0.618,119779000,1171008000.0,1592568000.0,1592568000.0,0.0,0.058,0.125,0.151,0.114,13017000.0,738703000.0,1.0,40420481,39982784,41244903.0,39.831,1503499000,174840000,68989000.0,42687000,37.604,358379000
3,AM1,ARY,2010-12-31,2010-04-29,2010-02-28,2021-09-13,-29815000,1529651000,1461154250.0,677424000,852227000,1.12,16.116,-25426000.0,137949000,137949000,713075000.0,81574000.0,1.821,1.405,329723000,1000000,328723000,329723000,0,45165000.0,0,0.02,0.5,147265000.0,192430000.0,0.118,192430000.0,147265000.0,120954000.0,2.07,2.03,2.07,636064000,597336000.0,636064000,1193004131,8.0,6.2,172064000.0,4.36,1.0,922783000.0,0.564,31106000,26311000.0,1318276000,1374857750.0,163956000,0,0,0,893587000,372043000,521544000,1001230131,77733000.0,-19300000.0,-5143000.0,-62350000.0,-19049000.0,-86542000.0,-40013000.0,0.0,197490000.0,6798000.0,81574000.0,81574000.0,81574000.0,0.0,0.0,0.05,783681000.0,139102000.0,95434000,0.242,1.574,12.274,12.237,244751000,0.0,25.33,0.612,0.611,135758000,1112047000.0,1635858000.0,1635858000.0,0.0,0.056,0.137,0.107,0.09,0.0,783991000.0,1.0,39527443,39467811,40159651.0,41.448,1498545000,226643000,39380000.0,42080000,37.969,305381000
4,AM1,ARY,2009-12-31,2009-04-29,2009-02-28,2021-09-13,-67278000,1433788000,1662693000.0,561395000,872393000,1.017,11.37,-55300000.0,60216000,60216000,809956000.0,-227759000.0,1.635,1.709,390223000,750000,389473000,390223000,0,50016000.0,0,0.064,0.48,-252079000.0,-202063000.0,-0.12,-202063000.0,-252079000.0,-274933000.0,-4.89,-4.89,-4.89,529189000,746654750.0,529189000,625317357,-2.0,-3.095,17740000.0,0.381,1.0,880782000.0,0.521,26871000,22854000.0,1393519000,1302452500.0,203873000,0,0,0,904599000,343405000,561194000,295310357,-63284000.0,-37882000.0,-73458000.0,118991000.0,-22566000.0,22967000.0,-137335000.0,0.0,73040000.0,-21956000.0,-227759000.0,-227759000.0,-227759000.0,0.0,0.0,-0.135,1133986000.0,-253204000.0,117504000,-0.098,0.558,-1.297,-1.532,297779000,0.0,7.49,0.175,0.206,63281000,1044926000.0,1690738000.0,1690738000.0,0.0,-0.137,-0.305,-0.194,-0.149,0.0,845216000.0,1.0,39427284,46543780,46543780.0,36.326,1406917000,250635000,-47174000.0,33644000,30.228,217990000
5,AM1,ARY,2008-12-31,2008-04-29,2008-02-29,2021-09-13,21244000,1804428000,1812147750.0,669370000,1135058000,0.98,17.394,-53519000.0,123500000,123500000,780771000.0,83003000.0,1.48,0.913,243308000,42790000,200518000,243308000,0,48535000.0,0,0.023,0.42,143657000.0,192192000.0,0.108,192192000.0,143657000.0,123651000.0,1.53,1.52,1.53,943411000,1016063750.0,943411000,1010425860,7.0,5.257,190018000.0,3.503,1.0,995680000.0,0.56,285072000,20006000.0,1186743000,1261334500.0,216671000,0,0,0,861017000,452421000,408596000,890617860,-21213000.0,-72055000.0,-145172000.0,20100000.0,-21803000.0,-146875000.0,-125574000.0,0.0,243537000.0,7758000.0,83003000.0,83003000.0,83003000.0,317000.0,0.0,0.047,866875000.0,128805000.0,123713000,0.275,0.944,10.73,11.935,296005000,0.0,18.26,0.501,0.557,61902000,1300662000.0,1776451000.0,1776451000.0,0.0,0.046,0.082,0.114,0.081,0.0,868200000.0,1.0,48774253,54236961,54506048.0,32.754,1519356000,206042000,40648000.0,55395000,28.013,216949000
6,AM1,ARY,2007-12-31,2007-04-30,2007-02-28,2021-09-13,-1013000,1778214000,1939541000.0,799281000,978933000,0.899,18.358,-36879000.0,144713000,144713000,826791000.0,42378000.0,2.143,0.756,223915000,0,223915000,223915000,0,49380000.0,0,0.013,0.34,103460000.0,152840000.0,0.088,152840000.0,103460000.0,68474000.0,0.73,0.71,0.73,1012574000,1123628500.0,1012574000,1482951976,14.0,9.703,230096000.0,4.172,1.0,917812000.0,0.526,224105000,34986000.0,1260311000,1447207750.0,182618000,0,0,0,765640000,373000000,392640000,1403749976,-68900000.0,-563000.0,-250983000.0,-249121000.0,-18418000.0,-518522000.0,177458000.0,208740000.0,266975000.0,4507000.0,42378000.0,42378000.0,42378000.0,887000.0,0.0,0.024,813465000.0,104347000.0,118204000,0.466,1.386,33.124,34.863,285072000,0.0,25.45,0.805,0.805,103992000,1254020000.0,1744603000.0,1744603000.0,0.0,0.022,0.038,0.071,0.059,0.0,878995000.0,1.0,55157170,55157170,,31.63,1554109000,188248000,26096000.0,32700000,28.176,426281000
7,AM1,ARY,2006-12-31,2006-05-10,2006-02-28,2021-09-13,9823000,2218962000,2361654250.0,1162142000,1056820000,0.798,18.495,-34772000.0,213613000,213613000,850158000.0,84376000.0,1.99,0.819,475308000,174792000,300516000,475308000,0,54222000.0,0,0.014,0.32,168310000.0,222532000.0,0.118,222532000.0,168310000.0,133186000.0,1.28,1.16,1.28,1220025000,1290781250.0,1220025000,1574289108,9.0,7.074,242624000.0,3.678,1.0,1035543000.0,0.549,203599000,35124000.0,1693018000,1941513250.0,217318000,208740000,208740000,0,998937000,584040000,414897000,1312594108,-34186000.0,-15315000.0,-217574000.0,-10782000.0,-21184000.0,-249540000.0,-61151000.0,0.0,277396000.0,-1924000.0,84376000.0,84376000.0,84376000.0,5749000.0,0.0,0.045,861484000.0,174059000.0,126061000,0.25,1.076,15.556,17.812,304059000,0.0,22.8,0.696,0.798,142087000,1427785000.0,1885701000.0,1885701000.0,0.0,0.036,0.065,0.087,0.089,0.0,883104000.0,1.0,57569917,65965024,79226384.0,28.586,2015363000,154327000,48810000.0,39771000,30.552,578102000
8,AM1,ARY,2005-12-31,2005-05-11,2005-02-28,2021-09-13,29039000,2535628000,2395493250.0,1281639000,1253989000,0.794,20.232,-41649000.0,250267000,250267000,905201000.0,95279000.0,2.628,0.828,486099000,0,486099000,486099000,0,57045000.0,0,0.008,0.2,212503000.0,269548000.0,0.142,269548000.0,212503000.0,132977000.0,1.39,1.25,1.39,1386780000,1331440250.0,1386780000,1894016895,9.0,7.027,316765000.0,4.621,1.0,997526000.0,0.524,270057000,79526000.0,2013736000,2011377250.0,222874000,208740000,208740000,0,1148848000,487667000,661181000,1658184895,-35183000.0,51822000.0,16034000.0,-216417000.0,-8264000.0,-208647000.0,-187030000.0,-208740000.0,358414000.0,4477000.0,95279000.0,95279000.0,95279000.0,-24729000.0,0.0,0.05,809752000.0,187774000.0,143041000,0.144,1.196,17.403,17.41,339792000,0.0,24.2,0.871,0.872,200408000,1365555000.0,1902727000.0,1902727000.0,0.0,0.04,0.072,0.106,0.112,0.0,907024000.0,1.0,68520037,68545432,82016835.0,27.759,2265571000,193497000,37698000.0,75991000,33.052,793972000
9,AM1,ARY,2004-12-31,2004-05-04,2004-02-29,2021-09-13,20638000,2484013000,2482359250.0,1176968000,1307045000,0.809,19.058,-35628000.0,285450000,285450000,937619000.0,104670000.0,2.783,0.96,665874000,0,665874000,665874000,0,64069000.0,0,0.0,0.0,256579000.0,320648000.0,0.16,320648000.0,256579000.0,170751000.0,1.57,1.4,1.57,1267540000,1169843000.0,1267540000,1788682158,7.0,5.578,256251000.0,3.853,1.0,1071324000.0,0.533,228955000,85828000.0,2212519000,2367827750.0,246171000,0,0,0,1216473000,422963000,793510000,1408258158,76987000.0,0.0,17638000.0,-209647000.0,0.0,-192009000.0,-33094000.0,0.0,291879000.0,10211000.0,104670000.0,104670000.0,104670000.0,0.0,0.0,0.052,814745000.0,256579000.0,129362000,0.0,1.111,13.454,13.159,369133000,0.0,20.66,0.701,0.684,250554000,1286281000.0,2008943000.0,2008943000.0,0.0,0.042,0.089,0.108,0.128,0.0,875079000.0,1.0,68163512,66509332,80088377.0,30.205,2255058000,158689000,66081000.0,45824000,33.906,754005000
10,AM1,ARY,2003-12-31,2003-05-29,2003-02-28,2021-09-13,-42494000,2584120000,2645813250.0,1234488000,1349632000,0.754,16.416,-29686000.0,208463000,208463000,881771000.0,121106000.0,1.765,1.398,859711000,133180000,726531000,859711000,0,64810000.0,0,0.0,0.0,279933000.0,344743000.0,0.173,344743000.0,279933000.0,200838000.0,1.85,1.63,1.85,1077464000,1011384500.0,1077464000,1791482333,6.0,5.197,47352000.0,0.721,1.0,1114089000.0,0.558,209664000,79095000.0,2326307000,2473364000.0,278807000,0,0,0,1506656000,699397000,807259000,1140234333,107484000.0,0.0,21404000.0,-8086000.0,0.0,13318000.0,13271000.0,0.0,77038000.0,3857000.0,121106000.0,121106000.0,121106000.0,0.0,0.0,0.061,834156000.0,279933000.0,180498000,0.0,1.058,9.415,9.351,391428000,0.0,17.3,0.571,0.569,309967000,1181891000.0,1995860000.0,1995860000.0,0.0,0.046,0.12,0.113,0.14,0.0,861014000.0,1.0,65909499,65636621,78980830.0,30.408,2374456000,202485000,79732000.0,72162000,36.176,535091000
11,AM1,ARY,2002-12-31,2002-05-29,2002-02-28,2021-09-13,-69614000,2614995000,2772161000.0,1066182000,1548813000,0.85,14.186,-24949000.0,100979000,100979000,992245000.0,-122310000.0,1.489,1.898,864833000,11720000,853113000,864833000,0,84308000.0,0,0.009,0.3,-117725000.0,-33417000.0,-0.014,-33417000.0,-117725000.0,-196324000.0,-1.92,-1.92,-1.92,902419000,927374000.0,902419000,2137234150,-18.0,-63.956,11402000.0,0.179,1.0,1363495000.0,0.579,199195000,78599000.0,2463614000,2525050000.0,290804000,0,0,0,1712576000,716040000,996536000,1373380150,49288000.0,-22500000.0,2808000.0,109839000.0,-26566000.0,86081000.0,-73144000.0,0.0,36351000.0,0.0,-122310000.0,-122310000.0,-122310000.0,0.0,0.0,-0.052,1481220000.0,-117725000.0,130601000,-0.104,1.522,-11.229,-10.979,416485000,0.0,21.08,0.583,0.569,288986000,1060938000.0,2355740000.0,2355740000.0,0.0,-0.044,-0.132,-0.047,-0.05,0.0,1372747000.0,1.0,65150861,63615193,63615193.0,37.031,2415800000,200206000,-74014000.0,178216000,37.975,350142000
12,AM1,ARY,2001-12-31,2001-05-03,2001-02-28,2021-09-13,-58179000,2712074000,2821460500.0,1205736000,1506338000,0.893,16.453,-52088000.0,51691000,51691000,999271000.0,-113814000.0,1.085,1.59,759028000,378904000,380124000,759028000,0,98057000.0,0,0.067,0.52,132879000.0,230936000.0,0.092,230936000.0,132879000.0,77492000.0,-1.79,-1.79,-1.79,1047190000,1155259500.0,1047190000,1393065958,10.0,6.032,57712000.0,0.907,1.0,1519543000.0,0.603,229802000,55387000.0,2078328000,2378143500.0,365221000,0,0,0,1664884000,1111281000,553603000,685728958,-9319000.0,-179993000.0,-45530000.0,177110000.0,-52743000.0,78837000.0,-197956000.0,0.0,109800000.0,0.0,-113814000.0,-113814000.0,-113814000.0,0.0,0.0,-0.045,1365523000.0,154020000.0,304063000,-0.402,0.655,-6.025,-6.034,477188000,0.0,10.8,0.272,0.273,387534000,1202953000.0,2518814000.0,2518814000.0,0.0,-0.04,-0.099,0.056,0.053,0.0,1348745000.0,1.0,63493422,63646405,63646405.0,39.575,2482272000,190241000,191306000.0,220228000,39.001,94455000
13,AM1,ARY,2000-12-31,2000-05-26,2000-02-28,2021-09-13,-27572000,2517983000,2440013500.0,1100684000,1417299000,0.891,19.094,-49263000.0,61010000,61010000,809347000.0,89999000.0,1.89,1.011,551796000,109694000,442102000,551796000,0,64342000.0,0,0.043,0.8,174879000.0,239221000.0,0.11,239221000.0,174879000.0,140624000.0,1.37,1.37,1.37,1252411000,1255452250.0,1252411000,1684449974,10.0,7.041,119256000.0,1.818,1.0,1365889000.0,0.628,149437000,34255000.0,2276844000,2270048250.0,249433000,0,0,0,1265572000,582488000,683084000,1193663974,-83545000.0,-65947000.0,-128980000.0,65776000.0,-51213000.0,-114417000.0,-137647000.0,0.0,168519000.0,0.0,89999000.0,89999000.0,89999000.0,0.0,0.0,0.041,1191010000.0,174879000.0,213180000,0.584,0.953,13.263,13.504,447415000,0.0,18.5,0.549,0.558,430825000,1356275000.0,2175236000.0,2175236000.0,0.0,0.037,0.072,0.077,0.08,0.0,1148467000.0,1.0,64522377,65591798,65591798.0,33.163,2368546000,99709000,50625000.0,58087000,36.11,518196000
14,AM1,ARY,1999-12-31,1999-05-27,1999-02-28,2021-09-13,-23565000,2419328000,2331081750.0,1145818000,1273510000,0.946,19.143,-58428000.0,144555000,144555000,757080000.0,180222000.0,2.743,0.797,481023000,17777000,463246000,481023000,0,67049000.0,0,0.027,0.94,310923000.0,377972000.0,0.171,377972000.0,310923000.0,281597000.0,2.56,2.53,2.56,1346611000,1343116500.0,1346611000,2232058322,7.0,5.905,152840000.0,2.173,1.0,1448626000.0,0.657,135516000,29326000.0,2202606000,2159696500.0,251289000,0,0,0,1072717000,417674000,655043000,1895590322,96932000.0,-52957000.0,-112764000.0,135770000.0,-52410000.0,-29404000.0,-84932000.0,0.0,211268000.0,0.0,180222000.0,180222000.0,180222000.0,0.0,0.0,0.082,1137703000.0,310923000.0,175366000,0.297,1.408,10.518,10.986,434806000,0.0,28.125,0.859,0.897,390740000,1317489000.0,2205706000.0,2205706000.0,0.0,0.077,0.134,0.144,0.141,0.0,1122506000.0,1.0,67398767,70345980,70345980.0,31.355,2283812000,133092000,101375000.0,76917000,32.465,728144000
15,AM1,ARY,1998-12-31,1998-05-14,1998-02-28,2021-09-13,-23437000,2145892000,2159768250.0,1023245000,1122647000,1.024,18.251,-65750000.0,47623000,47623000,790688000.0,190084000.0,1.978,0.595,348440000,199640000,148800000,348440000,0,65926000.0,0,0.015,0.54,315429000.0,381355000.0,0.172,381355000.0,315429000.0,292437000.0,2.58,2.55,2.58,1345217000,1359878250.0,1345217000,4043976064,13.0,10.604,129442000.0,1.756,1.0,1421426000.0,0.643,0,22992000.0,1929493000,2036044750.0,271205000,0,0,0,800675000,517216000,283459000,3743159064,12573000.0,82000000.0,-153100000.0,10491000.0,-51959000.0,-194568000.0,11949000.0,0.0,195192000.0,0.0,190084000.0,190084000.0,190084000.0,0.0,0.0,0.086,1105997000.0,315429000.0,145554000,0.275,2.783,19.692,18.726,447632000,0.0,48.312,1.692,1.61,373594000,1207032000.0,2212114000.0,2212114000.0,0.0,0.088,0.14,0.155,0.143,0.0,1128122000.0,1.0,77478066,73708100,73708100.0,30.012,2145892000,120507000,102353000.0,65258000,29.113,506029000
16,AM1,ARY,1997-12-31,1997-05-27,1997-02-28,2021-09-13,-19646000,2135120000,,1004891000,1130229000,,18.199,-90316000.0,35050000,35050000,805124000.0,167095000.0,2.27,0.568,352810000,133171000,219639000,352810000,0,64566000.0,0,0.02,0.68,285079000.0,349645000.0,0.161,349645000.0,285079000.0,254330000.0,2.23,,2.23,1361655000,,1361655000,2884249005,10.0,8.249,63587000.0,0.85,1.0,1367174000.0,0.629,0,30749000.0,2010137000,,303611000,0,0,0,773465000,442743000,330722000,2566489005,4920000.0,0.0,5134000.0,1088000.0,-50152000.0,-43930000.0,-105053000.0,0.0,153903000.0,0.0,167095000.0,167095000.0,167095000.0,0.0,0.0,0.077,1082095000.0,285079000.0,157628000,0.305,1.885,15.359,15.303,462787000,0.0,34.125,1.181,1.175,375324000,1068907000.0,2172298000.0,2172298000.0,0.0,,,,0.131,0.0,1082095000.0,1.0,75208469,74818960,,29.034,2135120000,100732000,87235000.0,48719000,28.537,562148000
0,AM1,ARQ,2013-06-30,2013-07-10,2013-05-31,2021-09-13,-18910000,1547854000,,634084000,913770000,,22.14,-15228000.0,63997000,63997000,203837000.0,33393000.0,1.923,1.177,260281000,0,260281000,260281000,31872000,13057000.0,0,0.032,0.15,56858000.0,69915000.0,0.141,69915000.0,56858000.0,52546000.0,1.04,1.02,1.04,711040000,,711040000,807560808,6.0,4.102,9098000.0,0.283,1.0,293466000.0,0.59,0,4312000.0,1414436000,,237824000,0,0,0,836814000,329702000,507112000,611276808,-22062000.0,0.0,-390000.0,-26100000.0,-4784000.0,-31027000.0,-15228000.0,0.0,24326000.0,-133000.0,33393000.0,33393000.0,33393000.0,0.0,0.0,0.067,238101000.0,55365000.0,111180000,0.144,0.86,8.037,8.181,375080000,0.0,18.98,0.31,0.309,122303000,1265813000.0,497303000.0,497303000.0,0.0,,,,,2475000.0,241419000.0,1.0,32206365,32115319,32701678.0,15.485,1547854000,148101000,19153000.0,26682000,48.197,304382000
1,AM1,ARQ,2013-03-31,2013-05-09,2013-02-28,2021-09-13,-17133000,1583463000,,661906000,921557000,,21.466,-26447000.0,86059000,86059000,233073000.0,47731000.0,1.796,1.322,286381000,0,286381000,286381000,31851000,13310000.0,0,0.033,0.15,88246000.0,101556000.0,0.177,101556000.0,88246000.0,83664000.0,1.44,1.41,1.44,681877000,,681877000,786342415,8.0,5.132,104222000.0,3.281,1.0,341910000.0,0.595,0,4582000.0,1415189000,,242447000,0,0,0,901586000,368596000,532990000,586020415,22768000.0,1141000.0,-4401000.0,-70451000.0,-4745000.0,-78857000.0,-25306000.0,0.0,130669000.0,-3738000.0,47731000.0,47731000.0,47731000.0,0.0,0.0,0.083,266535000.0,75375000.0,119777000,0.104,0.859,11.74,12.247,372452000,0.0,18.37,0.314,0.327,105497000,1238396000.0,574983000.0,574983000.0,0.0,,,,,2937000.0,260784000.0,1.0,31900948,31765197,32651617.0,18.101,1583463000,164914000,35933000.0,26533000,49.849,293310000
2,AM1,ARQ,2012-12-31,2013-01-02,2012-11-23,2021-09-13,-11279000,1704719000,,761510000,943209000,,20.178,-41279000.0,63291000,63291000,244071000.0,-809000.0,1.797,1.65,356832000,0,356832000,356832000,26404000,12785000.0,0,0.035,0.15,2405000.0,15190000.0,0.03,15190000.0,2405000.0,-2099000.0,-0.03,-0.03,-0.03,643220000,,643220000,829485518,19.0,9.33,-58064000.0,-1.821,1.0,262743000.0,0.518,0,4504000.0,1574388000,,264330000,0,0,0,1061499000,423872000,637627000,535944518,1548000.0,4920000.0,-17947000.0,76651000.0,-4742000.0,53999000.0,-36359000.0,0.0,-16785000.0,693000.0,-809000.0,-809000.0,-809000.0,0.0,0.0,-0.002,262307000.0,436000.0,194945000,-5.0,0.833,-67.584,-89.158,361692000,0.0,16.94,0.306,0.308,197844000,1196460000.0,506814000.0,506814000.0,0.0,,,,,2965000.0,264524000.0,1.0,31637811,31877088,31877088.0,15.899,1704719000,201372000,-1290000.0,35649000,53.478,337638000
3,AM1,ARQ,2012-09-30,2012-10-03,2012-08-24,2021-09-13,-14104000,1572402000,,648112000,924290000,,19.517,-29157000.0,61743000,61743000,176732000.0,-4254000.0,1.86,1.387,280181000,0,280181000,280181000,30517000,11841000.0,0,0.045,0.15,-1637000.0,10204000.0,0.026,10204000.0,-1637000.0,-6071000.0,-0.13,-0.13,-0.13,658755000,,658755000,747983320,10.0,6.287,-30175000.0,-0.894,1.0,217104000.0,0.551,0,4434000.0,1442305000,,275978000,0,0,0,913647000,348535000,565112000,529545320,1563000.0,621000.0,-20021000.0,55000000.0,-5071000.0,29916000.0,-28536000.0,0.0,-1018000.0,1201000.0,-4254000.0,-4254000.0,-4254000.0,0.0,0.0,-0.011,219087000.0,-1983000.0,135247000,-1.154,0.804,40.346,47.857,331574000,0.0,16.75,0.31,0.33,97564000,1202015000.0,393836000.0,393836000.0,0.0,,,,,2972000.0,219865000.0,1.0,31614646,33753382,33753382.0,11.668,1572402000,198816000,-1817000.0,36484000,46.585,299577000
4,AM1,ARQ,2012-06-30,2012-07-05,2012-05-25,2021-09-13,-19755000,1488471000,,546817000,941654000,,19.136,-16413000.0,60180000,60180000,163864000.0,7250000.0,1.842,1.191,225181000,0,225181000,225181000,34351000,11469000.0,0,0.052,0.15,14796000.0,26265000.0,0.067,26265000.0,14796000.0,10420000.0,0.2,0.2,0.2,679434000,,679434000,650107615,6.0,4.348,33485000.0,0.943,1.0,229242000.0,0.583,0,4376000.0,1356655000,,214588000,0,0,0,809037000,296817000,512220000,485106615,-72258000.0,-56560000.0,-41270000.0,0.0,-5369000.0,-47060000.0,-72973000.0,0.0,49898000.0,-2123000.0,7250000.0,7250000.0,7250000.0,0.0,0.0,0.018,208905000.0,20337000.0,99872000,0.75,0.714,15.229,17.083,292817000,0.0,14.35,0.288,0.302,97657000,1211320000.0,393106000.0,393106000.0,0.0,,,,,1869000.0,207331000.0,1.0,33805339,35505749,36154078.0,11.072,1488471000,182295000,3170000.0,32752000,41.922,250000000
5,AM1,ARQ,2012-03-31,2012-04-30,2012-02-29,2021-09-13,-11830000,1549464000,,640959000,908505000,,19.234,-27148000.0,132438000,132438000,194946000.0,-10117000.0,2.101,1.13,225181000,0,225181000,225181000,35519000,9506000.0,0,0.037,0.15,27737000.0,37243000.0,0.081,37243000.0,27737000.0,-7628000.0,-0.23,-0.21,-0.23,727458000,,727458000,655146712,4.0,3.446,121355000.0,3.209,1.0,265441000.0,0.577,0,35365000.0,1337126000,,208945000,0,0,0,822006000,305081000,516925000,562403712,46777000.0,0.0,-29295000.0,-44178000.0,-5747000.0,-78132000.0,-27148000.0,0.0,148503000.0,3554000.0,-10117000.0,-10117000.0,-10117000.0,0.0,0.0,-0.022,235567000.0,29874000.0,86166000,-0.652,0.773,9.833,11.111,277597000,0.0,16.0,0.332,0.374,113840000,1210110000.0,460387000.0,460387000.0,0.0,,,,,2944000.0,209293000.0,1.0,35150232,37820659,37009285.0,12.173,1549464000,179346000,2489000.0,29786000,40.969,335878000
6,AM1,ARQ,2011-12-31,2012-01-04,2011-11-25,2021-09-13,-14293000,1557280000,,720167000,837113000,,19.427,-10101000.0,85661000,85661000,230572000.0,20246000.0,2.05,1.03,234642000,0,234642000,234642000,0,9733000.0,0,0.048,0.15,35521000.0,45254000.0,0.098,45254000.0,35521000.0,29700000.0,0.51,0.5,0.51,766977000,,766977000,627939862,4.0,3.044,-78295000.0,-1.983,1.0,233043000.0,0.503,27713000,5821000.0,1327221000,,214412000,0,0,0,790303000,351327000,438976000,478958862,-123665000.0,93000.0,-34442000.0,0.0,-5970000.0,-40402000.0,-10008000.0,0.0,-68194000.0,-5061000.0,20246000.0,20246000.0,20246000.0,0.0,0.0,0.044,199807000.0,33236000.0,108254000,0.294,0.624,5.785,6.068,258040000,0.0,12.5,0.289,0.298,235318000,1228269000.0,463615000.0,463615000.0,0.0,,,,,2676000.0,200620000.0,1.0,38316709,39480798,40436865.0,11.743,1529567000,185995000,9454000.0,48395000,38.742,368840000
7,AM1,ARQ,2011-09-30,2011-11-14,2011-08-26,2021-09-13,764000,1586139000,,745578000,840561000,,19.648,-15517000.0,209326000,209326000,158198000.0,14476000.0,2.222,0.984,233970000,0,233970000,233970000,0,10057000.0,0,0.037,0.15,30716000.0,40773000.0,0.111,40773000.0,30716000.0,24953000.0,0.36,0.35,0.36,799623000,,799623000,665001989,4.0,2.908,8750000.0,0.215,1.0,210595000.0,0.571,29044000,5763000.0,1246191000,,248805000,0,0,0,786516000,335548000,450968000,640357989,-1813000.0,0.0,-10627000.0,0.0,-6114000.0,-14371000.0,-11017000.0,0.0,24267000.0,-692000.0,14476000.0,14476000.0,14476000.0,0.0,0.0,0.039,180893000.0,29702000.0,118162000,0.417,0.801,6.761,6.83,251580000,0.0,16.05,0.394,0.402,111691000,1214008000.0,368793000.0,368793000.0,0.0,,,,,2700000.0,186015000.0,1.0,39897694,40696961,41688787.0,9.062,1557095000,189470000,10477000.0,48552000,38.261,410030000
8,AM1,ARQ,2011-09-30,2011-10-05,2011-08-26,2021-09-13,764000,1571293000,,730731000,840562000,,19.283,-15517000.0,209326000,209326000,158198000.0,14476000.0,2.178,1.002,233970000,0,233970000,233970000,0,10057000.0,0,0.036,0.3,30716000.0,40773000.0,0.111,40773000.0,30716000.0,24953000.0,0.36,0.35,0.36,784776000,,784776000,683354928,4.0,2.989,8750000.0,0.215,1.0,210595000.0,0.571,29044000,5763000.0,1231345000,,248805000,0,0,0,786517000,335548000,450969000,658710928,-1813000.0,0.0,-10627000.0,0.0,-6114000.0,-14371000.0,-11017000.0,0.0,24267000.0,-692000.0,14476000.0,14476000.0,14476000.0,0.0,0.0,0.039,180893000.0,29702000.0,118162000,0.833,0.839,6.955,7.026,251580000,0.0,16.51,0.405,0.414,111691000,1199161000.0,368793000.0,368793000.0,0.0,,,,,2700000.0,186015000.0,1.0,39897694,40696961,41688787.0,9.062,1542249000,174623000,10477000.0,48552000,37.896,395183000
9,AM1,ARQ,2011-06-30,2011-07-06,2011-05-27,2021-09-13,2121000,1554266000,,722879000,831387000,,19.362,-8867000.0,211139000,211139000,157929000.0,32593000.0,2.272,0.982,233298000,0,233298000,233298000,0,9929000.0,0,0.018,0.0,56914000.0,66843000.0,0.166,66843000.0,56914000.0,50790000.0,0.8,0.78,0.8,784162000,,784162000,1002709855,6.0,4.521,3095000.0,0.076,1.0,244420000.0,0.607,29701000,6124000.0,1228534000,,203346000,0,0,0,770104000,318190000,451914000,980550855,-4699000.0,-5992000.0,2058000.0,0.0,-6062000.0,-4004000.0,-14859000.0,0.0,11962000.0,2202000.0,32593000.0,32593000.0,32593000.0,0.0,0.0,0.081,187667000.0,56753000.0,98641000,0.0,1.25,11.046,10.959,242483000,0.0,24.11,0.613,0.611,137213000,1190808000.0,402349000.0,402349000.0,0.0,,,,,2662000.0,188590000.0,1.0,40669882,40500357,41799366.0,9.934,1524565000,174417000,18197000.0,50884000,37.643,404689000
10,AM1,ARQ,2011-03-31,2011-04-29,2011-02-28,2021-09-13,-2346000,1532402000,,700924000,831478000,,18.632,-6279000.0,215838000,215838000,179465000.0,15484000.0,2.046,1.046,232688000,0,232688000,232688000,0,10712000.0,0,0.023,0.15,42682000.0,53394000.0,0.126,53394000.0,42682000.0,36434000.0,0.39,0.36,0.39,748911000,,748911000,1011193833,6.0,4.546,115779000.0,2.881,1.0,243838000.0,0.576,28903000,6248000.0,1177804000,,179730000,0,0,0,783491000,342545000,440946000,994343833,121939000.0,-500000.0,-3293000.0,-21000.0,-5617000.0,-4419000.0,-1116000.0,0.0,122058000.0,5416000.0,15484000.0,15484000.0,15484000.0,0.0,0.0,0.037,203943000.0,39895000.0,87105000,0.385,1.328,11.427,11.284,241649000,0.0,24.6,0.624,0.618,119779000,1171008000.0,423303000.0,423303000.0,0.0,,,,,13017000.0,204570000.0,1.0,40420481,40194002,42243720.0,10.531,1503499000,174840000,20950000.0,42687000,37.406,358379000
11,AM1,ARQ,2010-12-31,2011-01-05,2010-11-26,2021-09-13,-27114000,1511476000,,692466000,819010000,,17.713,-4694000.0,93899000,93899000,199177000.0,32163000.0,1.904,1.13,232078000,0,232078000,232078000,0,9873000.0,0,0.024,0.14,57764000.0,67637000.0,0.157,67637000.0,57764000.0,51543000.0,0.8,0.78,0.8,709774000,,709774000,1087552720,6.0,4.984,-35500000.0,-0.886,1.0,230961000.0,0.537,31686000,6221000.0,1254186000,,181511000,0,0,0,801702000,363783000,437919000,949373720,-39935000.0,0.0,419000.0,-261000.0,-5610000.0,-5452000.0,-4694000.0,0.0,-30806000.0,1017000.0,32163000.0,32163000.0,32163000.0,0.0,0.0,0.075,174991000.0,55970000.0,97899000,0.175,1.338,10.51,10.419,236742000,0.0,23.65,0.595,0.594,206286000,1162568000.0,430138000.0,430138000.0,0.0,,,,,0.0,176039000.0,1.0,40142652,40071916,40985909.0,10.734,1479790000,217614000,19380000.0,72417000,36.928,328683000
12,AM1,ARQ,2010-09-30,2010-10-06,2010-08-27,2021-09-13,-30815000,1436967000,,599330000,837637000,,16.879,-5721000.0,133834000,133834000,145713000.0,8532000.0,1.854,1.127,231525000,0,231525000,231525000,0,10169000.0,0,0.028,0.14,23731000.0,33900000.0,0.099,33900000.0,23731000.0,17013000.0,0.21,0.21,0.21,675629000,,675629000,870329596,5.0,4.231,50287000.0,1.256,1.0,197106000.0,0.575,29929000,6718000.0,1181482000,,189366000,0,0,0,761338000,323247000,438091000,772638596,-52941000.0,628000.0,-135000.0,-101917000.0,-5602000.0,-107654000.0,-5093000.0,0.0,56008000.0,3798000.0,8532000.0,8532000.0,8532000.0,0.0,0.0,0.025,173575000.0,23531000.0,88668000,0.667,1.144,8.794,8.685,240124000,0.0,19.28,0.481,0.481,89408000,1136031000.0,342819000.0,342819000.0,0.0,,,,,0.0,174511000.0,1.0,40074616,40026649,40875329.0,8.565,1407038000,215517000,8481000.0,55246000,35.153,276083000
13,AM1,ARQ,2010-06-30,2010-07-07,2010-05-28,2021-09-13,-40257000,1494229000,,660707000,833522000,,16.643,-5410000.0,186775000,186775000,158013000.0,30839000.0,1.615,1.265,329973000,99000000,230973000,329973000,0,10294000.0,0,0.033,0.14,57219000.0,67513000.0,0.17,67513000.0,57219000.0,51017000.0,0.78,0.75,0.78,659695000,,659695000,908737213,5.0,4.064,27129000.0,0.684,1.0,238295000.0,0.601,30238000,6202000.0,1198145000,,157913000,0,0,0,834534000,409044000,425490000,765539213,48826000.0,24523000.0,6108000.0,-250000.0,-5525000.0,333000.0,19113000.0,0.0,32539000.0,-3159000.0,30839000.0,30839000.0,30839000.0,0.0,0.0,0.078,182989000.0,55306000.0,80205000,0.179,1.16,7.472,7.358,239841000,0.0,19.13,0.473,0.468,110085000,1133116000.0,396308000.0,396308000.0,0.0,,,,,0.0,183583000.0,1.0,40017732,39638568,40849429.0,9.998,1463991000,225158000,20178000.0,55938000,36.933,251663000
14,AM1,ARQ,2010-03-31,2010-04-29,2010-02-28,2021-09-13,-29815000,1529651000,,677424000,852227000,,16.118,-4944000.0,137949000,137949000,187661000.0,18796000.0,1.821,1.405,329723000,1000000,328723000,329723000,0,11044000.0,0,0.02,0.14,38100000.0,49144000.0,0.115,49144000.0,38100000.0,31778000.0,0.48,0.44,0.48,636064000,,636064000,1193004131,8.0,6.2,118346000.0,2.999,1.0,238759000.0,0.56,31106000,6322000.0,1318276000,,163956000,0,0,0,893587000,372043000,521544000,1001230131,87386000.0,0.0,3000000.0,-27750000.0,-4722000.0,-29472000.0,-4944000.0,0.0,123290000.0,-1488000.0,18796000.0,18796000.0,18796000.0,0.0,0.0,0.044,203098000.0,35661000.0,95434000,0.292,1.574,12.274,12.237,244751000,0.0,25.33,0.612,0.611,135758000,1112047000.0,426420000.0,426420000.0,0.0,,,,,0.0,229209000.0,1.0,39527443,39463365,42152863.0,10.805,1498545000,226643000,12982000.0,42080000,37.973,305381000
15,AM1,ARQ,2009-12-31,2010-01-06,2009-11-27,2021-09-13,-35824000,1464964000,,639846000,825118000,,15.521,-5764000.0,50563000,50563000,204997000.0,29695000.0,1.904,1.396,356974000,1000000,355974000,356974000,0,10655000.0,0,0.022,0.12,44470000.0,55125000.0,0.125,55125000.0,44470000.0,38139000.0,0.75,0.75,0.75,611411000,,611411000,1154233282,24.0,12.334,-15730000.0,-0.399,1.0,235169000.0,0.534,38177000,6331000.0,1397071000,,176161000,0,0,0,853553000,336127000,517426000,847822282,660000.0,0.0,-2058000.0,20150000.0,-4734000.0,13358000.0,-4114000.0,0.0,-9966000.0,1382000.0,29695000.0,29695000.0,29695000.0,0.0,0.0,0.067,192825000.0,42344000.0,86835000,0.16,1.387,66.758,47.711,271937000,0.0,21.47,0.52,0.518,193317000,1097983000.0,440166000.0,440166000.0,0.0,,,,,0.0,193400000.0,1.0,39488695,39391399,39755233.0,11.174,1426787000,233940000,8444000.0,42414000,36.221,303719000
16,AM1,ARQ,2009-09-30,2009-10-07,2009-08-28,2021-09-13,-40562000,1388678000,,545964000,842714000,,14.769,-5922000.0,49903000,49903000,153248000.0,23122000.0,1.741,1.386,336372000,1000000,335372000,336372000,0,11073000.0,0,0.027,0.24,40765000.0,51838000.0,0.145,51838000.0,40765000.0,34094000.0,0.59,0.59,0.59,581997000,,581997000,1174005395,-5.0,-6.859,69515000.0,1.764,1.0,203102000.0,0.57,26393000,6671000.0,1335247000,,208130000,0,0,0,806681000,313507000,493174000,887536395,-37708000.0,-3014000.0,-238000.0,-100875000.0,-4728000.0,-105841000.0,-5873000.0,0.0,75437000.0,-1431000.0,23122000.0,23122000.0,23122000.0,0.0,0.0,0.065,164617000.0,38485000.0,96279000,0.407,1.525,-4.22,-4.945,285703000,0.0,22.5,0.539,0.539,78070000,1073029000.0,356350000.0,356350000.0,0.0,,,,,0.0,166014000.0,1.0,39446062,39407532,39407532.0,9.043,1362285000,230803000,10972000.0,33592000,34.569,232457000
17,AM1,ARQ,2009-06-30,2009-07-08,2009-05-29,2021-09-13,-43276000,1461324000,,604468000,856856000,,14.135,-8796000.0,87611000,87611000,167169000.0,9961000.0,1.8,1.61,436780000,27325000,409455000,436780000,0,12393000.0,0,0.04,0.0,23930000.0,36323000.0,0.088,36323000.0,23930000.0,16943000.0,0.25,0.25,0.25,559872000,,559872000,819844624,-3.0,-4.045,-67000.0,-0.002,1.0,245753000.0,0.595,25921000,6987000.0,1448837000,,181425000,0,0,0,901452000,335735000,565717000,470675624,27395000.0,-16286000.0,-5847000.0,46125000.0,-4865000.0,35413000.0,-25082000.0,0.0,8729000.0,8335000.0,9961000.0,9961000.0,9961000.0,0.0,0.0,0.024,223141000.0,22612000.0,85483000,0.0,0.841,-2.036,-2.346,288922000,0.0,11.94,0.281,0.282,110743000,1054734000.0,412922000.0,412922000.0,0.0,,,,,0.0,195368000.0,1.0,39420069,39608947,39608947.0,10.425,1435403000,238191000,6982000.0,33531000,36.239,268733000
18,AM1,ARQ,2009-03-31,2009-04-29,2009-02-28,2021-09-13,-67278000,1433788000,,561395000,872393000,,11.988,-11258000.0,60216000,60216000,223288000.0,-50078000.0,1.635,1.709,390223000,750000,389473000,390223000,0,12284000.0,0,0.064,0.12,-61986000.0,-49702000.0,-0.118,-49702000.0,-61986000.0,-67867000.0,-1.14,-1.14,-1.14,529189000,,529189000,625317357,-2.0,-3.095,145946000.0,3.306,1.0,199231000.0,0.472,26871000,5881000.0,1393519000,,203873000,0,0,0,904599000,343405000,561194000,295310357,4612000.0,-22257000.0,-22762000.0,-86345000.0,-5450000.0,-114557000.0,-33515000.0,0.0,157204000.0,-4520000.0,-50078000.0,-50078000.0,-50078000.0,0.0,0.0,-0.119,256781000.0,-57550000.0,117504000,-0.105,0.558,-1.297,-1.532,297779000,0.0,7.49,0.175,0.206,63281000,1044926000.0,422519000.0,422519000.0,0.0,,,,,0.0,209571000.0,1.0,39427284,44144200,44144200.0,9.571,1406917000,250635000,-17789000.0,33644000,31.871,217990000
19,AM1,ARQ,2008-12-31,2009-01-07,2008-11-28,2021-09-13,-48334000,1637775000,,710956000,926819000,,13.895,-15772000.0,55604000,55604000,223214000.0,-193311000.0,1.111,1.593,448629000,247945000,200684000,448629000,0,12408000.0,0,0.068,0.24,-222033000.0,-209625000.0,-0.462,-209625000.0,-222033000.0,-228667000.0,-4.25,-4.25,-4.25,631682000,,631682000,711364164,-4.0,-5.853,-46262000.0,-1.018,1.0,230870000.0,0.508,56965000,6634000.0,1333975000,,246596000,0,0,0,1006093000,639860000,366233000,318339164,-28436000.0,0.0,-4993000.0,38300000.0,-5449000.0,27858000.0,-15772000.0,0.0,-30490000.0,-10032000.0,-193311000.0,-193311000.0,-193311000.0,0.0,0.0,-0.426,453058000.0,-222188000.0,135002000,-0.056,0.504,-1.964,-1.936,294908000,0.0,7.01,0.181,0.181,163463000,1105472000.0,454084000.0,454084000.0,0.0,,,,,0.0,210660000.0,1.0,45412149,45460385,45460385.0,9.989,1580810000,228759000,-35356000.0,53915000,34.773,71096000
20,AM1,ARQ,2008-09-30,2008-10-08,2008-08-29,2021-09-13,-9711000,1807298000,,644478000,1162820000,,18.287,-18447000.0,84040000,84040000,170112000.0,2297000.0,1.147,1.069,410334000,209645000,200689000,410334000,0,12539000.0,0,0.028,0.12,7800000.0,20339000.0,0.053,20339000.0,7800000.0,2366000.0,0.05,0.05,0.05,873574000,,873574000,883499436,9.0,5.928,-60234000.0,-1.261,1.0,215723000.0,0.559,289662000,5434000.0,1282144000,,260845000,0,0,0,933724000,561786000,371938000,557205436,-24152000.0,0.0,-46028000.0,138991000.0,-5815000.0,87148000.0,-62600000.0,0.0,-41787000.0,-6913000.0,2297000.0,2297000.0,2297000.0,0.0,0.0,0.006,211438000.0,4285000.0,125648000,2.4,0.638,9.255,10.578,301698000,0.0,12.27,0.311,0.327,62918000,1304343000.0,385835000.0,385835000.0,0.0,,,,,0.0,211549000.0,1.0,45412016,47769594,47807313.0,8.077,1517636000,187976000,69000.0,31072000,31.77,82692000
21,AM1,ARQ,2008-06-30,2008-07-09,2008-05-30,2021-09-13,20746000,1771911000,,634702000,1137209000,,19.511,-9823000.0,108192000,108192000,193342000.0,13333000.0,1.46,0.861,271376000,70835000,200541000,271376000,0,12785000.0,0,0.025,0.0,24140000.0,36925000.0,0.086,36925000.0,24140000.0,19235000.0,0.27,0.27,0.27,952174000,,952174000,796636102,7.0,5.041,-21710000.0,-0.445,1.0,234958000.0,0.549,300323000,4905000.0,1200172000,,212032000,0,0,0,819737000,434600000,385137000,633452102,-15308000.0,-15625000.0,325000.0,28045000.0,-5852000.0,22518000.0,-25448000.0,0.0,-11887000.0,-491000.0,13333000.0,13333000.0,13333000.0,0.0,0.0,0.031,212709000.0,22249000.0,110394000,0.0,0.665,9.556,10.294,298652000,0.0,12.97,0.355,0.355,59897000,1307892000.0,428300000.0,428300000.0,0.0,,,,,0.0,213436000.0,1.0,48839792,48800941,48833108.0,8.776,1471588000,200722000,5902000.0,50334000,30.155,200102000
22,AM1,ARQ,2008-03-31,2008-04-29,2008-02-29,2021-09-13,21244000,1804428000,,669370000,1135058000,,18.536,-18781000.0,123500000,123500000,233262000.0,15562000.0,1.48,0.913,243308000,42790000,200518000,243308000,0,12533000.0,0,0.023,0.12,18290000.0,30823000.0,0.062,30823000.0,18290000.0,12715000.0,0.31,0.31,0.31,943411000,,943411000,1010425860,7.0,5.257,181412000.0,3.564,1.0,260051000.0,0.527,285072000,5575000.0,1186743000,,216671000,0,0,0,861017000,452421000,408596000,890617860,52383000.0,-25082000.0,-96798000.0,-3700000.0,-5146000.0,-105644000.0,-43863000.0,0.0,200193000.0,917000.0,15562000.0,15562000.0,15562000.0,-1078000.0,0.0,0.032,244696000.0,15355000.0,123713000,0.387,0.944,10.73,11.935,296005000,0.0,18.26,0.501,0.557,61902000,1300662000.0,493313000.0,493313000.0,0.0,,,,,0.0,245214000.0,1.0,48774253,50895636,50843222.0,9.693,1519356000,206042000,-2847000.0,55395000,29.852,216949000
23,AM1,ARQ,2007-12-31,2008-01-02,2007-11-23,2021-09-13,22982000,1868483000,,808341000,1060142000,,18.718,-22266000.0,71117000,71117000,223329000.0,29016000.0,1.773,0.814,247465000,46490000,200975000,247465000,0,12083000.0,0,0.025,0.1,48868000.0,60951000.0,0.125,60951000.0,48868000.0,44033000.0,0.53,0.52,0.53,1029919000,,1029919000,1184059235,9.0,6.853,-37002000.0,-0.672,1.0,262417000.0,0.54,267308000,4835000.0,1321680000,,239209000,0,0,0,838564000,455843000,382721000,1007711235,-121333000.0,-44336000.0,-60741000.0,23800000.0,-5542000.0,-42483000.0,-66602000.0,0.0,-14736000.0,2538000.0,29016000.0,29016000.0,29016000.0,472000.0,0.0,0.06,219774000.0,42643000.0,131099000,0.189,0.978,18.25,18.931,291551000,0.0,19.31,0.577,0.608,205702000,1290284000.0,485746000.0,485746000.0,0.0,,,,,0.0,219901000.0,1.0,52185978,55022689,55466351.0,8.828,1601175000,188527000,15017000.0,63132000,29.1,352498000
24,AM1,ARQ,2007-09-30,2007-10-03,2007-08-24,2021-09-13,10690000,1802513000,,796023000,1006490000,,18.887,-7487000.0,192450000,192450000,163052000.0,8375000.0,2.147,0.711,223678000,22690000,200988000,223678000,0,11930000.0,0,0.017,0.1,17401000.0,29331000.0,0.078,29331000.0,17401000.0,12562000.0,0.15,0.15,0.15,1053286000,,1053286000,1560937229,10.0,7.728,28972000.0,0.52,1.0,214375000.0,0.568,226920000,4839000.0,1236008000,,248176000,0,0,0,749227000,370813000,378414000,1529709229,59868000.0,1075000.0,6577000.0,0.0,-5579000.0,998000.0,21913000.0,28325000.0,36459000.0,745000.0,8375000.0,8375000.0,8375000.0,351000.0,0.0,0.022,200202000.0,14173000.0,126341000,0.667,1.452,20.152,20.722,277671000,0.0,27.56,0.863,0.867,71195000,1266850000.0,377427000.0,377427000.0,0.0,,,,,0.0,200522000.0,1.0,55504689,55766802,56180165.0,6.768,1575593000,165367000,4187000.0,31387000,28.253,425210000
25,AM1,ARQ,2007-06-30,2007-07-05,2007-05-25,2021-09-13,6030000,1773167000,,767717000,1005450000,,18.776,-4985000.0,132582000,132582000,161128000.0,30050000.0,2.27,0.709,223800000,0,223800000,223800000,0,11989000.0,0,0.015,0.1,59098000.0,71087000.0,0.17,71087000.0,59098000.0,54341000.0,0.54,0.54,0.54,1037639000,,1037639000,1685418314,13.0,9.289,16636000.0,0.301,1.0,256885000.0,0.615,225318000,4757000.0,1300907000,,192399000,28325000,28325000,0,735528000,338160000,397368000,1594200314,-12131000.0,-3712000.0,5790000.0,0.0,-5536000.0,254000.0,-37022000.0,-28325000.0,21621000.0,3558000.0,30050000.0,30050000.0,30050000.0,572000.0,0.0,0.072,197215000.0,59670000.0,100914000,0.185,1.536,27.951,28.65,280505000,0.0,28.65,0.908,0.902,119145000,1264067000.0,418013000.0,418013000.0,0.0,,,,,0.0,202562000.0,1.0,55643990,55262716,55650033.0,7.564,1547849000,178952000,24291000.0,57062000,28.009,429557000
26,AM1,ARQ,2007-03-31,2007-04-30,2007-02-28,2021-09-13,-1013000,1778214000,,799281000,978933000,,18.358,-7984000.0,144713000,144713000,230922000.0,-12223000.0,2.143,0.756,223915000,0,223915000,223915000,0,12111000.0,0,0.013,0.1,-688000.0,11423000.0,0.025,11423000.0,-688000.0,-8650000.0,-0.2,-0.17,-0.2,1012574000,,1012574000,1482951976,14.0,9.703,270273000.0,4.9,1.0,234796000.0,0.504,224105000,7962000.0,1260311000,,182618000,0,0,0,765640000,373000000,392640000,1403749976,58497000.0,-1968000.0,-70282000.0,-142189000.0,-4509000.0,-216980000.0,-3792000.0,0.0,278257000.0,1578000.0,-12223000.0,-12223000.0,-12223000.0,6088000.0,0.0,-0.026,229396000.0,5400000.0,118204000,-0.5,1.386,33.124,34.863,285072000,0.0,25.45,0.805,0.805,103992000,1254020000.0,465718000.0,465718000.0,0.0,,,,,0.0,237844000.0,1.0,55157170,55157170,,8.443,1554109000,188248000,3573000.0,32700000,28.176,426281000
27,AM1,ARQ,2006-12-31,2007-01-03,2006-11-24,2021-09-13,36067000,2013200000,,1029333000,983867000,,19.087,-10657000.0,86216000,86216000,245355000.0,49707000.0,1.957,0.773,365985000,142000000,223985000,365985000,0,12420000.0,0,0.017,0.16,77736000.0,90156000.0,0.176,90156000.0,77736000.0,70785000.0,0.84,0.83,0.84,1135727000,,1135727000,1622337571,10.0,7.487,-48179000.0,-0.81,1.0,266884000.0,0.521,221929000,6951000.0,1545198000,,247909000,0,0,0,877473000,525842000,351631000,1342568571,-2897000.0,3000000.0,-74831000.0,121709000.0,-4745000.0,42133000.0,-7657000.0,0.0,-37522000.0,149000.0,49707000.0,49707000.0,49707000.0,-3100000.0,0.0,0.097,192248000.0,74636000.0,127287000,0.19,1.182,13.928,15.141,300420000,0.0,23.62,0.756,0.792,236834000,1267757000.0,512239000.0,512239000.0,0.0,,,,,0.0,225041000.0,1.0,56840329,59502276,59902127.0,8.609,1791271000,162156000,21078000.0,40723000,30.104,503491000
28,AM1,ARQ,2006-09-30,2006-10-04,2006-08-25,2021-09-13,29726000,1889300000,,819212000,1070088000,,19.909,-8816000.0,89113000,89113000,174193000.0,-10498000.0,2.155,0.632,244078000,20000000,224078000,244078000,0,13072000.0,0,0.013,0.08,-4298000.0,8774000.0,0.024,8774000.0,-4298000.0,-11907000.0,-0.18,-0.18,-0.18,1157368000,,1157368000,1582707745,13.0,9.007,-3906000.0,-0.067,1.0,185882000.0,0.516,217804000,7609000.0,1446247000,,277456000,0,0,0,731932000,380214000,351718000,1427742745,-116355000.0,-1595000.0,-47393000.0,-140002000.0,-4559000.0,-191954000.0,69466000.0,83100000.0,4910000.0,339000.0,-10498000.0,-10498000.0,-10498000.0,-2746000.0,0.0,-0.029,192926000.0,-7044000.0,122217000,-0.444,1.234,23.949,25.88,301520000,0.0,23.81,0.784,0.76,86264000,1222782000.0,360075000.0,360075000.0,0.0,,,,,0.0,210335000.0,1.0,59963996,58133066,58133066.0,6.194,1671496000,171827000,-1409000.0,32306000,28.753,438998000
29,AM1,ARQ,2006-06-30,2006-07-05,2006-05-26,2021-09-13,23952000,2077450000,,1035702000,1041748000,,20.449,-9422000.0,205468000,205468000,176321000.0,15392000.0,1.973,0.747,398960000,159122000,239838000,398960000,0,11777000.0,0,0.015,0.08,30710000.0,42487000.0,0.105,42487000.0,30710000.0,18246000.0,0.26,0.24,0.26,1188845000,,1188845000,1431650347,10.0,7.245,11908000.0,0.205,1.0,230250000.0,0.566,208973000,12464000.0,1537075000,,237658000,83100000,83100000,0,888605000,524894000,363711000,1238158347,-8145000.0,0.0,-58477000.0,-88639000.0,-4605000.0,-151721000.0,119441000.0,125640000.0,21330000.0,2441000.0,15392000.0,15392000.0,15392000.0,645000.0,0.0,0.038,198895000.0,31355000.0,123457000,0.308,1.041,16.879,18.826,304423000,0.0,21.65,0.67,0.681,122808000,1438528000.0,406571000.0,406571000.0,0.0,,,,,0.0,205775000.0,1.0,57189762,58137230,71077312.0,6.993,1868477000,164079000,2854000.0,50001000,32.139,510808000
30,AM1,ARQ,2006-03-31,2006-05-10,2006-02-28,2021-09-13,9823000,2218962000,,1162142000,1056820000,,19.447,-9829000.0,213613000,213613000,216120000.0,41794000.0,1.99,0.819,475308000,174792000,300516000,475308000,0,12591000.0,0,0.014,0.08,62677000.0,75268000.0,0.152,75268000.0,62677000.0,54228000.0,0.64,0.56,0.64,1220025000,,1220025000,1574289108,9.0,7.074,254855000.0,4.062,1.0,280130000.0,0.564,203599000,8449000.0,1693018000,,217318000,208740000,208740000,0,998937000,584040000,414897000,1312594108,138475000.0,-15315000.0,-93277000.0,0.0,-5043000.0,-98320000.0,-28937000.0,0.0,264684000.0,15000.0,41794000.0,41794000.0,41794000.0,8369000.0,0.0,0.084,209084000.0,71046000.0,126061000,0.125,1.076,15.556,17.812,304059000,0.0,22.8,0.696,0.798,142087000,1427785000.0,496250000.0,496250000.0,0.0,,,,,0.0,233623000.0,1.0,57569917,62736829,75747611.0,7.91,2015363000,154327000,12434000.0,39771000,32.124,578102000
31,AM1,ARQ,2005-12-31,2006-01-09,2005-11-30,2021-09-13,2045000,2359220000,,1249986000,1109234000,,19.382,-13532000.0,77606000,77606000,277249000.0,12927000.0,2.621,0.86,475967000,0,475967000,475967000,0,13205000.0,0,0.017,0.16,35987000.0,49192000.0,0.088,49192000.0,35987000.0,27581000.0,0.2,0.19,0.2,1268067000,,1268067000,1801744780,13.0,9.062,-34490000.0,-0.527,1.0,281370000.0,0.504,212694000,8406000.0,2068021000,,259363000,208740000,208740000,0,1091153000,476866000,614287000,1403383780,-86201000.0,0.0,-47573000.0,0.0,-5235000.0,-52808000.0,-12681000.0,10000.0,-20958000.0,246000.0,12927000.0,12927000.0,12927000.0,-2620000.0,0.0,0.023,248003000.0,33367000.0,135151000,0.8,1.107,21.944,23.242,313217000,0.0,22.08,0.746,0.768,316817000,1391037000.0,558619000.0,558619000.0,0.0,,,,,0.0,224781000.0,1.0,63559048,65425537,78695259.0,8.538,2146526000,167151000,14654000.0,48457000,32.809,773120000
32,AM1,ARQ,2005-09-30,2005-10-07,2005-08-31,2021-09-13,12853000,2419199000,,1236219000,1182980000,,19.635,-2840000.0,163807000,163807000,176316000.0,3241000.0,2.648,0.836,476222000,0,476222000,476222000,0,13780000.0,0,0.011,0.08,16874000.0,30654000.0,0.079,30654000.0,16874000.0,8287000.0,0.05,0.05,0.05,1317516000,,1317516000,2030930057,10.0,7.79,13098000.0,0.195,1.0,211240000.0,0.545,260276000,8587000.0,2004421000,,296133000,208750000,208750000,0,1101683000,466917000,634766000,1718515057,-50466000.0,0.0,-39702000.0,-10782000.0,-5406000.0,-55890000.0,-11361000.0,0.0,15938000.0,847000.0,3241000.0,3241000.0,3241000.0,0.0,0.0,0.008,194366000.0,16874000.0,132978000,1.6,1.304,15.103,15.753,318947000,0.0,26.15,0.901,0.92,172020000,1383347000.0,387556000.0,387556000.0,0.0,,,,,0.0,206298000.0,1.0,65717593,67101944,67913912.0,5.776,2158923000,176265000,5046000.0,58539000,32.174,769302000
33,AM1,ARQ,2005-06-30,2005-07-08,2005-05-31,2021-09-13,0,2449236000,,1228332000,1220904000,,19.79,-8571000.0,214273000,214273000,180473000.0,26414000.0,2.688,0.804,486343000,10184000,476159000,486343000,0,14646000.0,0,0.008,0.08,52772000.0,67418000.0,0.152,67418000.0,52772000.0,43090000.0,0.39,0.35,0.39,1357517000,,1357517000,2041903803,10.0,7.763,9161000.0,0.134,1.0,262803000.0,0.593,263823000,9682000.0,2000593000,,233933000,208750000,208750000,0,1091719000,456890000,634829000,1769833803,-35994000.0,0.0,-37022000.0,0.0,-5500000.0,-42522000.0,-8172000.0,-10000.0,17732000.0,-3032000.0,26414000.0,26414000.0,26414000.0,0.0,0.0,0.06,210031000.0,52772000.0,117247000,0.205,1.304,15.068,15.404,331234000,0.0,26.34,0.926,0.945,196210000,,443276000.0,443276000.0,0.0,,,,,0.0,218402000.0,1.0,67191868,68595786,81952895.0,6.462,2185413000,165123000,16676000.0,65790000,31.859,771442000
34,AM1,ARQ,2005-03-31,2005-05-11,2005-02-28,2021-09-13,29039000,2535628000,,1281639000,1253989000,,20.096,-19449000.0,250267000,250267000,244132000.0,21370000.0,2.628,0.828,486099000,0,486099000,486099000,0,14620000.0,0,0.008,0.08,36944000.0,51564000.0,0.105,51564000.0,36944000.0,28019000.0,0.31,0.28,0.31,1386780000,,1386780000,1894016895,9.0,7.027,285160000.0,4.132,1.0,246805000.0,0.503,270057000,8925000.0,2013736000,,222874000,208740000,208740000,0,1148848000,487667000,661181000,1658184895,28523000.0,-25178000.0,-1578000.0,0.0,-4139000.0,-5717000.0,-271591000.0,-208740000.0,304609000.0,1224000.0,21370000.0,21370000.0,21370000.0,0.0,0.0,0.044,209861000.0,36944000.0,143041000,0.258,1.196,17.403,17.41,339792000,0.0,24.2,0.871,0.872,200408000,1365555000.0,490937000.0,490937000.0,0.0,,,,,0.0,254216000.0,1.0,68520037,69008344,82443570.0,7.114,2265571000,193497000,6649000.0,75991000,32.83,793972000
35,AM1,ARQ,2004-12-31,2005-01-07,2004-11-30,2021-09-13,0,2467940000,,1279841000,1188099000,,20.137,-7296000.0,221744000,221744000,292737000.0,62761000.0,2.721,0.783,483988000,0,483988000,483988000,0,14104000.0,0,0.002,0.06,96975000.0,111079000.0,0.19,111079000.0,96975000.0,88231000.0,0.91,0.78,0.91,1384501000,,1384501000,1943195310,7.0,5.914,-21842000.0,-0.318,1.0,293428000.0,0.501,247836000,8744000.0,2012076000,,263482000,0,0,0,1083439000,470272000,613167000,1680951310,68981000.0,77000000.0,8236000.0,0.0,-4125000.0,4111000.0,73133000.0,0.0,-14546000.0,5889000.0,62761000.0,62761000.0,62761000.0,-22417000.0,0.0,0.107,218870000.0,74558000.0,138073000,0.066,1.214,13.755,13.615,333278000,0.0,24.37,0.858,0.855,415113000,,586165000.0,586165000.0,0.0,,,,,0.0,238211000.0,1.0,68976254,68753922,82397633.0,8.526,2220104000,165810000,25470000.0,81983000,32.291,809569000
36,AM1,ARQ,2004-09-30,2004-09-30,2004-08-31,2021-09-13,0,2314692000,,1113887000,1200805000,,18.756,-9674000.0,152763000,152763000,186717000.0,6910000.0,2.686,0.804,483876000,0,483876000,483876000,0,13160000.0,0,0.0,0.0,19799000.0,32959000.0,0.084,32959000.0,19799000.0,10636000.0,0.1,0.1,0.1,1283249000,,1283249000,2052209147,7.0,6.047,37096000.0,0.542,1.0,205176000.0,0.524,231886000,9163000.0,1999259000,,308977000,0,0,0,1031443000,414660000,616783000,1721096147,36913000.0,0.0,6640000.0,0.0,0.0,6640000.0,-12893000.0,0.0,46770000.0,-815000.0,6910000.0,6910000.0,6910000.0,-1010000.0,0.0,0.018,186387000.0,18789000.0,150513000,0.0,1.341,16.266,15.899,340299000,0.0,25.12,0.865,0.864,240684000,,391893000.0,391893000.0,0.0,,,,,0.0,203808000.0,1.0,68514974,68418773,69265799.0,5.728,2082806000,152143000,3726000.0,42439000,30.442,699227000
37,AM1,ARQ,2004-06-30,2004-07-09,2004-05-31,2021-09-13,0,2263713000,,1015291000,1248422000,,18.694,-5230000.0,115850000,115850000,187212000.0,4238000.0,2.633,0.781,483783000,0,483783000,483783000,0,15161000.0,0,0.0,0.0,59607000.0,74768000.0,0.168,74768000.0,59607000.0,6913000.0,0.06,0.06,0.06,1271231000,,1271231000,1984466368,8.0,6.126,16351000.0,0.24,1.0,258459000.0,0.58,225574000,52694000.0,2020438000,,263118000,0,0,0,992482000,385634000,606848000,1616533368,-169600000.0,0.0,2736000.0,-216417000.0,0.0,-213681000.0,24321000.0,0.0,21581000.0,-1821000.0,4238000.0,4238000.0,4238000.0,0.0,0.0,0.01,198852000.0,59607000.0,115186000,0.0,1.272,18.122,17.82,357747000,0.0,23.7,0.808,0.806,258450000,,445671000.0,445671000.0,0.0,,,,,0.0,215777000.0,1.0,68208159,68000691,68846170.0,6.554,2038139000,155517000,2675000.0,44648000,29.972,629657000
38,AM1,ARQ,2004-03-31,2004-05-04,2004-02-29,2021-09-13,20638000,2484013000,,1176968000,1307045000,,18.888,-11257000.0,285450000,285450000,254870000.0,48298000.0,2.783,0.96,665874000,0,665874000,665874000,0,16083000.0,0,0.0,0.0,93694000.0,109777000.0,0.205,109777000.0,93694000.0,78790000.0,0.72,0.62,0.72,1267540000,,1267540000,1788682158,7.0,5.578,325400000.0,4.849,1.0,280175000.0,0.524,228955000,14904000.0,2212519000,,246171000,0,0,0,1216473000,422963000,793510000,1408258158,233756000.0,0.0,7599000.0,-95019000.0,0.0,-87420000.0,-21480000.0,0.0,336657000.0,5999000.0,48298000.0,48298000.0,48298000.0,0.0,0.0,0.09,186481000.0,93694000.0,129362000,0.0,1.111,13.454,13.159,369133000,0.0,20.66,0.701,0.684,250554000,1286281000.0,535045000.0,535045000.0,0.0,,,,,0.0,220852000.0,1.0,68163512,67107847,80900402.0,7.973,2255058000,158689000,30492000.0,45824000,33.603,754005000
39,AM1,ARQ,2003-12-31,2004-01-14,2003-11-30,2021-09-13,0,2545065000,,1249540000,1295525000,,17.782,-6999000.0,51694000,51694000,296341000.0,46362000.0,2.179,1.146,750968000,85414000,665554000,750968000,0,15908000.0,0,0.0,0.0,105947000.0,121855000.0,0.198,121855000.0,105947000.0,75360000.0,0.7,0.63,0.7,1186090000,,1186090000,2084805018,8.0,6.483,-10968000.0,-0.164,1.0,319705000.0,0.519,223240000,30587000.0,2447598000,,306614000,0,0,0,1358975000,573501000,785474000,1385531018,11200000.0,0.0,4199000.0,5738000.0,0.0,9937000.0,2326000.0,0.0,-3969000.0,2906000.0,46362000.0,46362000.0,46362000.0,0.0,0.0,0.075,213758000.0,105947000.0,141506000,0.0,1.168,13.614,13.335,373677000,0.0,20.67,0.693,0.689,462547000,,616046000.0,616046000.0,0.0,,,,,0.0,227837000.0,1.0,67031012,66699847,79817702.0,9.236,2321825000,181981000,28998000.0,61007000,34.81,676039000
40,AM1,ARQ,2003-09-30,2003-10-15,2003-08-31,2021-09-13,0,2418189000,,1097756000,1320433000,,16.679,-12074000.0,40494000,40494000,201425000.0,-9695000.0,2.374,1.186,740413000,13082000,727331000,740413000,0,16098000.0,0,0.0,0.0,1460000.0,17558000.0,0.044,17558000.0,1460000.0,-16077000.0,-0.15,-0.12,-0.15,1106107000,,1106107000,2095604158,8.0,6.691,-76632000.0,-1.156,1.0,202121000.0,0.501,214424000,17537000.0,2441294000,,370992000,0,0,0,1312082000,462390000,849692000,1395685158,-72780000.0,0.0,5166000.0,9002000.0,0.0,14168000.0,-21638000.0,0.0,-64558000.0,-752000.0,-9695000.0,-9695000.0,-9695000.0,0.0,0.0,-0.024,200661000.0,1460000.0,145524000,0.0,1.262,13.63,13.462,376580000,0.0,21.0,0.708,0.706,287431000,,403546000.0,403546000.0,0.0,,,,,0.0,210407000.0,1.0,66461198,66315954,66872327.0,6.085,2203765000,158237000,-6382000.0,20313000,33.231,635366000
41,AM1,ARQ,2003-06-30,2003-07-15,2003-05-31,2021-09-13,0,2482170000,,1117418000,1364752000,,16.986,-5298000.0,113274000,113274000,184983000.0,19705000.0,2.158,1.217,732282000,5352000,726930000,732282000,0,15980000.0,0,0.0,0.0,55478000.0,71458000.0,0.157,71458000.0,55478000.0,32678000.0,0.3,0.27,0.3,1119635000,,1119635000,1842682735,8.0,6.023,18451000.0,0.28,1.0,269323000.0,0.593,213501000,22800000.0,2369900000,,312362000,0,0,0,1362535000,517777000,844758000,1223674735,-95189000.0,0.0,674000.0,-129368000.0,0.0,-128694000.0,7698000.0,0.0,23749000.0,2058000.0,19705000.0,19705000.0,19705000.0,0.0,0.0,0.043,213845000.0,55478000.0,135136000,0.0,1.093,12.706,12.619,382848000,0.0,18.55,0.622,0.622,293730000,,454306000.0,454306000.0,0.0,,,,,0.0,215983000.0,1.0,65966293,65913680,79003300.0,6.892,2268669000,173365000,12973000.0,77260000,34.419,599641000
42,AM1,ARQ,2003-03-31,2003-05-29,2003-02-28,2021-09-13,-42494000,2584120000,,1234488000,1349632000,,16.416,-13612000.0,208463000,208463000,216386000.0,45398000.0,1.765,1.398,859711000,133180000,726531000,859711000,0,15698000.0,0,0.0,0.0,95017000.0,110715000.0,0.211,110715000.0,95017000.0,75286000.0,0.7,0.6,0.7,1077464000,,1077464000,1791482333,6.0,5.197,198348000.0,3.022,1.0,309520000.0,0.589,209664000,19731000.0,2326307000,,278807000,0,0,0,1506656000,699397000,807259000,1140234333,186662000.0,0.0,432000.0,-21981000.0,0.0,-21549000.0,-7606000.0,0.0,211960000.0,3857000.0,45398000.0,45398000.0,45398000.0,0.0,0.0,0.086,214503000.0,95017000.0,180498000,0.0,1.058,9.415,9.351,391428000,0.0,17.3,0.571,0.569,309967000,1181891000.0,525906000.0,525906000.0,0.0,,,,,0.0,222266000.0,1.0,65909499,65636621,78980830.0,8.012,2374456000,202485000,29888000.0,72162000,36.176,535091000
43,AM1,ARQ,2002-12-31,2003-01-14,2002-11-30,2021-09-13,0,2612590000,,1251119000,1361471000,,15.525,-9449000.0,21801000,21801000,285287000.0,46992000.0,2.046,1.556,881615000,37274000,844341000,881615000,0,15945000.0,0,0.0,0.0,97499000.0,113444000.0,0.193,113444000.0,97499000.0,77930000.0,0.71,0.62,0.71,1022260000,,1022260000,1853593972,10.0,7.285,-172772000.0,-2.624,1.0,303524000.0,0.515,207106000,19569000.0,2653837000,,295224000,0,0,0,1590330000,611461000,978869000,993779972,-152373000.0,0.0,226000.0,20215000.0,0.0,20441000.0,-9491000.0,0.0,-163323000.0,0.0,46992000.0,46992000.0,46992000.0,0.0,0.0,0.08,206025000.0,97499000.0,162153000,0.0,0.972,15.879,15.884,387748000,0.0,15.09,0.467,0.467,513922000,,588811000.0,588811000.0,0.0,,,,,0.0,206772000.0,1.0,65856857,65847805,79311123.0,8.942,2405484000,191991000,30938000.0,118341000,36.531,639658000
44,AM1,ARQ,2002-09-30,2002-10-15,2002-08-31,2021-09-13,0,2669649000,,1240477000,1429172000,,14.763,-4116000.0,174174000,174174000,193584000.0,-15785000.0,1.778,1.748,861130000,15145000,845985000,861130000,0,16342000.0,0,0.007,0.0,-6037000.0,10305000.0,0.026,10305000.0,-6037000.0,-26178000.0,-0.24,-0.19,-0.24,971414000,,971414000,1625109510,14.0,8.328,-16181000.0,-0.246,1.0,203329000.0,0.512,205998000,20141000.0,2453061000,,353348000,0,0,0,1698235000,697546000,1000689000,938153510,-3910000.0,0.0,589000.0,-1089000.0,0.0,-500000.0,8655000.0,0.0,-12065000.0,0.0,-15785000.0,-15785000.0,-15785000.0,0.0,0.0,-0.04,209366000.0,-6037000.0,159117000,0.0,0.966,42.225,41.912,394845000,0.0,14.25,0.418,0.416,337817000,,396913000.0,396913000.0,0.0,,,,,0.0,213388000.0,1.0,65835334,65801676,92821404.0,6.032,2463651000,164853000,-10393000.0,196799000,37.441,542931000
45,AM1,ARQ,2002-06-30,2002-07-15,2002-05-31,2021-09-13,0,2716894000,,1222855000,1494039000,,14.987,-2509000.0,178084000,178084000,186514000.0,44501000.0,1.661,1.788,860531000,12932000,847599000,860531000,0,16825000.0,0,0.014,0.0,93454000.0,110279000.0,0.228,110279000.0,93454000.0,73800000.0,0.68,0.6,0.68,974400000,,974400000,1655927538,18.0,9.709,37957000.0,0.584,1.0,297716000.0,0.615,202928000,19654000.0,2460251000,,304410000,0,0,0,1742494000,736162000,1006332000,973480538,77105000.0,0.0,20157000.0,-5231000.0,0.0,14926000.0,21713000.0,0.0,40466000.0,0.0,44501000.0,44501000.0,44501000.0,0.0,0.0,0.092,204262000.0,93454000.0,100781000,0.0,0.999,425.658,740.0,404834000,0.0,14.8,0.417,0.412,335304000,,484230000.0,484230000.0,0.0,,,,,0.0,218588000.0,1.0,65775712,65014552,65014552.0,7.448,2513966000,215285000,29299000.0,204266000,38.668,486693000
46,AM1,ARQ,2002-03-31,2002-05-29,2002-02-28,2021-09-13,-69614000,2614995000,,1066182000,1548813000,,14.186,-6811000.0,100979000,100979000,240716000.0,-13123000.0,1.489,1.898,864833000,11720000,853113000,864833000,0,22024000.0,0,0.009,0.0,-1610000.0,20414000.0,0.031,20414000.0,-1610000.0,-21065000.0,-0.2,-0.2,-0.2,902419000,,902419000,2137234150,-18.0,-63.956,221023000.0,3.474,1.0,415626000.0,0.633,199195000,19455000.0,2463614000,,290804000,0,0,0,1712576000,716040000,996536000,1373380150,55626000.0,12500000.0,2815000.0,-156966000.0,-6364000.0,-160515000.0,-11693000.0,0.0,227834000.0,0.0,-13123000.0,-13123000.0,-13123000.0,0.0,0.0,-0.02,417236000.0,-1610000.0,130601000,0.0,1.522,-11.229,-10.979,416485000,0.0,21.08,0.583,0.569,288986000,1060938000.0,656342000.0,656342000.0,0.0,,,,,0.0,359210000.0,1.0,65150861,63615193,63615193.0,10.317,2415800000,200206000,-7942000.0,178216000,37.975,350142000
47,AM1,ARQ,2001-12-31,2002-01-14,2001-11-30,2021-09-13,0,2880304000,,1284651000,1595653000,,14.368,2686000.0,45353000,45353000,313512000.0,6625000.0,1.717,2.147,1030295000,35056000,995239000,1030295000,0,19883000.0,0,0.026,0.1,34254000.0,54137000.0,0.077,54137000.0,34254000.0,10635000.0,0.1,0.1,0.1,915329000,,915329000,1967896145,-35.0,62.224,-20374000.0,-0.32,1.0,391921000.0,0.556,256259000,23619000.0,2860860000,,341962000,0,0,0,1964975000,748127000,1216848000,982954145,-29530000.0,-35000000.0,70000.0,39232000.0,-7127000.0,32175000.0,-38645000.0,0.0,-23060000.0,0.0,6625000.0,6625000.0,6625000.0,0.0,0.0,0.009,357667000.0,34254000.0,119170000,1.0,1.074,-4.15,-4.134,438333000,0.0,15.42,0.416,0.416,538546000,,705433000.0,705433000.0,0.0,,,,,0.0,356075000.0,1.0,63745405,63705743,63705743.0,11.073,2624045000,151048000,4010000.0,142138000,41.19,536524000
48,AM1,ARQ,2001-09-30,2001-10-15,2001-08-31,2021-09-13,0,2842386000,,1254306000,1588080000,,14.55,-14206000.0,74883000,74883000,186401000.0,-35716000.0,1.483,2.076,991561000,141311000,850250000,991561000,0,20970000.0,0,0.035,0.1,-35240000.0,-14270000.0,-0.029,-14270000.0,-35240000.0,-57329000.0,-0.56,-0.56,-0.56,923970000,,923970000,1850178436,-72.0,26.91,-139268000.0,-2.193,1.0,301824000.0,0.618,227202000,22089000.0,2686286000,,429657000,0,0,0,1918416000,845576000,1072840000,933500436,-40129000.0,0.0,-77000.0,114505000.0,-6739000.0,107689000.0,-22756000.0,0.0,-125062000.0,0.0,-35716000.0,-35716000.0,-35716000.0,0.0,0.0,-0.073,337064000.0,-35240000.0,152574000,-0.179,1.01,-4.414,-4.414,454587000,0.0,14.7,0.385,0.385,369544000,,488225000.0,488225000.0,0.0,,,,,0.0,336794000.0,1.0,63503431,63502624,63502624.0,7.688,2615184000,164924000,-21613000.0,151308000,41.182,408730000
49,AM1,ARQ,2001-06-30,2001-07-13,2001-05-31,2021-09-13,0,2750959000,,1221454000,1529505000,,15.241,-6618000.0,115012000,115012000,251616000.0,-80096000.0,1.023,1.843,874898000,507482000,367416000,874898000,0,21431000.0,0,0.056,0.1,-115129000.0,-93698000.0,-0.185,-93698000.0,-115129000.0,-128565000.0,-1.26,-1.26,-1.26,967778000,,967778000,1467910420,-45.0,20.763,-49979000.0,-0.787,1.0,254124000.0,0.502,227957000,13436000.0,2089440000,,358884000,0,0,0,1783181000,1193448000,589733000,708024420,63321000.0,0.0,0.0,113068000.0,-6336000.0,106732000.0,-50000.0,0.0,-43361000.0,0.0,-80096000.0,-80096000.0,-80096000.0,0.0,0.0,-0.158,369253000.0,-115129000.0,314189000,-0.079,0.732,-3.351,-3.358,469674000,0.0,11.15,0.292,0.292,352217000,,505740000.0,505740000.0,0.0,,,,,0.0,320668000.0,1.0,63499948,63499948,63498724.0,7.964,2523002000,196669000,-48469000.0,174362000,39.732,28006000
50,AM1,ARQ,2001-03-31,2001-05-03,2001-02-28,2021-09-13,-58179000,2712074000,,1205736000,1506338000,,16.453,-19842000.0,51691000,51691000,244978000.0,-127689000.0,1.085,1.59,759028000,378904000,380124000,759028000,0,26109000.0,0,0.067,0.1,59348000.0,85457000.0,0.129,85457000.0,59348000.0,43610000.0,-2.01,-2.01,-2.01,1047190000,,1047190000,1393065958,10.0,6.032,304182000.0,4.779,1.0,418268000.0,0.631,229802000,15738000.0,2078328000,,365221000,0,0,0,1664884000,1111281000,553603000,685728958,-27155000.0,0.0,-82000.0,-325307000.0,-13347000.0,-338736000.0,-12443000.0,0.0,324024000.0,0.0,-127689000.0,-127689000.0,-127689000.0,0.0,0.0,-0.193,358920000.0,59348000.0,304063000,-0.05,0.655,-6.025,-6.034,477188000,0.0,10.8,0.272,0.273,387534000,1202953000.0,663246000.0,663246000.0,0.0,,,,,0.0,329766000.0,1.0,63493422,63646405,63646405.0,10.421,2482272000,190241000,171299000.0,220228000,39.001,94455000
51,AM1,ARQ,2000-12-31,2001-01-12,2000-11-30,2021-09-13,0,2960825000,,1488605000,1472220000,,18.498,-21330000.0,78846000,78846000,355858000.0,32015000.0,1.283,1.52,1070980000,647717000,423263000,1070980000,0,25879000.0,0,0.069,0.21,65387000.0,91266000.0,0.119,91266000.0,65387000.0,50321000.0,0.5,0.5,0.5,1174723000,,1174723000,1750001241,11.0,7.005,-174477000.0,-2.747,1.0,410237000.0,0.535,211949000,15066000.0,2580563000,,344981000,0,0,0,1786102000,1160447000,625655000,757867241,12699000.0,-11418000.0,-1852000.0,178421000.0,-13308000.0,163261000.0,2585000.0,0.0,-153147000.0,0.0,32015000.0,32015000.0,32015000.0,0.0,0.0,0.042,344850000.0,65387000.0,247322000,0.42,0.645,11.581,11.819,472107000,0.0,11.938,0.307,0.307,612990000,,766095000.0,766095000.0,0.0,,,,,0.0,347653000.0,1.0,63486261,63506387,63506387.0,12.063,2748876000,219460000,18306000.0,56326000,43.285,328158000
52,AM1,ARQ,2000-09-30,2000-10-13,2000-08-31,2021-09-13,0,2844855000,,1323245000,1521610000,,18.374,-21463000.0,66147000,66147000,195111000.0,-35505000.0,1.294,1.454,908660000,509758000,398902000,908660000,0,29708000.0,0,0.047,0.21,-42034000.0,-12326000.0,-0.025,-12326000.0,-42034000.0,-55842000.0,-0.55,-0.55,-0.55,1159200000,,1159200000,1943640214,10.0,7.19,-89398000.0,-1.417,1.0,298621000.0,0.605,211593000,13808000.0,2453151000,,434213000,0,0,0,1685655000,1022624000,663031000,1101127214,-5146000.0,-31000000.0,-41830000.0,165216000.0,-13184000.0,110202000.0,-47413000.0,0.0,-67935000.0,0.0,-35505000.0,-35505000.0,-35505000.0,0.0,0.0,-0.072,340655000.0,-42034000.0,292519000,-0.382,0.95,12.612,13.116,472023000,0.0,17.312,0.473,0.469,363690000,,493732000.0,493732000.0,0.0,,,,,0.0,339014000.0,1.0,63603016,63088531,63088531.0,7.826,2633262000,226546000,-20337000.0,53805000,41.739,300621000
53,AM1,ARQ,2000-06-30,2000-07-14,2000-05-31,2021-09-13,0,2768088000,,1249669000,1518419000,,19.248,10547000.0,71293000,71293000,203324000.0,17365000.0,1.482,1.232,724404000,310284000,414120000,724404000,0,16361000.0,0,0.042,0.2,50178000.0,66539000.0,0.112,66539000.0,50178000.0,39403000.0,0.27,0.27,0.27,1239925000,,1239925000,1885102286,9.0,7.097,17405000.0,0.27,1.0,392417000.0,0.659,177439000,10775000.0,2400532000,,312124000,0,0,0,1528163000,843228000,684935000,1231991286,10283000.0,-137575000.0,-1766000.0,158780000.0,-12904000.0,144110000.0,-140685000.0,0.0,6858000.0,0.0,17365000.0,17365000.0,17365000.0,0.0,0.0,0.029,321098000.0,71319000.0,272979000,0.741,0.994,12.765,12.922,449734000,0.0,19.125,0.533,0.533,428630000,,595741000.0,595741000.0,0.0,,,,,0.0,332312000.0,1.0,64417845,64417845,64503935.0,9.248,2590649000,223615000,22038000.0,70977000,40.216,406441000
54,AM1,ARQ,2000-03-31,2000-05-26,2000-02-28,2021-09-13,-27572000,2517983000,,1100684000,1417299000,,19.094,-19809000.0,61010000,61010000,209988000.0,51568000.0,1.89,1.011,551796000,109694000,442102000,551796000,0,16044000.0,0,0.043,0.2,88287000.0,104331000.0,0.17,104331000.0,88287000.0,80576000.0,0.79,0.79,0.79,1252411000,,1252411000,1684449974,10.0,7.041,230850000.0,3.519,1.0,405352000.0,0.659,149437000,7711000.0,2276844000,,249433000,0,0,0,1265572000,582488000,683084000,1193663974,29907000.0,0.0,3000.0,-182196000.0,-12676000.0,-194869000.0,-25883000.0,0.0,250659000.0,0.0,51568000.0,51568000.0,51568000.0,0.0,0.0,0.084,317065000.0,88287000.0,213180000,0.253,0.953,13.263,13.504,447415000,0.0,18.5,0.549,0.558,430825000,1356275000.0,615340000.0,615340000.0,0.0,,,,,0.0,307339000.0,1.0,64522377,65591798,65591798.0,9.381,2368546000,99709000,29008000.0,58087000,36.11,518196000
55,AM1,ARQ,1999-12-31,2000-01-14,1999-11-30,2021-09-13,0,2567044000,,1278612000,1288432000,,19.248,-6857000.0,31103000,31103000,250773000.0,53882000.0,1.753,1.067,735387000,289252000,446135000,735387000,0,16169000.0,0,0.033,0.2,95625000.0,111794000.0,0.179,111794000.0,95625000.0,84191000.0,0.81,0.81,0.81,1241849000,,1241849000,2220525174,12.0,8.852,-61561000.0,-0.954,1.0,372583000.0,0.598,146775000,11434000.0,2395030000,,255107000,0,0,0,1325195000,729523000,595672000,1516241174,2578000.0,-65947000.0,82000.0,144763000.0,-12904000.0,131941000.0,-74659000.0,0.0,-54704000.0,0.0,53882000.0,53882000.0,53882000.0,0.0,0.0,0.086,276958000.0,95625000.0,211912000,0.247,1.221,15.739,16.667,447308000,0.0,23.5,0.702,0.702,594639000,,623356000.0,623356000.0,0.0,,,,,0.0,278259000.0,1.0,64520901,64519534,64519534.0,9.662,2420269000,153446000,30309000.0,90622000,37.512,549089000
56,AM1,ARQ,1999-09-30,1999-10-15,1999-08-31,2021-09-13,0,2354183000,,1103569000,1250614000,,18.27,-15644000.0,28525000,28525000,188821000.0,-26298000.0,2.005,0.963,584394000,144904000,439490000,584394000,0,16085000.0,0,0.031,0.2,-33121000.0,-17036000.0,-0.036,-17036000.0,-33121000.0,-41091000.0,-0.39,-0.39,-0.39,1199392000,,1199392000,2168805775,10.0,7.779,-79410000.0,-1.21,1.0,288962000.0,0.605,134509000,7970000.0,2225121000,,289519000,0,0,0,1154791000,550422000,604369000,1612936775,-101582000.0,0.0,-88441000.0,95231000.0,-12903000.0,-6113000.0,-31703000.0,0.0,-63766000.0,0.0,-26298000.0,-26298000.0,-26298000.0,0.0,0.0,-0.055,322083000.0,-33121000.0,214741000,-0.513,1.345,13.784,15.06,424288000,0.0,25.0,0.742,0.755,394126000,,477783000.0,477783000.0,0.0,,,,,0.0,288944000.0,1.0,64517471,65648721,65648721.0,7.278,2219674000,143550000,-14793000.0,56787000,33.811,553147000
57,AM1,ARQ,1999-06-30,1999-07-14,1999-05-31,2021-09-13,0,2320844000,,1075176000,1245668000,,19.624,-6953000.0,130107000,130107000,159765000.0,10847000.0,2.988,0.747,490976000,35902000,455074000,490976000,0,16044000.0,0,0.024,0.19,24088000.0,40132000.0,0.087,40132000.0,24088000.0,16948000.0,0.16,0.16,0.16,1328157000,,1328157000,2492444948,9.0,7.298,29377000.0,0.434,1.0,298992000.0,0.652,138741000,7140000.0,2183198000,,257755000,0,0,0,992687000,359774000,632913000,2131575948,-14448000.0,0.0,-40624000.0,7978000.0,-12730000.0,-45376000.0,-5402000.0,0.0,36330000.0,0.0,10847000.0,10847000.0,10847000.0,0.0,0.0,0.024,274904000.0,24088000.0,158555000,1.188,1.605,13.556,14.056,426111000,0.0,31.625,0.979,0.983,335108000,,458757000.0,458757000.0,0.0,,,,,0.0,273925000.0,1.0,67401611,67678717,67678717.0,6.778,2182103000,127085000,6101000.0,57656000,32.242,715402000
58,AM1,ARQ,1999-03-31,1999-05-27,1999-02-28,2021-09-13,-23565000,2419328000,,1145818000,1273510000,,19.143,-24776000.0,144555000,144555000,200543000.0,57905000.0,2.743,0.797,481023000,17777000,463246000,481023000,0,16802000.0,0,0.027,0.19,99151000.0,115953000.0,0.193,115953000.0,99151000.0,90476000.0,0.83,0.82,0.83,1346611000,,1346611000,2232058322,7.0,5.905,229650000.0,3.265,1.0,399159000.0,0.666,135516000,8675000.0,2202606000,,251289000,0,0,0,1072717000,417674000,655043000,1895590322,106237000.0,0.0,-34386000.0,-66537000.0,-12810000.0,-113733000.0,-34456000.0,0.0,254426000.0,0.0,57905000.0,57905000.0,57905000.0,0.0,0.0,0.097,300008000.0,99151000.0,175366000,0.229,1.408,10.518,10.986,434806000,0.0,28.125,0.859,0.897,390740000,1317489000.0,599702000.0,599702000.0,0.0,,,,,0.0,295989000.0,1.0,67398767,70345980,70345980.0,8.525,2283812000,133092000,32571000.0,76917000,32.465,728144000
59,AM1,ARQ,1998-12-31,1999-01-14,1998-11-30,2021-09-13,0,2468285000,,1229222000,1239063000,,19.306,-12271000.0,38318000,38318000,226331000.0,74561000.0,2.608,0.822,550416000,67838000,482578000,550416000,0,16506000.0,0,0.018,0.19,123235000.0,139741000.0,0.219,139741000.0,123235000.0,116502000.0,1.06,1.04,1.06,1354348000,,1354348000,3330778476,11.0,9.012,-63429000.0,-0.904,1.0,412032000.0,0.645,136064000,6733000.0,2372978000,,301085000,0,0,0,1113937000,471341000,642596000,2818680476,-38165000.0,0.0,-37438000.0,57875000.0,-13278000.0,7159000.0,5834000.0,0.0,-51158000.0,0.0,74561000.0,74561000.0,74561000.0,0.0,0.0,0.117,288797000.0,123235000.0,176913000,0.179,2.081,15.924,16.19,427152000,0.0,40.312,1.275,1.279,555343000,,638363000.0,638363000.0,0.0,,,,,0.0,276095000.0,1.0,69920756,70150852,70150852.0,9.1,2332221000,120254000,41941000.0,92863000,33.246,757881000
60,AM1,ARQ,1998-09-30,1998-10-15,1998-08-31,2021-09-13,0,2257444000,,1126399000,1131045000,,18.799,-11372000.0,76483000,76483000,170487000.0,13925000.0,3.286,0.703,484818000,27312000,457506000,484818000,0,16989000.0,0,0.017,0.19,28687000.0,45676000.0,0.095,45676000.0,28687000.0,21342000.0,0.2,0.2,0.2,1325811000,,1325811000,3379382845,11.0,9.065,-10103000.0,-0.143,1.0,309246000.0,0.645,132176000,7345000.0,2190791000,,336664000,0,0,0,931633000,342812000,588821000,2971047845,32986000.0,0.0,-17811000.0,70856000.0,-13415000.0,39630000.0,-7913000.0,0.0,1269000.0,0.0,13925000.0,13925000.0,13925000.0,0.0,0.0,0.029,280559000.0,28687000.0,178654000,0.95,2.241,16.371,16.775,430698000,0.0,41.938,1.341,1.335,392884000,,479733000.0,479733000.0,0.0,,,,,0.0,277374000.0,1.0,70844658,70524337,70524337.0,6.802,2125268000,98844000,7417000.0,50318000,30.135,783587000
61,AM1,ARQ,1998-06-30,1998-07-02,1998-05-31,2021-09-13,-20269000,2179270000,,1008233000,1171037000,,18.871,-10009000.0,43497000,43497000,159719000.0,33831000.0,1.819,0.619,425181000,276469000,148712000,425181000,0,16752000.0,0,0.014,0.18,59850000.0,76602000.0,0.157,76602000.0,59850000.0,53277000.0,0.47,0.47,0.47,1345696000,,1345696000,3978706671,12.0,10.221,-3278000.0,-0.046,1.0,328189000.0,0.673,134125000,6573000.0,1872411000,,296008000,0,0,0,833574000,554418000,279156000,3597022671,-4126000.0,-52957000.0,-23129000.0,73576000.0,-12907000.0,37540000.0,-48397000.0,0.0,6731000.0,0.0,33831000.0,33831000.0,33831000.0,0.0,0.0,0.069,268339000.0,59850000.0,130470000,0.383,2.673,18.574,19.222,441024000,0.0,50.938,1.618,1.634,357659000,,487908000.0,487908000.0,0.0,,,,,0.0,273048000.0,1.0,70616396,71310434,71310434.0,6.842,2045145000,96571000,19446000.0,48873000,28.679,453815000
62,AM1,ARQ,1998-03-31,1998-05-14,1998-02-28,2021-09-13,-23437000,2145892000,,1023245000,1122647000,,18.251,-28142000.0,47623000,47623000,198947000.0,54690000.0,1.978,0.595,348440000,199640000,148800000,348440000,0,16325000.0,0,0.015,0.18,91259000.0,107584000.0,0.178,107584000.0,91259000.0,85729000.0,0.76,,0.76,1345217000,,1345217000,4043976064,13.0,10.604,254834000.0,3.457,1.0,406088000.0,0.671,0,5530000.0,1929493000,,271205000,0,0,0,800675000,517216000,283459000,3743159064,16403000.0,0.0,-67071000.0,-150839000.0,-12819000.0,-230729000.0,-35844000.0,0.0,282976000.0,0.0,54690000.0,54690000.0,54690000.0,0.0,0.0,0.09,314829000.0,91259000.0,145554000,0.237,2.783,19.692,18.726,447632000,0.0,48.312,1.692,1.61,373594000,1207032000.0,605035000.0,605035000.0,0.0,,,,,0.0,314829000.0,1.0,77478066,73708100,,8.209,2145892000,120507000,31039000.0,65258000,29.113,506029000
63,AM1,ARQ,1997-12-31,1998-01-14,1997-11-30,2021-09-13,0,2306220000,,1205258000,1100962000,,18.672,-14030000.0,31220000,31220000,242331000.0,79038000.0,2.076,0.682,500240000,286106000,214134000,500240000,0,15913000.0,0,0.017,0.18,127000000.0,142913000.0,0.222,142913000.0,127000000.0,120668000.0,1.07,,1.07,1370940000,,1370940000,3394360195,,,-98942000.0,-1.348,1.0,400446000.0,0.623,0,6332000.0,2194767000,,283113000,0,0,0,935280000,580473000,354807000,2925340195,-7386000.0,0.0,-31724000.0,136848000.0,-12935000.0,92189000.0,-14663000.0,0.0,-84912000.0,0.0,79038000.0,79038000.0,79038000.0,0.0,0.0,0.123,273446000.0,127000000.0,136845000,0.168,2.134,,,435269000,0.0,40.188,,,581763000,,642777000.0,642777000.0,0.0,,,,,0.0,273446000.0,1.0,72792291,73420783,,8.755,2306220000,101393000,41630000.0,73292000,31.411,624785000
64,AM1,ARQ,1997-09-30,1997-10-14,1997-08-31,2021-09-13,0,2059655000,,1015515000,1044140000,,17.988,-10202000.0,38606000,38606000,187936000.0,26097000.0,2.473,0.539,370377000,159372000,211005000,370377000,0,17004000.0,0,0.018,0.18,45166000.0,62170000.0,0.128,62170000.0,45166000.0,39844000.0,0.35,,0.35,1338741000,,1338741000,3111328377,,,-43333000.0,-0.582,1.0,299030000.0,0.614,0,5322000.0,1980737000,,339563000,0,0,0,720914000,410689000,310225000,2779557377,-14657000.0,82000000.0,-58460000.0,-10664000.0,-13418000.0,-82542000.0,73473000.0,0.0,-33131000.0,0.0,26097000.0,26097000.0,26097000.0,0.0,0.0,0.054,253864000.0,45166000.0,159927000,0.514,2.076,,,441890000,0.0,37.75,,,367185000,,486966000.0,486966000.0,0.0,,,,,0.0,275989000.0,1.0,73630659,74424152,,6.543,2059655000,86692000,13747000.0,54684000,27.675,604826000
65,AM1,ARQ,1997-06-30,1997-07-14,1997-05-31,2021-09-13,0,2127306000,,1023863000,1103443000,,18.43,-13376000.0,53263000,53263000,161474000.0,30259000.0,2.431,0.536,386376000,170538000,215838000,386376000,0,16684000.0,0,0.019,0.17,52004000.0,68688000.0,0.144,68688000.0,52004000.0,46196000.0,0.4,,0.4,1384615000,,1384615000,2990078433,,,16883000.0,0.225,1.0,315862000.0,0.662,0,5808000.0,2039182000,,340747000,0,0,0,742691000,421237000,321454000,2656965433,18213000.0,0.0,4155000.0,35146000.0,-12787000.0,26514000.0,-11017000.0,0.0,30259000.0,0.0,30259000.0,30259000.0,30259000.0,0.0,0.0,0.063,263858000.0,52004000.0,157166000,0.425,1.919,,,457203000,0.0,35.312,,,351112000,,477336000.0,477336000.0,0.0,,,,,0.0,263858000.0,1.0,75241499,75127722,,6.354,2127306000,87322000,15937000.0,47585000,28.316,602626000
66,AM1,ARQ,1997-03-31,1997-05-27,1997-02-28,2021-09-13,-19646000,2135120000,,1004891000,1130229000,,18.199,-40025000.0,35050000,35050000,,,2.27,0.568,352810000,133171000,219639000,352810000,0,16630000.0,0,0.02,0.17,,,,,,,,,,1361655000,,1361655000,2884249005,10.0,8.249,254349000.0,3.4,1.0,,,0,,2010137000,,303611000,0,0,0,773465000,442743000,330722000,2566489005,-780000.0,0.0,1399000.0,-232955000.0,-12747000.0,-244303000.0,-50851000.0,0.0,294374000.0,0.0,,,,,,,,,157628000,,1.885,15.359,15.303,462787000,,34.125,1.181,1.175,375324000,1068907000.0,,,,,,,,0.0,,1.0,75208469,74818960,,,2135120000,100732000,,48719000,28.537,562148000
67,AM1,ARQ,1996-12-31,1997-01-14,1996-11-30,2021-09-13,0,2318959000,,1276459000,1042500000,,17.632,,35830000,35830000,250155000.0,74597000.0,1.958,0.757,595927000,340677000,255250000,595927000,0,,0,0.023,0.17,122535000.0,,,,122535000.0,114260000.0,1.0,,1.0,1319530000,,1319530000,2704106151,,,,,1.0,400919000.0,0.616,0,8275000.0,2227121000,,338300000,0,0,0,999429000,651935000,347494000,2144009151,,,,,,,,,,,74597000.0,74597000.0,74597000.0,0.0,0.0,0.115,278384000.0,122535000.0,129615000,0.17,1.625,,,441025000,0.0,28.625,,,621942000,,651074000.0,651074000.0,0.0,,,,,,278384000.0,1.0,74899883,74836808,,8.7,2318959000,104103000,39663000.0,76774000,30.987,624524000
0,AM1,ART,2013-06-30,2013-07-10,2013-05-31,2021-09-13,-18910000,1547854000,1602109500.0,634084000,913770000,1.231,22.14,-112111000.0,63997000,63997000,857713000.0,76061000.0,1.923,1.177,260281000,0,260281000,260281000,31872000,50993000.0,0,0.032,0.6,145872000.0,196865000.0,0.1,196865000.0,145872000.0,128040000.0,2.32,2.27,2.32,711040000,673723000.0,711040000,807560808,6.0,4.102,25081000.0,0.781,1.0,1115223000.0,0.565,0,17832000.0,1414436000,1461579500.0,237824000,0,0,0,836814000,329702000,507112000,611276808,3817000.0,6682000.0,-42759000.0,35100000.0,-19342000.0,-25969000.0,-105429000.0,0.0,137192000.0,-1977000.0,76061000.0,76061000.0,76061000.0,0.0,0.0,0.039,986030000.0,129193000.0,111180000,0.259,0.86,8.037,8.181,375080000,0.0,18.98,0.31,0.309,122303000,1265813000.0,1972936000.0,1972936000.0,0.0,0.047,0.113,0.1,0.074,11349000.0,986592000.0,1.0,32206365,32115319,32701678.0,61.433,1547854000,148101000,51979000.0,26682000,48.197,304382000
1,AM1,ART,2013-03-31,2013-05-09,2013-02-28,2021-09-13,-17133000,1583463000,1587263750.0,661906000,921557000,1.177,20.523,-113296000.0,86059000,86059000,817740000.0,49918000.0,1.796,1.322,286381000,0,286381000,286381000,31851000,49405000.0,0,0.033,0.6,103810000.0,153215000.0,0.082,153215000.0,103810000.0,85914000.0,1.5,1.47,1.5,681877000,665821500.0,681877000,786342415,8.0,5.132,49468000.0,1.489,1.0,1050999000.0,0.562,0,17896000.0,1415189000,1447134250.0,242447000,0,0,0,901586000,368596000,532990000,586020415,-46379000.0,-49878000.0,-83639000.0,61200000.0,-19927000.0,-42002000.0,-163174000.0,0.0,162764000.0,-3967000.0,49918000.0,49918000.0,49918000.0,0.0,0.0,0.027,956834000.0,94165000.0,119777000,0.4,0.859,11.74,12.247,372452000,0.0,18.37,0.314,0.327,105497000,1238396000.0,1868739000.0,1868739000.0,0.0,0.031,0.075,0.072,0.056,10743000.0,952504000.0,1.0,31900948,33225354,34021957.0,56.244,1583463000,164914000,35996000.0,26533000,47.658,293310000
2,AM1,ART,2012-12-31,2013-01-02,2012-11-23,2021-09-13,-11279000,1704719000,1578764000.0,761510000,943209000,1.111,20.178,-113997000.0,63291000,63291000,779613000.0,-7930000.0,1.797,1.65,356832000,0,356832000,356832000,26404000,45601000.0,0,0.035,0.6,43301000.0,88902000.0,0.051,88902000.0,43301000.0,-5378000.0,-0.19,-0.17,-0.19,643220000,677216750.0,643220000,829485518,19.0,9.33,66601000.0,2.089,1.0,974530000.0,0.556,0,48679000.0,1574388000,1427618500.0,264330000,0,0,0,1061499000,423872000,637627000,535944518,-22370000.0,-51019000.0,-108533000.0,87473000.0,-20929000.0,-41277000.0,-165016000.0,0.0,180598000.0,3325000.0,-7930000.0,-7930000.0,-7930000.0,0.0,0.0,-0.005,925866000.0,48664000.0,194945000,-3.158,0.833,-67.584,-89.158,361692000,0.0,16.94,0.306,0.308,197844000,1196460000.0,1754143000.0,1754143000.0,0.0,-0.005,-0.012,0.03,0.025,10750000.0,901013000.0,1.0,31637811,31877088,31877088.0,55.028,1704719000,201372000,2552000.0,35649000,53.478,337638000
3,AM1,ART,2012-09-30,2012-10-03,2012-08-24,2021-09-13,-14104000,1572402000,1541904250.0,648112000,924290000,1.11,19.517,-82819000.0,61743000,61743000,766114000.0,13125000.0,1.86,1.387,280181000,0,280181000,280181000,30517000,42549000.0,0,0.045,0.75,76417000.0,118966000.0,0.07,118966000.0,76417000.0,26421000.0,0.35,0.36,0.35,658755000,708156000.0,658755000,747983320,10.0,6.287,46370000.0,1.374,1.0,944830000.0,0.552,0,49996000.0,1442305000,1365826750.0,275978000,0,0,0,913647000,348535000,565112000,529545320,-147583000.0,-55846000.0,-125028000.0,10822000.0,-22157000.0,-135678000.0,-138665000.0,0.0,129189000.0,-2429000.0,13125000.0,13125000.0,13125000.0,0.0,0.0,0.008,863366000.0,81464000.0,135247000,2.143,0.804,40.346,47.857,331574000,0.0,16.75,0.31,0.33,97564000,1202015000.0,1710944000.0,1710944000.0,0.0,0.009,0.019,0.056,0.045,10461000.0,837109000.0,1.0,31614646,33753382,33753382.0,50.69,1572402000,198816000,13296000.0,36484000,46.585,299577000
4,AM1,ART,2012-06-30,2012-07-05,2012-05-25,2021-09-13,-19755000,1488471000,1541627000.0,546817000,941654000,1.094,19.136,-69179000.0,60180000,60180000,747580000.0,31855000.0,1.842,1.191,225181000,0,225181000,225181000,34351000,40765000.0,0,0.052,0.75,108770000.0,149535000.0,0.089,149535000.0,108770000.0,57445000.0,0.84,0.84,0.84,679434000,739661250.0,679434000,650107615,6.0,4.348,85295000.0,2.402,1.0,938321000.0,0.557,0,51325000.0,1356655000,1313086750.0,214588000,0,0,0,809037000,296817000,512220000,485106615,-150959000.0,-56467000.0,-115634000.0,-44178000.0,-23200000.0,-179965000.0,-121146000.0,0.0,154474000.0,-4322000.0,31855000.0,31855000.0,31855000.0,0.0,0.0,0.019,825172000.0,113149000.0,99872000,0.893,0.714,15.229,17.083,292817000,0.0,14.35,0.288,0.302,97657000,1211320000.0,1685901000.0,1685901000.0,0.0,0.021,0.043,0.083,0.065,10189000.0,803259000.0,1.0,33805339,35505749,36154078.0,47.482,1488471000,182295000,25590000.0,32752000,41.922,250000000
5,AM1,ART,2012-03-31,2012-04-30,2012-02-29,2021-09-13,-11830000,1549464000,1558075750.0,640959000,908505000,1.088,18.359,-61633000.0,132438000,132438000,741645000.0,57198000.0,2.101,1.13,225181000,0,225181000,225181000,35519000,39225000.0,0,0.037,0.6,150888000.0,190113000.0,0.112,190113000.0,150888000.0,97815000.0,1.44,1.42,1.44,727458000,765843250.0,727458000,655146712,4.0,3.446,54905000.0,1.386,1.0,953499000.0,0.562,0,53073000.0,1337126000,1281056500.0,208945000,0,0,0,822006000,305081000,516925000,562403712,-83400000.0,-5899000.0,-72306000.0,-44178000.0,-23893000.0,-136909000.0,-63032000.0,0.0,116538000.0,3000.0,57198000.0,57198000.0,57198000.0,0.0,0.0,0.034,803934000.0,149565000.0,86166000,0.417,0.773,9.833,11.111,277597000,0.0,16.0,0.332,0.374,113840000,1210110000.0,1695144000.0,1695144000.0,0.0,0.037,0.075,0.118,0.089,10982000.0,784518000.0,1.0,35150232,39624694,40288189.0,42.78,1549464000,179346000,40617000.0,29786000,39.103,335878000
6,AM1,ART,2011-12-31,2012-01-04,2011-11-25,2021-09-13,-14293000,1557280000,1553810250.0,720167000,837113000,1.067,19.427,-40764000.0,85661000,85661000,726164000.0,82799000.0,2.05,1.03,234642000,0,234642000,234642000,0,40431000.0,0,0.048,0.6,165833000.0,206264000.0,0.124,206264000.0,165833000.0,141877000.0,2.06,1.99,2.06,766977000,771206500.0,766977000,627939862,4.0,3.044,49329000.0,1.249,1.0,931896000.0,0.562,27713000,23956000.0,1327221000,1241226000.0,214412000,0,0,0,790303000,351327000,438976000,478958862,-8238000.0,-6399000.0,-46304000.0,-21000.0,-23763000.0,-63196000.0,-37000000.0,0.0,90093000.0,1865000.0,82799000.0,82799000.0,82799000.0,0.0,0.0,0.05,772310000.0,159586000.0,108254000,0.291,0.624,5.785,6.068,258040000,0.0,12.5,0.289,0.298,235318000,1228269000.0,1658060000.0,1658060000.0,0.0,0.053,0.107,0.134,0.1,21055000.0,779795000.0,1.0,38316709,39480798,40436865.0,41.997,1529567000,185995000,59078000.0,48395000,38.742,368840000
7,AM1,ART,2011-09-30,2011-11-14,2011-08-26,2021-09-13,764000,1586139000,1542359250.0,745578000,840561000,1.053,19.648,-35357000.0,209326000,209326000,694769000.0,94716000.0,2.222,0.984,233970000,0,233970000,233970000,0,40571000.0,0,0.037,0.59,188076000.0,228647000.0,0.141,228647000.0,188076000.0,163720000.0,2.35,2.27,2.35,799623000,756905750.0,799623000,665001989,4.0,2.908,92124000.0,2.264,1.0,929814000.0,0.572,29044000,24356000.0,1246191000,1222967250.0,248805000,0,0,0,786516000,335548000,450968000,640357989,75492000.0,-6492000.0,-11443000.0,-282000.0,-23403000.0,-28246000.0,-31686000.0,0.0,127481000.0,7943000.0,94716000.0,94716000.0,94716000.0,0.0,0.0,0.058,747494000.0,182320000.0,118162000,0.251,0.801,6.761,6.83,251580000,0.0,16.05,0.394,0.402,111691000,1214008000.0,1624583000.0,1624583000.0,0.0,0.061,0.125,0.154,0.116,18379000.0,755214000.0,1.0,39897694,40696961,41688787.0,39.919,1557095000,189470000,69004000.0,48552000,38.261,410030000
8,AM1,ART,2011-09-30,2011-10-05,2011-08-26,2021-09-13,764000,1571293000,1542359250.0,730731000,840562000,1.053,19.283,-35357000.0,209326000,209326000,694769000.0,94716000.0,2.178,1.002,233970000,0,233970000,233970000,0,40571000.0,0,0.036,0.59,188076000.0,228647000.0,0.141,228647000.0,188076000.0,163720000.0,2.35,2.27,2.35,784776000,756905750.0,784776000,683354928,4.0,2.989,92124000.0,2.264,1.0,929814000.0,0.572,29044000,24356000.0,1231345000,1222967250.0,248805000,0,0,0,786517000,335548000,450969000,658710928,75492000.0,-6492000.0,-11443000.0,-282000.0,-23403000.0,-28246000.0,-31686000.0,0.0,127481000.0,7943000.0,94716000.0,94716000.0,94716000.0,0.0,0.0,0.058,747494000.0,182320000.0,118162000,0.251,0.839,6.955,7.026,251580000,0.0,16.51,0.405,0.414,111691000,1199161000.0,1624583000.0,1624583000.0,0.0,0.061,0.125,0.154,0.116,18379000.0,755214000.0,1.0,39897694,40696961,41688787.0,39.919,1542249000,174623000,69004000.0,48552000,37.896,395183000
9,AM1,ART,2011-06-30,2011-07-06,2011-05-27,2021-09-13,2121000,1554266000,1508777750.0,722879000,831387000,1.06,19.362,-25561000.0,211139000,211139000,682284000.0,88772000.0,2.272,0.982,233298000,0,233298000,233298000,0,40683000.0,0,0.018,0.43,181091000.0,221774000.0,0.139,221774000.0,181091000.0,155780000.0,2.2,2.13,2.2,784162000,729619000.0,784162000,1002709855,6.0,4.521,133661000.0,3.3,1.0,916325000.0,0.573,29701000,25311000.0,1228534000,1210501500.0,203346000,0,0,0,770104000,318190000,451914000,980550855,24364000.0,-5864000.0,-951000.0,-102199000.0,-22891000.0,-121529000.0,-25762000.0,0.0,159222000.0,12433000.0,88772000.0,88772000.0,88772000.0,0.0,0.0,0.056,740176000.0,176149000.0,98641000,0.195,1.25,11.046,10.959,242483000,0.0,24.11,0.613,0.611,137213000,1190808000.0,1598609000.0,1598609000.0,0.0,0.059,0.122,0.15,0.113,15679000.0,743710000.0,1.0,40669882,40500357,41799366.0,39.471,1524565000,174417000,67008000.0,50884000,37.643,404689000
10,AM1,ART,2011-03-31,2011-04-29,2011-02-28,2021-09-13,-2346000,1532402000,1493768500.0,700924000,831478000,1.066,18.731,-22104000.0,215838000,215838000,682368000.0,87018000.0,2.046,1.046,232688000,0,232688000,232688000,0,41048000.0,0,0.023,0.57,181396000.0,222444000.0,0.14,222444000.0,181396000.0,156007000.0,2.18,2.11,2.18,748911000,698502250.0,748911000,1011193833,6.0,4.546,157695000.0,3.944,1.0,910200000.0,0.572,28903000,25389000.0,1177804000,1202904250.0,179730000,0,0,0,783491000,342545000,440946000,994343833,77889000.0,24651000.0,3099000.0,-102449000.0,-22354000.0,-117192000.0,8210000.0,0.0,179799000.0,7072000.0,87018000.0,87018000.0,87018000.0,0.0,0.0,0.055,735498000.0,174702000.0,87105000,0.261,1.328,11.427,11.284,241649000,0.0,24.6,0.624,0.618,119779000,1171008000.0,1592568000.0,1592568000.0,0.0,0.058,0.125,0.151,0.114,13017000.0,738703000.0,1.0,40420481,39982784,41244903.0,39.831,1503499000,174840000,68989000.0,42687000,37.604,358379000
11,AM1,ART,2010-12-31,2011-01-05,2010-11-26,2021-09-13,-27114000,1511476000,1493080750.0,692466000,819010000,1.069,17.713,-20769000.0,93899000,93899000,690564000.0,90330000.0,1.904,1.13,232078000,0,232078000,232078000,0,41380000.0,0,0.024,0.56,176814000.0,218194000.0,0.137,218194000.0,176814000.0,151351000.0,2.27,2.18,2.27,709774000,670290500.0,709774000,1087552720,6.0,4.984,160262000.0,3.999,1.0,905121000.0,0.567,31686000,25463000.0,1254186000,1238022250.0,181511000,0,0,0,801702000,363783000,437919000,949373720,43336000.0,25151000.0,9392000.0,-130178000.0,-21459000.0,-142245000.0,4382000.0,0.0,181031000.0,168000.0,90330000.0,90330000.0,90330000.0,0.0,0.0,0.057,734653000.0,170468000.0,97899000,0.247,1.338,10.51,10.419,236742000,0.0,23.65,0.595,0.594,206286000,1162568000.0,1595685000.0,1595685000.0,0.0,0.06,0.135,0.143,0.111,0.0,763342000.0,1.0,40142652,40071916,40985909.0,39.821,1479790000,217614000,61021000.0,72417000,36.928,328683000
12,AM1,ART,2010-09-30,2010-10-06,2010-08-27,2021-09-13,-30815000,1436967000,1481452750.0,599330000,837637000,1.084,16.879,-21839000.0,133834000,133834000,696384000.0,87862000.0,1.854,1.127,231525000,0,231525000,231525000,0,42162000.0,0,0.028,0.54,163520000.0,205682000.0,0.128,205682000.0,163520000.0,137947000.0,2.22,2.15,2.22,675629000,645699750.0,675629000,870329596,5.0,4.231,180032000.0,4.498,1.0,909329000.0,0.566,29929000,25573000.0,1181482000,1273743500.0,189366000,0,0,0,761338000,323247000,438091000,772638596,83931000.0,25151000.0,6915000.0,-109767000.0,-20583000.0,-123435000.0,4962000.0,0.0,201871000.0,533000.0,87862000.0,87862000.0,87862000.0,0.0,0.0,0.055,752487000.0,156842000.0,88668000,0.243,1.144,8.794,8.685,240124000,0.0,19.28,0.481,0.481,89408000,1136031000.0,1605713000.0,1605713000.0,0.0,0.059,0.136,0.128,0.102,0.0,780703000.0,1.0,40074616,40026649,40875329.0,40.116,1407038000,215517000,50085000.0,55246000,35.153,276083000
13,AM1,ART,2010-06-30,2010-07-07,2010-05-28,2021-09-13,-40257000,1494229000,1469380500.0,660707000,833522000,1.102,16.643,-22040000.0,186775000,186775000,703919000.0,102452000.0,1.615,1.265,329973000,99000000,230973000,329973000,0,43066000.0,0,0.033,0.64,180554000.0,223620000.0,0.138,223620000.0,180554000.0,155028000.0,2.6,2.53,2.6,659695000,622291750.0,659695000,908737213,5.0,4.064,199260000.0,5.027,1.0,915325000.0,0.565,30238000,25526000.0,1198145000,1312184750.0,157913000,0,0,0,834534000,409044000,425490000,765539213,99164000.0,21509000.0,6812000.0,-108725000.0,-19709000.0,-121622000.0,4182000.0,0.0,221300000.0,-4696000.0,102452000.0,102452000.0,102452000.0,0.0,0.0,0.063,743529000.0,171796000.0,80205000,0.246,1.16,7.472,7.358,239841000,0.0,19.13,0.473,0.468,110085000,1133116000.0,1619244000.0,1619244000.0,0.0,0.07,0.165,0.138,0.112,0.0,772206000.0,1.0,40017732,39638568,40849429.0,40.85,1463991000,225158000,52576000.0,55938000,36.933,251663000
14,AM1,ART,2010-03-31,2010-04-29,2010-02-28,2021-09-13,-29815000,1529651000,1461154250.0,677424000,852227000,1.12,16.116,-25426000.0,137949000,137949000,713075000.0,81574000.0,1.821,1.405,329723000,1000000,328723000,329723000,0,45165000.0,0,0.02,0.5,147265000.0,192430000.0,0.118,192430000.0,147265000.0,120954000.0,2.07,2.03,2.07,636064000,597336000.0,636064000,1193004131,8.0,6.2,172064000.0,4.36,1.0,922783000.0,0.564,31106000,26311000.0,1318276000,1374857750.0,163956000,0,0,0,893587000,372043000,521544000,1001230131,77733000.0,-19300000.0,-5143000.0,-62350000.0,-19049000.0,-86542000.0,-40013000.0,0.0,197490000.0,6798000.0,81574000.0,81574000.0,81574000.0,0.0,0.0,0.05,783681000.0,139102000.0,95434000,0.242,1.574,12.274,12.237,244751000,0.0,25.33,0.612,0.611,135758000,1112047000.0,1635858000.0,1635858000.0,0.0,0.056,0.137,0.107,0.09,0.0,783991000.0,1.0,39527443,39467811,40159651.0,41.448,1498545000,226643000,39380000.0,42080000,37.969,305381000
15,AM1,ART,2009-12-31,2010-01-06,2009-11-27,2021-09-13,-35824000,1464964000,1437188500.0,639846000,825118000,1.136,15.521,-31740000.0,50563000,50563000,748702000.0,12700000.0,1.904,1.396,356974000,1000000,355974000,356974000,0,46405000.0,0,0.022,0.48,47179000.0,93584000.0,0.057,93584000.0,47179000.0,21309000.0,0.45,0.45,0.45,611411000,570617250.0,611411000,1154233282,24.0,12.334,199664000.0,5.069,1.0,883255000.0,0.541,38177000,25870000.0,1397071000,1393668500.0,176161000,0,0,0,853553000,336127000,517426000,847822282,-5041000.0,-41557000.0,-30905000.0,-120945000.0,-19777000.0,-171627000.0,-68584000.0,0.0,231404000.0,3766000.0,12700000.0,12700000.0,12700000.0,0.0,0.0,0.008,837364000.0,45891000.0,86835000,1.067,1.387,66.758,47.711,271937000,0.0,21.47,0.52,0.518,193317000,1097983000.0,1631957000.0,1631957000.0,0.0,0.009,0.022,0.034,0.029,0.0,764353000.0,1.0,39488695,39391399,39755233.0,41.429,1426787000,233940000,8609000.0,42414000,36.221,303719000
16,AM1,ART,2009-09-30,2009-10-07,2009-08-28,2021-09-13,-40562000,1388678000,1480391250.0,545964000,842714000,1.112,14.769,-41748000.0,49903000,49903000,766919000.0,-210306000.0,1.741,1.386,336372000,1000000,335372000,336372000,0,48158000.0,0,0.027,0.6,-219324000.0,-171166000.0,-0.104,-171166000.0,-219324000.0,-245497000.0,-4.55,-4.55,-4.55,581997000,575685000.0,581997000,1174005395,-5.0,-6.859,169132000.0,4.292,1.0,878956000.0,0.534,26393000,26173000.0,1335247000,1377894500.0,208130000,0,0,0,806681000,313507000,493174000,887536395,-34137000.0,-41557000.0,-33840000.0,-102795000.0,-20492000.0,-157127000.0,-80242000.0,0.0,210880000.0,-7648000.0,-210306000.0,-210306000.0,-210306000.0,0.0,0.0,-0.128,1097597000.0,-218641000.0,96279000,-0.132,1.525,-4.22,-4.945,285703000,0.0,22.5,0.539,0.539,78070000,1073029000.0,1645875000.0,1645875000.0,0.0,-0.142,-0.365,-0.159,-0.133,0.0,781613000.0,1.0,39446062,39407532,39407532.0,41.765,1362285000,230803000,-35191000.0,33592000,34.569,232457000
17,AM1,ART,2009-06-30,2009-07-08,2009-05-29,2021-09-13,-43276000,1461324000,1585046250.0,604468000,856856000,1.057,14.135,-54273000.0,87611000,87611000,783783000.0,-231131000.0,1.8,1.61,436780000,27325000,409455000,436780000,0,49624000.0,0,0.04,0.48,-252289000.0,-202665000.0,-0.121,-202665000.0,-252289000.0,-277225000.0,-5.09,-5.09,-5.09,559872000,648579250.0,559872000,819844624,-3.0,-4.045,39383000.0,0.994,1.0,891577000.0,0.532,25921000,24936000.0,1448837000,1364618750.0,181425000,0,0,0,901452000,335735000,565717000,470675624,-20581000.0,-38543000.0,-79630000.0,137071000.0,-21579000.0,35862000.0,-136969000.0,0.0,93656000.0,-13130000.0,-231131000.0,-231131000.0,-231131000.0,0.0,0.0,-0.138,1144418000.0,-252841000.0,85483000,-0.094,0.841,-2.036,-2.346,288922000,0.0,11.94,0.281,0.282,110743000,1054734000.0,1675360000.0,1675360000.0,0.0,-0.146,-0.356,-0.185,-0.151,0.0,827148000.0,1.0,39420069,39608947,39608947.0,42.298,1435403000,238191000,-46094000.0,33531000,36.239,268733000
18,AM1,ART,2009-03-31,2009-04-29,2009-02-28,2021-09-13,-67278000,1433788000,1662693000.0,561395000,872393000,1.017,11.37,-55300000.0,60216000,60216000,809956000.0,-227759000.0,1.635,1.709,390223000,750000,389473000,390223000,0,50016000.0,0,0.064,0.48,-252079000.0,-202063000.0,-0.12,-202063000.0,-252079000.0,-274933000.0,-4.89,-4.89,-4.89,529189000,746654750.0,529189000,625317357,-2.0,-3.095,17740000.0,0.381,1.0,880782000.0,0.521,26871000,22854000.0,1393519000,1302452500.0,203873000,0,0,0,904599000,343405000,561194000,295310357,-63284000.0,-37882000.0,-73458000.0,118991000.0,-22566000.0,22967000.0,-137335000.0,0.0,73040000.0,-21956000.0,-227759000.0,-227759000.0,-227759000.0,0.0,0.0,-0.135,1133986000.0,-253204000.0,117504000,-0.098,0.558,-1.297,-1.532,297779000,0.0,7.49,0.175,0.206,63281000,1044926000.0,1690738000.0,1690738000.0,0.0,-0.137,-0.305,-0.194,-0.149,0.0,845216000.0,1.0,39427284,46543780,46543780.0,36.326,1406917000,250635000,-47174000.0,33644000,30.228,217990000
19,AM1,ART,2008-12-31,2009-01-07,2008-11-28,2021-09-13,-48334000,1637775000,1755353000.0,710956000,926819000,1.004,13.895,-62823000.0,55604000,55604000,819930000.0,-162119000.0,1.111,1.593,448629000,247945000,200684000,448629000,0,50265000.0,0,0.068,0.48,-171803000.0,-121538000.0,-0.069,-121538000.0,-171803000.0,-194351000.0,-3.62,-3.62,-3.62,631682000,850210250.0,631682000,711364164,-4.0,-5.853,53206000.0,1.17,1.0,941602000.0,0.535,56965000,22548000.0,1333975000,1250758500.0,246596000,0,0,0,1006093000,639860000,366233000,318339164,-15513000.0,-40707000.0,-147494000.0,201636000.0,-22262000.0,31880000.0,-147683000.0,0.0,116029000.0,-16519000.0,-162119000.0,-162119000.0,-162119000.0,-1078000.0,0.0,-0.092,1121901000.0,-180299000.0,135002000,-0.133,0.504,-1.964,-1.936,294908000,0.0,7.01,0.181,0.181,163463000,1105472000.0,1761532000.0,1761532000.0,0.0,-0.092,-0.191,-0.137,-0.098,0.0,880859000.0,1.0,45412149,45460385,45460385.0,38.749,1580810000,228759000,-32232000.0,53915000,34.773,71096000
20,AM1,ART,2008-09-30,2008-10-08,2008-08-29,2021-09-13,-9711000,1807298000,1813030000.0,644478000,1162820000,0.989,18.287,-69317000.0,84040000,84040000,820045000.0,60208000.0,1.147,1.069,410334000,209645000,200689000,410334000,0,49940000.0,0,0.028,0.34,99098000.0,149038000.0,0.083,149038000.0,99098000.0,78349000.0,1.16,1.15,1.16,873574000,949769500.0,873574000,883499436,9.0,5.928,62466000.0,1.308,1.0,973149000.0,0.543,289662000,20749000.0,1282144000,1247684750.0,260845000,0,0,0,933724000,561786000,371938000,557205436,-108410000.0,-85043000.0,-203242000.0,187136000.0,-22355000.0,-38461000.0,-198513000.0,0.0,131783000.0,-3949000.0,60208000.0,60208000.0,60208000.0,-606000.0,0.0,0.034,888617000.0,84532000.0,125648000,0.293,0.638,9.255,10.578,301698000,0.0,12.27,0.311,0.327,62918000,1304343000.0,1793194000.0,1793194000.0,0.0,0.033,0.063,0.079,0.055,0.0,890100000.0,1.0,45412016,47769594,47807313.0,37.538,1517636000,187976000,18141000.0,31072000,31.77,82692000
21,AM1,ART,2008-06-30,2008-07-09,2008-05-30,2021-09-13,20746000,1771911000,1811833750.0,634702000,1137209000,0.985,19.511,-58357000.0,108192000,108192000,812985000.0,66286000.0,1.46,0.861,271376000,70835000,200541000,271376000,0,49331000.0,0,0.025,0.32,108699000.0,158030000.0,0.089,158030000.0,108699000.0,88545000.0,1.26,1.25,1.26,952174000,994697500.0,952174000,796636102,7.0,5.041,151672000.0,3.108,1.0,971801000.0,0.544,300323000,20154000.0,1200172000,1236150750.0,212032000,0,0,0,819737000,434600000,385137000,633452102,-24390000.0,-83968000.0,-150637000.0,48145000.0,-22119000.0,-124611000.0,-114000000.0,28325000.0,210029000.0,3709000.0,66286000.0,66286000.0,66286000.0,-255000.0,0.0,0.037,877381000.0,94420000.0,110394000,0.254,0.665,9.556,10.294,298652000,0.0,12.97,0.355,0.355,59897000,1307892000.0,1784786000.0,1784786000.0,0.0,0.037,0.067,0.088,0.061,0.0,879073000.0,1.0,48839792,48800941,48833108.0,36.573,1471588000,200722000,22259000.0,50334000,30.155,200102000
22,AM1,ART,2008-03-31,2008-04-29,2008-02-29,2021-09-13,21244000,1804428000,1812147750.0,669370000,1135058000,0.98,17.394,-53519000.0,123500000,123500000,780771000.0,83003000.0,1.48,0.913,243308000,42790000,200518000,243308000,0,48535000.0,0,0.023,0.42,143657000.0,192192000.0,0.108,192192000.0,143657000.0,123651000.0,1.53,1.52,1.53,943411000,1016063750.0,943411000,1010425860,7.0,5.257,190018000.0,3.503,1.0,995680000.0,0.56,285072000,20006000.0,1186743000,1261334500.0,216671000,0,0,0,861017000,452421000,408596000,890617860,-21213000.0,-72055000.0,-145172000.0,20100000.0,-21803000.0,-146875000.0,-125574000.0,0.0,243537000.0,7758000.0,83003000.0,83003000.0,83003000.0,317000.0,0.0,0.047,866875000.0,128805000.0,123713000,0.275,0.944,10.73,11.935,296005000,0.0,18.26,0.501,0.557,61902000,1300662000.0,1776451000.0,1776451000.0,0.0,0.046,0.082,0.114,0.081,0.0,868200000.0,1.0,48774253,54236961,54506048.0,32.754,1519356000,206042000,40648000.0,55395000,28.013,216949000
23,AM1,ART,2007-12-31,2008-01-02,2007-11-23,2021-09-13,22982000,1868483000,1805594250.0,808341000,1060142000,0.967,18.718,-42722000.0,71117000,71117000,778431000.0,55218000.0,1.773,0.814,247465000,46490000,200975000,247465000,0,48113000.0,0,0.025,0.48,124679000.0,172792000.0,0.099,172792000.0,124679000.0,102286000.0,1.02,1.04,1.02,1029919000,1033354500.0,1029919000,1184059235,9.0,6.853,278879000.0,5.068,1.0,968473000.0,0.554,267308000,22393000.0,1321680000,1279726500.0,239209000,0,0,0,838564000,455843000,382721000,1007711235,-15099000.0,-48941000.0,-118656000.0,-118389000.0,-21166000.0,-258211000.0,-85503000.0,0.0,321601000.0,8419000.0,55218000.0,55218000.0,55218000.0,7483000.0,0.0,0.032,846587000.0,121886000.0,131099000,0.471,0.978,18.25,18.931,291551000,0.0,19.31,0.577,0.608,205702000,1290284000.0,1746904000.0,1746904000.0,0.0,0.031,0.053,0.097,0.071,0.0,860829000.0,1.0,52185978,55022689,,31.749,1601175000,188527000,47068000.0,63132000,29.1,352498000
24,AM1,ART,2007-09-30,2007-10-03,2007-08-24,2021-09-13,10690000,1802513000,1841773500.0,796023000,1006490000,0.963,18.887,-31113000.0,192450000,192450000,800457000.0,75909000.0,2.147,0.711,223678000,22690000,200988000,223678000,0,48450000.0,0,0.017,0.46,153547000.0,201997000.0,0.114,201997000.0,153547000.0,129038000.0,1.33,1.35,1.33,1053286000,1059806500.0,1053286000,1560937229,10.0,7.728,267702000.0,4.8,1.0,972940000.0,0.549,226920000,24509000.0,1236008000,1335606000.0,248176000,0,0,0,749227000,370813000,378414000,1529709229,103337000.0,-1605000.0,-132746000.0,-20480000.0,-20369000.0,-173595000.0,-26558000.0,0.0,298815000.0,6030000.0,75909000.0,75909000.0,75909000.0,3911000.0,0.0,0.043,819061000.0,153879000.0,126341000,0.346,1.452,20.152,20.722,277671000,0.0,27.56,0.863,0.867,71195000,1266850000.0,1773397000.0,1773397000.0,0.0,0.041,0.072,0.115,0.087,0.0,865969000.0,1.0,55504689,55766802,,31.8,1575593000,165367000,53129000.0,31387000,28.253,425210000
25,AM1,ART,2007-06-30,2007-07-05,2007-05-25,2021-09-13,6030000,1773167000,1863470250.0,767717000,1005450000,0.942,18.776,-32442000.0,132582000,132582000,811598000.0,57036000.0,2.27,0.709,223800000,0,223800000,223800000,0,49592000.0,0,0.015,0.44,131848000.0,181440000.0,0.103,181440000.0,131848000.0,104569000.0,1.0,1.02,1.0,1037639000,1085827000.0,1037639000,1685418314,13.0,9.289,234824000.0,4.249,1.0,944447000.0,0.538,225318000,27279000.0,1300907000,1388165750.0,192399000,28325000,28325000,0,735528000,338160000,397368000,1594200314,-72886000.0,-4275000.0,-186716000.0,-160482000.0,-19349000.0,-366547000.0,20995000.0,54775000.0,267266000.0,5624000.0,57036000.0,57036000.0,57036000.0,814000.0,0.0,0.032,811785000.0,132662000.0,100914000,0.44,1.536,27.951,28.65,280505000,0.0,28.65,0.908,0.902,119145000,1264067000.0,1756045000.0,1756045000.0,0.0,0.031,0.053,0.095,0.075,0.0,875782000.0,1.0,55643990,55262716,,31.776,1547849000,178952000,47533000.0,57062000,28.009,429557000
26,AM1,ART,2007-03-31,2007-04-30,2007-02-28,2021-09-13,-1013000,1778214000,1939541000.0,799281000,978933000,0.899,18.358,-36879000.0,144713000,144713000,826791000.0,42378000.0,2.143,0.756,223915000,0,223915000,223915000,0,49380000.0,0,0.013,0.34,103460000.0,152840000.0,0.088,152840000.0,103460000.0,68474000.0,0.73,0.71,0.73,1012574000,1123628500.0,1012574000,1482951976,14.0,9.703,230096000.0,4.172,1.0,917812000.0,0.526,224105000,34986000.0,1260311000,1447207750.0,182618000,0,0,0,765640000,373000000,392640000,1403749976,-68900000.0,-563000.0,-250983000.0,-249121000.0,-18418000.0,-518522000.0,177458000.0,208740000.0,266975000.0,4507000.0,42378000.0,42378000.0,42378000.0,887000.0,0.0,0.024,813465000.0,104347000.0,118204000,0.466,1.386,33.124,34.863,285072000,0.0,25.45,0.805,0.805,103992000,1254020000.0,1744603000.0,1744603000.0,0.0,0.022,0.038,0.071,0.059,0.0,878995000.0,1.0,55157170,55157170,,31.63,1554109000,188248000,26096000.0,32700000,28.176,426281000
27,AM1,ART,2006-12-31,2007-01-03,2006-11-24,2021-09-13,36067000,2013200000,2049728000.0,1029333000,983867000,0.866,19.087,-38724000.0,86216000,86216000,811989000.0,96395000.0,1.957,0.773,365985000,142000000,223985000,365985000,0,49860000.0,0,0.017,0.4,166825000.0,216685000.0,0.122,216685000.0,166825000.0,131352000.0,1.56,1.45,1.56,1135727000,1175491250.0,1135727000,1622337571,10.0,7.487,214678000.0,3.608,1.0,963146000.0,0.543,221929000,35473000.0,1545198000,1555384500.0,247909000,0,0,0,877473000,525842000,351631000,1342568571,11078000.0,-13910000.0,-273978000.0,-106932000.0,-18952000.0,-399862000.0,152313000.0,208740000.0,253402000.0,2944000.0,96395000.0,96395000.0,96395000.0,3168000.0,0.0,0.054,793153000.0,169993000.0,127287000,0.256,1.182,13.928,15.141,300420000,0.0,23.62,0.756,0.792,236834000,1267757000.0,1775135000.0,1775135000.0,0.0,0.047,0.082,0.107,0.094,0.0,874774000.0,1.0,56840329,59502276,59902127.0,29.833,1791271000,162156000,34957000.0,40723000,30.104,503491000
28,AM1,ART,2006-09-30,2006-10-04,2006-08-25,2021-09-13,29726000,1889300000,2136233000.0,819212000,1070088000,0.853,19.909,-41599000.0,89113000,89113000,843883000.0,59615000.0,2.155,0.632,244078000,20000000,224078000,244078000,0,50645000.0,0,0.013,0.32,125076000.0,175721000.0,0.096,175721000.0,125076000.0,88148000.0,0.92,0.81,0.92,1157368000,1208576250.0,1157368000,1582707745,13.0,9.007,228367000.0,3.928,1.0,977632000.0,0.537,217804000,36928000.0,1446247000,1686090250.0,277456000,0,0,0,731932000,380214000,351718000,1427742745,-72226000.0,-16910000.0,-246720000.0,-228641000.0,-19442000.0,-494803000.0,147289000.0,208750000.0,269966000.0,3041000.0,59615000.0,59615000.0,59615000.0,3648000.0,0.0,0.033,848908000.0,128724000.0,122217000,0.348,1.234,23.949,25.88,301520000,0.0,23.81,0.784,0.76,86264000,1222782000.0,1821515000.0,1821515000.0,0.0,0.028,0.049,0.074,0.069,0.0,874514000.0,1.0,59963996,58133066,58133066.0,31.334,1671496000,171827000,28533000.0,32306000,28.753,438998000
29,AM1,ART,2006-06-30,2006-07-05,2006-05-26,2021-09-13,23952000,2077450000,2268707750.0,1035702000,1041748000,0.815,20.449,-35623000.0,205468000,205468000,846006000.0,73354000.0,1.973,0.747,398960000,159122000,239838000,398960000,0,51353000.0,0,0.015,0.32,146248000.0,197601000.0,0.107,197601000.0,146248000.0,108342000.0,1.15,1.04,1.15,1188845000,1248613250.0,1188845000,1431650347,10.0,7.245,245371000.0,4.221,1.0,1002990000.0,0.542,208973000,37906000.0,1537075000,1825633750.0,237658000,83100000,83100000,0,888605000,524894000,363711000,1238158347,-6337000.0,-15315000.0,-239029000.0,-99421000.0,-20289000.0,-358739000.0,66462000.0,125650000.0,280994000.0,3549000.0,73354000.0,73354000.0,73354000.0,6394000.0,0.0,0.04,850348000.0,152642000.0,123457000,0.278,1.041,16.879,18.826,304423000,0.0,21.65,0.67,0.681,122808000,1438528000.0,1848996000.0,1848996000.0,0.0,0.032,0.059,0.08,0.079,0.0,870477000.0,1.0,57189762,58137230,71077312.0,31.804,1868477000,164079000,34988000.0,50001000,32.139,510808000
30,AM1,ART,2006-03-31,2006-05-10,2006-02-28,2021-09-13,9823000,2218962000,2361654250.0,1162142000,1056820000,0.798,18.495,-34772000.0,213613000,213613000,850158000.0,84376000.0,1.99,0.819,475308000,174792000,300516000,475308000,0,54222000.0,0,0.014,0.32,168310000.0,222532000.0,0.118,222532000.0,168310000.0,133186000.0,1.28,1.16,1.28,1220025000,1290781250.0,1220025000,1574289108,9.0,7.074,242624000.0,3.678,1.0,1035543000.0,0.549,203599000,35124000.0,1693018000,1941513250.0,217318000,208740000,208740000,0,998937000,584040000,414897000,1312594108,-34186000.0,-15315000.0,-217574000.0,-10782000.0,-21184000.0,-249540000.0,-61151000.0,0.0,277396000.0,-1924000.0,84376000.0,84376000.0,84376000.0,5749000.0,0.0,0.045,861484000.0,174059000.0,126061000,0.25,1.076,15.556,17.812,304059000,0.0,22.8,0.696,0.798,142087000,1427785000.0,1885701000.0,1885701000.0,0.0,0.036,0.065,0.087,0.089,0.0,883104000.0,1.0,57569917,65965024,79226384.0,28.586,2015363000,154327000,48810000.0,39771000,30.552,578102000
31,AM1,ART,2005-12-31,2006-01-09,2005-11-30,2021-09-13,2045000,2359220000,2440820750.0,1249986000,1109234000,0.77,19.382,-44392000.0,77606000,77606000,878170000.0,63952000.0,2.621,0.86,475967000,0,475967000,475967000,0,56251000.0,0,0.017,0.38,142577000.0,198828000.0,0.106,198828000.0,142577000.0,106977000.0,0.95,0.87,0.95,1268067000,1332470000.0,1268067000,1801744780,13.0,9.062,272929000.0,4.172,1.0,1002218000.0,0.533,212694000,35600000.0,2068021000,2021692750.0,259363000,208740000,208740000,0,1091153000,476866000,614287000,1403383780,-144138000.0,-25178000.0,-125875000.0,-10782000.0,-20280000.0,-156937000.0,-303805000.0,-208740000.0,317321000.0,-715000.0,63952000.0,63952000.0,63952000.0,-2620000.0,0.0,0.034,862261000.0,139957000.0,135151000,0.4,1.107,21.944,23.242,313217000,0.0,22.08,0.746,0.768,316817000,1391037000.0,1880388000.0,1880388000.0,0.0,0.026,0.048,0.071,0.076,0.0,903697000.0,1.0,63559048,65425537,78695259.0,28.741,2146526000,167151000,43025000.0,48457000,32.809,773120000
32,AM1,ART,2005-09-30,2005-10-07,2005-08-31,2021-09-13,12853000,2419199000,2468000750.0,1236219000,1182980000,0.773,19.635,-38156000.0,163807000,163807000,893658000.0,113786000.0,2.648,0.836,476222000,0,476222000,476222000,0,57150000.0,0,0.011,0.28,203565000.0,260715000.0,0.137,260715000.0,203565000.0,167627000.0,1.66,1.46,1.66,1317516000,1361578500.0,1317516000,2030930057,10.0,7.79,285577000.0,4.256,1.0,1014276000.0,0.532,260276000,35938000.0,2004421000,2007706500.0,296133000,208750000,208750000,0,1101683000,466917000,634766000,1718515057,11044000.0,51822000.0,-70066000.0,-10782000.0,-19170000.0,-100018000.0,-217991000.0,-208750000.0,323733000.0,4928000.0,113786000.0,113786000.0,113786000.0,-22417000.0,0.0,0.06,833128000.0,181148000.0,132978000,0.169,1.304,15.103,15.753,318947000,0.0,26.15,0.901,0.92,172020000,1383347000.0,1907934000.0,1907934000.0,0.0,0.046,0.084,0.101,0.107,0.0,917127000.0,1.0,65717593,67101944,67913912.0,28.433,2158923000,176265000,53841000.0,58539000,32.174,769302000
33,AM1,ART,2005-06-30,2005-07-08,2005-05-31,2021-09-13,0,2449236000,2441874000.0,1228332000,1220904000,0.783,19.79,-44990000.0,214273000,214273000,904059000.0,117455000.0,2.688,0.804,486343000,10184000,476159000,486343000,0,56530000.0,0,0.008,0.2,206490000.0,263020000.0,0.138,263020000.0,206490000.0,169976000.0,1.71,1.51,1.71,1357517000,1353011750.0,1357517000,2041903803,10.0,7.763,309575000.0,4.513,1.0,1008212000.0,0.527,263823000,36514000.0,2000593000,2006416000.0,233933000,208750000,208750000,0,1091719000,456890000,634829000,1769833803,98423000.0,51822000.0,-23724000.0,0.0,-13764000.0,-37488000.0,-219523000.0,-208750000.0,354565000.0,3266000.0,117455000.0,117455000.0,117455000.0,-23427000.0,0.0,0.061,825149000.0,183063000.0,117247000,0.117,1.304,15.068,15.404,331234000,0.0,26.34,0.926,0.945,196210000,,1912271000.0,1912271000.0,0.0,0.048,0.087,0.103,0.108,0.0,914637000.0,1.0,67191868,68595786,81952895.0,27.877,2185413000,165123000,52521000.0,65790000,31.859,771442000
34,AM1,ART,2005-03-31,2005-05-11,2005-02-28,2021-09-13,29039000,2535628000,2395493250.0,1281639000,1253989000,0.794,20.232,-41649000.0,250267000,250267000,905201000.0,95279000.0,2.628,0.828,486099000,0,486099000,486099000,0,57045000.0,0,0.008,0.2,212503000.0,269548000.0,0.142,269548000.0,212503000.0,132977000.0,1.39,1.25,1.39,1386780000,1331440250.0,1386780000,1894016895,9.0,7.027,316765000.0,4.621,1.0,997526000.0,0.524,270057000,79526000.0,2013736000,2011377250.0,222874000,208740000,208740000,0,1148848000,487667000,661181000,1658184895,-35183000.0,51822000.0,16034000.0,-216417000.0,-8264000.0,-208647000.0,-187030000.0,-208740000.0,358414000.0,4477000.0,95279000.0,95279000.0,95279000.0,-24729000.0,0.0,0.05,809752000.0,187774000.0,143041000,0.144,1.196,17.403,17.41,339792000,0.0,24.2,0.871,0.872,200408000,1365555000.0,1902727000.0,1902727000.0,0.0,0.04,0.072,0.106,0.112,0.0,907024000.0,1.0,68520037,68545432,82016835.0,27.759,2265571000,193497000,37698000.0,75991000,33.052,793972000
35,AM1,ART,2004-12-31,2005-01-07,2004-11-30,2021-09-13,0,2467940000,2382589500.0,1279841000,1188099000,0.822,20.137,-33457000.0,221744000,221744000,921536000.0,122207000.0,2.721,0.783,483988000,0,483988000,483988000,0,58508000.0,0,0.002,0.06,270075000.0,328583000.0,0.168,328583000.0,270075000.0,184570000.0,1.79,1.56,1.79,1384501000,1301630250.0,1384501000,1943195310,7.0,5.914,357005000.0,5.193,1.0,1037238000.0,0.53,247836000,85505000.0,2012076000,2061073000.0,263482000,0,0,0,1083439000,470272000,613167000,1680951310,170050000.0,77000000.0,25211000.0,-311436000.0,-4125000.0,-290350000.0,63081000.0,0.0,390462000.0,9252000.0,122207000.0,122207000.0,122207000.0,-23427000.0,0.0,0.062,790590000.0,246648000.0,138073000,0.034,1.214,13.755,13.615,333278000,0.0,24.37,0.858,0.855,415113000,,1958774000.0,1958774000.0,0.0,0.051,0.094,0.131,0.138,0.0,878648000.0,1.0,68976254,68753922,82397633.0,28.49,2220104000,165810000,62363000.0,81983000,32.291,809569000
36,AM1,ART,2004-09-30,2004-09-30,2004-08-31,2021-09-13,0,2314692000,2401870750.0,1113887000,1200805000,0.828,18.756,-33160000.0,152763000,152763000,925140000.0,105808000.0,2.686,0.804,483876000,0,483876000,483876000,0,60312000.0,0,0.0,0.0,279047000.0,339359000.0,0.171,339359000.0,279047000.0,171699000.0,1.58,1.41,1.58,1283249000,1252027500.0,1283249000,2052209147,7.0,6.047,367879000.0,5.377,1.0,1063515000.0,0.535,231886000,107348000.0,1999259000,2169953500.0,308977000,0,0,0,1031443000,414660000,616783000,1721096147,112269000.0,0.0,21174000.0,-305698000.0,0.0,-284524000.0,-7726000.0,0.0,401039000.0,6269000.0,105808000.0,105808000.0,105808000.0,-1010000.0,0.0,0.053,785478000.0,278037000.0,150513000,0.0,1.341,16.266,15.899,340299000,0.0,25.12,0.865,0.864,240684000,,1988655000.0,1988655000.0,0.0,0.044,0.085,0.129,0.14,0.0,868274000.0,1.0,68514974,68418773,69265799.0,29.066,2082806000,152143000,65891000.0,42439000,30.442,699227000
37,AM1,ART,2004-06-30,2004-07-09,2004-05-31,2021-09-13,0,2263713000,2427745000.0,1015291000,1248422000,0.824,18.694,-35560000.0,115850000,115850000,939848000.0,89203000.0,2.633,0.781,483783000,0,483783000,483783000,0,63250000.0,0,0.0,0.0,260708000.0,323958000.0,0.162,323958000.0,260708000.0,144986000.0,1.33,1.19,1.33,1271231000,1207742000.0,1271231000,1984466368,8.0,6.126,254151000.0,3.737,1.0,1060460000.0,0.53,225574000,115722000.0,2020438000,2280462250.0,263118000,0,0,0,992482000,385634000,606848000,1616533368,2576000.0,0.0,19700000.0,-296696000.0,0.0,-276996000.0,-16471000.0,0.0,289711000.0,6332000.0,89203000.0,89203000.0,89203000.0,0.0,0.0,0.045,799752000.0,260708000.0,115186000,0.0,1.272,18.122,17.82,357747000,0.0,23.7,0.808,0.806,258450000,,2000308000.0,2000308000.0,0.0,0.037,0.074,0.114,0.13,0.0,874873000.0,1.0,68208159,68000691,68846170.0,29.416,2038139000,155517000,55783000.0,44648000,29.972,629657000
38,AM1,ART,2004-03-31,2004-05-04,2004-02-29,2021-09-13,20638000,2484013000,2482359250.0,1176968000,1307045000,0.809,19.058,-35628000.0,285450000,285450000,937619000.0,104670000.0,2.783,0.96,665874000,0,665874000,665874000,0,64069000.0,0,0.0,0.0,256579000.0,320648000.0,0.16,320648000.0,256579000.0,170751000.0,1.57,1.4,1.57,1267540000,1169843000.0,1267540000,1788682158,7.0,5.578,256251000.0,3.853,1.0,1071324000.0,0.533,228955000,85828000.0,2212519000,2367827750.0,246171000,0,0,0,1216473000,422963000,793510000,1408258158,76987000.0,0.0,17638000.0,-209647000.0,0.0,-192009000.0,-33094000.0,0.0,291879000.0,10211000.0,104670000.0,104670000.0,104670000.0,0.0,0.0,0.052,814745000.0,256579000.0,129362000,0.0,1.111,13.454,13.159,369133000,0.0,20.66,0.701,0.684,250554000,1286281000.0,2008943000.0,2008943000.0,0.0,0.042,0.089,0.108,0.128,0.0,875079000.0,1.0,68163512,66509332,80088377.0,30.205,2255058000,158689000,66081000.0,45824000,33.906,754005000
39,AM1,ART,2003-12-31,2004-01-14,2003-11-30,2021-09-13,0,2545065000,2507386000.0,1249540000,1295525000,0.798,17.782,-37983000.0,51694000,51694000,899135000.0,101770000.0,2.179,1.146,750968000,85414000,665554000,750968000,0,63684000.0,0,0.0,0.0,257902000.0,321586000.0,0.161,321586000.0,257902000.0,167247000.0,1.55,1.38,1.55,1186090000,1122324000.0,1186090000,2084805018,8.0,6.483,129199000.0,1.937,1.0,1100669000.0,0.55,223240000,90655000.0,2447598000,2396274750.0,306614000,0,0,0,1358975000,573501000,785474000,1385531018,29893000.0,0.0,10471000.0,-136609000.0,0.0,-126138000.0,-19220000.0,0.0,167182000.0,8069000.0,101770000.0,101770000.0,101770000.0,0.0,0.0,0.051,842767000.0,257902000.0,141506000,0.0,1.168,13.614,13.335,373677000,0.0,20.67,0.693,0.689,462547000,,1999804000.0,1999804000.0,0.0,0.041,0.091,0.108,0.129,0.0,876493000.0,1.0,67031012,66699847,79817702.0,29.982,2321825000,181981000,65477000.0,61007000,34.81,676039000
40,AM1,ART,2003-09-30,2003-10-15,2003-08-31,2021-09-13,0,2418189000,2524267250.0,1097756000,1320433000,0.781,16.679,-40433000.0,40494000,40494000,888081000.0,102400000.0,2.374,1.186,740413000,13082000,727331000,740413000,0,63721000.0,0,0.0,0.0,249454000.0,313175000.0,0.159,313175000.0,249454000.0,169817000.0,1.56,1.37,1.56,1106107000,1081366500.0,1106107000,2095604158,8.0,6.691,-32605000.0,-0.492,1.0,1084488000.0,0.55,214424000,79637000.0,2441294000,2447834500.0,370992000,0,0,0,1312082000,462390000,849692000,1395685158,-133680000.0,0.0,6498000.0,-122132000.0,0.0,-115634000.0,-31037000.0,0.0,7828000.0,5163000.0,102400000.0,102400000.0,102400000.0,0.0,0.0,0.052,835034000.0,249454000.0,145524000,0.0,1.262,13.63,13.462,376580000,0.0,21.0,0.708,0.706,287431000,,1972569000.0,1972569000.0,0.0,0.041,0.095,0.102,0.126,0.0,855428000.0,1.0,66461198,66315954,66872327.0,29.745,2203765000,158237000,67417000.0,20313000,33.231,635366000
41,AM1,ART,2003-06-30,2003-07-15,2003-05-31,2021-09-13,0,2482170000,2587132250.0,1117418000,1364752000,0.76,16.986,-32475000.0,113274000,113274000,880240000.0,96310000.0,2.158,1.217,732282000,5352000,726930000,732282000,0,63965000.0,0,0.0,0.0,241957000.0,305922000.0,0.156,305922000.0,241957000.0,159716000.0,1.47,1.3,1.47,1119635000,1047693250.0,1119635000,1842682735,8.0,6.023,27846000.0,0.422,1.0,1085696000.0,0.552,213501000,82241000.0,2369900000,2450776250.0,312362000,0,0,0,1362535000,517777000,844758000,1223674735,-64810000.0,0.0,1921000.0,-132223000.0,0.0,-130302000.0,-744000.0,0.0,60321000.0,5915000.0,96310000.0,96310000.0,96310000.0,0.0,0.0,0.049,843739000.0,241957000.0,135136000,0.0,1.093,12.706,12.619,382848000,0.0,18.55,0.622,0.622,293730000,,1965936000.0,1965936000.0,0.0,0.037,0.092,0.099,0.123,0.0,858409000.0,1.0,65966293,65913680,79003300.0,29.826,2268669000,173365000,63406000.0,77260000,34.419,599641000
42,AM1,ART,2003-03-31,2003-05-29,2003-02-28,2021-09-13,-42494000,2584120000,2645813250.0,1234488000,1349632000,0.754,16.416,-29686000.0,208463000,208463000,881771000.0,121106000.0,1.765,1.398,859711000,133180000,726531000,859711000,0,64810000.0,0,0.0,0.0,279933000.0,344743000.0,0.173,344743000.0,279933000.0,200838000.0,1.85,1.63,1.85,1077464000,1011384500.0,1077464000,1791482333,6.0,5.197,47352000.0,0.721,1.0,1114089000.0,0.558,209664000,79095000.0,2326307000,2473364000.0,278807000,0,0,0,1506656000,699397000,807259000,1140234333,107484000.0,0.0,21404000.0,-8086000.0,0.0,13318000.0,13271000.0,0.0,77038000.0,3857000.0,121106000.0,121106000.0,121106000.0,0.0,0.0,0.061,834156000.0,279933000.0,180498000,0.0,1.058,9.415,9.351,391428000,0.0,17.3,0.571,0.569,309967000,1181891000.0,1995860000.0,1995860000.0,0.0,0.046,0.12,0.113,0.14,0.0,861014000.0,1.0,65909499,65636621,78980830.0,30.408,2374456000,202485000,79732000.0,72162000,36.176,535091000
43,AM1,ART,2002-12-31,2003-01-14,2002-11-30,2021-09-13,0,2612590000,2653532000.0,1251119000,1361471000,0.801,15.525,-22885000.0,21801000,21801000,906101000.0,62585000.0,2.046,1.556,881615000,37274000,844341000,881615000,0,71136000.0,0,0.0,0.0,183306000.0,254442000.0,0.12,254442000.0,183306000.0,104487000.0,0.95,0.83,0.95,1022260000,967623250.0,1022260000,1853593972,10.0,7.285,70027000.0,1.063,1.0,1220195000.0,0.574,207106000,78819000.0,2653837000,2507690750.0,295224000,0,0,0,1590330000,611461000,978869000,993779972,-23552000.0,12500000.0,23787000.0,-143071000.0,-6364000.0,-125648000.0,9184000.0,0.0,92912000.0,0.0,62585000.0,62585000.0,62585000.0,0.0,0.0,0.029,1036889000.0,183306000.0,162153000,0.0,0.972,15.879,15.884,387748000,0.0,15.09,0.467,0.467,513922000,,2126296000.0,2126296000.0,0.0,0.024,0.065,0.073,0.086,0.0,997958000.0,1.0,65856857,65847805,79311123.0,32.291,2405484000,191991000,41902000.0,118341000,36.531,639658000
44,AM1,ART,2002-09-30,2002-10-15,2002-08-31,2021-09-13,0,2669649000,2720460500.0,1240477000,1429172000,0.824,14.852,-10750000.0,174174000,174174000,934326000.0,22218000.0,1.778,1.748,861130000,15145000,845985000,861130000,0,75074000.0,0,0.007,0.1,120061000.0,195135000.0,0.087,195135000.0,120061000.0,37192000.0,0.34,0.31,0.34,971414000,940890500.0,971414000,1625109510,14.0,8.328,222425000.0,3.401,1.0,1308592000.0,0.583,205998000,82869000.0,2453061000,2559446500.0,353348000,0,0,0,1698235000,697546000,1000689000,938153510,99291000.0,-22500000.0,23631000.0,-124054000.0,-13491000.0,-113914000.0,-19970000.0,0.0,233175000.0,0.0,22218000.0,22218000.0,22218000.0,0.0,0.0,0.01,1188531000.0,120061000.0,159117000,0.294,0.966,42.225,41.912,394845000,0.0,14.25,0.418,0.416,337817000,,2242918000.0,2242918000.0,0.0,0.008,0.024,0.047,0.054,0.0,1147261000.0,1.0,65835334,65408114,92821404.0,34.291,2463651000,164853000,14974000.0,196799000,37.666,542931000
45,AM1,ART,2002-06-30,2002-07-15,2002-05-31,2021-09-13,0,2716894000,2763644750.0,1222855000,1494039000,0.845,14.987,-20840000.0,178084000,178084000,927143000.0,2287000.0,1.661,1.788,860531000,12932000,847599000,860531000,0,79702000.0,0,0.014,0.2,90858000.0,170560000.0,0.073,170560000.0,90858000.0,6041000.0,0.02,-0.06,0.02,974400000,929029500.0,974400000,1655927538,18.0,9.709,99338000.0,1.528,1.0,1407087000.0,0.603,202928000,84817000.0,2460251000,2617752750.0,304410000,0,0,0,1742494000,736162000,1006332000,973480538,63072000.0,-22500000.0,22965000.0,-8460000.0,-20230000.0,-5725000.0,-51381000.0,0.0,120178000.0,0.0,2287000.0,2287000.0,2287000.0,0.0,0.0,0.001,1316229000.0,90858000.0,100781000,10.0,0.999,425.658,740.0,404834000,0.0,14.8,0.417,0.412,335304000,,2334230000.0,2334230000.0,0.0,0.001,0.002,0.035,0.039,0.0,1270667000.0,1.0,65775712,65014552,65014552.0,35.903,2513966000,215285000,3754000.0,204266000,38.668,486693000
46,AM1,ART,2002-03-31,2002-05-29,2002-02-28,2021-09-13,-69614000,2614995000,2772161000.0,1066182000,1548813000,0.85,14.186,-24949000.0,100979000,100979000,992245000.0,-122310000.0,1.489,1.898,864833000,11720000,853113000,864833000,0,84308000.0,0,0.009,0.2,-117725000.0,-33417000.0,-0.014,-33417000.0,-117725000.0,-196324000.0,-1.92,-1.92,-1.92,902419000,927374000.0,902419000,2137234150,-18.0,-63.956,11402000.0,0.179,1.0,1363495000.0,0.579,199195000,78599000.0,2463614000,2525050000.0,290804000,0,0,0,1712576000,716040000,996536000,1373380150,49288000.0,-22500000.0,2808000.0,109839000.0,-26566000.0,86081000.0,-73144000.0,0.0,36351000.0,0.0,-122310000.0,-122310000.0,-122310000.0,0.0,0.0,-0.052,1481220000.0,-117725000.0,130601000,-0.104,1.522,-11.229,-10.979,416485000,0.0,21.08,0.583,0.569,288986000,1060938000.0,2355740000.0,2355740000.0,0.0,-0.044,-0.132,-0.047,-0.05,0.0,1372747000.0,1.0,65150861,63615193,63615193.0,37.031,2415800000,200206000,-74014000.0,178216000,37.975,350142000
47,AM1,ART,2001-12-31,2002-01-14,2001-11-30,2021-09-13,0,2880304000,2796430750.0,1284651000,1595653000,0.845,14.368,-37980000.0,45353000,45353000,996507000.0,-236876000.0,1.717,2.147,1030295000,35056000,995239000,1030295000,0,88393000.0,0,0.026,0.4,-56767000.0,31626000.0,0.013,31626000.0,-56767000.0,-131649000.0,-3.73,-3.73,-3.73,915329000,963566750.0,915329000,1967896145,-35.0,62.224,94561000.0,1.484,1.0,1366137000.0,0.578,256259000,74882000.0,2860860000,2428728500.0,341962000,0,0,0,1964975000,748127000,1216848000,982954145,-33493000.0,-35000000.0,-89000.0,-58502000.0,-33549000.0,-92140000.0,-73894000.0,0.0,132541000.0,0.0,-236876000.0,-236876000.0,-236876000.0,0.0,0.0,-0.1,1422904000.0,-56767000.0,119170000,-0.107,1.074,-4.15,-4.134,438333000,0.0,15.42,0.416,0.416,538546000,,2362644000.0,2362644000.0,0.0,-0.085,-0.246,-0.023,-0.024,0.0,1343303000.0,1.0,63745405,63705743,63705743.0,37.087,2624045000,151048000,105227000.0,142138000,41.19,536524000
48,AM1,ART,2001-09-30,2001-10-15,2001-08-31,2021-09-13,0,2842386000,2816561000.0,1254306000,1588080000,0.86,14.55,-61996000.0,74883000,74883000,1038853000.0,-211486000.0,1.483,2.076,991561000,141311000,850250000,991561000,0,94389000.0,0,0.035,0.51,-25634000.0,68755000.0,0.028,68755000.0,-25634000.0,-91963000.0,-3.33,-3.33,-3.33,923970000,1028415250.0,923970000,1850178436,-72.0,26.91,-59542000.0,-0.938,1.0,1384453000.0,0.571,227202000,66329000.0,2686286000,2358654250.0,429657000,0,0,0,1918416000,845576000,1072840000,933500436,8736000.0,-11418000.0,-2011000.0,80687000.0,-39730000.0,38946000.0,-32664000.0,0.0,2454000.0,0.0,-211486000.0,-211486000.0,-211486000.0,0.0,0.0,-0.087,1410087000.0,-25634000.0,152574000,-0.153,1.01,-4.414,-4.414,454587000,0.0,14.7,0.385,0.385,369544000,,2423306000.0,2423306000.0,0.0,-0.075,-0.206,-0.011,-0.011,0.0,1334881000.0,1.0,63503431,63502624,63502624.0,38.161,2615184000,164924000,119523000.0,151308000,41.182,408730000
49,AM1,ART,2001-06-30,2001-07-13,2001-05-31,2021-09-13,0,2750959000,2817178250.0,1221454000,1529505000,0.862,15.241,-69253000.0,115012000,115012000,1047563000.0,-211275000.0,1.023,1.843,874898000,507482000,367416000,874898000,0,103127000.0,0,0.056,0.62,-32428000.0,70699000.0,0.029,70699000.0,-32428000.0,-90476000.0,-3.32,-3.32,-3.32,967778000,1087222750.0,967778000,1467910420,-45.0,20.763,-9672000.0,-0.152,1.0,1381250000.0,0.569,227957000,58048000.0,2089440000,2300370500.0,358884000,0,0,0,1783181000,1193448000,589733000,708024420,43719000.0,-42418000.0,-43764000.0,131398000.0,-46175000.0,41459000.0,-57321000.0,0.0,59581000.0,0.0,-211275000.0,-211275000.0,-211275000.0,0.0,0.0,-0.087,1413678000.0,-32428000.0,314189000,-0.187,0.732,-3.351,-3.358,469674000,0.0,11.15,0.292,0.292,352217000,,2428813000.0,2428813000.0,0.0,-0.075,-0.194,-0.014,-0.013,0.0,1337101000.0,1.0,63499948,63499948,63498724.0,38.249,2523002000,196669000,120799000.0,174362000,39.732,28006000
50,AM1,ART,2001-03-31,2001-05-03,2001-02-28,2021-09-13,-58179000,2712074000,2821460500.0,1205736000,1506338000,0.893,16.453,-52088000.0,51691000,51691000,999271000.0,-113814000.0,1.085,1.59,759028000,378904000,380124000,759028000,0,98057000.0,0,0.067,0.72,132879000.0,230936000.0,0.092,230936000.0,132879000.0,77492000.0,-1.79,-1.79,-1.79,1047190000,1155259500.0,1047190000,1393065958,10.0,6.032,57712000.0,0.907,1.0,1519543000.0,0.603,229802000,55387000.0,2078328000,2378143500.0,365221000,0,0,0,1664884000,1111281000,553603000,685728958,-9319000.0,-179993000.0,-45530000.0,177110000.0,-52743000.0,78837000.0,-197956000.0,0.0,109800000.0,0.0,-113814000.0,-113814000.0,-113814000.0,0.0,0.0,-0.045,1365523000.0,154020000.0,304063000,-0.402,0.655,-6.025,-6.034,477188000,0.0,10.8,0.272,0.273,387534000,1202953000.0,2518814000.0,2518814000.0,0.0,-0.04,-0.099,0.056,0.053,0.0,1348745000.0,1.0,63493422,63646405,63646405.0,39.575,2482272000,190241000,191306000.0,220228000,39.001,94455000
51,AM1,ART,2000-12-31,2001-01-12,2000-11-30,2021-09-13,0,2960825000,2772937750.0,1488605000,1472220000,0.891,18.498,-52055000.0,78846000,78846000,964281000.0,65443000.0,1.283,1.52,1070980000,647717000,423263000,1070980000,0,87992000.0,0,0.069,0.82,161818000.0,249810000.0,0.101,249810000.0,161818000.0,114458000.0,1.01,1.01,1.01,1174723000,1206564750.0,1174723000,1750001241,11.0,7.005,-15620000.0,-0.246,1.0,1506627000.0,0.61,211949000,47360000.0,2580563000,2427772500.0,344981000,0,0,0,1786102000,1160447000,625655000,757867241,47743000.0,-179993000.0,-45445000.0,320221000.0,-52072000.0,222704000.0,-211396000.0,0.0,36435000.0,0.0,65443000.0,65443000.0,65443000.0,0.0,0.0,0.026,1323668000.0,182959000.0,247322000,0.812,0.645,11.581,11.819,472107000,0.0,11.938,0.307,0.307,612990000,,2470908000.0,2470908000.0,0.0,0.024,0.054,0.067,0.065,0.0,1326318000.0,1.0,63486261,63506387,63506387.0,38.908,2748876000,219460000,49015000.0,56326000,43.285,328158000
52,AM1,ART,2000-09-30,2000-10-13,2000-08-31,2021-09-13,0,2844855000,2674492500.0,1323245000,1521610000,0.871,18.374,-37582000.0,66147000,66147000,859196000.0,87310000.0,1.294,1.454,908660000,509758000,398902000,908660000,0,78282000.0,0,0.047,0.81,192056000.0,270338000.0,0.116,270338000.0,192056000.0,148328000.0,1.32,1.32,1.32,1159200000,1223346250.0,1159200000,1943640214,10.0,7.19,97296000.0,1.542,1.0,1468973000.0,0.631,211593000,43728000.0,2453151000,2381389250.0,434213000,0,0,0,1685655000,1022624000,663031000,1101127214,37622000.0,-234522000.0,-43511000.0,286563000.0,-51668000.0,191384000.0,-288640000.0,0.0,134878000.0,0.0,87310000.0,87310000.0,87310000.0,0.0,0.0,0.038,1255776000.0,213197000.0,292519000,0.614,0.95,12.612,13.116,472023000,0.0,17.312,0.473,0.469,363690000,,2328169000.0,2328169000.0,0.0,0.033,0.071,0.081,0.082,0.0,1256924000.0,1.0,63603016,63088531,63088531.0,36.903,2633262000,226546000,61018000.0,53805000,41.739,300621000
53,AM1,ART,2000-06-30,2000-07-14,2000-05-31,2021-09-13,0,2768088000,2551824500.0,1249669000,1518419000,0.906,19.248,-31763000.0,71293000,71293000,852906000.0,96517000.0,1.482,1.232,724404000,310284000,414120000,724404000,0,64659000.0,0,0.042,0.8,200969000.0,265628000.0,0.115,265628000.0,200969000.0,163079000.0,1.48,1.48,1.48,1239925000,1233394250.0,1239925000,1885102286,9.0,7.097,107284000.0,1.665,1.0,1459314000.0,0.631,177439000,37890000.0,2400532000,2324381750.0,312124000,0,0,0,1528163000,843228000,684935000,1231991286,-58814000.0,-203522000.0,-90122000.0,216578000.0,-51387000.0,75069000.0,-272930000.0,0.0,139047000.0,0.0,96517000.0,96517000.0,96517000.0,0.0,0.0,0.042,1237204000.0,222110000.0,272979000,0.541,0.994,12.765,12.922,449734000,0.0,19.125,0.533,0.533,428630000,,2312220000.0,2312220000.0,0.0,0.038,0.078,0.086,0.087,0.0,1206854000.0,1.0,64417845,64417845,64503935.0,35.894,2590649000,223615000,66562000.0,70977000,40.216,406441000
54,AM1,ART,2000-03-31,2000-05-26,2000-02-28,2021-09-13,-27572000,2517983000,2440013500.0,1100684000,1417299000,0.891,19.094,-49263000.0,61010000,61010000,809347000.0,89999000.0,1.89,1.011,551796000,109694000,442102000,551796000,0,64342000.0,0,0.043,0.8,174879000.0,239221000.0,0.11,239221000.0,174879000.0,140624000.0,1.37,1.37,1.37,1252411000,1255452250.0,1252411000,1684449974,10.0,7.041,119256000.0,1.818,1.0,1365889000.0,0.628,149437000,34255000.0,2276844000,2270048250.0,249433000,0,0,0,1265572000,582488000,683084000,1193663974,-83545000.0,-65947000.0,-128980000.0,65776000.0,-51213000.0,-114417000.0,-137647000.0,0.0,168519000.0,0.0,89999000.0,89999000.0,89999000.0,0.0,0.0,0.041,1191010000.0,174879000.0,213180000,0.584,0.953,13.263,13.504,447415000,0.0,18.5,0.549,0.558,430825000,1356275000.0,2175236000.0,2175236000.0,0.0,0.037,0.072,0.077,0.08,0.0,1148467000.0,1.0,64522377,65591798,65591798.0,33.163,2368546000,99709000,50625000.0,58087000,36.11,518196000
55,AM1,ART,1999-12-31,2000-01-14,1999-11-30,2021-09-13,0,2567044000,2415349750.0,1278612000,1288432000,0.894,19.248,-54230000.0,31103000,31103000,799902000.0,96336000.0,1.753,1.067,735387000,289252000,446135000,735387000,0,65100000.0,0,0.033,0.78,185743000.0,250843000.0,0.116,250843000.0,185743000.0,150524000.0,1.41,1.4,1.41,1241849000,1279002250.0,1241849000,2220525174,12.0,8.852,118056000.0,1.83,1.0,1359696000.0,0.63,146775000,35219000.0,2395030000,2251488750.0,255107000,0,0,0,1325195000,729523000,595672000,1516241174,-7215000.0,-65947000.0,-163369000.0,181435000.0,-51347000.0,-33281000.0,-146220000.0,0.0,172286000.0,0.0,96336000.0,96336000.0,96336000.0,0.0,0.0,0.045,1173953000.0,185743000.0,211912000,0.553,1.221,15.739,16.667,447308000,0.0,23.5,0.702,0.702,594639000,,2159598000.0,2159598000.0,0.0,0.04,0.075,0.082,0.086,0.0,1137117000.0,1.0,64520901,64519534,64519534.0,33.472,2420269000,153446000,54188000.0,90622000,37.512,549089000
56,AM1,ART,1999-09-30,1999-10-15,1999-08-31,2021-09-13,0,2354183000,2390660000.0,1103569000,1250614000,0.91,18.27,-59644000.0,28525000,28525000,775460000.0,117015000.0,2.005,0.963,584394000,144904000,439490000,584394000,0,65437000.0,0,0.031,0.77,213353000.0,278790000.0,0.128,278790000.0,213353000.0,182835000.0,1.66,1.63,1.66,1199392000,1307127000.0,1199392000,2168805775,10.0,7.779,116188000.0,1.77,1.0,1399145000.0,0.643,134509000,30518000.0,2225121000,2245975750.0,289519000,0,0,0,1154791000,550422000,604369000,1612936775,-47958000.0,0.0,-200889000.0,94547000.0,-51721000.0,-158063000.0,-65727000.0,0.0,175832000.0,0.0,117015000.0,117015000.0,117015000.0,0.0,0.0,0.054,1185792000.0,213353000.0,214741000,0.464,1.345,13.784,15.06,424288000,0.0,25.0,0.742,0.755,394126000,,2174605000.0,2174605000.0,0.0,0.049,0.09,0.095,0.098,0.0,1134953000.0,1.0,64517471,65648721,65648721.0,33.125,2219674000,143550000,65820000.0,56787000,33.811,553147000
57,AM1,ART,1999-06-30,1999-07-14,1999-05-31,2021-09-13,0,2320844000,2366475250.0,1075176000,1245668000,0.92,19.624,-55372000.0,130107000,130107000,757126000.0,157238000.0,2.988,0.747,490976000,35902000,455074000,490976000,0,66341000.0,0,0.024,0.76,275161000.0,341502000.0,0.157,341502000.0,275161000.0,245268000.0,2.25,2.22,2.25,1328157000,1338731750.0,1328157000,2492444948,9.0,7.298,185495000.0,2.741,1.0,1419429000.0,0.652,138741000,29893000.0,2183198000,2237393250.0,257755000,0,0,0,992687000,359774000,632913000,2131575948,86610000.0,0.0,-130259000.0,70172000.0,-52233000.0,-112320000.0,-41937000.0,0.0,240867000.0,0.0,157238000.0,157238000.0,157238000.0,0.0,0.0,0.072,1144268000.0,275161000.0,158555000,0.338,1.605,13.556,14.056,426111000,0.0,31.625,0.979,0.983,335108000,,2176555000.0,2176555000.0,0.0,0.066,0.117,0.123,0.126,0.0,1123383000.0,1.0,67401611,67678717,67678717.0,32.16,2182103000,127085000,88030000.0,57656000,32.242,715402000
58,AM1,ART,1999-03-31,1999-05-27,1999-02-28,2021-09-13,-23565000,2419328000,2331081750.0,1145818000,1273510000,0.946,19.143,-58428000.0,144555000,144555000,757080000.0,180222000.0,2.743,0.797,481023000,17777000,463246000,481023000,0,67049000.0,0,0.027,0.76,310923000.0,377972000.0,0.171,377972000.0,310923000.0,281597000.0,2.56,2.53,2.56,1346611000,1343116500.0,1346611000,2232058322,7.0,5.905,152840000.0,2.173,1.0,1448626000.0,0.657,135516000,29326000.0,2202606000,2159696500.0,251289000,0,0,0,1072717000,417674000,655043000,1895590322,96932000.0,-52957000.0,-112764000.0,135770000.0,-52410000.0,-29404000.0,-84932000.0,0.0,211268000.0,0.0,180222000.0,180222000.0,180222000.0,0.0,0.0,0.082,1137703000.0,310923000.0,175366000,0.297,1.408,10.518,10.986,434806000,0.0,28.125,0.859,0.897,390740000,1317489000.0,2205706000.0,2205706000.0,0.0,0.077,0.134,0.144,0.141,0.0,1122506000.0,1.0,67398767,70345980,70345980.0,31.355,2283812000,133092000,101375000.0,76917000,32.465,728144000
59,AM1,ART,1998-12-31,1999-01-14,1998-11-30,2021-09-13,0,2468285000,2262722750.0,1229222000,1239063000,0.977,19.306,-61794000.0,38318000,38318000,755484000.0,177007000.0,2.608,0.822,550416000,67838000,482578000,550416000,0,66572000.0,0,0.018,0.74,303031000.0,369603000.0,0.167,369603000.0,303031000.0,276850000.0,2.49,,2.49,1354348000,1342768000.0,1354348000,3330778476,11.0,9.012,178024000.0,2.538,1.0,1455555000.0,0.658,136064000,26181000.0,2372978000,2091418250.0,301085000,0,0,0,1113937000,471341000,642596000,2818680476,7098000.0,-52957000.0,-145449000.0,51468000.0,-52419000.0,-146400000.0,-86320000.0,0.0,239818000.0,0.0,177007000.0,177007000.0,177007000.0,0.0,0.0,0.08,1152524000.0,303031000.0,176913000,0.297,2.081,15.924,16.19,427152000,0.0,40.312,1.275,1.279,555343000,,2211039000.0,2211039000.0,0.0,0.078,0.132,0.145,0.137,0.0,1141346000.0,1.0,69920756,70150852,,31.518,2332221000,120254000,99843000.0,92863000,33.246,757881000
60,AM1,ART,1998-09-30,1998-10-15,1998-08-31,2021-09-13,0,2257444000,2222206500.0,1126399000,1131045000,0.997,18.799,-63553000.0,76483000,76483000,771484000.0,181484000.0,3.286,0.703,484818000,27312000,457506000,484818000,0,65979000.0,0,0.017,0.73,306796000.0,372775000.0,0.168,372775000.0,306796000.0,281016000.0,2.5,,2.5,1325811000,1346916000.0,1325811000,3379382845,11.0,9.065,142511000.0,2.021,1.0,1443969000.0,0.652,132176000,25780000.0,2190791000,2046865500.0,336664000,0,0,0,931633000,342812000,588821000,2971047845,37877000.0,-52957000.0,-139735000.0,130441000.0,-52076000.0,-61370000.0,-106817000.0,0.0,206064000.0,0.0,181484000.0,181484000.0,181484000.0,0.0,0.0,0.082,1137173000.0,306796000.0,178654000,0.292,2.241,16.371,16.775,430698000,0.0,41.938,1.341,1.335,392884000,,2215453000.0,2215453000.0,0.0,0.082,0.135,0.15,0.138,0.0,1138697000.0,1.0,70844658,70524337,,31.414,2125268000,98844000,99532000.0,50318000,30.135,783587000
61,AM1,ART,1998-06-30,1998-07-02,1998-05-31,2021-09-13,-20269000,2179270000,2172759250.0,1008233000,1171037000,1.023,18.871,-62383000.0,43497000,43497000,788933000.0,193656000.0,1.819,0.619,425181000,276469000,148712000,425181000,0,65994000.0,0,0.014,0.72,323275000.0,389269000.0,0.175,389269000.0,323275000.0,299518000.0,2.65,,2.65,1345696000,1350148500.0,1345696000,3978706671,12.0,10.221,109281000.0,1.532,1.0,1433753000.0,0.645,134125000,23757000.0,1872411000,1994352000.0,296008000,0,0,0,833574000,554418000,279156000,3597022671,-9766000.0,29043000.0,-180384000.0,48921000.0,-52079000.0,-183542000.0,-25431000.0,0.0,171664000.0,0.0,193656000.0,193656000.0,193656000.0,0.0,0.0,0.087,1110478000.0,323275000.0,130470000,0.272,2.673,18.574,19.222,441024000,0.0,50.938,1.618,1.634,357659000,,2222686000.0,2222686000.0,0.0,0.089,0.143,0.162,0.145,0.0,1137312000.0,1.0,70616396,71310434,,31.169,2045145000,96571000,105862000.0,48873000,28.679,453815000
62,AM1,ART,1998-03-31,1998-05-14,1998-02-28,2021-09-13,-23437000,2145892000,2159768250.0,1023245000,1122647000,1.024,18.251,-65750000.0,47623000,47623000,790688000.0,190084000.0,1.978,0.595,348440000,199640000,148800000,348440000,0,65926000.0,0,0.015,0.71,315429000.0,381355000.0,0.172,381355000.0,315429000.0,292437000.0,2.58,2.55,2.58,1345217000,1359878250.0,1345217000,4043976064,13.0,10.604,129442000.0,1.756,1.0,1421426000.0,0.643,0,22992000.0,1929493000,2036044750.0,271205000,0,0,0,800675000,517216000,283459000,3743159064,12573000.0,82000000.0,-153100000.0,10491000.0,-51959000.0,-194568000.0,11949000.0,0.0,195192000.0,0.0,190084000.0,190084000.0,190084000.0,0.0,0.0,0.086,1105997000.0,315429000.0,145554000,0.275,2.783,19.692,18.726,447632000,0.0,48.312,1.692,1.61,373594000,1207032000.0,2212114000.0,2212114000.0,0.0,0.088,0.14,0.155,0.143,0.0,1128122000.0,1.0,77478066,73708100,73708100.0,30.012,2145892000,120507000,102353000.0,65258000,29.113,506029000
63,AM1,ART,1997-12-31,1998-01-14,1997-11-30,2021-09-13,0,2306220000,2157075250.0,1205258000,1100962000,,18.672,-77633000.0,31220000,31220000,,,2.076,0.682,500240000,286106000,214134000,500240000,0,66231000.0,0,0.017,0.7,,,,,,,,,,1370940000,1363987750.0,1370940000,3394360195,,,128957000.0,1.756,1.0,,,0,,2194767000,2056205750.0,283113000,0,0,0,935280000,580473000,354807000,2925340195,-4610000.0,82000000.0,-84630000.0,-71625000.0,-51887000.0,-208142000.0,-3058000.0,0.0,206590000.0,0.0,,,,,,,,,136845000,,2.134,,,435269000,,40.188,,,581763000,,,,,,,,,0.0,,1.0,72792291,73420783,,,2306220000,101393000,,73292000,31.411,624785000
64,AM1,ART,1997-09-30,1997-10-14,1997-08-31,2021-09-13,0,2059655000,2160260000.0,1015515000,1044140000,,17.988,,38606000,38606000,,,2.473,0.539,370377000,159372000,211005000,370377000,0,,0,0.018,0.69,,,,,,,,,,1338741000,1351135250.0,1338741000,3111328377,,,,,1.0,,,0,,1980737000,2064294250.0,339563000,0,0,0,720914000,410689000,310225000,2779557377,,,,,,,,,,,,,,,,,,,159927000,,2.076,,,441890000,,37.75,,,367185000,,,,,,,,,,,1.0,73630659,74424152,,,2059655000,86692000,,54684000,27.675,604826000
65,AM1,ART,1997-06-30,1997-07-14,1997-05-31,2021-09-13,0,2127306000,,1023863000,1103443000,,18.43,,53263000,53263000,,,2.431,0.536,386376000,170538000,215838000,386376000,0,,0,0.019,0.68,,,,,,,,,,1384615000,,1384615000,2990078433,,,,,1.0,,,0,,2039182000,,340747000,0,0,0,742691000,421237000,321454000,2656965433,,,,,,,,,,,,,,,,,,,157166000,,1.919,,,457203000,,35.312,,,351112000,,,,,,,,,,,1.0,75241499,75127722,,,2127306000,87322000,,47585000,28.316,602626000
66,AM1,ART,1997-03-31,1997-05-27,1997-02-28,2021-09-13,-19646000,2135120000,,1004891000,1130229000,,18.199,-90316000.0,35050000,35050000,805124000.0,167095000.0,2.27,0.568,352810000,133171000,219639000,352810000,0,64566000.0,0,0.02,0.68,285079000.0,349645000.0,0.161,349645000.0,285079000.0,254330000.0,2.23,,2.23,1361655000,,1361655000,2884249005,10.0,8.249,63587000.0,0.85,1.0,1367174000.0,0.629,0,30749000.0,2010137000,,303611000,0,0,0,773465000,442743000,330722000,2566489005,4920000.0,0.0,5134000.0,1088000.0,-50152000.0,-43930000.0,-105053000.0,0.0,153903000.0,0.0,167095000.0,167095000.0,167095000.0,0.0,0.0,0.077,1082095000.0,285079000.0,157628000,0.305,1.885,15.359,15.303,462787000,0.0,34.125,1.181,1.175,375324000,1068907000.0,2172298000.0,2172298000.0,0.0,,,,0.131,0.0,1082095000.0,1.0,75208469,74818960,,29.034,2135120000,100732000,87235000.0,48719000,28.537,562148000
67,AM1,ART,1996-12-31,1997-01-14,1996-11-30,2021-09-13,0,2318959000,,1276459000,1042500000,,17.632,,35830000,35830000,,,1.958,0.757,595927000,340677000,255250000,595927000,0,,0,0.023,0.66,,,,,,,,,,1319530000,,1319530000,2704106151,,,,,1.0,,,0,,2227121000,,338300000,0,0,0,999429000,651935000,347494000,2144009151,,,,,,,,,,,,,,,,,,,129615000,,1.625,,,441025000,,28.625,,,621942000,,,,,,,,,,,1.0,74899883,74836808,,,2318959000,104103000,,76774000,30.987,624524000
