None,ticker,dimension,calendardate,datekey,reportperiod,lastupdated,accoci,assets,assetsavg,assetsc,assetsnc,assetturnover,bvps,capex,cashneq,cashnequsd,cor,consolinc,currentratio,de,debt,debtc,debtnc,debtusd,deferredrev,depamor,deposits,divyield,dps,ebit,ebitda,ebitdamargin,ebitdausd,ebitusd,ebt,eps,epsdil,epsusd,equity,equityavg,equityusd,ev,evebit,evebitda,fcf,fcfps,fxusd,gp,grossmargin,intangibles,intexp,invcap,invcapavg,inventory,investments,investmentsc,investmentsnc,liabilities,liabilitiesc,liabilitiesnc,marketcap,ncf,ncfbus,ncfcommon,ncfdebt,ncfdiv,ncff,ncfi,ncfinv,ncfo,ncfx,netinc,netinccmn,netinccmnusd,netincdis,netincnci,netmargin,opex,opinc,payables,payoutratio,pb,pe,pe1,ppnenet,prefdivis,price,ps,ps1,receivables,retearn,revenue,revenueusd,rnd,roa,roe,roic,ros,sbcomp,sgna,sharefactor,sharesbas,shareswa,shareswadil,sps,tangibles,taxassets,taxexp,taxliabilities,tbvps,workingcapital
0,ANRZQ,MRY,2014-12-31,2014-12-31,2014-12-31,2020-07-15,-291701000.0,10639466000.0,11271782000.0,1876314000.0,8763152000.0,0.38,13.49,-134135000.0,741186000.0,741186000.0,3861916000.0,-874961000.0,1.859,2.562,3801088000.0,178251000.0,3622837000.0,3801088000.0,0.0,750776000.0,0.0,0.0,0.0,-641786000.0,108990000.0,0.025,108990000.0,-641786000.0,-930252000.0,-3.95,-3.95,-3.95,2986800000.0,3479902000.0,2986800000.0,3452534480.0,-5.0,31.678,-417994000.0,-1.888,1.0,425162000.0,0.099,97169000.0,288466000.0,12592650000.0,13006830500.0,237945000.0,405169000.0,405169000.0,0.0,7652666000.0,1009549000.0,6643117000.0,370024480.0,121542000.0,0.0,-1461000.0,442971000.0,0.0,407052000.0,-1651000.0,130767000.0,-283859000.0,0.0,-874961000.0,-874961000.0,-874961000.0,0.0,0.0,-0.204,1343023000.0,-917861000.0,216098000.0,0.0,0.124,-0.423,-0.423,8341974000.0,0.0,1.67,0.086,0.086,314015000.0,-4661760000.0,4287078000.0,4287078000.0,0.0,-0.078,-0.251,-0.049,-0.15,27371000.0,152106000.0,1.0,221571545.0,221400658.0,221400658.0,19.363,10542297000.0,0.0,-55291000.0,773466000.0,47.616,866765000.0
1,ANRZQ,MRY,2013-12-31,2013-12-31,2013-12-31,2020-07-15,-57148000.0,11799258000.0,12335485250.0,1988424000.0,9810834000.0,0.402,18.434,-247186000.0,619644000.0,619644000.0,4538590000.0,-1113498000.0,1.6,1.898,3427603000.0,29169000.0,3398434000.0,3427603000.0,0.0,865021000.0,0.0,0.0,0.0,-1083460000.0,-218439000.0,-0.044,-218439000.0,-1083460000.0,-1330048000.0,-5.04,-5.04,-5.04,4071866000.0,4508357250.0,4071866000.0,4283274569.0,-4.0,-19.609,-138168000.0,-0.626,1.0,414918000.0,0.084,467116000.0,246588000.0,12897286000.0,13256655500.0,304863000.0,337069000.0,337069000.0,0.0,7727392000.0,1242815000.0,6484577000.0,1577624569.0,-111079000.0,0.0,-1435000.0,114209000.0,0.0,70560000.0,-290657000.0,-43471000.0,109018000.0,0.0,-1113498000.0,-1113498000.0,-1113498000.0,0.0,0.0,-0.225,1484924000.0,-1070006000.0,234951000.0,0.0,0.387,-1.417,-1.417,8956154000.0,0.0,7.14,0.318,0.318,287655000.0,-3786799000.0,4953508000.0,4953508000.0,0.0,-0.09,-0.247,-0.082,-0.219,25873000.0,158987000.0,1.0,220955822.0,220883103.0,220883103.0,22.426,11332142000.0,0.0,-216550000.0,901552000.0,51.304,745609000.0
2,ANRZQ,MRY,2012-12-31,2012-12-31,2012-12-31,2020-07-15,-166598000.0,13089806000.0,13919198500.0,2333222000.0,10756584000.0,0.501,22.554,-459892000.0,730723000.0,730723000.0,5766444000.0,-2437148000.0,1.908,1.635,3386052000.0,95015000.0,3291037000.0,3386052000.0,0.0,1037575000.0,0.0,0.0,0.0,-2788997000.0,-1751422000.0,-0.251,-1751422000.0,-2788997000.0,-2987144000.0,-11.06,-11.06,-11.06,4967815000.0,5638047500.0,4967815000.0,4798587283.0,-2.0,-2.74,58527000.0,0.266,1.0,1208440000.0,0.173,796217000.0,198147000.0,13726310000.0,13816686250.0,398060000.0,297452000.0,297452000.0,0.0,8121991000.0,1222608000.0,6899383000.0,2147658283.0,144841000.0,0.0,-7507000.0,328148000.0,0.0,299398000.0,-672976000.0,-213084000.0,518419000.0,0.0,-2437148000.0,-2437148000.0,-2437148000.0,0.0,0.0,-0.349,4004889000.0,-2796449000.0,255191000.0,0.0,0.432,-0.881,-0.881,9647208000.0,0.0,9.74,0.308,0.308,418166000.0,-2673301000.0,6974884000.0,6974884000.0,0.0,-0.175,-0.432,-0.202,-0.4,9881000.0,209788000.0,1.0,220498797.0,220261555.0,220261555.0,31.666,12293589000.0,0.0,-549996000.0,971001000.0,55.814,1110614000.0
3,ANRZQ,MRY,2011-12-31,2011-12-31,2011-12-31,2020-07-15,-201830000.0,16594045000.0,14295916000.0,2548075000.0,14045970000.0,0.497,40.944,-585016000.0,585882000.0,585882000.0,5743159000.0,-730542000.0,1.335,1.25,2968081000.0,46029000.0,2922052000.0,2968081000.0,0.0,770769000.0,0.0,0.0,0.0,-624534000.0,146235000.0,0.021,146235000.0,-624534000.0,-766448000.0,-4.06,-4.06,-4.06,7375044000.0,6690364000.0,7375044000.0,6885142379.0,-11.0,47.083,101621000.0,0.564,1.0,1364522000.0,0.192,2629080000.0,141914000.0,14437916000.0,12562048250.0,492022000.0,0.0,0.0,0.0,9219001000.0,1909248000.0,7309753000.0,4490639379.0,31110000.0,-711387000.0,-207937000.0,699417000.0,0.0,491480000.0,-1147007000.0,158401000.0,686637000.0,0.0,-730542000.0,-730542000.0,-730542000.0,0.0,0.0,-0.103,1983643000.0,-619121000.0,504059000.0,0.0,0.609,-6.147,-5.032,11096397000.0,0.0,20.43,0.632,0.518,641975000.0,-236153000.0,7107681000.0,7107681000.0,0.0,-0.051,-0.109,-0.05,-0.088,53685000.0,382250000.0,1.0,219806137.0,180126226.0,180126226.0,39.459,13964965000.0,0.0,-35906000.0,1507923000.0,77.529,638827000.0
4,ANRZQ,MRY,2010-12-31,2010-12-31,2010-12-31,2020-07-15,-27583000.0,5179283000.0,5166506750.0,1375837000.0,3803446000.0,0.758,22.169,-340947000.0,554772000.0,554772000.0,2899384000.0,95551000.0,3.077,0.95,754151000.0,11839000.0,742312000.0,754151000.0,0.0,371103000.0,0.0,0.0,0.0,173232000.0,544335000.0,0.139,544335000.0,173232000.0,99769000.0,0.8,0.79,0.8,2656036000.0,2613220750.0,2656036000.0,7534121675.0,43.0,13.841,352654000.0,2.943,1.0,1017772000.0,0.26,545174000.0,73463000.0,4386342000.0,4367367500.0,198172000.0,0.0,0.0,0.0,2523247000.0,447146000.0,2076101000.0,7227841675.0,88903000.0,0.0,-36143000.0,-65448000.0,0.0,-96201000.0,-508497000.0,-163550000.0,693601000.0,0.0,95551000.0,95551000.0,95551000.0,1667000.0,0.0,0.024,844161000.0,173611000.0,121553000.0,0.0,2.721,75.644,75.037,3114883000.0,0.0,60.03,1.845,1.836,281138000.0,494389000.0,3917156000.0,3917156000.0,0.0,0.018,0.037,0.04,0.044,33255000.0,180975000.0,1.0,120403826.0,119808514.0,121757949.0,32.695,4634109000.0,0.0,4218000.0,249408000.0,38.679,928691000.0
5,ANRZQ,MRY,2009-12-31,2009-12-31,2009-12-31,2020-07-15,5812000.0,5120343000.0,3412455000.0,1051825000.0,4068518000.0,0.731,28.582,-185896000.0,465869000.0,465869000.0,1806779000.0,58005000.0,2.289,0.976,790253000.0,33500000.0,756753000.0,790253000.0,0.0,253736000.0,0.0,0.0,0.0,107807000.0,361543000.0,0.145,361543000.0,107807000.0,24982000.0,0.64,0.63,0.64,2591289000.0,1711053750.0,2591289000.0,5527085093.0,51.0,15.287,170324000.0,1.879,1.0,688728000.0,0.276,778931000.0,82825000.0,4206374000.0,2671902750.0,176372000.0,0.0,0.0,0.0,2529054000.0,459422000.0,2069632000.0,5216730093.0,-210321000.0,23505000.0,-3703000.0,-281230000.0,0.0,-284731000.0,-281810000.0,-119419000.0,356220000.0,0.0,58005000.0,58005000.0,58005000.0,8802000.0,0.0,0.023,571433000.0,117295000.0,152662000.0,0.0,2.013,89.936,67.781,3132563000.0,0.0,43.38,2.09,1.576,232631000.0,398838000.0,2495507000.0,2495507000.0,0.0,0.017,0.034,0.04,0.043,37802000.0,170414000.0,1.0,120256572.0,90662718.0,91702628.0,27.525,4341412000.0,0.0,-33023000.0,301307000.0,47.885,592403000.0
6,ANRZQ,MRY,2008-12-31,2008-12-31,2008-12-31,2020-07-15,-30107000.0,1709838000.0,1592506750.0,991783000.0,718055000.0,1.55,11.624,-121102000.0,676190000.0,676190000.0,1907813000.0,165211000.0,3.786,1.149,451315000.0,18520000.0,432795000.0,451315000.0,0.0,172570000.0,0.0,0.0,0.0,257755000.0,430325000.0,0.174,430325000.0,257755000.0,217943000.0,2.42,2.36,2.42,795692000.0,652129750.0,795692000.0,1102102229.0,4.0,2.561,336941000.0,4.922,1.0,560940000.0,0.227,20547000.0,39812000.0,1202462000.0,1294994750.0,86594000.0,0.0,0.0,0.0,914146000.0,261954000.0,652192000.0,1141327229.0,621825000.0,46500000.0,168252000.0,71175000.0,0.0,241407000.0,-77625000.0,-2824000.0,458043000.0,0.0,165701000.0,165701000.0,165701000.0,0.0,-490000.0,0.067,315417000.0,245523000.0,102975000.0,0.0,1.434,6.888,6.69,550098000.0,0.0,16.19,0.462,0.449,163674000.0,340833000.0,2468753000.0,2468753000.0,0.0,0.104,0.254,0.199,0.104,17871000.0,71923000.0,1.0,70495814.0,68453724.0,70259735.0,36.065,1689291000.0,83689000.0,52242000.0,0.0,24.678,729829000.0
7,ANRZQ,MRY,2007-12-31,2007-12-31,2007-12-31,2020-07-15,-22290000.0,1210914000.0,1164949750.0,380209000.0,830705000.0,1.55,5.804,-120280000.0,54365000.0,54365000.0,1489926000.0,27555000.0,1.704,2.175,446913000.0,21462000.0,425451000.0,446913000.0,0.0,159579000.0,0.0,0.0,0.0,78065000.0,237644000.0,0.132,237644000.0,78065000.0,37699000.0,0.43,0.43,0.43,380836000.0,368153500.0,380836000.0,2546147621.0,33.0,10.714,105461000.0,1.607,1.0,316228000.0,0.175,29923000.0,40366000.0,1350477000.0,1356787500.0,70780000.0,0.0,0.0,0.0,828505000.0,223062000.0,605443000.0,2131104621.0,21109000.0,-43908000.0,3932000.0,-41275000.0,0.0,-39429000.0,-165203000.0,0.0,225741000.0,0.0,27734000.0,27734000.0,27734000.0,0.0,-179000.0,0.015,235197000.0,81031000.0,95749000.0,0.0,5.596,76.841,75.535,640258000.0,0.0,32.48,1.18,1.18,195110000.0,175132000.0,1806154000.0,1806154000.0,0.0,0.024,0.075,0.058,0.043,9681000.0,58485000.0,1.0,65612827.0,65612827.0,,27.527,1180991000.0,97130000.0,9965000.0,9753000.0,17.999,157147000.0
8,ANRZQ,MRY,2006-12-31,2006-12-31,2006-12-31,2020-07-15,-19019000.0,1145793000.0,1065766250.0,338654000.0,807139000.0,1.787,5.296,-130472000.0,33256000.0,33256000.0,1558081000.0,128168000.0,1.524,2.33,469465000.0,48009000.0,421456000.0,469465000.0,0.0,140851000.0,0.0,0.0,0.0,139423000.0,280274000.0,0.147,280274000.0,139423000.0,97649000.0,2.0,2.0,2.0,344049000.0,287202250.0,344049000.0,1376927271.0,10.0,4.913,79609000.0,1.225,1.0,346462000.0,0.182,32267000.0,41774000.0,1327545000.0,1280827000.0,76844000.0,0.0,0.0,0.0,801744000.0,222190000.0,579554000.0,924461271.0,-6366000.0,-31532000.0,954000.0,-54955000.0,0.0,-56401000.0,-160046000.0,-344000.0,210081000.0,0.0,128168000.0,128168000.0,128168000.0,0.0,0.0,0.067,208401000.0,138061000.0,75986000.0,0.0,2.687,7.213,7.115,637136000.0,0.0,14.23,0.485,0.485,177661000.0,147398000.0,1904543000.0,1904543000.0,0.0,0.12,0.446,0.109,0.073,20464000.0,67952000.0,1.0,64965655.0,64965655.0,,29.316,1113526000.0,94897000.0,-30519000.0,7601000.0,17.14,116464000.0
9,ANRZQ,MRY,2005-12-31,2005-12-31,2005-12-31,2020-07-15,0.0,1013658000.0,697814750.0,318915000.0,694743000.0,2.331,3.304,-116892000.0,39622000.0,39622000.0,1393322000.0,21213000.0,1.124,3.764,502868000.0,79321000.0,423547000.0,502868000.0,0.0,73405000.0,0.0,0.0,0.0,70103000.0,143508000.0,0.088,143508000.0,70103000.0,40166000.0,0.38,0.38,0.38,212765000.0,53191250.0,212765000.0,1513636458.0,22.0,10.547,32751000.0,0.509,1.0,233333000.0,0.143,29655000.0,29937000.0,1163408000.0,797127250.0,76788000.0,0.0,0.0,0.0,800893000.0,283841000.0,517052000.0,1237216458.0,32231000.0,-222495000.0,598265000.0,-293823000.0,0.0,221975000.0,-339387000.0,0.0,149643000.0,0.0,21213000.0,21213000.0,21213000.0,213000.0,0.0,0.013,161254000.0,72079000.0,99746000.0,0.0,5.815,58.324,50.553,582750000.0,0.0,19.21,0.761,0.761,158291000.0,18513000.0,1626655000.0,1626655000.0,0.0,0.03,0.399,0.088,0.043,39045000.0,88132000.0,1.0,64404813.0,64404813.0,,25.257,984003000.0,38967000.0,18953000.0,11243000.0,15.278,35074000.0
10,ANRZQ,MRY,2004-12-31,2004-12-31,2004-12-31,2020-07-15,0.0,477121000.0,428228500.0,202535000.0,274586000.0,2.918,0.659,-70950000.0,7391000.0,7391000.0,1084453000.0,20015000.0,1.385,9.819,211729000.0,26945000.0,184784000.0,211729000.0,0.0,56012000.0,0.0,,0.0,45206000.0,101218000.0,0.081,101218000.0,45206000.0,25165000.0,1.36,1.36,1.36,40981000.0,59066500.0,40981000.0,,,,35826000.0,0.576,1.0,164975000.0,0.132,19796000.0,20041000.0,515385000.0,422084500.0,54569000.0,0.0,0.0,0.0,402410000.0,146278000.0,256132000.0,,-3855000.0,-15872000.0,0.0,92798000.0,0.0,-24429000.0,-86202000.0,0.0,106776000.0,0.0,20015000.0,20015000.0,20015000.0,2373000.0,0.0,0.016,95868000.0,69107000.0,51050000.0,0.0,,,,217964000.0,0.0,,,,106986000.0,18828000.0,1249428000.0,1249428000.0,0.0,0.047,0.339,0.107,0.036,91000.0,40607000.0,1.0,62212580.0,62212580.0,,20.083,457325000.0,4674000.0,5150000.0,7718000.0,7.351,56257000.0
11,ANRZQ,MRY,2003-12-31,2003-12-31,2003-12-31,2020-07-15,0.0,379336000.0,,142821000.0,236515000.0,,,37455000.0,11246000.0,11246000.0,712553000.0,2262000.0,1.297,2.936,90818000.0,33608000.0,57210000.0,90818000.0,0.0,36054000.0,0.0,,0.0,11008000.0,47062000.0,0.06,47062000.0,11008000.0,3160000.0,0.15,0.15,0.15,77152000.0,,77152000.0,,,,91559000.0,,1.0,69296000.0,0.089,20017000.0,7848000.0,328784000.0,,33113000.0,0.0,0.0,0.0,226489000.0,110107000.0,116382000.0,,2802000.0,-133757000.0,18271000.0,33584000.0,0.0,48770000.0,-100072000.0,0.0,54104000.0,0.0,2262000.0,2262000.0,2262000.0,490000.0,0.0,0.003,57311000.0,11985000.0,41357000.0,0.0,,,,198147000.0,0.0,,,,78717000.0,1442000.0,781849000.0,781849000.0,0.0,,,,0.014,0.0,21926000.0,1.0,,,,,359319000.0,489000.0,898000.0,823000.0,,32714000.0
0,ANRZQ,MRQ,2015-06-30,2015-06-30,2015-06-30,2020-07-15,-241034000.0,9970683000.0,,1756521000.0,8214162000.0,,11.871,-28846000.0,698236000.0,698236000.0,792850000.0,-468190000.0,0.398,2.777,3724830000.0,3690391000.0,34439000.0,3724830000.0,0.0,206967000.0,0.0,0.0,0.0,-475339000.0,-268372000.0,-0.351,-268372000.0,-475339000.0,-547725000.0,-2.11,-2.11,-2.11,2639739000.0,,2639739000.0,2909623844.0,-5.0,22.219,-245355000.0,-1.103,1.0,-27783000.0,-0.036,73362000.0,72386000.0,8515899000.0,,237466000.0,416722000.0,416722000.0,0.0,7330944000.0,4408016000.0,2922928000.0,67105844.0,221941000.0,0.0,-23000.0,418024000.0,0.0,417341000.0,21109000.0,50281000.0,-216509000.0,0.0,-468190000.0,-468190000.0,-468190000.0,0.0,0.0,-0.612,450507000.0,-478290000.0,184522000.0,0.0,0.025,-0.095,-0.095,7870502000.0,0.0,0.302,0.018,0.018,254288000.0,-5061739000.0,765067000.0,765067000.0,0.0,,,,,2728000.0,27353000.0,1.0,222278382.0,222371939.0,222371939.0,3.44,9897321000.0,0.0,-79535000.0,729034000.0,44.508,-2651495000.0
1,ANRZQ,MRQ,2015-03-31,2015-03-31,2015-03-31,2020-07-15,-287697000.0,10169447000.0,,1560551000.0,8608896000.0,,13.79,-29619000.0,476295000.0,476295000.0,851483000.0,68211000.0,1.653,2.325,3318813000.0,176795000.0,3142018000.0,3318813000.0,0.0,192918000.0,0.0,0.0,0.0,149906000.0,342824000.0,0.407,342824000.0,149906000.0,73200000.0,0.31,0.3,0.31,3058386000.0,,3058386000.0,3378169991.0,-6.0,20.185,-89403000.0,-0.403,1.0,-9494000.0,-0.011,82264000.0,76706000.0,11985788000.0,,244563000.0,421128000.0,421128000.0,0.0,7111061000.0,943913000.0,6167148000.0,221585991.0,-264891000.0,0.0,-397000.0,-151879000.0,0.0,-159250000.0,-45857000.0,-16564000.0,-59784000.0,0.0,68211000.0,68211000.0,68211000.0,0.0,0.0,0.081,204943000.0,-214437000.0,203276000.0,0.0,0.072,-0.295,-0.294,8205317000.0,0.0,1.0,0.055,0.055,249266000.0,-4593549000.0,841989000.0,841989000.0,0.0,,,,,-409000.0,24962000.0,1.0,221608152.0,221784821.0,223855324.0,3.796,10087183000.0,0.0,4989000.0,772410000.0,45.482,616638000.0
2,ANRZQ,MRQ,2014-12-31,2014-12-31,2014-12-31,2020-07-15,-291701000.0,10639466000.0,,1876314000.0,8763152000.0,,13.48,-5961000.0,741186000.0,741186000.0,910030000.0,-121661000.0,1.859,2.562,3801088000.0,178251000.0,3622837000.0,3801088000.0,0.0,103478000.0,0.0,0.0,0.0,-93250000.0,10228000.0,0.01,10228000.0,-93250000.0,-170054000.0,-0.55,-0.55,-0.55,2986800000.0,,2986800000.0,3452534480.0,-5.0,31.678,-36672000.0,-0.166,1.0,160585000.0,0.15,97169000.0,76804000.0,12592650000.0,,237945000.0,405169000.0,405169000.0,0.0,7652666000.0,1009549000.0,6643117000.0,370024480.0,-68225000.0,0.0,-69000.0,-8008000.0,0.0,-12835000.0,-24679000.0,-6919000.0,-30711000.0,0.0,-121661000.0,-121661000.0,-121661000.0,0.0,0.0,-0.114,260943000.0,-100358000.0,216098000.0,0.0,0.124,-0.423,-0.423,8341974000.0,0.0,1.67,0.086,0.086,314015000.0,-4661760000.0,1070615000.0,1070615000.0,0.0,,,,,6201000.0,32354000.0,1.0,221571545.0,221576368.0,221576368.0,4.832,10542297000.0,0.0,-48393000.0,773466000.0,47.579,866765000.0
3,ANRZQ,MRQ,2014-09-30,2014-09-30,2014-09-30,2020-07-15,-73395000.0,11192825000.0,,2071333000.0,9121492000.0,,14.992,-45341000.0,809411000.0,809411000.0,976814000.0,-184975000.0,1.84,2.371,3891921000.0,176945000.0,3714976000.0,3891921000.0,0.0,199496000.0,0.0,0.0,0.0,-153225000.0,46271000.0,0.044,46271000.0,-153225000.0,-228913000.0,-0.84,-0.84,-0.84,3320543000.0,,3320543000.0,3670863779.0,-5.0,130.237,-27480000.0,-0.124,1.0,73778000.0,0.07,112696000.0,75688000.0,13037074000.0,,305285000.0,374528000.0,374528000.0,0.0,7872282000.0,1125565000.0,6746717000.0,549195779.0,40910000.0,0.0,-230000.0,-6016000.0,0.0,-18126000.0,41175000.0,76271000.0,17861000.0,0.0,-184975000.0,-184975000.0,-184975000.0,0.0,0.0,-0.176,244391000.0,-170613000.0,245311000.0,0.0,0.165,-0.494,-0.493,8513038000.0,0.0,2.48,0.127,0.127,317684000.0,-4540099000.0,1050592000.0,1050592000.0,0.0,,,,,9173000.0,34798000.0,1.0,221449911.0,221491811.0,221491811.0,4.743,11080129000.0,0.0,-43938000.0,828070000.0,50.025,945768000.0
4,ANRZQ,MRQ,2014-06-30,2014-06-30,2014-06-30,2020-07-15,-9206000.0,11421134000.0,,2038290000.0,9382844000.0,,16.092,-39844000.0,768501000.0,768501000.0,944286000.0,-512627000.0,2.098,2.206,3890169000.0,69686000.0,3820483000.0,3890169000.0,0.0,219172000.0,0.0,0.0,0.0,-451133000.0,-231961000.0,-0.22,-231961000.0,-451133000.0,-522145000.0,-2.32,-2.32,-2.32,3562319000.0,,3562319000.0,3683600186.0,-3.0,-11.058,-256892000.0,-1.16,1.0,109812000.0,0.104,127819000.0,71012000.0,13443664000.0,,315061000.0,369950000.0,369950000.0,0.0,7858815000.0,971319000.0,6887496000.0,821200186.0,235388000.0,0.0,-119000.0,488404000.0,0.0,470624000.0,-18188000.0,23167000.0,-217048000.0,0.0,-512627000.0,-512627000.0,-512627000.0,0.0,0.0,-0.486,562225000.0,-452413000.0,261279000.0,0.0,0.231,-0.593,-0.593,8640020000.0,0.0,3.71,0.185,0.185,307277000.0,-4355124000.0,1054098000.0,1054098000.0,0.0,,,,,6626000.0,43757000.0,1.0,221347759.0,221376721.0,221376721.0,4.762,11293315000.0,0.0,-9518000.0,899438000.0,51.014,1066971000.0
5,ANRZQ,MRQ,2014-03-31,2014-03-31,2014-03-31,2020-07-15,-27697000.0,11833703000.0,,2038041000.0,9795662000.0,,18.313,-39718000.0,533113000.0,533113000.0,1030786000.0,-55698000.0,1.579,1.922,3395513000.0,29335000.0,3366178000.0,3395513000.0,0.0,228630000.0,0.0,0.0,0.0,55822000.0,284452000.0,0.256,284452000.0,55822000.0,-9140000.0,-0.25,-0.25,-0.25,4049946000.0,,4049946000.0,3747506122.0,-4.0,-51.631,-93679000.0,-0.424,1.0,80987000.0,0.073,451828000.0,64962000.0,12953934000.0,,303920000.0,393911000.0,393911000.0,0.0,7783757000.0,1290341000.0,6493416000.0,939547122.0,-86531000.0,0.0,-1043000.0,-31409000.0,0.0,-32611000.0,41000.0,38248000.0,-53961000.0,0.0,-55698000.0,-55698000.0,-55698000.0,0.0,0.0,-0.05,275464000.0,-194477000.0,254466000.0,0.0,0.232,-0.888,-0.889,8776743000.0,0.0,4.25,0.199,0.199,368898000.0,-3842497000.0,1111773000.0,1111773000.0,0.0,,,,,5371000.0,41197000.0,1.0,221069911.0,221154062.0,221154062.0,5.027,11381875000.0,0.0,46558000.0,946439000.0,51.466,747700000.0
6,ANRZQ,MRQ,2013-12-31,2013-12-31,2013-12-31,2020-07-15,-57148000.0,11799258000.0,,1988424000.0,9810834000.0,,18.426,-84057000.0,619644000.0,619644000.0,1007944000.0,-358788000.0,1.6,1.898,3427603000.0,29169000.0,3398434000.0,3427603000.0,0.0,131739000.0,0.0,0.0,0.0,-202315000.0,-70576000.0,-0.065,-70576000.0,-202315000.0,-266316000.0,-1.62,-1.62,-1.62,4071866000.0,,4071866000.0,4283274569.0,-4.0,-19.609,-153618000.0,-0.695,1.0,85756000.0,0.078,467116000.0,64001000.0,12897286000.0,,304863000.0,337069000.0,337069000.0,0.0,7727392000.0,1242815000.0,6484577000.0,1577624569.0,-48458000.0,0.0,-83000.0,113885000.0,0.0,97358000.0,-76255000.0,14877000.0,-69561000.0,0.0,-358788000.0,-358788000.0,-358788000.0,0.0,0.0,-0.328,280392000.0,-194636000.0,234951000.0,0.0,0.387,-1.417,-1.417,8956154000.0,0.0,7.14,0.318,0.318,287655000.0,-3786799000.0,1093700000.0,1093700000.0,0.0,,,,,7513000.0,38323000.0,1.0,220955822.0,220982352.0,220982352.0,4.949,11332142000.0,0.0,92472000.0,901552000.0,51.281,745609000.0
7,ANRZQ,MRQ,2013-09-30,2013-09-30,2013-09-30,2020-07-15,-60706000.0,12097005000.0,,2127483000.0,9969522000.0,,19.789,-56123000.0,668102000.0,668102000.0,1124926000.0,-458241000.0,1.693,1.766,3373752000.0,29016000.0,3344736000.0,3373752000.0,0.0,224111000.0,0.0,0.0,0.0,-539145000.0,-315034000.0,-0.264,-315034000.0,-539145000.0,-601378000.0,-2.07,-2.07,-2.07,4372690000.0,,4372690000.0,4188516700.0,-5.0,-134.295,54960000.0,0.249,1.0,66168000.0,0.056,485996000.0,62233000.0,13060335000.0,,333111000.0,0.0,0.0,0.0,7724315000.0,1256324000.0,6467991000.0,1316841700.0,156139000.0,0.0,-116000.0,-15429000.0,0.0,-15779000.0,60835000.0,115033000.0,111083000.0,0.0,-458241000.0,-458241000.0,-458241000.0,0.0,0.0,-0.385,613756000.0,-547588000.0,224893000.0,0.0,0.301,-1.493,-1.497,9091801000.0,0.0,5.96,0.243,0.243,299950000.0,-3428011000.0,1191094000.0,1191094000.0,0.0,,,,,5762000.0,38899000.0,1.0,220946594.0,220960449.0,220960449.0,5.391,11611009000.0,0.0,-143137000.0,790529000.0,52.548,871159000.0
8,ANRZQ,MRQ,2013-06-30,2013-06-30,2013-06-30,2020-07-15,-160813000.0,12598194000.0,,1976716000.0,10621478000.0,,21.396,-62820000.0,511963000.0,511963000.0,1236712000.0,-185681000.0,1.644,1.666,3383638000.0,28839000.0,3354799000.0,3383638000.0,0.0,242831000.0,0.0,0.0,0.0,-214255000.0,28576000.0,0.021,28576000.0,-214255000.0,-275208000.0,-0.84,-0.84,-0.84,4725111000.0,,4725111000.0,3928554888.0,-8.0,8.381,-60722000.0,-0.275,1.0,98411000.0,0.074,756806000.0,60953000.0,13510960000.0,,383015000.0,0.0,0.0,0.0,7873083000.0,1202103000.0,6670980000.0,1157007888.0,-98432000.0,0.0,-298000.0,34138000.0,0.0,8304000.0,-108834000.0,-46959000.0,2098000.0,0.0,-185681000.0,-185681000.0,-185681000.0,0.0,0.0,-0.139,295493000.0,-197082000.0,259524000.0,0.0,0.245,-2.461,-2.472,9234488000.0,0.0,5.24,0.197,0.197,386495000.0,-2969770000.0,1335123000.0,1335123000.0,0.0,,,,,6864000.0,38139000.0,1.0,220803032.0,220840989.0,220840989.0,6.046,11841388000.0,0.0,-89527000.0,827205000.0,53.62,774613000.0
9,ANRZQ,MRQ,2013-03-31,2013-03-31,2013-03-31,2020-07-15,-164360000.0,12847484000.0,,2170015000.0,10677469000.0,,22.034,-44186000.0,610395000.0,610395000.0,1169008000.0,-110788000.0,1.695,1.641,3381942000.0,104912000.0,3277030000.0,3381942000.0,0.0,266340000.0,0.0,0.0,0.0,-127745000.0,138595000.0,0.104,138595000.0,-127745000.0,-187146000.0,-0.5,-0.5,-0.5,4863762000.0,,4863762000.0,4467441678.0,-2.0,-2.354,21212000.0,0.096,1.0,164583000.0,0.123,780903000.0,59401000.0,13558041000.0,,417711000.0,0.0,0.0,0.0,7983722000.0,1280087000.0,6703635000.0,1812112678.0,-120328000.0,0.0,-938000.0,-18385000.0,0.0,-19323000.0,-166403000.0,-126422000.0,65398000.0,0.0,-110788000.0,-110788000.0,-110788000.0,0.0,0.0,-0.083,295283000.0,-130700000.0,257576000.0,0.0,0.373,-0.719,-0.719,9461916000.0,0.0,8.21,0.284,0.284,402249000.0,-2784089000.0,1333591000.0,1333591000.0,0.0,,,,,5734000.0,43626000.0,1.0,220720180.0,220741805.0,220741805.0,6.041,12066581000.0,0.0,-76358000.0,881656000.0,54.664,889928000.0
10,ANRZQ,MRQ,2012-12-31,2012-12-31,2012-12-31,2020-07-15,-166598000.0,13089806000.0,,2333222000.0,10756584000.0,,22.525,-73799000.0,730723000.0,730723000.0,1088323000.0,-127580000.0,1.908,1.635,3386052000.0,95015000.0,3291037000.0,3386052000.0,0.0,158651000.0,0.0,0.0,0.0,-41977000.0,116674000.0,0.075,116674000.0,-41977000.0,-100811000.0,-0.57,-0.57,-0.57,4967815000.0,,4967815000.0,4798587283.0,-2.0,-2.74,138973000.0,0.63,1.0,470030000.0,0.302,796217000.0,58834000.0,13726310000.0,,398060000.0,297452000.0,297452000.0,0.0,8121991000.0,1222608000.0,6899383000.0,2147658283.0,388519000.0,0.0,-522000.0,368747000.0,0.0,347812000.0,-172065000.0,-90846000.0,212772000.0,0.0,-127580000.0,-127580000.0,-127580000.0,0.0,0.0,-0.082,514091000.0,-44061000.0,255191000.0,0.0,0.432,-0.881,-0.881,9647208000.0,0.0,9.74,0.308,0.308,418166000.0,-2673301000.0,1558353000.0,1558353000.0,0.0,,,,,5936000.0,49162000.0,1.0,220498797.0,220544626.0,220544626.0,7.066,12293589000.0,0.0,26769000.0,971001000.0,55.742,1110614000.0
11,ANRZQ,MRQ,2012-09-30,2012-09-30,2012-09-30,2020-07-15,-161222000.0,13105131000.0,,2032535000.0,11072596000.0,,23.128,-104741000.0,342204000.0,342204000.0,1413624000.0,-46146000.0,1.555,1.571,2993133000.0,80605000.0,2912528000.0,2993133000.0,0.0,266905000.0,0.0,0.0,0.0,-81983000.0,184922000.0,0.113,184922000.0,-81983000.0,-129328000.0,-0.21,-0.21,-0.21,5097770000.0,,5097770000.0,4183781223.0,-1.0,-1.735,65557000.0,0.297,1.0,220185000.0,0.135,1010174000.0,47345000.0,13439102000.0,,457195000.0,0.0,0.0,0.0,8007361000.0,1306784000.0,6700577000.0,1447724223.0,90012000.0,0.0,-181000.0,-17396000.0,0.0,-17556000.0,-62730000.0,40564000.0,170298000.0,0.0,-46146000.0,-46146000.0,-46146000.0,0.0,0.0,-0.028,303849000.0,-83664000.0,301266000.0,0.0,0.284,-0.467,-0.441,9759078000.0,0.0,6.57,0.193,0.193,455238000.0,-2545721000.0,1633809000.0,1633809000.0,0.0,,,,,6409000.0,49604000.0,1.0,220353763.0,220417448.0,220417448.0,7.412,12094957000.0,0.0,-83182000.0,961001000.0,54.873,725751000.0
12,ANRZQ,MRQ,2012-06-30,2012-06-30,2012-06-30,2020-07-15,-226241000.0,13340691000.0,,1966064000.0,11374627000.0,,23.036,-155578000.0,252192000.0,252192000.0,1639751000.0,-2234656000.0,1.339,1.629,2988249000.0,68720000.0,2919529000.0,2988249000.0,0.0,300313000.0,0.0,0.0,0.0,-2637920000.0,-2337607000.0,-1.265,-2337607000.0,-2637920000.0,-2684454000.0,-10.14,-10.14,-10.14,5074795000.0,,5074795000.0,4397324203.0,-1.0,-1.985,-186858000.0,-0.848,1.0,208358000.0,0.113,1040054000.0,46534000.0,13568170000.0,,503565000.0,0.0,0.0,0.0,8265896000.0,1468524000.0,6797372000.0,1918619203.0,-235315000.0,0.0,-477000.0,-15678000.0,0.0,-17141000.0,-186894000.0,-34027000.0,-31280000.0,0.0,-2234656000.0,-2234656000.0,-2234656000.0,0.0,0.0,-1.209,2848229000.0,-2639871000.0,364223000.0,0.0,0.378,-0.641,-0.604,9877635000.0,0.0,8.71,0.235,0.235,534562000.0,-2499575000.0,1848109000.0,1848109000.0,0.0,,,,,-9478000.0,46011000.0,1.0,220277750.0,220295415.0,220295415.0,8.389,12300637000.0,0.0,-449798000.0,953698000.0,55.837,497540000.0
13,ANRZQ,MRQ,2012-03-31,2012-03-31,2012-03-31,2020-07-15,-183971000.0,16141166000.0,,2220048000.0,13921118000.0,,33.723,-125774000.0,487507000.0,487507000.0,1624746000.0,-28768000.0,1.468,1.178,2966212000.0,53529000.0,2912683000.0,2966212000.0,0.0,311706000.0,0.0,0.0,0.0,-27119000.0,284587000.0,0.147,284587000.0,-27119000.0,-72553000.0,-0.13,-0.13,-0.13,7411810000.0,,7411810000.0,5728685937.0,-8.0,22.594,40855000.0,0.186,1.0,309867000.0,0.16,2574594000.0,45434000.0,14533163000.0,,551934000.0,0.0,0.0,0.0,8729356000.0,1512114000.0,7217242000.0,3346486937.0,-98375000.0,0.0,-6327000.0,-7525000.0,0.0,-13717000.0,-251287000.0,-128775000.0,166629000.0,0.0,-28768000.0,-28768000.0,-28768000.0,0.0,0.0,-0.015,338720000.0,-28853000.0,366172000.0,0.0,0.452,-4.136,-3.307,10925497000.0,0.0,15.21,0.423,0.423,440465000.0,-216006000.0,1934613000.0,1934613000.0,0.0,,,,,7014000.0,65011000.0,1.0,220018865.0,219785981.0,219785981.0,8.802,13566572000.0,0.0,-43785000.0,1455630000.0,61.726,707934000.0
14,ANRZQ,MRQ,2011-12-31,2011-12-31,2011-12-31,2020-07-15,-201830000.0,16594045000.0,,2548075000.0,14045970000.0,,40.944,-205074000.0,585882000.0,585882000.0,1736513000.0,-792926000.0,1.335,1.25,2968081000.0,46029000.0,2922052000.0,2968081000.0,0.0,240944000.0,0.0,0.0,0.0,-783888000.0,-542944000.0,-0.262,-542944000.0,-783888000.0,-831076000.0,-4.43,-4.43,-4.43,7375044000.0,,7375044000.0,6885142379.0,-11.0,47.083,-55669000.0,-0.309,1.0,333639000.0,0.161,2629080000.0,47188000.0,14437916000.0,,492022000.0,0.0,0.0,0.0,9219001000.0,1909248000.0,7309753000.0,4490639379.0,8589000.0,0.0,-5635000.0,-8443000.0,0.0,-14078000.0,-126738000.0,82669000.0,149405000.0,0.0,-792926000.0,-792926000.0,-792926000.0,0.0,0.0,-0.383,1118561000.0,-784922000.0,504059000.0,0.0,0.609,-6.147,-5.032,11096397000.0,0.0,20.43,0.632,0.518,641975000.0,-236153000.0,2070152000.0,2070152000.0,0.0,,,,,-2171000.0,49652000.0,1.0,219806137.0,180126226.0,214005874.0,11.493,13964965000.0,0.0,-38150000.0,1507923000.0,77.529,638827000.0
15,ANRZQ,MRQ,2011-09-30,2011-09-30,2011-09-30,2020-07-15,-127935000.0,17181728000.0,,2387915000.0,14793813000.0,,36.767,-171166000.0,575298000.0,575298000.0,1897736000.0,62604000.0,1.531,1.083,2969801000.0,38529000.0,2931272000.0,2969801000.0,0.0,272019000.0,0.0,0.0,0.0,108527000.0,380546000.0,0.165,380546000.0,108527000.0,59379000.0,0.28,0.28,0.28,8250381000.0,,8250381000.0,6761874072.0,39.0,8.842,71192000.0,0.317,1.0,411017000.0,0.178,2675497000.0,49148000.0,15340689000.0,,496105000.0,0.0,0.0,0.0,8931347000.0,1560045000.0,7371302000.0,4005511072.0,-236992000.0,0.0,-173022000.0,-570489000.0,0.0,-484271000.0,4921000.0,177574000.0,242358000.0,0.0,62604000.0,62604000.0,62604000.0,0.0,0.0,0.027,298517000.0,112500000.0,513416000.0,0.0,0.485,54.703,37.638,11400566000.0,0.0,17.69,0.664,0.658,635840000.0,557278000.0,2308753000.0,2308753000.0,0.0,,,,,8847000.0,75643000.0,1.0,226427986.0,224394487.0,226281985.0,10.289,14506231000.0,0.0,-3225000.0,1570096000.0,64.646,827870000.0
16,ANRZQ,MRQ,2011-06-30,2011-06-30,2011-06-30,2020-07-15,-32558000.0,18062054000.0,,3259175000.0,14802879000.0,,54.159,-151675000.0,812291000.0,812291000.0,1257870000.0,-50068000.0,1.408,1.144,3568654000.0,916094000.0,2652560000.0,3568654000.0,0.0,159959000.0,0.0,0.0,0.0,-28598000.0,131361000.0,0.082,131361000.0,-28598000.0,-58566000.0,-0.32,-0.32,-0.32,8407478000.0,,8407478000.0,5712174975.0,50.0,10.595,-25219000.0,-0.162,1.0,340168000.0,0.213,2537598000.0,29968000.0,15965549000.0,,572660000.0,0.0,0.0,0.0,9616565000.0,2315270000.0,7301295000.0,5492211975.0,273425000.0,-711387000.0,-19891000.0,1293019000.0,0.0,1008643000.0,-861674000.0,96000.0,126456000.0,0.0,-50068000.0,-50068000.0,-50068000.0,0.0,0.0,-0.031,366081000.0,-25913000.0,522870000.0,0.0,0.653,129.25,98.783,11455596000.0,0.0,45.44,1.163,1.493,660098000.0,487885000.0,1598038000.0,1598038000.0,0.0,,,,,36061000.0,189671000.0,1.0,120867341.0,155238304.0,155238304.0,10.294,15524456000.0,0.0,-8498000.0,1950567000.0,100.004,943905000.0
17,ANRZQ,MRQ,2011-03-31,2011-03-31,2011-03-31,2020-07-15,-11541000.0,5345837000.0,,1538510000.0,3807327000.0,,22.735,-57101000.0,540860000.0,540860000.0,851040000.0,49848000.0,2.83,0.959,760823000.0,11839000.0,748984000.0,760823000.0,0.0,97847000.0,0.0,0.0,0.0,79425000.0,177272000.0,0.157,177272000.0,79425000.0,63815000.0,0.42,0.41,0.42,2728553000.0,,2728553000.0,7352510696.0,38.0,13.138,111317000.0,0.928,1.0,279698000.0,0.247,518054000.0,15610000.0,4504039000.0,,217544000.0,0.0,0.0,0.0,2617284000.0,543707000.0,2073577000.0,7153131696.0,-13912000.0,0.0,-9389000.0,-14670000.0,0.0,-18814000.0,-163516000.0,-101938000.0,168418000.0,0.0,49848000.0,49848000.0,49848000.0,0.0,0.0,0.044,200484000.0,79214000.0,233934000.0,0.0,2.622,54.455,53.486,3094403000.0,0.0,59.37,1.734,1.727,356041000.0,544237000.0,1130738000.0,1130738000.0,0.0,,,,,10948000.0,67284000.0,1.0,120483943.0,120014520.0,122035780.0,9.422,4827783000.0,0.0,13967000.0,231176000.0,40.227,994803000.0
18,ANRZQ,MRQ,2010-12-31,2010-12-31,2010-12-31,2020-07-15,-27583000.0,5179283000.0,,1375837000.0,3803446000.0,,22.199,-81879000.0,554772000.0,554772000.0,762009000.0,10839000.0,3.077,0.95,754151000.0,11839000.0,742312000.0,754151000.0,0.0,63540000.0,0.0,0.0,0.0,12052000.0,75592000.0,0.076,75592000.0,12052000.0,-2953000.0,0.09,0.09,0.09,2656036000.0,,2656036000.0,7534121675.0,43.0,13.841,100671000.0,0.841,1.0,231106000.0,0.233,545174000.0,15005000.0,4386342000.0,,198172000.0,0.0,0.0,0.0,2523247000.0,447146000.0,2076101000.0,7227841675.0,112009000.0,0.0,1145000.0,-5804000.0,0.0,-7381000.0,-63160000.0,20762000.0,182550000.0,0.0,10839000.0,10839000.0,10839000.0,166000.0,0.0,0.011,218247000.0,12859000.0,121553000.0,0.0,2.721,75.644,75.037,3114883000.0,0.0,60.03,1.845,1.836,281138000.0,494389000.0,993115000.0,993115000.0,0.0,,,,,8852000.0,45371000.0,1.0,120403826.0,119646949.0,121729914.0,8.3,4634109000.0,0.0,-13792000.0,249408000.0,38.732,928691000.0
19,ANRZQ,MRQ,2010-09-30,2010-09-30,2010-09-30,2020-07-15,-87281000.0,5174421000.0,,1285815000.0,3888606000.0,,21.554,-87065000.0,442763000.0,442763000.0,750053000.0,31874000.0,2.687,1.007,749043000.0,14798000.0,734245000.0,749043000.0,0.0,103565000.0,0.0,0.0,0.0,51368000.0,154933000.0,0.155,154933000.0,51368000.0,33534000.0,0.27,0.27,0.27,2578309000.0,,2578309000.0,5280599192.0,28.0,9.138,86055000.0,0.719,1.0,251579000.0,0.251,599626000.0,17834000.0,4402602000.0,,197138000.0,0.0,0.0,0.0,2596112000.0,478473000.0,2117639000.0,4953585192.0,23878000.0,0.0,-861000.0,-20000.0,0.0,-356000.0,-148886000.0,-57847000.0,173120000.0,0.0,31874000.0,31874000.0,31874000.0,487000.0,0.0,0.032,201952000.0,49627000.0,165369000.0,0.0,1.921,48.253,47.299,3123453000.0,0.0,41.15,1.298,1.29,317973000.0,483550000.0,1001632000.0,1001632000.0,0.0,,,,,7396000.0,43584000.0,1.0,120378741.0,119623075.0,121498825.0,8.373,4574795000.0,0.0,1660000.0,212902000.0,38.243,807342000.0
20,ANRZQ,MRQ,2010-06-30,2010-06-30,2010-06-30,2020-07-15,-15523000.0,5151426000.0,,1199802000.0,3951624000.0,,21.739,-111124000.0,418885000.0,418885000.0,747467000.0,38797000.0,2.496,0.973,745899000.0,11839000.0,734060000.0,745899000.0,0.0,99460000.0,0.0,0.0,0.0,52373000.0,151833000.0,0.152,151833000.0,52373000.0,33869000.0,0.33,0.32,0.33,2611338000.0,,2611338000.0,4391851519.0,36.0,8.926,83557000.0,0.696,1.0,252938000.0,0.253,651427000.0,18504000.0,4346263000.0,,200549000.0,0.0,0.0,0.0,2540088000.0,480750000.0,2059338000.0,4100549519.0,-74950000.0,0.0,-24083000.0,-51249000.0,0.0,-74480000.0,-195151000.0,-85225000.0,194681000.0,0.0,38797000.0,38797000.0,38797000.0,385000.0,0.0,0.039,199405000.0,53533000.0,176430000.0,0.0,1.57,75.212,76.977,3130112000.0,0.0,33.87,1.157,1.148,316390000.0,451676000.0,1000405000.0,1000405000.0,0.0,,,,,8301000.0,44231000.0,1.0,121067302.0,120124707.0,121861913.0,8.328,4499999000.0,0.0,-4928000.0,256584000.0,37.461,719052000.0
21,ANRZQ,MRQ,2010-03-31,2010-03-31,2010-03-31,2020-07-15,4799000.0,5160897000.0,,1201889000.0,3959008000.0,,21.746,-60879000.0,493835000.0,493835000.0,639855000.0,14041000.0,2.786,0.979,785137000.0,33500000.0,751637000.0,785137000.0,0.0,104538000.0,0.0,0.0,0.0,57439000.0,161977000.0,0.176,161977000.0,57439000.0,35319000.0,0.12,0.12,0.12,2607200000.0,,2607200000.0,6351004202.0,63.0,15.377,82371000.0,0.687,1.0,282149000.0,0.306,686568000.0,22120000.0,4334263000.0,,206604000.0,0.0,0.0,0.0,2553697000.0,431368000.0,2122329000.0,6026620202.0,27966000.0,0.0,-12344000.0,-8375000.0,0.0,-13984000.0,-101300000.0,-41240000.0,143250000.0,0.0,14041000.0,14041000.0,14041000.0,629000.0,0.0,0.015,224557000.0,57592000.0,151236000.0,0.0,2.312,193.894,151.182,3125120000.0,0.0,49.89,2.056,2.04,307381000.0,412879000.0,922004000.0,922004000.0,0.0,,,,,8706000.0,47789000.0,1.0,120798160.0,119892529.0,121876328.0,7.69,4474329000.0,0.0,21278000.0,322798000.0,37.319,770521000.0
22,ANRZQ,MRQ,2009-12-31,2009-12-31,2009-12-31,2020-07-15,5812000.0,5120343000.0,,1051825000.0,4068518000.0,,28.582,-83080000.0,465869000.0,465869000.0,638198000.0,17947000.0,2.289,0.976,790253000.0,33500000.0,756753000.0,790253000.0,0.0,79084000.0,0.0,0.0,0.0,30064000.0,109148000.0,0.122,109148000.0,30064000.0,10093000.0,0.15,0.14,0.15,2591289000.0,,2591289000.0,5527085093.0,51.0,15.287,111024000.0,1.225,1.0,255089000.0,0.286,778931000.0,19971000.0,4206374000.0,,176372000.0,0.0,0.0,0.0,2529054000.0,459422000.0,2069632000.0,5216730093.0,-15688000.0,0.0,2373000.0,-12083000.0,0.0,-8386000.0,-201406000.0,-119419000.0,194104000.0,0.0,17947000.0,17947000.0,17947000.0,2301000.0,0.0,0.02,225367000.0,29722000.0,152662000.0,0.0,2.013,89.936,67.781,3132563000.0,0.0,43.38,2.09,1.576,232631000.0,398838000.0,893287000.0,893287000.0,0.0,,,,,11152000.0,52784000.0,1.0,120256572.0,90662718.0,91702628.0,9.853,4341412000.0,0.0,-7854000.0,301307000.0,47.885,592403000.0
23,ANRZQ,MRQ,2009-09-30,2009-09-30,2009-09-30,2020-07-15,-3650000.0,5121797000.0,,1067248000.0,4054549000.0,,24.729,-56705000.0,481557000.0,481557000.0,517043000.0,-16265000.0,2.47,1.011,791912000.0,35359000.0,756553000.0,791912000.0,0.0,86632000.0,0.0,0.0,0.0,-17549000.0,69083000.0,0.095,69083000.0,-17549000.0,-60384000.0,-0.16,-0.16,-0.16,2546870000.0,,2546870000.0,2283183847.0,22.0,7.109,47835000.0,0.464,1.0,212203000.0,0.291,807358000.0,42835000.0,4192728000.0,,187855000.0,0.0,0.0,0.0,2574927000.0,432066000.0,2142861000.0,2505050847.0,-185811000.0,25255000.0,-4279000.0,-252746000.0,0.0,-257496000.0,-32855000.0,0.0,104540000.0,0.0,-16265000.0,-16265000.0,-16265000.0,-475000.0,0.0,-0.022,225737000.0,-13534000.0,146054000.0,0.0,0.984,54.856,48.75,3180377000.0,0.0,35.1,1.146,1.654,265848000.0,377657000.0,729246000.0,729246000.0,0.0,,,,,19179000.0,78257000.0,1.0,71368970.0,102992689.0,102992689.0,7.081,4314439000.0,26101000.0,-44119000.0,340174000.0,41.891,635182000.0
24,ANRZQ,MRQ,2009-06-30,2009-06-30,2009-06-30,2020-07-15,-20197000.0,1692506000.0,,1016730000.0,675776000.0,,12.411,-27975000.0,667368000.0,667368000.0,302459000.0,15359000.0,2.633,0.95,445501000.0,212376000.0,233125000.0,445501000.0,0.0,41954000.0,0.0,0.0,0.0,30848000.0,72802000.0,0.188,72802000.0,30848000.0,20682000.0,0.22,0.22,0.22,867809000.0,,867809000.0,1630176374.0,8.0,4.284,-14149000.0,-0.202,1.0,84555000.0,0.218,23236000.0,10166000.0,1061256000.0,,99664000.0,0.0,0.0,0.0,824697000.0,386147000.0,438550000.0,1874391374.0,-25318000.0,0.0,225000.0,-10931000.0,0.0,-11357000.0,-27787000.0,0.0,13826000.0,0.0,15359000.0,15359000.0,15359000.0,1319000.0,0.0,0.04,52808000.0,31747000.0,77125000.0,0.0,2.16,14.49,14.2,518641000.0,0.0,26.27,0.874,0.856,170940000.0,397156000.0,387014000.0,387014000.0,0.0,,,,,4246000.0,22907000.0,1.0,71351023.0,69920621.0,70894017.0,5.535,1669270000.0,72578000.0,5323000.0,5056000.0,23.874,630583000.0
25,ANRZQ,MRQ,2009-03-31,2009-03-31,2009-03-31,2020-07-15,-29615000.0,1715174000.0,,1029863000.0,685311000.0,,11.995,-18136000.0,692686000.0,692686000.0,349079000.0,40964000.0,4.684,1.046,448471000.0,13050000.0,435421000.0,448471000.0,0.0,46066000.0,0.0,0.0,0.0,64444000.0,110510000.0,0.227,110510000.0,64444000.0,54591000.0,0.59,0.58,0.59,838247000.0,,838247000.0,1121167087.0,4.0,2.479,25614000.0,0.367,1.0,136880000.0,0.282,23837000.0,9853000.0,1227253000.0,,105371000.0,0.0,0.0,0.0,876927000.0,219869000.0,657058000.0,1258212087.0,16496000.0,-1750000.0,-2022000.0,-5470000.0,0.0,-7492000.0,-19762000.0,0.0,43750000.0,0.0,40964000.0,40964000.0,40964000.0,5657000.0,0.0,0.084,67520000.0,69360000.0,90859000.0,0.0,1.501,6.946,6.827,528852000.0,0.0,17.75,0.512,0.504,175974000.0,381797000.0,485959000.0,485959000.0,0.0,,,,,3225000.0,16466000.0,1.0,70885188.0,69884930.0,70696455.0,6.954,1691337000.0,79735000.0,13627000.0,0.0,24.202,809994000.0
26,ANRZQ,MRQ,2008-12-31,2008-12-31,2008-12-31,2020-07-15,-30107000.0,1709838000.0,,991783000.0,718055000.0,,11.624,-23711000.0,676190000.0,676190000.0,472918000.0,5118000.0,3.786,1.149,451315000.0,18520000.0,432795000.0,451315000.0,0.0,41204000.0,0.0,0.0,0.0,27551000.0,68755000.0,0.118,68755000.0,27551000.0,17964000.0,0.07,0.07,0.07,795692000.0,,795692000.0,1102102229.0,4.0,2.561,98529000.0,1.439,1.0,110682000.0,0.19,20547000.0,9587000.0,1202462000.0,,86594000.0,0.0,0.0,0.0,914146000.0,261954000.0,652192000.0,1141327229.0,116056000.0,0.0,230000.0,18076000.0,0.0,17303000.0,-23487000.0,-2824000.0,122240000.0,0.0,5608000.0,5608000.0,5608000.0,-4609000.0,-490000.0,0.01,108494000.0,2188000.0,102975000.0,0.0,1.434,6.888,6.69,550098000.0,0.0,16.19,0.462,0.449,163674000.0,340833000.0,583600000.0,583600000.0,0.0,,,,,1998000.0,14961000.0,1.0,70495814.0,68453724.0,,8.525,1689291000.0,83689000.0,12356000.0,0.0,24.678,729829000.0
27,ANRZQ,MRQ,2008-09-30,2008-09-30,2008-09-30,2020-07-15,-20310000.0,1725313000.0,,975926000.0,749387000.0,,10.479,-25959000.0,560134000.0,560134000.0,516801000.0,67431000.0,3.519,1.335,520909000.0,284000.0,520625000.0,520909000.0,0.0,42196000.0,0.0,0.0,0.0,86220000.0,128416000.0,0.187,128416000.0,86220000.0,76497000.0,0.97,0.93,0.97,738734000.0,,738734000.0,3764652701.0,15.0,8.91,130407000.0,1.85,1.0,171603000.0,0.249,24941000.0,9723000.0,1383827000.0,,83822000.0,0.0,0.0,0.0,986579000.0,277320000.0,709259000.0,3625550701.0,153640000.0,47824000.0,228000.0,-24324000.0,4530000.0,-22439000.0,19713000.0,10070000.0,156366000.0,0.0,67431000.0,67431000.0,67431000.0,-1324000.0,0.0,0.098,89880000.0,81723000.0,129399000.0,0.0,4.908,21.869,21.252,587631000.0,0.0,51.43,1.567,1.567,246356000.0,344862000.0,688404000.0,688404000.0,0.0,,,,,1298000.0,20936000.0,1.0,70494861.0,70494861.0,,9.765,1700372000.0,99625000.0,9066000.0,0.0,24.121,698606000.0
28,ANRZQ,MRQ,2008-06-30,2008-06-30,2008-06-30,2020-07-15,-20200000.0,1678936000.0,,882382000.0,796554000.0,,14.687,-38421000.0,406494000.0,406494000.0,529022000.0,67132000.0,1.547,1.516,545596000.0,296354000.0,249242000.0,545596000.0,0.0,44910000.0,0.0,0.0,0.0,99666000.0,144576000.0,0.206,144576000.0,99666000.0,89144000.0,0.97,0.94,0.97,666744000.0,,666744000.0,7713180267.0,42.0,21.448,99263000.0,2.187,1.0,172745000.0,0.246,28373000.0,10522000.0,1219140000.0,,85418000.0,0.0,0.0,0.0,1011005000.0,570525000.0,440480000.0,7331795267.0,347334000.0,-2824000.0,166106000.0,85258000.0,-4530000.0,251956000.0,-42306000.0,-10041000.0,137684000.0,0.0,67132000.0,67132000.0,67132000.0,3474000.0,0.0,0.096,57034000.0,115711000.0,119753000.0,0.0,10.996,68.33,65.591,619237000.0,0.0,104.29,3.434,2.218,268630000.0,274999000.0,701767000.0,701767000.0,0.0,,,,,11586000.0,20702000.0,1.0,70301997.0,45397449.0,45397449.0,15.458,1650563000.0,92310000.0,22012000.0,0.0,36.358,311857000.0
29,ANRZQ,MRQ,2008-03-31,2008-03-31,2008-03-31,2020-07-15,-26640000.0,1255940000.0,,443809000.0,812131000.0,,6.165,-33011000.0,59160000.0,59160000.0,405969000.0,25530000.0,1.898,2.08,440545000.0,15097000.0,425448000.0,440545000.0,0.0,44260000.0,0.0,0.0,0.0,44317000.0,88577000.0,0.18,88577000.0,44317000.0,34338000.0,0.39,0.39,0.39,407349000.0,,407349000.0,3263129674.0,32.0,12.122,8742000.0,0.132,1.0,87087000.0,0.177,28947000.0,9979000.0,1374550000.0,,89401000.0,0.0,0.0,0.0,847422000.0,233828000.0,613594000.0,2870421674.0,4795000.0,1500000.0,1688000.0,-7835000.0,0.0,-5413000.0,-31545000.0,-29000.0,41753000.0,0.0,25530000.0,25530000.0,25530000.0,2460000.0,0.0,0.052,41185000.0,45902000.0,106697000.0,0.0,7.047,63.908,62.957,628412000.0,0.0,43.44,1.536,1.536,207446000.0,200662000.0,493056000.0,493056000.0,0.0,,,,,2989000.0,15324000.0,1.0,66077847.0,66077847.0,,7.462,1226993000.0,93622000.0,8808000.0,8505000.0,18.569,209981000.0
30,ANRZQ,MRQ,2007-12-31,2007-12-31,2007-12-31,2020-07-15,-22290000.0,1210914000.0,,380209000.0,830705000.0,,5.804,-22523000.0,54365000.0,54365000.0,329986000.0,5510000.0,1.704,2.175,446913000.0,21462000.0,425451000.0,446913000.0,0.0,42009000.0,0.0,0.0,0.0,18931000.0,60940000.0,0.141,60940000.0,18931000.0,8779000.0,0.09,0.09,0.09,380836000.0,,380836000.0,2546147621.0,33.0,10.714,39966000.0,0.609,1.0,100842000.0,0.234,29923000.0,10152000.0,1350477000.0,,70780000.0,0.0,0.0,0.0,828505000.0,223062000.0,605443000.0,2131104621.0,38098000.0,612000.0,3338000.0,-3120000.0,0.0,-1868000.0,-22523000.0,403000.0,62489000.0,0.0,5689000.0,5689000.0,5689000.0,-1518000.0,-179000.0,0.013,78285000.0,22557000.0,95749000.0,0.0,5.596,76.841,75.535,640258000.0,0.0,32.48,1.18,1.18,195110000.0,175132000.0,430828000.0,430828000.0,0.0,,,,,2934000.0,16888000.0,1.0,65612827.0,65612827.0,,6.566,1180991000.0,97130000.0,3090000.0,9753000.0,17.999,157147000.0
31,ANRZQ,MRQ,2007-09-30,2007-09-30,2007-09-30,2020-07-15,-19133000.0,1171551000.0,,323386000.0,848165000.0,,5.683,-28661000.0,16267000.0,16267000.0,430882000.0,8949000.0,1.694,2.143,431310000.0,3736000.0,427574000.0,431310000.0,0.0,43926000.0,0.0,0.0,0.0,21604000.0,65530000.0,0.129,65530000.0,21604000.0,11433000.0,0.14,0.14,0.14,372292000.0,,372292000.0,1969394427.0,25.0,8.463,32283000.0,0.493,1.0,78505000.0,0.154,30429000.0,10171000.0,1365239000.0,,76718000.0,0.0,0.0,0.0,798004000.0,190926000.0,607078000.0,1521850427.0,7612000.0,0.0,474000.0,-24889000.0,0.0,-24415000.0,-28917000.0,-256000.0,60944000.0,0.0,8949000.0,8949000.0,8949000.0,484000.0,0.0,0.018,56947000.0,21558000.0,91368000.0,0.0,4.088,17.835,17.466,665034000.0,0.0,23.23,0.833,0.833,200558000.0,169443000.0,509387000.0,509387000.0,0.0,,,,,2683000.0,14436000.0,1.0,65512287.0,65512287.0,,7.775,1141122000.0,95555000.0,2484000.0,6012000.0,17.418,132460000.0
32,ANRZQ,MRQ,2007-06-30,2007-06-30,2007-06-30,2020-07-15,-14381000.0,1146198000.0,,291367000.0,854831000.0,,5.567,-25027000.0,8655000.0,8655000.0,368635000.0,4747000.0,1.606,2.139,456199000.0,21383000.0,434816000.0,456199000.0,0.0,37855000.0,0.0,0.0,0.0,16279000.0,54134000.0,0.124,54134000.0,16279000.0,6249000.0,0.07,0.07,0.07,364889000.0,,364889000.0,1790714278.0,21.0,7.665,24671000.0,0.376,1.0,66713000.0,0.153,30732000.0,10030000.0,1381569000.0,,90447000.0,0.0,0.0,0.0,780329000.0,181441000.0,598888000.0,1362571278.0,-22241000.0,-44520000.0,120000.0,-2840000.0,0.0,-2720000.0,-69219000.0,-76000.0,49698000.0,0.0,4747000.0,4747000.0,4747000.0,0.0,0.0,0.011,51447000.0,15266000.0,68217000.0,0.0,3.734,14.986,14.641,681571000.0,0.0,20.79,0.76,0.76,152691000.0,160494000.0,435348000.0,435348000.0,0.0,,,,,1414000.0,13982000.0,1.0,65539744.0,65539744.0,,6.643,1115466000.0,93563000.0,1502000.0,6940000.0,17.02,109926000.0
33,ANRZQ,MRQ,2007-03-31,2007-03-31,2007-03-31,2020-07-15,-19014000.0,1131136000.0,,319110000.0,812026000.0,,5.41,-44069000.0,30896000.0,30896000.0,361112000.0,8349000.0,1.615,2.189,459039000.0,38453000.0,420586000.0,459039000.0,0.0,35789000.0,0.0,0.0,0.0,20971000.0,56760000.0,0.132,56760000.0,20971000.0,10978000.0,0.13,0.13,0.13,354597000.0,,354597000.0,1460654624.0,13.0,5.699,8541000.0,0.13,1.0,69479000.0,0.161,31775000.0,9993000.0,1329865000.0,,84780000.0,0.0,0.0,0.0,776176000.0,197639000.0,578537000.0,1024445624.0,-2360000.0,0.0,0.0,-10426000.0,0.0,-10426000.0,-44544000.0,-71000.0,52610000.0,0.0,8349000.0,8349000.0,8349000.0,0.0,0.0,0.019,49230000.0,20249000.0,69808000.0,0.0,2.889,9.372,9.14,640598000.0,0.0,15.63,0.553,0.553,163432000.0,155747000.0,430591000.0,430591000.0,0.0,,,,,2650000.0,13239000.0,1.0,65543546.0,65543546.0,,6.57,1099361000.0,94847000.0,2629000.0,7151000.0,16.773,121471000.0
34,ANRZQ,MRQ,2006-12-31,2006-12-31,2006-12-31,2020-07-15,-19019000.0,1145793000.0,,338654000.0,807139000.0,,5.296,-20994000.0,33256000.0,33256000.0,378948000.0,63285000.0,1.524,2.33,469465000.0,48009000.0,421456000.0,469465000.0,0.0,36588000.0,0.0,0.0,0.0,19702000.0,56290000.0,0.125,56290000.0,19702000.0,9726000.0,0.99,0.99,0.99,344049000.0,,344049000.0,1376927271.0,10.0,4.913,40770000.0,0.628,1.0,71826000.0,0.159,32267000.0,9976000.0,1327545000.0,,76844000.0,0.0,0.0,0.0,801744000.0,222190000.0,579554000.0,924461271.0,21732000.0,-6259000.0,1000.0,-15467000.0,0.0,-15466000.0,-24566000.0,-116000.0,61764000.0,0.0,63285000.0,63285000.0,63285000.0,0.0,0.0,0.14,52649000.0,19177000.0,75986000.0,0.0,2.687,7.213,7.115,637136000.0,0.0,14.23,0.485,0.485,177661000.0,147398000.0,450774000.0,450774000.0,0.0,,,,,4649000.0,16463000.0,1.0,64965655.0,64965655.0,,6.939,1113526000.0,94897000.0,-53559000.0,7601000.0,17.14,116464000.0
35,ANRZQ,MRQ,2006-09-30,2006-09-30,2006-09-30,2020-07-15,-7354000.0,1047659000.0,,297547000.0,750112000.0,,4.417,-25742000.0,11524000.0,11524000.0,392019000.0,14544000.0,1.423,2.65,463990000.0,42415000.0,421575000.0,463990000.0,0.0,36422000.0,0.0,0.0,0.0,30023000.0,66445000.0,0.14,66445000.0,30023000.0,19288000.0,0.23,0.23,0.23,287064000.0,,287064000.0,1498318826.0,10.0,5.383,22148000.0,0.341,1.0,83099000.0,0.175,27033000.0,10735000.0,1263923000.0,,73588000.0,0.0,0.0,0.0,760595000.0,209169000.0,551426000.0,1024326826.0,6724000.0,0.0,-1000.0,-14801000.0,0.0,-14802000.0,-26364000.0,-121000.0,47890000.0,0.0,14544000.0,14544000.0,14544000.0,0.0,0.0,0.031,53259000.0,29840000.0,69096000.0,0.0,3.568,13.252,12.71,640781000.0,0.0,15.76,0.525,0.525,177458000.0,83396000.0,475118000.0,475118000.0,0.0,,,,,5870000.0,16837000.0,1.0,64995357.0,64995357.0,,7.31,1020626000.0,37917000.0,4744000.0,12544000.0,15.703,88378000.0
36,ANRZQ,MRQ,2006-06-30,2006-06-30,2006-06-30,2020-07-15,-525000.0,1053492000.0,,292256000.0,761236000.0,,4.209,-32479000.0,4800000.0,4800000.0,401885000.0,23128000.0,1.411,2.852,478792000.0,26423000.0,452369000.0,478792000.0,0.0,34207000.0,0.0,0.0,0.0,42590000.0,76797000.0,0.155,76797000.0,42590000.0,31804000.0,0.36,0.36,0.36,273477000.0,,273477000.0,1755099107.0,13.0,7.118,34520000.0,0.531,1.0,94426000.0,0.19,27834000.0,10786000.0,1292541000.0,,84859000.0,0.0,0.0,0.0,780015000.0,207109000.0,572906000.0,1274650107.0,-6351000.0,-26690000.0,544000.0,-13418000.0,0.0,-14074000.0,-59276000.0,-107000.0,66999000.0,0.0,23128000.0,23128000.0,23128000.0,0.0,0.0,0.047,52220000.0,42206000.0,79611000.0,0.0,4.661,17.962,17.211,649769000.0,0.0,19.62,0.68,0.68,163809000.0,68852000.0,496311000.0,496311000.0,0.0,,,,,6112000.0,18013000.0,1.0,64966876.0,64966876.0,,7.639,1025658000.0,39863000.0,8676000.0,12575000.0,15.787,85147000.0
37,ANRZQ,MRQ,2006-03-31,2006-03-31,2006-03-31,2020-07-15,0.0,1016121000.0,,304164000.0,711957000.0,,3.791,-51257000.0,11151000.0,11151000.0,385228000.0,27212000.0,1.331,3.161,491600000.0,46297000.0,445303000.0,491600000.0,0.0,33634000.0,0.0,0.0,0.0,47109000.0,80743000.0,0.167,80743000.0,47109000.0,36832000.0,0.43,0.43,0.43,244219000.0,,244219000.0,1953982881.0,15.0,8.61,-17829000.0,-0.277,1.0,96912000.0,0.201,28714000.0,10277000.0,1239299000.0,,82817000.0,0.0,0.0,0.0,771902000.0,228557000.0,543345000.0,1490736881.0,-28471000.0,1417000.0,410000.0,-11269000.0,0.0,-12059000.0,-49840000.0,0.0,33428000.0,0.0,27212000.0,27212000.0,27212000.0,0.0,0.0,0.056,50273000.0,46639000.0,83003000.0,0.0,6.104,20.083,19.124,602865000.0,0.0,23.14,0.83,0.83,169391000.0,45725000.0,482140000.0,482140000.0,0.0,,,,,3833000.0,16639000.0,1.0,64422510.0,64422510.0,,7.484,987407000.0,37990000.0,9620000.0,12241000.0,15.327,75607000.0
38,ANRZQ,MRQ,2005-12-31,2005-12-31,2005-12-31,2020-07-15,0.0,1013658000.0,,318915000.0,694743000.0,,3.304,-26255000.0,39622000.0,39622000.0,432046000.0,12412000.0,1.124,3.764,502868000.0,79321000.0,423547000.0,502868000.0,0.0,27600000.0,0.0,0.0,0.0,26761000.0,54361000.0,0.109,54361000.0,26761000.0,16224000.0,0.22,0.22,0.22,212765000.0,,212765000.0,1513636458.0,22.0,10.547,101764000.0,1.58,1.0,67129000.0,0.134,29655000.0,10537000.0,1163408000.0,,76788000.0,0.0,0.0,0.0,800893000.0,283841000.0,517052000.0,1237216458.0,39511000.0,-220976000.0,199000.0,159690000.0,0.0,157489000.0,-245997000.0,1234000.0,128019000.0,0.0,12412000.0,12412000.0,12412000.0,-45000.0,0.0,0.025,40809000.0,26320000.0,99746000.0,0.0,5.815,58.324,50.553,582750000.0,0.0,19.21,0.761,0.761,158291000.0,18513000.0,499175000.0,499175000.0,0.0,,,,,3351000.0,13208000.0,1.0,64404813.0,64404813.0,,7.751,984003000.0,38967000.0,3812000.0,11243000.0,15.278,35074000.0
39,ANRZQ,MRQ,2005-09-30,2005-09-30,2005-09-30,2020-07-15,0.0,622098000.0,,280095000.0,342003000.0,,0.0,-29264000.0,111000.0,111000.0,351124000.0,8210000.0,1.813,,276531000.0,19368000.0,257163000.0,276531000.0,0.0,16277000.0,0.0,0.0,0.0,18388000.0,34665000.0,0.087,34665000.0,18388000.0,11752000.0,0.13,0.13,0.13,0.0,,0.0,2139597903.0,43.0,19.144,-6220000.0,-0.1,1.0,46565000.0,0.117,19201000.0,6636000.0,724822000.0,,102856000.0,0.0,0.0,0.0,487625000.0,154495000.0,333130000.0,1868865903.0,-10006000.0,1258000.0,0.0,-4464000.0,0.0,-4464000.0,-28586000.0,-580000.0,23044000.0,0.0,8210000.0,8210000.0,8210000.0,0.0,0.0,0.021,28424000.0,18141000.0,73208000.0,0.0,,188.451,-429.143,267481000.0,0.0,30.04,1.287,1.287,161640000.0,6102000.0,397689000.0,397689000.0,0.0,,,,,3382000.0,12147000.0,1.0,62212580.0,62212580.0,,6.392,602897000.0,20017000.0,3542000.0,0.0,9.691,125600000.0
40,ANRZQ,MRQ,2005-06-30,2005-06-30,2005-06-30,2020-07-15,0.0,608232000.0,,282815000.0,325417000.0,,0.0,-31606000.0,10117000.0,10117000.0,346051000.0,26393000.0,1.799,,280849000.0,26610000.0,254239000.0,280849000.0,0.0,15048000.0,0.0,0.0,0.0,42129000.0,57177000.0,0.137,57177000.0,42129000.0,35482000.0,0.43,0.43,0.43,0.0,,0.0,1728023410.0,39.0,16.477,-27834000.0,-0.447,1.0,71585000.0,0.171,19366000.0,6647000.0,702398000.0,,92515000.0,0.0,0.0,0.0,485351000.0,157200000.0,328151000.0,1485636410.0,9834000.0,1389000.0,-124000.0,37757000.0,0.0,36433000.0,-30371000.0,-154000.0,3772000.0,0.0,26393000.0,26393000.0,26393000.0,-266000.0,0.0,0.063,29945000.0,41640000.0,65666000.0,0.0,,208.423,140.471,250931000.0,0.0,23.88,1.064,1.064,161886000.0,-2109000.0,417636000.0,417636000.0,0.0,,,,,3380000.0,14870000.0,1.0,62212580.0,62212580.0,,6.713,588866000.0,21097000.0,9089000.0,0.0,9.465,125615000.0
41,ANRZQ,MRQ,2005-03-31,2005-03-31,2005-03-31,2020-07-15,0.0,547271000.0,,238544000.0,308727000.0,,0.0,-29767000.0,283000.0,283000.0,264101000.0,-25801000.0,1.385,,242670000.0,33785000.0,208885000.0,242670000.0,0.0,14480000.0,0.0,0.0,0.0,-17174000.0,-2694000.0,-0.009,-2694000.0,-17174000.0,-23291000.0,-0.71,-0.71,-0.71,0.0,,0.0,1987972669.0,82.0,23.965,-34959000.0,-0.562,1.0,48054000.0,0.154,19503000.0,6117000.0,597881000.0,,90862000.0,0.0,0.0,0.0,454162000.0,172274000.0,281888000.0,1783634669.0,-7108000.0,-4166000.0,598190000.0,-486806000.0,0.0,32517000.0,-34433000.0,-500000.0,-5192000.0,0.0,-25801000.0,-25801000.0,-25801000.0,480000.0,0.0,-0.083,62076000.0,-14022000.0,71243000.0,0.0,,-254.007,50.298,232802000.0,0.0,28.67,1.352,1.352,123100000.0,-28500000.0,312155000.0,312155000.0,0.0,,,,,28932000.0,47906000.0,1.0,62212580.0,62212580.0,,5.018,527768000.0,22627000.0,2510000.0,0.0,8.483,66270000.0
42,ANRZQ,MRQ,2004-12-31,2004-12-31,2004-12-31,2020-07-15,0.0,477121000.0,,202535000.0,274586000.0,,0.659,-18561000.0,7391000.0,7391000.0,297778000.0,1115000.0,1.385,9.819,211729000.0,26945000.0,184784000.0,211729000.0,0.0,16660000.0,0.0,,0.0,5957000.0,22617000.0,0.07,22617000.0,5957000.0,413000.0,0.08,0.08,0.08,40981000.0,,40981000.0,,,,-11032000.0,-0.177,1.0,27343000.0,0.084,19796000.0,5544000.0,515385000.0,,54569000.0,0.0,0.0,0.0,402410000.0,146278000.0,256132000.0,,-8420000.0,-3656000.0,0.0,4672000.0,0.0,3018000.0,-18967000.0,3250000.0,7529000.0,0.0,1115000.0,1115000.0,1115000.0,146000.0,0.0,0.003,21199000.0,6144000.0,51050000.0,0.0,,,,217964000.0,0.0,,,,106986000.0,18828000.0,325121000.0,325121000.0,0.0,,,,,91000.0,4821000.0,1.0,62212580.0,62212580.0,,5.226,457325000.0,4674000.0,-702000.0,7718000.0,7.351,56257000.0
43,ANRZQ,MRQ,2004-09-30,2004-09-30,2004-09-30,2020-07-15,,,,,,,,-19340000.0,,,294484000.0,5421000.0,,,,,,,,14312000.0,,,0.0,13466000.0,27778000.0,0.081,27778000.0,13466000.0,7800000.0,0.37,0.37,0.37,,,,,,,32833000.0,,1.0,47225000.0,0.138,,5666000.0,,,,,,,,,,,1496000.0,675000.0,0.0,-27187000.0,0.0,-29591000.0,-21086000.0,-3250000.0,52173000.0,0.0,5421000.0,5421000.0,5421000.0,1846000.0,0.0,0.016,24317000.0,22908000.0,,0.0,,,,,0.0,,,,,,341709000.0,341709000.0,0.0,,,,,0.0,10124000.0,1.0,,,,,,,2379000.0,,,
44,ANRZQ,MRQ,2004-06-30,2004-06-30,2004-06-30,2020-07-15,,,,,,,,-16994000.0,,,278089000.0,12243000.0,,,,,,,,13111000.0,,,0.0,22142000.0,35253000.0,0.104,35253000.0,22142000.0,15362000.0,0.83,0.83,0.83,,,,,,,14056000.0,,1.0,61786000.0,0.182,,6780000.0,,,,,,,,,,,5801000.0,-12891000.0,0.0,117990000.0,0.0,4845000.0,-30094000.0,0.0,31050000.0,0.0,12243000.0,12243000.0,12243000.0,206000.0,0.0,0.036,26777000.0,35009000.0,,0.0,,,,,0.0,,,,,,339875000.0,339875000.0,0.0,,,,,0.0,13861000.0,1.0,,,,,,,3119000.0,,,
45,ANRZQ,MRQ,2004-03-31,2004-03-31,2004-03-31,2020-07-15,,,,,,,,-16055000.0,,,218358000.0,1237000.0,,,,,,,,11929000.0,,,0.0,3598000.0,15527000.0,0.063,15527000.0,3598000.0,1547000.0,0.08,0.08,0.08,,,,,,,-31000.0,,1.0,28380000.0,0.115,,2051000.0,,,,,,,,,,,-2732000.0,0.0,0.0,-2677000.0,0.0,-2701000.0,-16055000.0,0.0,16024000.0,0.0,1237000.0,1237000.0,1237000.0,0.0,0.0,0.005,23734000.0,4646000.0,,0.0,,,,,0.0,,,,,,246738000.0,246738000.0,0.0,,,,,0.0,11805000.0,1.0,,,,,,,310000.0,,,
46,ANRZQ,MRQ,2003-12-31,2003-12-31,2003-12-31,2020-07-15,0.0,379336000.0,,142821000.0,236515000.0,,,,11246000.0,11246000.0,,,1.297,2.936,90818000.0,33608000.0,57210000.0,90818000.0,0.0,,0.0,,0.0,,,,,,,,,,77152000.0,,77152000.0,,,,,,1.0,,,20017000.0,,328784000.0,,33113000.0,0.0,0.0,0.0,226489000.0,110107000.0,116382000.0,,,,,,,,,,,,,,,,,,,,41357000.0,,,,,198147000.0,,,,,78717000.0,1442000.0,,,,,,,,,,1.0,,,,,359319000.0,489000.0,,823000.0,,32714000.0
0,ANRZQ,MRT,2015-06-30,2015-06-30,2015-06-30,2020-07-15,-241034000.0,9970683000.0,10493105250.0,1756521000.0,8214162000.0,0.355,11.871,-109767000.0,698236000.0,698236000.0,3531177000.0,-706615000.0,0.398,2.777,3724830000.0,3690391000.0,34439000.0,3724830000.0,0.0,702859000.0,0.0,0.0,0.0,-571908000.0,130951000.0,0.035,130951000.0,-571908000.0,-873492000.0,-3.19,-3.2,-3.19,2639739000.0,3001367000.0,2639739000.0,2909623844.0,-5.0,22.219,-398910000.0,-1.794,1.0,197086000.0,0.053,73362000.0,301584000.0,8515899000.0,11532852750.0,237466000.0,416722000.0,416722000.0,0.0,7330944000.0,4408016000.0,2922928000.0,67105844.0,-70265000.0,0.0,-719000.0,252121000.0,0.0,227130000.0,-8252000.0,103069000.0,-289143000.0,0.0,-706615000.0,-706615000.0,-706615000.0,0.0,0.0,-0.19,1160784000.0,-963698000.0,184522000.0,0.0,0.025,-0.095,-0.095,7870502000.0,0.0,0.302,0.018,0.018,254288000.0,-5061739000.0,3728263000.0,3728263000.0,0.0,-0.067,-0.235,-0.05,-0.153,17693000.0,119467000.0,1.0,222278382.0,222371939.0,222371939.0,16.766,9897321000.0,0.0,-166877000.0,729034000.0,44.508,-2651495000.0
1,ANRZQ,MRT,2015-03-31,2015-03-31,2015-03-31,2020-07-15,-287697000.0,10169447000.0,10855718000.0,1560551000.0,8608896000.0,0.37,13.79,-120765000.0,476295000.0,476295000.0,3682613000.0,-751052000.0,1.653,2.325,3318813000.0,176795000.0,3142018000.0,3318813000.0,0.0,715064000.0,0.0,0.0,0.0,-547702000.0,167362000.0,0.042,167362000.0,-547702000.0,-847912000.0,-3.4,-3.41,-3.4,3058386000.0,3232012000.0,3058386000.0,3378169991.0,-6.0,20.185,-410447000.0,-1.851,1.0,334681000.0,0.083,82264000.0,300210000.0,11985788000.0,12764794000.0,244563000.0,421128000.0,421128000.0,0.0,7111061000.0,943913000.0,6167148000.0,221585991.0,-56818000.0,0.0,-815000.0,322501000.0,0.0,280413000.0,-47549000.0,75955000.0,-289682000.0,0.0,-751052000.0,-751052000.0,-751052000.0,0.0,0.0,-0.187,1272502000.0,-937821000.0,203276000.0,0.0,0.072,-0.295,-0.294,8205317000.0,0.0,1.0,0.055,0.055,249266000.0,-4593549000.0,4017294000.0,4017294000.0,0.0,-0.069,-0.232,-0.043,-0.136,21591000.0,135871000.0,1.0,221608152.0,221784821.0,223855324.0,18.113,10087183000.0,0.0,-96860000.0,772410000.0,45.482,616638000.0
2,ANRZQ,MRT,2014-12-31,2014-12-31,2014-12-31,2020-07-15,-291701000.0,10639466000.0,11271782000.0,1876314000.0,8763152000.0,0.38,13.49,-134135000.0,741186000.0,741186000.0,3861916000.0,-874961000.0,1.859,2.562,3801088000.0,178251000.0,3622837000.0,3801088000.0,0.0,750776000.0,0.0,0.0,0.0,-641786000.0,108990000.0,0.025,108990000.0,-641786000.0,-930252000.0,-3.95,-3.95,-3.95,2986800000.0,3479902000.0,2986800000.0,3452534480.0,-5.0,31.678,-417994000.0,-1.888,1.0,425162000.0,0.099,97169000.0,288466000.0,12592650000.0,13006830500.0,237945000.0,405169000.0,405169000.0,0.0,7652666000.0,1009549000.0,6643117000.0,370024480.0,121542000.0,0.0,-1461000.0,442971000.0,0.0,407052000.0,-1651000.0,130767000.0,-283859000.0,0.0,-874961000.0,-874961000.0,-874961000.0,0.0,0.0,-0.204,1343023000.0,-917861000.0,216098000.0,0.0,0.124,-0.423,-0.423,8341974000.0,0.0,1.67,0.086,0.086,314015000.0,-4661760000.0,4287078000.0,4287078000.0,0.0,-0.078,-0.251,-0.049,-0.15,27371000.0,152106000.0,1.0,221571545.0,221400658.0,221400658.0,19.363,10542297000.0,0.0,-55291000.0,773466000.0,47.616,866765000.0
3,ANRZQ,MRT,2014-09-30,2014-09-30,2014-09-30,2020-07-15,-73395000.0,11192825000.0,11561730000.0,2071333000.0,9121492000.0,0.373,14.992,-208960000.0,809411000.0,809411000.0,3959830000.0,-1112088000.0,1.84,2.371,3891921000.0,176945000.0,3714976000.0,3891921000.0,0.0,779037000.0,0.0,0.0,0.0,-750851000.0,28186000.0,0.007,28186000.0,-750851000.0,-1026514000.0,-5.03,-5.03,-5.03,3320543000.0,3751168500.0,3320543000.0,3670863779.0,-5.0,130.237,-531669000.0,-2.4,1.0,350333000.0,0.081,112696000.0,275663000.0,13037074000.0,13082989500.0,305285000.0,374528000.0,374528000.0,0.0,7872282000.0,1125565000.0,6746717000.0,549195779.0,141309000.0,0.0,-1475000.0,564864000.0,0.0,517245000.0,-53227000.0,152563000.0,-322709000.0,0.0,-1112088000.0,-1112088000.0,-1112088000.0,0.0,0.0,-0.258,1362472000.0,-1012139000.0,245311000.0,0.0,0.165,-0.494,-0.493,8513038000.0,0.0,2.48,0.127,0.127,317684000.0,-4540099000.0,4310163000.0,4310163000.0,0.0,-0.096,-0.296,-0.057,-0.174,28683000.0,158075000.0,1.0,221449911.0,221491811.0,221491811.0,19.46,11080129000.0,0.0,85574000.0,828070000.0,50.025,945768000.0
4,ANRZQ,MRT,2014-06-30,2014-06-30,2014-06-30,2020-07-15,-9206000.0,11421134000.0,11787775000.0,2038290000.0,9382844000.0,0.378,16.092,-219742000.0,768501000.0,768501000.0,4107942000.0,-1385354000.0,2.098,2.206,3890169000.0,69686000.0,3820483000.0,3890169000.0,0.0,803652000.0,0.0,0.0,0.0,-1136771000.0,-333119000.0,-0.075,-333119000.0,-1136771000.0,-1398979000.0,-6.26,-6.26,-6.26,3562319000.0,4014205250.0,3562319000.0,3683600186.0,-3.0,-11.058,-449229000.0,-2.029,1.0,342723000.0,0.077,127819000.0,262208000.0,13443664000.0,13088804750.0,315061000.0,369950000.0,369950000.0,0.0,7858815000.0,971319000.0,6887496000.0,821200186.0,256538000.0,0.0,-1361000.0,555451000.0,0.0,519592000.0,-33567000.0,191325000.0,-229487000.0,0.0,-1385354000.0,-1385354000.0,-1385354000.0,0.0,0.0,-0.311,1731837000.0,-1389114000.0,261279000.0,0.0,0.231,-0.593,-0.593,8640020000.0,0.0,3.71,0.185,0.185,307277000.0,-4355124000.0,4450665000.0,4450665000.0,0.0,-0.118,-0.345,-0.087,-0.255,25272000.0,162176000.0,1.0,221347759.0,221376721.0,221376721.0,20.104,11293315000.0,0.0,-13625000.0,899438000.0,51.014,1066971000.0
5,ANRZQ,MRT,2014-03-31,2014-03-31,2014-03-31,2020-07-15,-27697000.0,11833703000.0,12082040000.0,2038041000.0,9795662000.0,0.392,18.313,-242718000.0,533113000.0,533113000.0,4400368000.0,-1058408000.0,1.579,1.922,3395513000.0,29335000.0,3366178000.0,3395513000.0,0.0,827311000.0,0.0,0.0,0.0,-899893000.0,-72582000.0,-0.015,-72582000.0,-899893000.0,-1152042000.0,-4.78,-4.78,-4.78,4049946000.0,4304903250.0,4049946000.0,3747506122.0,-4.0,-51.631,-253059000.0,-1.144,1.0,331322000.0,0.07,451828000.0,252149000.0,12953934000.0,13105628750.0,303920000.0,393911000.0,393911000.0,0.0,7783757000.0,1290341000.0,6493416000.0,939547122.0,-77282000.0,0.0,-1540000.0,101185000.0,0.0,57272000.0,-124213000.0,121199000.0,-10341000.0,0.0,-1058408000.0,-1058408000.0,-1058408000.0,0.0,0.0,-0.224,1465105000.0,-1133783000.0,254466000.0,0.0,0.232,-0.888,-0.889,8776743000.0,0.0,4.25,0.199,0.199,368898000.0,-3842497000.0,4731690000.0,4731690000.0,0.0,-0.088,-0.246,-0.069,-0.19,25510000.0,156558000.0,1.0,221069911.0,221154062.0,221154062.0,21.395,11381875000.0,0.0,-93634000.0,946439000.0,51.466,747700000.0
6,ANRZQ,MRT,2013-12-31,2013-12-31,2013-12-31,2020-07-15,-57148000.0,11799258000.0,12335485250.0,1988424000.0,9810834000.0,0.402,18.434,-247186000.0,619644000.0,619644000.0,4538590000.0,-1113498000.0,1.6,1.898,3427603000.0,29169000.0,3398434000.0,3427603000.0,0.0,865021000.0,0.0,0.0,0.0,-1083460000.0,-218439000.0,-0.044,-218439000.0,-1083460000.0,-1330048000.0,-5.04,-5.04,-5.04,4071866000.0,4508357250.0,4071866000.0,4283274569.0,-4.0,-19.609,-138168000.0,-0.626,1.0,414918000.0,0.084,467116000.0,246588000.0,12897286000.0,13256655500.0,304863000.0,337069000.0,337069000.0,0.0,7727392000.0,1242815000.0,6484577000.0,1577624569.0,-111079000.0,0.0,-1435000.0,114209000.0,0.0,70560000.0,-290657000.0,-43471000.0,109018000.0,0.0,-1113498000.0,-1113498000.0,-1113498000.0,0.0,0.0,-0.225,1484924000.0,-1070006000.0,234951000.0,0.0,0.387,-1.417,-1.417,8956154000.0,0.0,7.14,0.318,0.318,287655000.0,-3786799000.0,4953508000.0,4953508000.0,0.0,-0.09,-0.247,-0.082,-0.219,25873000.0,158987000.0,1.0,220955822.0,220883103.0,220883103.0,22.426,11332142000.0,0.0,-216550000.0,901552000.0,51.304,745609000.0
7,ANRZQ,MRT,2013-09-30,2013-09-30,2013-09-30,2020-07-15,-60706000.0,12097005000.0,12658122250.0,2127483000.0,9969522000.0,0.428,19.789,-236928000.0,668102000.0,668102000.0,4618969000.0,-882290000.0,1.693,1.766,3373752000.0,29016000.0,3344736000.0,3373752000.0,0.0,891933000.0,0.0,0.0,0.0,-923122000.0,-31189000.0,-0.006,-31189000.0,-923122000.0,-1164543000.0,-3.98,-3.98,-3.98,4372690000.0,4732344500.0,4372690000.0,4188516700.0,-5.0,-134.295,154423000.0,0.699,1.0,799192000.0,0.148,485996000.0,241421000.0,13060335000.0,13463911500.0,333111000.0,0.0,0.0,0.0,7724315000.0,1256324000.0,6467991000.0,1316841700.0,325898000.0,0.0,-1874000.0,369071000.0,0.0,321014000.0,-386467000.0,-149194000.0,391351000.0,0.0,-882290000.0,-882290000.0,-882290000.0,0.0,0.0,-0.163,1718623000.0,-919431000.0,224893000.0,0.0,0.301,-1.493,-1.497,9091801000.0,0.0,5.96,0.243,0.243,299950000.0,-3428011000.0,5418161000.0,5418161000.0,0.0,-0.07,-0.186,-0.069,-0.17,24296000.0,169826000.0,1.0,220946594.0,220960449.0,220960449.0,24.521,11611009000.0,0.0,-282253000.0,790529000.0,52.548,871159000.0
8,ANRZQ,MRT,2013-06-30,2013-06-30,2013-06-30,2020-07-15,-160813000.0,12598194000.0,12910153750.0,1976716000.0,10621478000.0,0.454,21.396,-285546000.0,511963000.0,511963000.0,4907667000.0,-470195000.0,1.644,1.666,3383638000.0,28839000.0,3354799000.0,3383638000.0,0.0,934727000.0,0.0,0.0,0.0,-465960000.0,468767000.0,0.08,468767000.0,-465960000.0,-692493000.0,-2.12,-2.12,-2.12,4725111000.0,4913614500.0,4725111000.0,3928554888.0,-8.0,8.381,165020000.0,0.747,1.0,953209000.0,0.163,756806000.0,226533000.0,13510960000.0,13558603250.0,383015000.0,0.0,0.0,0.0,7873083000.0,1202103000.0,6670980000.0,1157007888.0,259771000.0,0.0,-1939000.0,367104000.0,0.0,319237000.0,-510032000.0,-223663000.0,450566000.0,0.0,-470195000.0,-470195000.0,-470195000.0,0.0,0.0,-0.08,1408716000.0,-455507000.0,259524000.0,0.0,0.245,-2.461,-2.472,9234488000.0,0.0,5.24,0.197,0.197,386495000.0,-2969770000.0,5860876000.0,5860876000.0,0.0,-0.036,-0.096,-0.034,-0.08,24943000.0,180531000.0,1.0,220803032.0,220840989.0,220840989.0,26.539,11841388000.0,0.0,-222298000.0,827205000.0,53.62,774613000.0
9,ANRZQ,MRT,2013-03-31,2013-03-31,2013-03-31,2020-07-15,-164360000.0,12847484000.0,13095778000.0,2170015000.0,10677469000.0,0.487,22.034,-378304000.0,610395000.0,610395000.0,5310706000.0,-2519170000.0,1.695,1.641,3381942000.0,104912000.0,3277030000.0,3381942000.0,0.0,992209000.0,0.0,0.0,0.0,-2889625000.0,-1897416000.0,-0.298,-1897416000.0,-2889625000.0,-3101739000.0,-11.42,-11.42,-11.42,4863762000.0,5001035500.0,4863762000.0,4467441678.0,-2.0,-2.354,38884000.0,0.176,1.0,1063156000.0,0.167,780903000.0,212114000.0,13558041000.0,13572905750.0,417711000.0,0.0,0.0,0.0,7983722000.0,1280087000.0,6703635000.0,1812112678.0,122888000.0,0.0,-2118000.0,317288000.0,0.0,293792000.0,-588092000.0,-210731000.0,417188000.0,0.0,-2519170000.0,-2519170000.0,-2519170000.0,0.0,0.0,-0.395,3961452000.0,-2898296000.0,257576000.0,0.0,0.373,-0.719,-0.719,9461916000.0,0.0,8.21,0.284,0.284,402249000.0,-2784089000.0,6373862000.0,6373862000.0,0.0,-0.192,-0.504,-0.213,-0.453,8601000.0,188403000.0,1.0,220720180.0,220741805.0,220741805.0,28.875,12066581000.0,0.0,-582569000.0,881656000.0,54.664,889928000.0
10,ANRZQ,MRT,2012-12-31,2012-12-31,2012-12-31,2020-07-15,-166598000.0,13089806000.0,13919198500.0,2333222000.0,10756584000.0,0.501,22.554,-459892000.0,730723000.0,730723000.0,5766444000.0,-2437148000.0,1.908,1.635,3386052000.0,95015000.0,3291037000.0,3386052000.0,0.0,1037575000.0,0.0,0.0,0.0,-2788997000.0,-1751422000.0,-0.251,-1751422000.0,-2788997000.0,-2987144000.0,-11.06,-11.06,-11.06,4967815000.0,5638047500.0,4967815000.0,4798587283.0,-2.0,-2.74,58527000.0,0.266,1.0,1208440000.0,0.173,796217000.0,198147000.0,13726310000.0,13816686250.0,398060000.0,297452000.0,297452000.0,0.0,8121991000.0,1222608000.0,6899383000.0,2147658283.0,144841000.0,0.0,-7507000.0,328148000.0,0.0,299398000.0,-672976000.0,-213084000.0,518419000.0,0.0,-2437148000.0,-2437148000.0,-2437148000.0,0.0,0.0,-0.349,4004889000.0,-2796449000.0,255191000.0,0.0,0.432,-0.881,-0.881,9647208000.0,0.0,9.74,0.308,0.308,418166000.0,-2673301000.0,6974884000.0,6974884000.0,0.0,-0.175,-0.432,-0.202,-0.4,9881000.0,209788000.0,1.0,220498797.0,220261555.0,220261555.0,31.666,12293589000.0,0.0,-549996000.0,971001000.0,55.814,1110614000.0
11,ANRZQ,MRT,2012-09-30,2012-09-30,2012-09-30,2020-07-15,-161222000.0,13105131000.0,14795258250.0,2032535000.0,11072596000.0,0.506,23.128,-591167000.0,342204000.0,342204000.0,6414634000.0,-3102496000.0,1.555,1.571,2993133000.0,80605000.0,2912528000.0,2993133000.0,0.0,1119868000.0,0.0,0.0,0.0,-3530910000.0,-2411042000.0,-0.322,-2411042000.0,-3530910000.0,-3717411000.0,-14.91,-14.91,-14.91,5097770000.0,6239854750.0,5097770000.0,4183781223.0,-1.0,-1.735,-136115000.0,-0.618,1.0,1072049000.0,0.143,1010174000.0,186501000.0,13439102000.0,13994587750.0,457195000.0,0.0,0.0,0.0,8007361000.0,1306784000.0,6700577000.0,1447724223.0,-235089000.0,0.0,-12620000.0,-49042000.0,0.0,-62492000.0,-627649000.0,-39569000.0,455052000.0,0.0,-3102496000.0,-3102496000.0,-3102496000.0,0.0,0.0,-0.414,4609359000.0,-3537310000.0,301266000.0,0.0,0.284,-0.467,-0.441,9759078000.0,0.0,6.57,0.193,0.193,455238000.0,-2545721000.0,7486683000.0,7486683000.0,0.0,-0.21,-0.497,-0.252,-0.472,1774000.0,210278000.0,1.0,220353763.0,220417448.0,220417448.0,33.966,12094957000.0,0.0,-614915000.0,961001000.0,54.873,725751000.0
12,ANRZQ,MRT,2012-06-30,2012-06-30,2012-06-30,2020-07-15,-226241000.0,13340691000.0,15814407500.0,1966064000.0,11374627000.0,0.516,23.036,-657592000.0,252192000.0,252192000.0,6898746000.0,-2993746000.0,1.339,1.629,2988249000.0,68720000.0,2919529000.0,2988249000.0,0.0,1124982000.0,0.0,0.0,0.0,-3340400000.0,-2215418000.0,-0.271,-2215418000.0,-3340400000.0,-3528704000.0,-14.42,-14.42,-14.42,5074795000.0,7028007500.0,5074795000.0,4397324203.0,-1.0,-1.985,-130480000.0,-0.592,1.0,1262881000.0,0.155,1040054000.0,188304000.0,13568170000.0,14469984500.0,503565000.0,0.0,0.0,0.0,8265896000.0,1468524000.0,6797372000.0,1918619203.0,-562093000.0,0.0,-185461000.0,-602135000.0,0.0,-529207000.0,-559998000.0,97441000.0,527112000.0,0.0,-2993746000.0,-2993746000.0,-2993746000.0,0.0,0.0,-0.367,4604027000.0,-3341146000.0,364223000.0,0.0,0.378,-0.641,-0.604,9877635000.0,0.0,8.71,0.235,0.235,534562000.0,-2499575000.0,8161627000.0,8161627000.0,0.0,-0.189,-0.426,-0.231,-0.409,4212000.0,236317000.0,1.0,220277750.0,220295415.0,220295415.0,37.049,12300637000.0,0.0,-534958000.0,953698000.0,55.837,497540000.0
13,ANRZQ,MRT,2012-03-31,2012-03-31,2012-03-31,2020-07-15,-183971000.0,16141166000.0,16994748250.0,2220048000.0,13921118000.0,0.466,33.723,-653689000.0,487507000.0,487507000.0,6516865000.0,-809158000.0,1.468,1.178,2966212000.0,53529000.0,2912683000.0,2966212000.0,0.0,984628000.0,0.0,0.0,0.0,-731078000.0,253550000.0,0.032,253550000.0,-731078000.0,-902816000.0,-4.6,-4.6,-4.6,7411810000.0,7861178250.0,7411810000.0,5728685937.0,-8.0,22.594,31159000.0,0.142,1.0,1394691000.0,0.176,2574594000.0,171738000.0,14533163000.0,15069329250.0,551934000.0,0.0,0.0,0.0,8729356000.0,1512114000.0,7217242000.0,3346486937.0,-53353000.0,-711387000.0,-204875000.0,706562000.0,0.0,496577000.0,-1234778000.0,131564000.0,684848000.0,0.0,-809158000.0,-809158000.0,-809158000.0,0.0,0.0,-0.102,2121879000.0,-727188000.0,366172000.0,0.0,0.452,-4.136,-3.307,10925497000.0,0.0,15.21,0.423,0.423,440465000.0,-216006000.0,7911556000.0,7911556000.0,0.0,-0.048,-0.103,-0.049,-0.092,49751000.0,379977000.0,1.0,220018865.0,219785981.0,219785981.0,35.997,13566572000.0,0.0,-93658000.0,1455630000.0,61.726,707934000.0
14,ANRZQ,MRT,2011-12-31,2011-12-31,2011-12-31,2020-07-15,-201830000.0,16594045000.0,14295916000.0,2548075000.0,14045970000.0,0.497,40.944,-585016000.0,585882000.0,585882000.0,5743159000.0,-730542000.0,1.335,1.25,2968081000.0,46029000.0,2922052000.0,2968081000.0,0.0,770769000.0,0.0,0.0,0.0,-624534000.0,146235000.0,0.021,146235000.0,-624534000.0,-766448000.0,-4.06,-4.06,-4.06,7375044000.0,6690364000.0,7375044000.0,6885142379.0,-11.0,47.083,101621000.0,0.564,1.0,1364522000.0,0.192,2629080000.0,141914000.0,14437916000.0,12562048250.0,492022000.0,0.0,0.0,0.0,9219001000.0,1909248000.0,7309753000.0,4490639379.0,31110000.0,-711387000.0,-207937000.0,699417000.0,0.0,491480000.0,-1147007000.0,158401000.0,686637000.0,0.0,-730542000.0,-730542000.0,-730542000.0,0.0,0.0,-0.103,1983643000.0,-619121000.0,504059000.0,0.0,0.609,-6.147,-5.032,11096397000.0,0.0,20.43,0.632,0.518,641975000.0,-236153000.0,7107681000.0,7107681000.0,0.0,-0.051,-0.109,-0.05,-0.088,53685000.0,382250000.0,1.0,219806137.0,180126226.0,180126226.0,39.459,13964965000.0,0.0,-35906000.0,1507923000.0,77.529,638827000.0
15,ANRZQ,MRT,2011-09-30,2011-09-30,2011-09-30,2020-07-15,-127935000.0,17181728000.0,11442225500.0,2387915000.0,14793813000.0,0.527,36.767,-461821000.0,575298000.0,575298000.0,4768655000.0,73223000.0,1.531,1.083,2969801000.0,38529000.0,2931272000.0,2969801000.0,0.0,593365000.0,0.0,0.0,0.0,171406000.0,764771000.0,0.127,764771000.0,171406000.0,61675000.0,0.47,0.46,0.47,8250381000.0,5510612000.0,8250381000.0,6761874072.0,39.0,8.842,257961000.0,1.15,1.0,1261989000.0,0.209,2675497000.0,109731000.0,15340689000.0,10049154750.0,496105000.0,0.0,0.0,0.0,8931347000.0,1560045000.0,7371302000.0,4005511072.0,134530000.0,-711387000.0,-201157000.0,702056000.0,0.0,498177000.0,-1083429000.0,96494000.0,719782000.0,0.0,73223000.0,73223000.0,73223000.0,166000.0,0.0,0.012,1083329000.0,178660000.0,513416000.0,0.0,0.485,54.703,37.638,11400566000.0,0.0,17.69,0.664,0.658,635840000.0,557278000.0,6030644000.0,6030644000.0,0.0,0.006,0.013,0.017,0.028,64708000.0,377969000.0,1.0,226427986.0,224394487.0,226281985.0,26.875,14506231000.0,0.0,-11548000.0,1570096000.0,64.646,827870000.0
16,ANRZQ,MRT,2011-06-30,2011-06-30,2011-06-30,2020-07-15,-32558000.0,18062054000.0,8440398750.0,3259175000.0,14802879000.0,0.56,54.159,-377720000.0,812291000.0,812291000.0,3620972000.0,42493000.0,1.408,1.144,3568654000.0,916094000.0,2652560000.0,3568654000.0,0.0,424911000.0,0.0,0.0,0.0,114247000.0,539158000.0,0.114,539158000.0,114247000.0,35830000.0,0.46,0.45,0.46,8407478000.0,4092594000.0,8407478000.0,5712174975.0,50.0,10.595,272824000.0,1.757,1.0,1102551000.0,0.233,2537598000.0,78417000.0,15965549000.0,7314633000.0,572660000.0,0.0,0.0,0.0,9616565000.0,2315270000.0,7301295000.0,5492211975.0,395400000.0,-711387000.0,-28996000.0,1272525000.0,0.0,982092000.0,-1237236000.0,-138927000.0,650544000.0,0.0,42493000.0,42493000.0,42493000.0,653000.0,0.0,0.009,986764000.0,115787000.0,522870000.0,0.0,0.653,129.25,98.783,11455596000.0,0.0,45.44,1.163,1.493,660098000.0,487885000.0,4723523000.0,4723523000.0,0.0,0.005,0.01,0.016,0.024,63257000.0,345910000.0,1.0,120867341.0,155238304.0,155238304.0,30.428,15524456000.0,0.0,-6663000.0,1950567000.0,100.004,943905000.0
17,ANRZQ,MRT,2011-03-31,2011-03-31,2011-03-31,2020-07-15,-11541000.0,5345837000.0,5212741750.0,1538510000.0,3807327000.0,0.792,22.735,-337169000.0,540860000.0,540860000.0,3110569000.0,131358000.0,2.83,0.959,760823000.0,11839000.0,748984000.0,760823000.0,0.0,364412000.0,0.0,0.0,0.0,195218000.0,559630000.0,0.136,559630000.0,195218000.0,128265000.0,1.11,1.09,1.11,2728553000.0,2643559000.0,2728553000.0,7352510696.0,38.0,13.138,381600000.0,3.18,1.0,1015321000.0,0.246,518054000.0,66953000.0,4504039000.0,4409811500.0,217544000.0,0.0,0.0,0.0,2617284000.0,543707000.0,2073577000.0,7153131696.0,47025000.0,0.0,-33188000.0,-71743000.0,0.0,-101031000.0,-570713000.0,-224248000.0,718769000.0,0.0,131358000.0,131358000.0,131358000.0,1038000.0,0.0,0.032,820088000.0,195233000.0,233934000.0,0.0,2.622,54.455,53.486,3094403000.0,0.0,59.37,1.734,1.727,356041000.0,544237000.0,4125890000.0,4125890000.0,0.0,0.025,0.05,0.044,0.047,35497000.0,200470000.0,1.0,120483943.0,120014520.0,122035780.0,34.378,4827783000.0,0.0,-3093000.0,231176000.0,40.227,994803000.0
18,ANRZQ,MRT,2010-12-31,2010-12-31,2010-12-31,2020-07-15,-27583000.0,5179283000.0,5166506750.0,1375837000.0,3803446000.0,0.758,22.169,-340947000.0,554772000.0,554772000.0,2899384000.0,95551000.0,3.077,0.95,754151000.0,11839000.0,742312000.0,754151000.0,0.0,371103000.0,0.0,0.0,0.0,173232000.0,544335000.0,0.139,544335000.0,173232000.0,99769000.0,0.8,0.79,0.8,2656036000.0,2613220750.0,2656036000.0,7534121675.0,43.0,13.841,352654000.0,2.943,1.0,1017772000.0,0.26,545174000.0,73463000.0,4386342000.0,4367367500.0,198172000.0,0.0,0.0,0.0,2523247000.0,447146000.0,2076101000.0,7227841675.0,88903000.0,0.0,-36143000.0,-65448000.0,0.0,-96201000.0,-508497000.0,-163550000.0,693601000.0,0.0,95551000.0,95551000.0,95551000.0,1667000.0,0.0,0.024,844161000.0,173611000.0,121553000.0,0.0,2.721,75.644,75.037,3114883000.0,0.0,60.03,1.845,1.836,281138000.0,494389000.0,3917156000.0,3917156000.0,0.0,0.018,0.037,0.04,0.044,33255000.0,180975000.0,1.0,120403826.0,119808514.0,121757949.0,32.695,4634109000.0,0.0,4218000.0,249408000.0,38.679,928691000.0
19,ANRZQ,MRT,2010-09-30,2010-09-30,2010-09-30,2020-07-15,-87281000.0,5174421000.0,5151771750.0,1285815000.0,3888606000.0,0.741,21.554,-342148000.0,442763000.0,442763000.0,2775573000.0,102659000.0,2.687,1.007,749043000.0,14798000.0,734245000.0,749043000.0,0.0,386647000.0,0.0,0.0,0.0,191244000.0,577891000.0,0.151,577891000.0,191244000.0,112815000.0,0.87,0.85,0.87,2578309000.0,2597034000.0,2578309000.0,5280599192.0,28.0,9.138,363007000.0,3.035,1.0,1041755000.0,0.273,599626000.0,78429000.0,4402602000.0,4322375500.0,197138000.0,0.0,0.0,0.0,2596112000.0,478473000.0,2117639000.0,4953585192.0,-38794000.0,0.0,-34915000.0,-71727000.0,0.0,-97206000.0,-646743000.0,-303731000.0,705155000.0,0.0,102659000.0,102659000.0,102659000.0,3802000.0,0.0,0.027,851281000.0,190474000.0,165369000.0,0.0,1.921,48.253,47.299,3123453000.0,0.0,41.15,1.298,1.29,317973000.0,483550000.0,3817328000.0,3817328000.0,0.0,0.02,0.04,0.044,0.05,35555000.0,188388000.0,1.0,120378741.0,119623075.0,121498825.0,31.911,4574795000.0,0.0,10156000.0,212902000.0,38.243,807342000.0
20,ANRZQ,MRT,2010-06-30,2010-06-30,2010-06-30,2020-07-15,-15523000.0,5151426000.0,5138615750.0,1199802000.0,3951624000.0,0.69,21.739,-311788000.0,418885000.0,418885000.0,2542563000.0,54520000.0,2.496,0.973,745899000.0,11839000.0,734060000.0,745899000.0,0.0,369714000.0,0.0,0.0,0.0,122327000.0,492041000.0,0.139,492041000.0,122327000.0,18897000.0,0.44,0.42,0.44,2611338000.0,2589174250.0,2611338000.0,4391851519.0,36.0,8.926,324787000.0,2.704,1.0,1002379000.0,0.283,651427000.0,103430000.0,4346263000.0,4269907000.0,200549000.0,0.0,0.0,0.0,2540088000.0,480750000.0,2059338000.0,4100549519.0,-248483000.0,25255000.0,-38333000.0,-324453000.0,0.0,-354346000.0,-530712000.0,-245884000.0,636575000.0,0.0,54520000.0,54520000.0,54520000.0,2840000.0,0.0,0.015,875066000.0,127313000.0,176430000.0,0.0,1.57,75.212,76.977,3130112000.0,0.0,33.87,1.157,1.148,316390000.0,451676000.0,3544942000.0,3544942000.0,0.0,0.011,0.021,0.029,0.035,47338000.0,223061000.0,1.0,121067302.0,120124707.0,121861913.0,29.511,4499999000.0,0.0,-35623000.0,256584000.0,37.461,719052000.0
21,ANRZQ,MRT,2010-03-31,2010-03-31,2010-03-31,2020-07-15,4799000.0,5160897000.0,4273885750.0,1201889000.0,3959008000.0,0.686,21.746,-228639000.0,493835000.0,493835000.0,2097555000.0,31082000.0,2.786,0.979,785137000.0,33500000.0,751637000.0,785137000.0,0.0,312208000.0,0.0,0.0,0.0,100802000.0,413010000.0,0.141,413010000.0,100802000.0,5710000.0,0.33,0.32,0.33,2607200000.0,2153292000.0,2607200000.0,6351004202.0,63.0,15.377,227081000.0,1.894,1.0,833996000.0,0.284,686568000.0,95092000.0,4334263000.0,3448655250.0,206604000.0,0.0,0.0,0.0,2553697000.0,431368000.0,2122329000.0,6026620202.0,-198851000.0,25255000.0,-14025000.0,-284135000.0,0.0,-291223000.0,-363348000.0,-160659000.0,455720000.0,0.0,31082000.0,31082000.0,31082000.0,3774000.0,0.0,0.011,728469000.0,105527000.0,151236000.0,0.0,2.312,193.894,151.182,3125120000.0,0.0,49.89,2.056,2.04,307381000.0,412879000.0,2931551000.0,2931551000.0,0.0,0.007,0.014,0.029,0.034,43283000.0,201737000.0,1.0,120798160.0,119892529.0,121876328.0,24.451,4474329000.0,0.0,-25372000.0,322798000.0,37.319,770521000.0
22,ANRZQ,MRT,2009-12-31,2009-12-31,2009-12-31,2020-07-15,5812000.0,5120343000.0,3412455000.0,1051825000.0,4068518000.0,0.731,28.582,-185896000.0,465869000.0,465869000.0,1806779000.0,58005000.0,2.289,0.976,790253000.0,33500000.0,756753000.0,790253000.0,0.0,253736000.0,0.0,0.0,0.0,107807000.0,361543000.0,0.145,361543000.0,107807000.0,24982000.0,0.64,0.63,0.64,2591289000.0,1711053750.0,2591289000.0,5527085093.0,51.0,15.287,170324000.0,1.879,1.0,688728000.0,0.276,778931000.0,82825000.0,4206374000.0,2671902750.0,176372000.0,0.0,0.0,0.0,2529054000.0,459422000.0,2069632000.0,5216730093.0,-210321000.0,23505000.0,-3703000.0,-281230000.0,0.0,-284731000.0,-281810000.0,-119419000.0,356220000.0,0.0,58005000.0,58005000.0,58005000.0,8802000.0,0.0,0.023,571433000.0,117295000.0,152662000.0,0.0,2.013,89.936,67.781,3132563000.0,0.0,43.38,2.09,1.576,232631000.0,398838000.0,2495507000.0,2495507000.0,0.0,0.017,0.034,0.04,0.043,37802000.0,170414000.0,1.0,120256572.0,90662718.0,91702628.0,27.525,4341412000.0,0.0,-33023000.0,301307000.0,47.885,592403000.0
23,ANRZQ,MRT,2009-09-30,2009-09-30,2009-09-30,2020-07-15,-3650000.0,5121797000.0,2559828750.0,1067248000.0,4054549000.0,0.854,24.729,-126527000.0,481557000.0,481557000.0,1641499000.0,45176000.0,2.47,1.011,791912000.0,35359000.0,756553000.0,791912000.0,0.0,215856000.0,0.0,0.0,0.0,105294000.0,321150000.0,0.147,321150000.0,105294000.0,32853000.0,0.72,0.71,0.72,2546870000.0,1262154500.0,2546870000.0,2283183847.0,22.0,7.109,157829000.0,1.532,1.0,544320000.0,0.249,807358000.0,72441000.0,4192728000.0,1920924750.0,187855000.0,0.0,0.0,0.0,2574927000.0,432066000.0,2142861000.0,2505050847.0,-78577000.0,23505000.0,-5846000.0,-251071000.0,0.0,-259042000.0,-103891000.0,-2824000.0,284356000.0,0.0,45666000.0,45666000.0,45666000.0,1892000.0,-490000.0,0.021,454559000.0,89761000.0,146054000.0,0.0,0.984,54.856,48.75,3180377000.0,0.0,35.1,1.146,1.654,265848000.0,377657000.0,2185819000.0,2185819000.0,0.0,0.018,0.036,0.055,0.048,28648000.0,132591000.0,1.0,71368970.0,102992689.0,,21.223,4314439000.0,26101000.0,-12813000.0,340174000.0,41.891,635182000.0
24,ANRZQ,MRT,2009-06-30,2009-06-30,2009-06-30,2020-07-15,-20197000.0,1692506000.0,1710707750.0,1016730000.0,675776000.0,1.254,12.411,-95781000.0,667368000.0,667368000.0,1641257000.0,128872000.0,2.633,0.95,445501000.0,212376000.0,233125000.0,445501000.0,0.0,171420000.0,0.0,0.0,0.0,209063000.0,380483000.0,0.177,380483000.0,209063000.0,169734000.0,1.85,1.8,1.85,867809000.0,810120500.0,867809000.0,1630176374.0,8.0,4.284,240401000.0,3.438,1.0,503720000.0,0.235,23236000.0,39329000.0,1061256000.0,1218699500.0,99664000.0,0.0,0.0,0.0,824697000.0,386147000.0,438550000.0,1874391374.0,260874000.0,46074000.0,-1339000.0,-22649000.0,4530000.0,-23985000.0,-51323000.0,7246000.0,336182000.0,0.0,129362000.0,129362000.0,129362000.0,1043000.0,-490000.0,0.06,318702000.0,185018000.0,77125000.0,0.0,2.16,14.49,14.2,518641000.0,0.0,26.27,0.874,0.856,170940000.0,397156000.0,2144977000.0,2144977000.0,0.0,0.076,0.16,0.172,0.097,10767000.0,75270000.0,1.0,71351023.0,69920621.0,,30.677,1669270000.0,72578000.0,40372000.0,5056000.0,23.874,630583000.0
25,ANRZQ,MRT,2009-03-31,2009-03-31,2009-03-31,2020-07-15,-29615000.0,1715174000.0,1707315250.0,1029863000.0,685311000.0,1.441,11.995,-106227000.0,692686000.0,692686000.0,1867820000.0,180645000.0,4.684,1.046,448471000.0,13050000.0,435421000.0,448471000.0,0.0,174376000.0,0.0,0.0,0.0,277881000.0,452257000.0,0.184,452257000.0,277881000.0,238196000.0,2.6,2.52,2.6,838247000.0,759854250.0,838247000.0,1121167087.0,4.0,2.479,353813000.0,5.063,1.0,591910000.0,0.241,23837000.0,39685000.0,1227253000.0,1258170500.0,105371000.0,0.0,0.0,0.0,876927000.0,219869000.0,657058000.0,1258212087.0,633526000.0,43250000.0,164542000.0,73540000.0,0.0,239328000.0,-65842000.0,-2795000.0,460040000.0,0.0,181135000.0,181135000.0,181135000.0,3198000.0,-490000.0,0.074,322928000.0,268982000.0,90859000.0,0.0,1.501,6.946,6.827,528852000.0,0.0,17.75,0.512,0.504,175974000.0,381797000.0,2459730000.0,2459730000.0,0.0,0.106,0.238,0.221,0.113,18107000.0,73065000.0,1.0,70885188.0,69884930.0,,35.197,1691337000.0,79735000.0,57061000.0,0.0,24.202,809994000.0
26,ANRZQ,MRT,2008-12-31,2008-12-31,2008-12-31,2020-07-15,-30107000.0,1709838000.0,1592506750.0,991783000.0,718055000.0,1.55,11.624,-121102000.0,676190000.0,676190000.0,1907813000.0,165211000.0,3.786,1.149,451315000.0,18520000.0,432795000.0,451315000.0,0.0,172570000.0,0.0,0.0,0.0,257755000.0,430325000.0,0.174,430325000.0,257755000.0,217943000.0,2.42,2.36,2.42,795692000.0,652129750.0,795692000.0,1102102229.0,4.0,2.561,336941000.0,4.922,1.0,560940000.0,0.227,20547000.0,39812000.0,1202462000.0,1294994750.0,86594000.0,0.0,0.0,0.0,914146000.0,261954000.0,652192000.0,1141327229.0,621825000.0,46500000.0,168252000.0,71175000.0,0.0,241407000.0,-77625000.0,-2824000.0,458043000.0,0.0,165701000.0,165701000.0,165701000.0,0.0,-490000.0,0.067,315417000.0,245523000.0,102975000.0,0.0,1.434,6.888,6.69,550098000.0,0.0,16.19,0.462,0.449,163674000.0,340833000.0,2468753000.0,2468753000.0,0.0,0.104,0.254,0.199,0.104,17871000.0,71923000.0,1.0,70495814.0,68453724.0,70259735.0,36.065,1689291000.0,83689000.0,52242000.0,0.0,24.678,729829000.0
27,ANRZQ,MRT,2008-09-30,2008-09-30,2008-09-30,2020-07-15,-20310000.0,1725313000.0,1467775750.0,975926000.0,749387000.0,1.577,10.479,-119914000.0,560134000.0,560134000.0,1781778000.0,165603000.0,3.519,1.335,520909000.0,284000.0,520625000.0,520909000.0,0.0,173375000.0,0.0,0.0,0.0,249134000.0,422509000.0,0.183,422509000.0,249134000.0,208758000.0,2.42,2.35,2.42,738734000.0,548415750.0,738734000.0,3764652701.0,15.0,8.91,278378000.0,3.949,1.0,532277000.0,0.23,24941000.0,40376000.0,1383827000.0,1331998500.0,83822000.0,0.0,0.0,0.0,986579000.0,277320000.0,709259000.0,3625550701.0,543867000.0,47112000.0,171360000.0,49979000.0,0.0,222236000.0,-76661000.0,403000.0,398292000.0,0.0,165782000.0,165782000.0,165782000.0,3092000.0,-179000.0,0.072,266384000.0,265893000.0,129399000.0,0.0,4.908,21.869,21.252,587631000.0,0.0,51.43,1.567,1.567,246356000.0,344862000.0,2314055000.0,2314055000.0,0.0,0.113,0.302,0.187,0.108,18807000.0,73850000.0,1.0,70494861.0,70494861.0,,32.826,1700372000.0,99625000.0,42976000.0,0.0,24.121,698606000.0
28,ANRZQ,MRT,2008-06-30,2008-06-30,2008-06-30,2020-07-15,-20200000.0,1678936000.0,1329335250.0,882382000.0,796554000.0,1.606,14.687,-122616000.0,406494000.0,406494000.0,1695859000.0,107121000.0,1.547,1.516,545596000.0,296354000.0,249242000.0,545596000.0,0.0,175105000.0,0.0,0.0,0.0,184518000.0,359623000.0,0.168,359623000.0,184518000.0,143694000.0,1.59,1.56,1.59,666744000.0,456805250.0,666744000.0,7713180267.0,42.0,21.448,180254000.0,3.971,1.0,439179000.0,0.206,28373000.0,40824000.0,1219140000.0,1327351500.0,85418000.0,0.0,0.0,0.0,1011005000.0,570525000.0,440480000.0,7331795267.0,397839000.0,-712000.0,171606000.0,49414000.0,-4530000.0,220260000.0,-125291000.0,-9923000.0,302870000.0,0.0,107300000.0,107300000.0,107300000.0,4900000.0,-179000.0,0.05,233451000.0,205728000.0,119753000.0,0.0,10.996,68.33,65.591,619237000.0,0.0,104.29,3.434,2.218,268630000.0,274999000.0,2135038000.0,2135038000.0,0.0,0.081,0.235,0.139,0.086,20192000.0,67350000.0,1.0,70301997.0,45397449.0,,47.03,1650563000.0,92310000.0,36394000.0,0.0,36.358,311857000.0
29,ANRZQ,MRT,2008-03-31,2008-03-31,2008-03-31,2020-07-15,-26640000.0,1255940000.0,1196150750.0,443809000.0,812131000.0,1.562,6.165,-109222000.0,59160000.0,59160000.0,1535472000.0,44736000.0,1.898,2.08,440545000.0,15097000.0,425448000.0,440545000.0,0.0,168050000.0,0.0,0.0,0.0,101131000.0,269181000.0,0.144,269181000.0,101131000.0,60799000.0,0.69,0.69,0.69,407349000.0,381341500.0,407349000.0,3263129674.0,32.0,12.122,105662000.0,1.599,1.0,333147000.0,0.178,28947000.0,40332000.0,1374550000.0,1367958750.0,89401000.0,0.0,0.0,0.0,847422000.0,233828000.0,613594000.0,2870421674.0,28264000.0,-42408000.0,5620000.0,-38684000.0,0.0,-34416000.0,-152204000.0,42000.0,214884000.0,0.0,44915000.0,44915000.0,44915000.0,1426000.0,-179000.0,0.024,227864000.0,105283000.0,106697000.0,0.0,7.047,63.908,62.957,628412000.0,0.0,43.44,1.536,1.536,207446000.0,200662000.0,1868619000.0,1868619000.0,0.0,0.038,0.118,0.074,0.054,10020000.0,60630000.0,1.0,66077847.0,66077847.0,,28.279,1226993000.0,93622000.0,15884000.0,8505000.0,18.569,209981000.0
30,ANRZQ,MRT,2007-12-31,2007-12-31,2007-12-31,2020-07-15,-22290000.0,1210914000.0,1164949750.0,380209000.0,830705000.0,1.55,5.804,-120280000.0,54365000.0,54365000.0,1489926000.0,27555000.0,1.704,2.175,446913000.0,21462000.0,425451000.0,446913000.0,0.0,159579000.0,0.0,0.0,0.0,78065000.0,237644000.0,0.132,237644000.0,78065000.0,37699000.0,0.43,0.43,0.43,380836000.0,368153500.0,380836000.0,2546147621.0,33.0,10.714,105461000.0,1.607,1.0,316228000.0,0.175,29923000.0,40366000.0,1350477000.0,1356787500.0,70780000.0,0.0,0.0,0.0,828505000.0,223062000.0,605443000.0,2131104621.0,21109000.0,-43908000.0,3932000.0,-41275000.0,0.0,-39429000.0,-165203000.0,0.0,225741000.0,0.0,27734000.0,27734000.0,27734000.0,0.0,-179000.0,0.015,235197000.0,81031000.0,95749000.0,0.0,5.596,76.841,75.535,640258000.0,0.0,32.48,1.18,1.18,195110000.0,175132000.0,1806154000.0,1806154000.0,0.0,0.024,0.075,0.058,0.043,9681000.0,58485000.0,1.0,65612827.0,65612827.0,,27.527,1180991000.0,97130000.0,9965000.0,9753000.0,17.999,157147000.0
31,ANRZQ,MRT,2007-09-30,2007-09-30,2007-09-30,2020-07-15,-19133000.0,1171551000.0,1148669500.0,323386000.0,848165000.0,1.59,5.683,-118751000.0,16267000.0,16267000.0,1539577000.0,85330000.0,1.694,2.143,431310000.0,3736000.0,427574000.0,431310000.0,0.0,154158000.0,0.0,0.0,0.0,78556000.0,232714000.0,0.127,232714000.0,78556000.0,38386000.0,1.33,1.33,1.33,372292000.0,358956750.0,372292000.0,1969394427.0,25.0,8.463,106265000.0,1.622,1.0,286523000.0,0.157,30429000.0,40170000.0,1365239000.0,1351054500.0,76718000.0,0.0,0.0,0.0,798004000.0,190926000.0,607078000.0,1521850427.0,4743000.0,-50779000.0,595000.0,-53622000.0,0.0,-53027000.0,-167246000.0,-519000.0,225016000.0,0.0,85330000.0,85330000.0,85330000.0,484000.0,0.0,0.047,210273000.0,76250000.0,91368000.0,0.0,4.088,17.835,17.466,665034000.0,0.0,23.23,0.833,0.833,200558000.0,169443000.0,1826100000.0,1826100000.0,0.0,0.074,0.238,0.058,0.043,11396000.0,58120000.0,1.0,65512287.0,65512287.0,,27.874,1141122000.0,95555000.0,-46944000.0,6012000.0,17.418,132460000.0
32,ANRZQ,MRT,2007-06-30,2007-06-30,2007-06-30,2020-07-15,-14381000.0,1146198000.0,1117696500.0,291367000.0,854831000.0,1.603,5.567,-115832000.0,8655000.0,8655000.0,1500714000.0,90925000.0,1.606,2.139,456199000.0,21383000.0,434816000.0,456199000.0,0.0,146654000.0,0.0,0.0,0.0,86975000.0,233629000.0,0.13,233629000.0,86975000.0,46241000.0,1.42,1.42,1.42,364889000.0,337649750.0,364889000.0,1790714278.0,21.0,7.665,96130000.0,1.467,1.0,291117000.0,0.162,30732000.0,40734000.0,1381569000.0,1325725500.0,90447000.0,0.0,0.0,0.0,780329000.0,181441000.0,598888000.0,1362571278.0,3855000.0,-50779000.0,120000.0,-43534000.0,0.0,-43414000.0,-164693000.0,-384000.0,211962000.0,0.0,90925000.0,90925000.0,90925000.0,0.0,0.0,0.051,206585000.0,84532000.0,68217000.0,0.0,3.734,14.986,14.641,681571000.0,0.0,20.79,0.76,0.76,152691000.0,160494000.0,1791831000.0,1791831000.0,0.0,0.081,0.269,0.066,0.049,14583000.0,60521000.0,1.0,65539744.0,65539744.0,,27.34,1115466000.0,93563000.0,-44684000.0,6940000.0,17.02,109926000.0
33,ANRZQ,MRT,2007-03-31,2007-03-31,2007-03-31,2020-07-15,-19014000.0,1131136000.0,1094520000.0,319110000.0,812026000.0,1.693,5.41,-123284000.0,30896000.0,30896000.0,1533964000.0,109306000.0,1.615,2.189,459039000.0,38453000.0,420586000.0,459039000.0,0.0,143006000.0,0.0,0.0,0.0,113286000.0,256292000.0,0.138,256292000.0,113286000.0,71796000.0,1.71,1.71,1.71,354597000.0,314796750.0,354597000.0,1460654624.0,13.0,5.699,105979000.0,1.617,1.0,318830000.0,0.172,31775000.0,41490000.0,1329865000.0,1303468500.0,84780000.0,0.0,0.0,0.0,776176000.0,197639000.0,578537000.0,1024445624.0,19745000.0,-32949000.0,544000.0,-54112000.0,0.0,-54768000.0,-154750000.0,-415000.0,229263000.0,0.0,109306000.0,109306000.0,109306000.0,0.0,0.0,0.059,207358000.0,111472000.0,69808000.0,0.0,2.889,9.372,9.14,640598000.0,0.0,15.63,0.553,0.553,163432000.0,155747000.0,1852794000.0,1852794000.0,0.0,0.1,0.347,0.087,0.061,19281000.0,64552000.0,1.0,65543546.0,65543546.0,,28.268,1099361000.0,94847000.0,-37510000.0,7151000.0,16.773,121471000.0
34,ANRZQ,MRT,2006-12-31,2006-12-31,2006-12-31,2020-07-15,-19019000.0,1145793000.0,1065766250.0,338654000.0,807139000.0,1.787,5.296,-130472000.0,33256000.0,33256000.0,1558081000.0,128168000.0,1.524,2.33,469465000.0,48009000.0,421456000.0,469465000.0,0.0,140851000.0,0.0,0.0,0.0,139423000.0,280274000.0,0.147,280274000.0,139423000.0,97649000.0,2.0,2.0,2.0,344049000.0,287202250.0,344049000.0,1376927271.0,10.0,4.913,79609000.0,1.225,1.0,346462000.0,0.182,32267000.0,41774000.0,1327545000.0,1280827000.0,76844000.0,0.0,0.0,0.0,801744000.0,222190000.0,579554000.0,924461271.0,-6366000.0,-31532000.0,954000.0,-54955000.0,0.0,-56401000.0,-160046000.0,-344000.0,210081000.0,0.0,128168000.0,128168000.0,128168000.0,0.0,0.0,0.067,208401000.0,138061000.0,75986000.0,0.0,2.687,7.213,7.115,637136000.0,0.0,14.23,0.485,0.485,177661000.0,147398000.0,1904543000.0,1904543000.0,0.0,0.12,0.446,0.109,0.073,20464000.0,67952000.0,1.0,64965655.0,64965655.0,,29.316,1113526000.0,94897000.0,-30519000.0,7601000.0,17.14,116464000.0
35,ANRZQ,MRT,2006-09-30,2006-09-30,2006-09-30,2020-07-15,-7354000.0,1047659000.0,1032732500.0,297547000.0,750112000.0,1.891,4.417,-135733000.0,11524000.0,11524000.0,1611178000.0,77296000.0,1.423,2.65,463990000.0,42415000.0,421575000.0,463990000.0,0.0,131863000.0,0.0,0.0,0.0,146483000.0,278346000.0,0.143,278346000.0,146483000.0,104148000.0,1.24,1.24,1.24,287064000.0,254381250.0,287064000.0,1498318826.0,10.0,5.383,140603000.0,2.163,1.0,341566000.0,0.175,27033000.0,42335000.0,1263923000.0,1239792750.0,73588000.0,0.0,0.0,0.0,760595000.0,209169000.0,551426000.0,1024326826.0,11413000.0,-246249000.0,1152000.0,120202000.0,0.0,116554000.0,-381477000.0,1006000.0,276336000.0,0.0,77296000.0,77296000.0,77296000.0,-45000.0,0.0,0.04,196561000.0,145005000.0,69096000.0,0.0,3.568,13.252,12.71,640781000.0,0.0,15.76,0.525,0.525,177458000.0,83396000.0,1952744000.0,1952744000.0,0.0,0.075,0.304,0.118,0.075,19166000.0,64697000.0,1.0,64995357.0,64995357.0,,30.044,1020626000.0,37917000.0,26852000.0,12544000.0,15.703,88378000.0
36,ANRZQ,MRT,2006-06-30,2006-06-30,2006-06-30,2020-07-15,-525000.0,1053492000.0,926342250.0,292256000.0,761236000.0,2.024,4.209,-139255000.0,4800000.0,4800000.0,1570283000.0,70962000.0,1.411,2.852,478792000.0,26423000.0,452369000.0,478792000.0,0.0,111718000.0,0.0,0.0,0.0,134848000.0,246566000.0,0.131,246566000.0,134848000.0,96612000.0,1.14,1.14,1.14,273477000.0,182615250.0,273477000.0,1755099107.0,13.0,7.118,112235000.0,1.728,1.0,305032000.0,0.163,27834000.0,38236000.0,1292541000.0,1105017500.0,84859000.0,0.0,0.0,0.0,780015000.0,207109000.0,572906000.0,1274650107.0,-5317000.0,-244991000.0,1153000.0,130539000.0,0.0,126892000.0,-383699000.0,547000.0,251490000.0,0.0,70962000.0,70962000.0,70962000.0,-45000.0,0.0,0.038,171726000.0,133306000.0,79611000.0,0.0,4.661,17.962,17.211,649769000.0,0.0,19.62,0.68,0.68,163809000.0,68852000.0,1875315000.0,1875315000.0,0.0,0.077,0.389,0.122,0.072,16678000.0,60007000.0,1.0,64966876.0,64966876.0,,28.866,1025658000.0,39863000.0,25650000.0,12575000.0,15.787,85147000.0
37,ANRZQ,MRT,2006-03-31,2006-03-31,2006-03-31,2020-07-15,0.0,1016121000.0,815027250.0,304164000.0,711957000.0,2.204,3.791,-138382000.0,11151000.0,11151000.0,1514449000.0,74227000.0,1.331,3.161,491600000.0,46297000.0,445303000.0,491600000.0,0.0,92559000.0,0.0,0.0,0.0,134387000.0,226946000.0,0.126,226946000.0,134387000.0,100290000.0,1.21,1.21,1.21,244219000.0,114246000.0,244219000.0,1953982881.0,15.0,8.61,49881000.0,0.774,1.0,282191000.0,0.157,28714000.0,34097000.0,1239299000.0,957481750.0,82817000.0,0.0,0.0,0.0,771902000.0,228557000.0,543345000.0,1490736881.0,10868000.0,-216912000.0,485000.0,181714000.0,0.0,177399000.0,-354794000.0,500000.0,188263000.0,0.0,74227000.0,74227000.0,74227000.0,-311000.0,0.0,0.041,149451000.0,132740000.0,83003000.0,0.0,6.104,20.083,19.124,602865000.0,0.0,23.14,0.83,0.83,169391000.0,45725000.0,1796640000.0,1796640000.0,0.0,0.091,0.65,0.14,0.075,13946000.0,56864000.0,1.0,64422510.0,64422510.0,,27.888,987407000.0,37990000.0,26063000.0,12241000.0,15.327,75607000.0
38,ANRZQ,MRT,2005-12-31,2005-12-31,2005-12-31,2020-07-15,0.0,1013658000.0,697814750.0,318915000.0,694743000.0,2.331,3.304,-116892000.0,39622000.0,39622000.0,1393322000.0,21213000.0,1.124,3.764,502868000.0,79321000.0,423547000.0,502868000.0,0.0,73405000.0,0.0,0.0,0.0,70103000.0,143508000.0,0.088,143508000.0,70103000.0,40166000.0,0.38,0.38,0.38,212765000.0,53191250.0,212765000.0,1513636458.0,22.0,10.547,32751000.0,0.509,1.0,233333000.0,0.143,29655000.0,29937000.0,1163408000.0,797127250.0,76788000.0,0.0,0.0,0.0,800893000.0,283841000.0,517052000.0,1237216458.0,32231000.0,-222495000.0,598265000.0,-293823000.0,0.0,221975000.0,-339387000.0,0.0,149643000.0,0.0,21213000.0,21213000.0,21213000.0,213000.0,0.0,0.013,161254000.0,72079000.0,99746000.0,0.0,5.815,58.324,50.553,582750000.0,0.0,19.21,0.761,0.761,158291000.0,18513000.0,1626655000.0,1626655000.0,0.0,0.03,0.399,0.088,0.043,39045000.0,88132000.0,1.0,64404813.0,64404813.0,,25.257,984003000.0,38967000.0,18953000.0,11243000.0,15.278,35074000.0
39,ANRZQ,MRT,2005-09-30,2005-09-30,2005-09-30,2020-07-15,0.0,622098000.0,563680500.0,280095000.0,342003000.0,2.577,0.0,-109198000.0,111000.0,111000.0,1259054000.0,9917000.0,1.813,,276531000.0,19368000.0,257163000.0,276531000.0,0.0,62465000.0,0.0,0.0,0.0,49300000.0,111765000.0,0.077,111765000.0,49300000.0,24356000.0,-0.07,-0.07,-0.07,0.0,10245250.0,0.0,2139597903.0,43.0,19.144,-80045000.0,-1.287,1.0,193547000.0,0.133,19201000.0,24944000.0,724822000.0,635121500.0,102856000.0,0.0,0.0,0.0,487625000.0,154495000.0,333130000.0,1868865903.0,-15700000.0,-5175000.0,598066000.0,-448841000.0,0.0,67504000.0,-112357000.0,2016000.0,29153000.0,0.0,9917000.0,9917000.0,9917000.0,360000.0,0.0,0.007,141644000.0,51903000.0,73208000.0,0.0,,188.451,-429.143,267481000.0,0.0,30.04,1.287,1.287,161640000.0,6102000.0,1452601000.0,1452601000.0,0.0,0.018,0.968,0.078,0.034,35785000.0,79744000.0,1.0,62212580.0,62212580.0,,23.349,602897000.0,20017000.0,14439000.0,0.0,9.691,125600000.0
40,ANRZQ,MRT,2005-06-30,2005-06-30,2005-06-30,2020-07-15,0.0,608232000.0,,282815000.0,325417000.0,,0.0,-99274000.0,10117000.0,10117000.0,1202414000.0,7128000.0,1.799,,280849000.0,26610000.0,254239000.0,280849000.0,0.0,60500000.0,0.0,0.0,0.0,44378000.0,104878000.0,0.075,104878000.0,44378000.0,20404000.0,0.17,0.17,0.17,0.0,,0.0,1728023410.0,39.0,16.477,-40992000.0,-0.659,1.0,194207000.0,0.139,19366000.0,23974000.0,702398000.0,,92515000.0,0.0,0.0,0.0,485351000.0,157200000.0,328151000.0,1485636410.0,-4198000.0,-5758000.0,598066000.0,-471564000.0,0.0,42377000.0,-104857000.0,-654000.0,58282000.0,0.0,7128000.0,7128000.0,7128000.0,2206000.0,0.0,0.005,137537000.0,56670000.0,65666000.0,0.0,,208.423,140.471,250931000.0,0.0,23.88,1.064,1.064,161886000.0,-2109000.0,1396621000.0,1396621000.0,0.0,,,,0.032,32403000.0,77721000.0,1.0,62212580.0,62212580.0,,22.449,588866000.0,21097000.0,13276000.0,0.0,9.465,125615000.0
41,ANRZQ,MRT,2005-03-31,2005-03-31,2005-03-31,2020-07-15,0.0,547271000.0,,238544000.0,308727000.0,,0.0,-84662000.0,283000.0,283000.0,1134452000.0,-7022000.0,1.385,,242670000.0,33785000.0,208885000.0,242670000.0,0.0,58563000.0,0.0,0.0,0.0,24391000.0,82954000.0,0.063,82954000.0,24391000.0,284000.0,0.57,0.57,0.57,0.0,,0.0,1987972669.0,82.0,23.965,898000.0,0.014,1.0,184408000.0,0.14,19503000.0,24107000.0,597881000.0,,90862000.0,0.0,0.0,0.0,454162000.0,172274000.0,281888000.0,1783634669.0,-8231000.0,-20038000.0,598190000.0,-391331000.0,0.0,10789000.0,-104580000.0,-500000.0,85560000.0,0.0,-7022000.0,-7022000.0,-7022000.0,2678000.0,0.0,-0.005,134369000.0,50039000.0,71243000.0,0.0,,-254.007,50.298,232802000.0,0.0,28.67,1.352,1.352,123100000.0,-28500000.0,1318860000.0,1318860000.0,0.0,,,,0.018,29023000.0,76712000.0,1.0,62212580.0,62212580.0,,21.199,527768000.0,22627000.0,7306000.0,0.0,8.483,66270000.0
42,ANRZQ,MRT,2004-12-31,2004-12-31,2004-12-31,2020-07-15,0.0,477121000.0,428228500.0,202535000.0,274586000.0,2.918,0.659,-70950000.0,7391000.0,7391000.0,1084453000.0,20015000.0,1.385,9.819,211729000.0,26945000.0,184784000.0,211729000.0,0.0,56012000.0,0.0,,0.0,45206000.0,101218000.0,0.081,101218000.0,45206000.0,25165000.0,1.36,1.36,1.36,40981000.0,59066500.0,40981000.0,,,,35826000.0,0.576,1.0,164975000.0,0.132,19796000.0,20041000.0,515385000.0,422084500.0,54569000.0,0.0,0.0,0.0,402410000.0,146278000.0,256132000.0,,-3855000.0,-15872000.0,0.0,92798000.0,0.0,-24429000.0,-86202000.0,0.0,106776000.0,0.0,20015000.0,20015000.0,20015000.0,2373000.0,0.0,0.016,95868000.0,69107000.0,51050000.0,0.0,,,,217964000.0,0.0,,,,106986000.0,18828000.0,1249428000.0,1249428000.0,0.0,0.047,0.339,0.107,0.036,91000.0,40607000.0,1.0,62212580.0,62212580.0,,20.083,457325000.0,4674000.0,5150000.0,7718000.0,7.351,56257000.0
43,ANRZQ,MRT,2004-09-30,2004-09-30,2004-09-30,2020-07-15,,,,,,,,,,,,,,,,,,,,,,,0.0,,,,,,,,,,,,,,,,,,1.0,,,,,,,,,,,,,,,,,,,,,,,,,,,,,,,,,,,,,,,,,,,,,,,,,,,,,,1.0,,,,,,,,,,
44,ANRZQ,MRT,2004-06-30,2004-06-30,2004-06-30,2020-07-15,,,,,,,,,,,,,,,,,,,,,,,0.0,,,,,,,,,,,,,,,,,,1.0,,,,,,,,,,,,,,,,,,,,,,,,,,,,,,,,,,,,,,,,,,,,,,,,,,,,,,1.0,,,,,,,,,,
45,ANRZQ,MRT,2004-03-31,2004-03-31,2004-03-31,2020-07-15,,,,,,,,,,,,,,,,,,,,,,,0.0,,,,,,,,,,,,,,,,,,1.0,,,,,,,,,,,,,,,,,,,,,,,,,,,,,,,,,,,,,,,,,,,,,,,,,,,,,,1.0,,,,,,,,,,
46,ANRZQ,MRT,2003-12-31,2003-12-31,2003-12-31,2020-07-15,0.0,379336000.0,,142821000.0,236515000.0,,,37455000.0,11246000.0,11246000.0,712553000.0,2262000.0,1.297,2.936,90818000.0,33608000.0,57210000.0,90818000.0,0.0,36054000.0,0.0,,0.0,11008000.0,47062000.0,0.06,47062000.0,11008000.0,3160000.0,0.15,0.15,0.15,77152000.0,,77152000.0,,,,91559000.0,,1.0,69296000.0,0.089,20017000.0,7848000.0,328784000.0,,33113000.0,0.0,0.0,0.0,226489000.0,110107000.0,116382000.0,,2802000.0,-133757000.0,18271000.0,33584000.0,0.0,48770000.0,-100072000.0,0.0,54104000.0,0.0,2262000.0,2262000.0,2262000.0,490000.0,0.0,0.003,57311000.0,11985000.0,41357000.0,0.0,,,,198147000.0,0.0,,,,78717000.0,1442000.0,781849000.0,781849000.0,0.0,,,,0.014,0.0,21926000.0,1.0,,,,,359319000.0,489000.0,898000.0,823000.0,,32714000.0
