None,ticker,dimension,calendardate,datekey,reportperiod,lastupdated,accoci,assets,assetsavg,assetsc,assetsnc,assetturnover,bvps,capex,cashneq,cashnequsd,cor,consolinc,currentratio,de,debt,debtc,debtnc,debtusd,deferredrev,depamor,deposits,divyield,dps,ebit,ebitda,ebitdamargin,ebitdausd,ebitusd,ebt,eps,epsdil,epsusd,equity,equityavg,equityusd,ev,evebit,evebitda,fcf,fcfps,fxusd,gp,grossmargin,intangibles,intexp,invcap,invcapavg,inventory,investments,investmentsc,investmentsnc,liabilities,liabilitiesc,liabilitiesnc,marketcap,ncf,ncfbus,ncfcommon,ncfdebt,ncfdiv,ncff,ncfi,ncfinv,ncfo,ncfx,netinc,netinccmn,netinccmnusd,netincdis,netincnci,netmargin,opex,opinc,payables,payoutratio,pb,pe,pe1,ppnenet,prefdivis,price,ps,ps1,receivables,retearn,revenue,revenueusd,rnd,roa,roe,roic,ros,sbcomp,sgna,sharefactor,sharesbas,shareswa,shareswadil,sps,tangibles,taxassets,taxexp,taxliabilities,tbvps,workingcapital
0,OXY,MRY,2020-12-31,2020-12-31,2020-12-31,2021-08-25,-288000000.0,80064000000.0,88898250000.0,8819000000.0,71245000000.0,0.183,19.945,-3054000000.0,2178000000.0,2178000000.0,17187000000.0,-14831000000.0,1.072,3.311,37299000000.0,913000000.0,36386000000.0,37299000000.0,0.0,8097000000.0,0.0,0.047,0.82,-15579000000.0,-7482000000.0,-0.46,-7482000000.0,-15579000000.0,-17003000000.0,-17.06,-17.06,-17.06,18573000000.0,23268500000.0,18573000000.0,53874236358.0,-3.0,-7.201,901000000.0,0.968,1.0,-926000000.0,-0.057,0.0,1424000000.0,106962000000.0,115965750000.0,1898000000.0,3250000000.0,0.0,3250000000.0,61491000000.0,8223000000.0,53268000000.0,16119236358.0,-1380000000.0,-114000000.0,122000000.0,-1980000000.0,-1845000000.0,-4516000000.0,-819000000.0,2390000000.0,3955000000.0,0.0,-14831000000.0,-15675000000.0,-15675000000.0,1298000000.0,0.0,-0.964,13302000000.0,-14228000000.0,2987000000.0,-0.048,0.868,-1.028,-1.015,66951000000.0,844000000.0,17.31,0.991,0.991,3159000000.0,2996000000.0,16261000000.0,16261000000.0,132000000.0,-0.176,-0.674,-0.134,-0.958,0.0,864000000.0,1.0,931209495.0,931209495.0,,17.462,80064000000.0,0.0,-2172000000.0,7113000000.0,85.979,596000000.0
1,OXY,MRY,2019-12-31,2019-12-31,2019-12-31,2021-08-25,-221000000.0,107190000000.0,80445750000.0,14633000000.0,92557000000.0,0.27,38.32,-6616000000.0,3517000000.0,3517000000.0,15367000000.0,-522000000.0,1.152,2.131,40039000000.0,630000000.0,39409000000.0,40039000000.0,0.0,6140000000.0,0.0,0.076,3.14,1260000000.0,7400000000.0,0.34,7400000000.0,1260000000.0,194000000.0,-1.22,-1.22,-1.22,34232000000.0,28223750000.0,34232000000.0,80272612939.0,64.0,10.848,759000000.0,0.85,1.0,6383000000.0,0.293,0.0,1066000000.0,131007000000.0,91993250000.0,1581000000.0,6389000000.0,0.0,6389000000.0,72958000000.0,12705000000.0,60253000000.0,36813612939.0,541000000.0,-28088000000.0,9791000000.0,15057000000.0,-2624000000.0,22193000000.0,-29027000000.0,5852000000.0,7375000000.0,0.0,-667000000.0,-985000000.0,-985000000.0,15000000.0,145000000.0,-0.045,5569000000.0,814000000.0,4910000000.0,-2.574,1.075,-37.374,-33.779,83641000000.0,318000000.0,41.21,1.693,1.693,6760000000.0,20180000000.0,21750000000.0,21750000000.0,247000000.0,-0.012,-0.035,0.014,0.058,0.0,893000000.0,1.0,893317470.0,893317470.0,,24.347,107190000000.0,0.0,861000000.0,9717000000.0,119.991,1928000000.0
2,OXY,MRY,2018-12-31,2018-12-31,2018-12-31,2021-08-25,-172000000.0,43854000000.0,43921500000.0,9932000000.0,33922000000.0,0.431,28.251,-4920000000.0,3033000000.0,3033000000.0,10984000000.0,4131000000.0,1.34,1.056,10317000000.0,116000000.0,10201000000.0,10317000000.0,0.0,3977000000.0,0.0,0.051,3.1,5997000000.0,9974000000.0,0.527,9974000000.0,5997000000.0,5608000000.0,5.4,5.39,5.4,21330000000.0,21118000000.0,21330000000.0,53703492074.0,9.0,5.384,2749000000.0,3.641,1.0,7950000000.0,0.42,0.0,389000000.0,43726000000.0,44262750000.0,1260000000.0,1680000000.0,0.0,1680000000.0,22524000000.0,7412000000.0,15112000000.0,46343492074.0,1361000000.0,-928000000.0,-1215000000.0,478000000.0,-2374000000.0,-3102000000.0,-3206000000.0,2642000000.0,7669000000.0,0.0,4131000000.0,4131000000.0,4131000000.0,0.0,0.0,0.218,2284000000.0,5666000000.0,4885000000.0,0.574,2.173,11.218,11.367,31437000000.0,0.0,61.38,2.448,2.448,5698000000.0,23750000000.0,18934000000.0,18934000000.0,110000000.0,0.094,0.196,0.135,0.317,0.0,585000000.0,1.0,755025938.0,755025938.0,,25.077,43854000000.0,0.0,1477000000.0,907000000.0,58.083,2520000000.0
3,OXY,MRY,2017-12-31,2017-12-31,2017-12-31,2021-08-25,-258000000.0,42026000000.0,41979000000.0,8270000000.0,33756000000.0,0.316,26.883,-3477000000.0,1672000000.0,1672000000.0,9907000000.0,1311000000.0,1.118,1.043,9828000000.0,500000000.0,9328000000.0,9828000000.0,0.0,4002000000.0,0.0,0.042,3.06,1673000000.0,5675000000.0,0.428,5675000000.0,1673000000.0,1328000000.0,1.71,1.7,1.71,20572000000.0,20839250000.0,20572000000.0,64387972260.0,38.0,11.346,1384000000.0,1.809,1.0,3367000000.0,0.254,0.0,345000000.0,42782000000.0,43255250000.0,1246000000.0,1515000000.0,0.0,1515000000.0,21454000000.0,7400000000.0,14054000000.0,56367972260.0,-561000000.0,-1064000000.0,3000000.0,0.0,-2346000000.0,-2343000000.0,-3079000000.0,1462000000.0,4861000000.0,0.0,1311000000.0,1311000000.0,1311000000.0,0.0,0.0,0.099,2051000000.0,1316000000.0,4408000000.0,1.789,2.74,42.996,43.076,31174000000.0,0.0,73.66,4.246,4.246,5212000000.0,21935000000.0,13274000000.0,13274000000.0,82000000.0,0.031,0.063,0.039,0.126,0.0,546000000.0,1.0,765245347.0,765245347.0,,17.346,42026000000.0,0.0,17000000.0,581000000.0,54.918,870000000.0
4,OXY,MRY,2016-12-31,2016-12-31,2016-12-31,2021-08-25,-266000000.0,43109000000.0,42288000000.0,8428000000.0,34681000000.0,0.246,28.13,-2831000000.0,2233000000.0,2233000000.0,9734000000.0,-574000000.0,1.325,1.005,9819000000.0,0.0,9819000000.0,9819000000.0,0.0,4268000000.0,0.0,0.042,3.02,-944000000.0,3324000000.0,0.32,3324000000.0,-944000000.0,-1236000000.0,-0.75,-0.75,-0.75,21497000000.0,22670750000.0,21497000000.0,59586146499.0,-63.0,17.926,553000000.0,0.724,1.0,664000000.0,0.064,0.0,292000000.0,44333000000.0,41690000000.0,866000000.0,1401000000.0,0.0,1401000000.0,21612000000.0,6362000000.0,15250000000.0,54433146499.0,-2161000000.0,-2044000000.0,14000000.0,1493000000.0,-2309000000.0,-802000000.0,-4743000000.0,302000000.0,3384000000.0,0.0,-574000000.0,-574000000.0,-574000000.0,-428000000.0,0.0,-0.055,2217000000.0,-1553000000.0,3926000000.0,-4.027,2.532,-94.831,-94.973,32337000000.0,0.0,71.23,5.235,5.235,4932000000.0,22981000000.0,10398000000.0,10398000000.0,62000000.0,-0.014,-0.025,-0.023,-0.091,0.0,1330000000.0,1.0,764188495.0,764188495.0,,13.607,43109000000.0,0.0,-662000000.0,1132000000.0,56.411,2066000000.0
5,OXY,MRY,2015-12-31,2015-12-31,2015-12-31,2021-08-25,-307000000.0,43409000000.0,50314000000.0,9402000000.0,34007000000.0,0.252,31.883,-5864000000.0,4394000000.0,4394000000.0,10691000000.0,-7829000000.0,1.374,0.783,8305000000.0,1450000000.0,6855000000.0,8305000000.0,0.0,4544000000.0,0.0,0.044,2.97,-9012000000.0,-4468000000.0,-0.352,-4468000000.0,-9012000000.0,-9159000000.0,-10.23,-10.23,-10.23,24350000000.0,30424500000.0,24350000000.0,55656182238.0,-6.0,-12.457,-2513000000.0,-3.29,1.0,2008000000.0,0.158,0.0,147000000.0,40478000000.0,46196250000.0,986000000.0,1434000000.0,0.0,1434000000.0,19059000000.0,6842000000.0,12217000000.0,51636182238.0,-588000000.0,-109000000.0,-556000000.0,1478000000.0,-2264000000.0,1484000000.0,-5423000000.0,819000000.0,3351000000.0,0.0,-7829000000.0,-7829000000.0,-7829000000.0,-317000000.0,0.0,-0.617,11545000000.0,-9537000000.0,3069000000.0,-0.29,2.121,-6.596,-6.609,31639000000.0,0.0,67.61,4.066,4.066,3904000000.0,25960000000.0,12699000000.0,12699000000.0,36000000.0,-0.156,-0.257,-0.195,-0.71,0.0,1270000000.0,1.0,763735871.0,763735871.0,,16.627,43409000000.0,0.0,-1330000000.0,1323000000.0,56.838,2560000000.0
6,OXY,MRY,2014-12-31,2014-12-31,2014-12-31,2021-08-25,-357000000.0,56259000000.0,66834250000.0,13873000000.0,42386000000.0,0.328,45.083,-8388000000.0,7808000000.0,7808000000.0,11614000000.0,630000000.0,1.683,0.609,6838000000.0,0.0,6838000000.0,6838000000.0,0.0,4261000000.0,0.0,0.036,2.88,2378000000.0,6639000000.0,0.303,6639000000.0,2378000000.0,2301000000.0,0.79,0.79,0.79,34959000000.0,41181250000.0,34959000000.0,68046258254.0,29.0,10.249,2680000000.0,3.456,1.0,10333000000.0,0.471,0.0,77000000.0,47045000000.0,61517750000.0,1052000000.0,1565000000.0,0.0,1565000000.0,21300000000.0,8244000000.0,13056000000.0,62507258254.0,396000000.0,-1687000000.0,-2467000000.0,-107000000.0,-2210000000.0,-2202000000.0,-8470000000.0,4177000000.0,11068000000.0,0.0,616000000.0,616000000.0,616000000.0,-760000000.0,14000000.0,0.028,9032000000.0,1301000000.0,5229000000.0,3.646,1.788,101.473,102.038,39730000000.0,0.0,80.61,2.848,2.848,5297000000.0,36067000000.0,21947000000.0,21947000000.0,150000000.0,0.009,0.015,0.039,0.108,0.0,1503000000.0,1.0,775428089.0,775428089.0,,28.303,56259000000.0,0.0,1685000000.0,3429000000.0,72.552,5629000000.0
7,OXY,MRY,2013-12-31,2013-12-31,2013-12-31,2021-08-25,-303000000.0,69443000000.0,68031500000.0,11323000000.0,58120000000.0,0.315,53.502,-7208000000.0,3393000000.0,3393000000.0,11264000000.0,5903000000.0,1.343,0.605,6939000000.0,0.0,6939000000.0,6939000000.0,0.0,4203000000.0,0.0,0.027,2.56,9249000000.0,13452000000.0,0.627,13452000000.0,9249000000.0,9117000000.0,7.33,7.32,7.33,43126000000.0,42137750000.0,43126000000.0,80446296300.0,9.0,5.98,5570000000.0,6.91,1.0,10188000000.0,0.475,0.0,132000000.0,64555000000.0,64051750000.0,1200000000.0,1459000000.0,0.0,1459000000.0,26071000000.0,8434000000.0,17637000000.0,76656296300.0,1801000000.0,-606000000.0,-913000000.0,-690000000.0,-1553000000.0,-2933000000.0,-8044000000.0,1619000000.0,12778000000.0,0.0,5903000000.0,5903000000.0,5903000000.0,-971000000.0,0.0,0.275,2305000000.0,7883000000.0,5520000000.0,0.349,1.777,12.986,12.974,55821000000.0,0.0,95.1,3.573,3.573,6514000000.0,41831000000.0,21452000000.0,21452000000.0,140000000.0,0.087,0.14,0.144,0.431,0.0,1544000000.0,1.0,806059898.0,806059898.0,,26.613,69443000000.0,0.0,3214000000.0,7555000000.0,86.151,2889000000.0
8,OXY,MRY,2012-12-31,2012-12-31,2012-12-31,2021-08-25,-502000000.0,64210000000.0,63935000000.0,9492000000.0,54718000000.0,0.316,49.391,-7861000000.0,1592000000.0,1592000000.0,10628000000.0,4598000000.0,1.302,0.604,7623000000.0,600000000.0,7023000000.0,7623000000.0,0.0,3585000000.0,0.0,0.028,2.16,7411000000.0,10996000000.0,0.545,10996000000.0,7411000000.0,7257000000.0,5.67,5.67,5.67,40016000000.0,39696750000.0,40016000000.0,65930189345.0,9.0,5.996,3438000000.0,4.243,1.0,9552000000.0,0.473,0.0,154000000.0,62951000000.0,59961750000.0,1344000000.0,1894000000.0,0.0,1894000000.0,24162000000.0,7290000000.0,16872000000.0,62068189345.0,-2189000000.0,-2084000000.0,-498000000.0,1736000000.0,-2128000000.0,-846000000.0,-12642000000.0,4000000.0,11299000000.0,0.0,4598000000.0,4598000000.0,4598000000.0,-769000000.0,0.0,0.228,3273000000.0,6279000000.0,4708000000.0,0.381,1.551,13.499,13.511,52064000000.0,0.0,76.61,3.076,3.076,5676000000.0,37990000000.0,20180000000.0,20180000000.0,197000000.0,0.072,0.116,0.124,0.367,0.0,1366000000.0,1.0,810183910.0,810183910.0,,24.908,64210000000.0,0.0,2659000000.0,6055000000.0,79.254,2202000000.0
9,OXY,MRY,2011-12-31,2011-12-31,2011-12-31,2021-08-25,-483000000.0,60044000000.0,56487000000.0,11542000000.0,48502000000.0,0.427,46.342,-7518000000.0,3781000000.0,3781000000.0,11581000000.0,6771000000.0,1.452,0.596,5871000000.0,0.0,5871000000.0,5871000000.0,0.0,3591000000.0,0.0,0.02,1.84,11270000000.0,14861000000.0,0.616,14861000000.0,11270000000.0,10972000000.0,8.32,8.32,8.32,37620000000.0,35729250000.0,37620000000.0,77895594818.0,7.0,5.242,4763000000.0,5.867,1.0,12538000000.0,0.52,0.0,298000000.0,54187000000.0,50584250000.0,1069000000.0,2072000000.0,0.0,2072000000.0,22424000000.0,7947000000.0,14477000000.0,76064594818.0,1203000000.0,-4909000000.0,-224000000.0,588000000.0,-1436000000.0,-1175000000.0,-9903000000.0,50000000.0,12281000000.0,0.0,6771000000.0,6771000000.0,6771000000.0,-131000000.0,0.0,0.281,1781000000.0,10757000000.0,5304000000.0,0.221,2.022,11.234,11.262,45684000000.0,0.0,93.7,3.154,3.154,6141000000.0,35142000000.0,24119000000.0,24119000000.0,258000000.0,0.12,0.19,0.223,0.467,0.0,1523000000.0,1.0,811788632.0,811788632.0,,29.711,60044000000.0,0.0,4201000000.0,4956000000.0,73.965,3595000000.0
10,OXY,MRY,2010-12-31,2010-12-31,2010-12-31,2021-08-25,-524000000.0,52432000000.0,47931250000.0,13059000000.0,39373000000.0,0.4,39.976,-3940000000.0,2578000000.0,2578000000.0,9749000000.0,4602000000.0,1.669,0.614,5111000000.0,0.0,5111000000.0,5111000000.0,0.0,3153000000.0,0.0,0.015,1.47,7641000000.0,10794000000.0,0.563,10794000000.0,7641000000.0,7525000000.0,5.57,5.56,5.57,32484000000.0,31231250000.0,32484000000.0,80117667765.0,10.0,7.422,5626000000.0,6.924,1.0,9408000000.0,0.491,0.0,116000000.0,47140000000.0,42234000000.0,1041000000.0,2039000000.0,0.0,2039000000.0,19948000000.0,7825000000.0,12123000000.0,79714667765.0,1354000000.0,-4924000000.0,-57000000.0,2273000000.0,-1159000000.0,1083000000.0,-9295000000.0,0.0,9566000000.0,0.0,4530000000.0,4530000000.0,4530000000.0,39000000.0,72000000.0,0.236,1933000000.0,7475000000.0,4646000000.0,0.264,2.454,17.597,17.612,36536000000.0,0.0,98.1,4.161,4.161,5830000000.0,29868000000.0,19157000000.0,19157000000.0,262000000.0,0.095,0.145,0.181,0.399,0.0,1396000000.0,1.0,812585808.0,812585808.0,,23.575,52432000000.0,0.0,2995000000.0,3615000000.0,64.525,5234000000.0
11,OXY,MRY,2009-12-31,2009-12-31,2009-12-31,2021-08-25,-596000000.0,44229000000.0,42728250000.0,10607000000.0,33622000000.0,0.35,35.829,-3245000000.0,1224000000.0,1224000000.0,8217000000.0,2966000000.0,1.634,0.518,2796000000.0,239000000.0,2557000000.0,2796000000.0,0.0,2687000000.0,0.0,0.016,1.31,5111000000.0,7798000000.0,0.522,7798000000.0,5111000000.0,4978000000.0,3.59,3.58,3.59,29081000000.0,28355750000.0,29081000000.0,67216129405.0,13.0,8.62,2701000000.0,3.328,1.0,6725000000.0,0.45,0.0,133000000.0,39310000000.0,38509000000.0,998000000.0,1732000000.0,0.0,1732000000.0,15070000000.0,6491000000.0,8579000000.0,66029129405.0,-553000000.0,-1782000000.0,-22000000.0,48000000.0,-1063000000.0,-1033000000.0,-5466000000.0,0.0,5946000000.0,0.0,2915000000.0,2915000000.0,2915000000.0,236000000.0,51000000.0,0.195,1554000000.0,5171000000.0,3282000000.0,0.365,2.271,22.652,22.66,31137000000.0,0.0,81.35,4.419,4.419,4845000000.0,26534000000.0,14942000000.0,14942000000.0,254000000.0,0.068,0.103,0.133,0.342,0.0,1300000000.0,1.0,811667233.0,811667233.0,,18.409,44229000000.0,0.0,2063000000.0,2824000000.0,54.492,4116000000.0
12,OXY,MRY,2008-12-31,2008-12-31,2008-12-31,2021-08-25,-552000000.0,41537000000.0,41014000000.0,7172000000.0,34365000000.0,0.585,33.709,-4126000000.0,1777000000.0,1777000000.0,10135000000.0,6973000000.0,1.169,0.521,2747000000.0,698000000.0,2049000000.0,2747000000.0,0.0,2396000000.0,0.0,0.02,1.21,11858000000.0,14254000000.0,0.595,14254000000.0,11858000000.0,11734000000.0,8.37,8.34,8.37,27300000000.0,25830750000.0,27300000000.0,48903534428.0,4.0,3.431,6528000000.0,8.06,1.0,13841000000.0,0.577,0.0,124000000.0,36373000000.0,34112750000.0,958000000.0,1263000000.0,0.0,1263000000.0,14212000000.0,6134000000.0,8078000000.0,48584534428.0,-185000000.0,-4701000000.0,-1479000000.0,952000000.0,-940000000.0,-1510000000.0,-9329000000.0,9000000.0,10654000000.0,0.0,6857000000.0,6857000000.0,6857000000.0,326000000.0,116000000.0,0.286,1754000000.0,12087000000.0,3306000000.0,0.145,1.78,7.085,7.167,32266000000.0,0.0,59.99,2.026,2.026,3953000000.0,24684000000.0,23976000000.0,23976000000.0,308000000.0,0.167,0.265,0.348,0.495,0.0,1247000000.0,1.0,809877220.0,809877220.0,,29.604,41537000000.0,0.0,4877000000.0,2818000000.0,51.288,1038000000.0
13,OXY,MRY,2007-12-31,2007-12-31,2007-12-31,2021-08-25,-632000000.0,36519000000.0,34274000000.0,8595000000.0,27924000000.0,0.584,27.544,-3360000000.0,1964000000.0,1964000000.0,9247000000.0,5475000000.0,1.372,0.6,1788000000.0,47000000.0,1741000000.0,1788000000.0,0.0,2379000000.0,0.0,0.012,0.94,9246000000.0,11625000000.0,0.581,11625000000.0,9246000000.0,8907000000.0,6.45,6.42,6.45,22823000000.0,21513000000.0,22823000000.0,64242632679.0,7.0,5.526,3438000000.0,4.149,1.0,10766000000.0,0.538,0.0,339000000.0,30077000000.0,29239750000.0,910000000.0,783000000.0,0.0,783000000.0,13696000000.0,6266000000.0,7430000000.0,63793632679.0,625000000.0,-1522000000.0,-1112000000.0,-1164000000.0,-765000000.0,-3098000000.0,-3075000000.0,1309000000.0,6798000000.0,0.0,5400000000.0,5400000000.0,5400000000.0,-322000000.0,75000000.0,0.27,1849000000.0,8917000000.0,4263000000.0,0.146,2.795,11.814,11.936,26278000000.0,0.0,76.99,3.188,3.188,5836000000.0,18819000000.0,20013000000.0,20013000000.0,364000000.0,0.158,0.251,0.316,0.462,0.0,1320000000.0,1.0,828596346.0,828596346.0,,24.153,36519000000.0,0.0,3507000000.0,2551000000.0,44.073,2329000000.0
14,OXY,MRY,2006-12-31,2006-12-31,2006-12-31,2021-08-25,-333000000.0,32431000000.0,31873750000.0,6169000000.0,26262000000.0,0.555,22.89,-2857000000.0,1339000000.0,1339000000.0,8411000000.0,4191000000.0,1.314,0.685,2790000000.0,171000000.0,2619000000.0,2790000000.0,0.0,2008000000.0,0.0,0.016,0.8,7836000000.0,9844000000.0,0.557,9844000000.0,7836000000.0,7545000000.0,4.92,4.87,4.92,19252000000.0,18504750000.0,19252000000.0,42749092510.0,5.0,4.343,3496000000.0,4.157,1.0,9263000000.0,0.524,0.0,291000000.0,29187000000.0,28552500000.0,825000000.0,1584000000.0,240000000.0,1344000000.0,13179000000.0,4695000000.0,8484000000.0,41070092510.0,-849000000.0,-2625000000.0,-1420000000.0,-893000000.0,-646000000.0,-2819000000.0,-4383000000.0,140000000.0,6353000000.0,0.0,4191000000.0,4191000000.0,4191000000.0,11000000.0,0.0,0.237,1488000000.0,7775000000.0,2263000000.0,0.163,2.133,9.8,9.925,24138000000.0,0.0,48.83,2.324,2.324,3555000000.0,13987000000.0,17674000000.0,17674000000.0,296000000.0,0.131,0.226,0.274,0.443,0.0,1145000000.0,1.0,841083197.0,841083197.0,,21.013,32431000000.0,0.0,3354000000.0,2762000000.0,38.559,1474000000.0
15,OXY,MRY,2005-12-31,2005-12-31,2005-12-31,2021-08-25,-373000000.0,26108000000.0,24360500000.0,6937000000.0,19171000000.0,0.624,18.697,-2295000000.0,2188000000.0,2188000000.0,6708000000.0,5293000000.0,1.624,0.737,2919000000.0,46000000.0,2873000000.0,2919000000.0,0.0,1372000000.0,0.0,0.016,0.645,7427000000.0,8799000000.0,0.579,8799000000.0,7427000000.0,7134000000.0,6.56,6.47,6.56,15032000000.0,13222000000.0,15032000000.0,33617653280.0,5.0,3.821,3042000000.0,3.784,1.0,8496000000.0,0.559,0.0,293000000.0,22567000000.0,22171000000.0,716000000.0,1461000000.0,252000000.0,1209000000.0,11076000000.0,4272000000.0,6804000000.0,32111653280.0,989000000.0,0.0,131000000.0,-898000000.0,-483000000.0,-1187000000.0,-3161000000.0,1203000000.0,5337000000.0,0.0,5293000000.0,5293000000.0,5293000000.0,-452000000.0,0.0,0.348,1682000000.0,6814000000.0,2046000000.0,0.098,2.136,6.067,6.088,17171000000.0,0.0,39.94,2.112,2.112,3476000000.0,10425000000.0,15204000000.0,15204000000.0,310000000.0,0.217,0.4,0.335,0.488,0.0,1310000000.0,1.0,803997328.0,803997328.0,,18.911,26108000000.0,0.0,1841000000.0,1296000000.0,32.473,2665000000.0
16,OXY,MRY,2004-12-31,2004-12-31,2004-12-31,2021-08-25,155000000.0,21391000000.0,19944500000.0,4431000000.0,16960000000.0,0.553,13.364,-1711000000.0,1199000000.0,1199000000.0,5669000000.0,2568000000.0,1.294,1.028,3804000000.0,459000000.0,3345000000.0,3804000000.0,0.0,1251000000.0,0.0,0.019,0.55,4467000000.0,5718000000.0,0.519,5718000000.0,4467000000.0,4207000000.0,3.24,3.2,3.24,10550000000.0,9449500000.0,10550000000.0,25869954852.0,6.0,4.524,2167000000.0,2.745,1.0,5355000000.0,0.486,0.0,260000000.0,20573000000.0,20211250000.0,545000000.0,1977000000.0,250000000.0,1727000000.0,10841000000.0,3423000000.0,7418000000.0,23035954852.0,629000000.0,-208000000.0,245000000.0,-645000000.0,-424000000.0,-821000000.0,-2428000000.0,-385000000.0,3878000000.0,0.0,2568000000.0,2568000000.0,2568000000.0,-162000000.0,0.0,0.233,1209000000.0,4146000000.0,1557000000.0,0.17,2.184,8.97,9.006,14633000000.0,0.0,29.18,2.09,2.09,2474000000.0,5664000000.0,11024000000.0,11024000000.0,214000000.0,0.129,0.272,0.221,0.405,0.0,936000000.0,1.0,789443278.0,789443278.0,,13.964,21391000000.0,0.0,1639000000.0,1511000000.0,27.096,1008000000.0
17,OXY,MRY,2003-12-31,2003-12-31,2003-12-31,2021-08-25,50000000.0,18168000000.0,17497500000.0,2502000000.0,15666000000.0,0.535,10.294,-1530000000.0,683000000.0,683000000.0,5072000000.0,1527000000.0,0.99,1.291,4469000000.0,476000000.0,3993000000.0,4469000000.0,0.0,1175000000.0,0.0,0.025,0.52,3090000000.0,4265000000.0,0.456,4265000000.0,3090000000.0,2758000000.0,1.99,1.965,1.99,7929000000.0,7287500000.0,7929000000.0,20271681098.0,7.0,4.753,1544000000.0,2.005,1.0,4289000000.0,0.458,0.0,332000000.0,19428000000.0,19491500000.0,489000000.0,1155000000.0,0.0,1155000000.0,10239000000.0,2526000000.0,7713000000.0,16267681098.0,427000000.0,-351000000.0,210000000.0,-336000000.0,-392000000.0,-516000000.0,-2131000000.0,-250000000.0,3074000000.0,0.0,1527000000.0,1527000000.0,1527000000.0,6000000.0,0.0,0.163,1054000000.0,3235000000.0,906000000.0,0.261,2.052,10.653,10.613,13984000000.0,0.0,21.12,1.738,1.738,1409000000.0,3530000000.0,9361000000.0,9361000000.0,139000000.0,0.087,0.21,0.159,0.33,0.0,852000000.0,1.0,770250052.0,770250052.0,,12.153,18168000000.0,0.0,1231000000.0,1164000000.0,23.587,-24000000.0
18,OXY,MRY,2002-12-31,2002-12-31,2002-12-31,2021-08-25,-27000000.0,16548000000.0,16770500000.0,1873000000.0,14675000000.0,0.441,8.38,-1193000000.0,146000000.0,146000000.0,4308000000.0,989000000.0,0.838,1.619,4658000000.0,206000000.0,4452000000.0,4658000000.0,0.0,1009000000.0,0.0,0.035,0.5,1717000000.0,2726000000.0,0.368,2726000000.0,1717000000.0,1422000000.0,1.315,1.305,1.315,6318000000.0,5937500000.0,6318000000.0,15023243716.0,9.0,5.511,907000000.0,1.203,1.0,3092000000.0,0.418,0.0,295000000.0,18825000000.0,18950000000.0,491000000.0,1056000000.0,0.0,1056000000.0,10230000000.0,2235000000.0,7995000000.0,10724243716.0,-52000000.0,-492000000.0,82000000.0,40000000.0,-375000000.0,-456000000.0,-1696000000.0,-5000000.0,2100000000.0,0.0,989000000.0,989000000.0,989000000.0,97000000.0,0.0,0.134,845000000.0,2247000000.0,785000000.0,0.38,1.697,10.844,10.817,13036000000.0,0.0,14.225,1.449,1.449,1204000000.0,2303000000.0,7400000000.0,7400000000.0,176000000.0,0.059,0.167,0.091,0.232,0.0,646000000.0,1.0,753901140.0,753901140.0,,9.816,16548000000.0,150000000.0,433000000.0,1119000000.0,21.95,-362000000.0
19,OXY,MRY,2001-12-31,2001-12-31,2001-12-31,2021-08-25,-86000000.0,17850000000.0,18995500000.0,1557000000.0,16293000000.0,0.439,7.54,-456000000.0,198000000.0,198000000.0,4591000000.0,1154000000.0,0.822,2.168,4582000000.0,54000000.0,4528000000.0,4582000000.0,0.0,965000000.0,0.0,0.038,0.5,2111000000.0,3076000000.0,0.369,3076000000.0,2111000000.0,1710000000.0,1.55,1.545,1.55,5634000000.0,5558500000.0,5634000000.0,14018393770.0,7.0,4.557,2110000000.0,2.824,1.0,3744000000.0,0.449,0.0,401000000.0,20340000000.0,21421750000.0,414000000.0,993000000.0,0.0,993000000.0,12216000000.0,1894000000.0,10322000000.0,9911393770.0,101000000.0,-46000000.0,90000000.0,-1410000000.0,-372000000.0,-1814000000.0,-651000000.0,-141000000.0,2566000000.0,0.0,1154000000.0,1154000000.0,1154000000.0,1000000.0,0.0,0.138,961000000.0,2783000000.0,715000000.0,0.323,1.759,8.589,8.558,12791000000.0,0.0,13.265,1.189,1.189,2811000000.0,1788000000.0,8335000000.0,8335000000.0,184000000.0,0.061,0.208,0.099,0.253,0.0,668000000.0,1.0,747183850.0,747183850.0,,11.155,17850000000.0,35000000.0,556000000.0,1130000000.0,23.89,-337000000.0
20,OXY,MRY,2000-12-31,2000-12-31,2000-12-31,2021-08-25,-50000000.0,19414000000.0,18271750000.0,2067000000.0,17347000000.0,0.515,6.462,596000000.0,97000000.0,97000000.0,3933000000.0,1570000000.0,0.754,3.067,5918000000.0,260000000.0,5658000000.0,5918000000.0,0.0,894000000.0,0.0,0.041,0.5,3514000000.0,4408000000.0,0.469,4408000000.0,3514000000.0,3004000000.0,2.13,2.13,2.13,4774000000.0,4305000000.0,4774000000.0,15279316444.0,4.0,3.466,2944000000.0,3.985,1.0,5473000000.0,0.582,0.0,510000000.0,22495000000.0,21939500000.0,485000000.0,1327000000.0,0.0,1327000000.0,14640000000.0,2740000000.0,11900000000.0,8957316444.0,-117000000.0,-3715000000.0,43000000.0,1040000000.0,-369000000.0,579000000.0,-3044000000.0,82000000.0,2348000000.0,0.0,1570000000.0,1571000000.0,1571000000.0,-13000000.0,0.0,0.167,1854000000.0,3619000000.0,1091000000.0,0.235,1.876,5.702,5.692,13471000000.0,-1000000.0,12.125,0.952,0.952,3445000000.0,1007000000.0,9406000000.0,9406000000.0,94000000.0,0.086,0.365,0.16,0.374,0.0,686000000.0,1.0,738747748.0,738747748.0,,12.732,19414000000.0,0.0,1434000000.0,1358000000.0,26.28,-673000000.0
21,OXY,MRY,1999-12-31,1999-12-31,1999-12-31,2021-08-25,-51000000.0,14125000000.0,14134750000.0,1688000000.0,12437000000.0,0.62,4.792,-549000000.0,214000000.0,214000000.0,5269000000.0,448000000.0,0.858,3.009,4888000000.0,34000000.0,4854000000.0,4888000000.0,0.0,805000000.0,0.0,0.046,0.5,1577000000.0,2382000000.0,0.272,2382000000.0,1577000000.0,1079000000.0,0.62,0.62,0.62,3523000000.0,3261750000.0,3523000000.0,13484709826.0,9.0,5.661,495000000.0,0.673,1.0,3492000000.0,0.399,0.0,498000000.0,16832000000.0,17815750000.0,503000000.0,1754000000.0,0.0,1754000000.0,10602000000.0,1967000000.0,8635000000.0,7950709826.0,118000000.0,-127000000.0,21000000.0,-2683000000.0,-363000000.0,-2517000000.0,1591000000.0,1509000000.0,1044000000.0,0.0,448000000.0,442000000.0,442000000.0,0.0,0.0,0.05,1737000000.0,1755000000.0,812000000.0,0.806,2.257,17.988,17.444,10029000000.0,6000000.0,10.815,0.908,0.908,942000000.0,-286000000.0,8761000000.0,8761000000.0,75000000.0,0.031,0.136,0.089,0.18,0.0,645000000.0,1.0,735155786.0,735155786.0,,11.917,14125000000.0,0.0,631000000.0,1163000000.0,19.214,-279000000.0
22,OXY,MRY,1998-12-31,1998-12-31,1998-12-31,2021-08-25,-29000000.0,15252000000.0,15690500000.0,2795000000.0,12457000000.0,0.484,4.861,2304000000.0,96000000.0,96000000.0,4671000000.0,363000000.0,0.954,3.535,6797000000.0,1430000000.0,5367000000.0,6797000000.0,0.0,835000000.0,0.0,0.059,0.5,1285000000.0,2120000000.0,0.279,2120000000.0,1285000000.0,726000000.0,0.495,0.495,0.495,3363000000.0,3658500000.0,3363000000.0,12981147476.0,10.0,6.123,2384000000.0,3.446,1.0,2919000000.0,0.385,0.0,559000000.0,19022000000.0,19676250000.0,500000000.0,1959000000.0,0.0,1959000000.0,11889000000.0,2931000000.0,8958000000.0,5839147476.0,-17000000.0,-3528000000.0,-908000000.0,1903000000.0,-387000000.0,1119000000.0,-1216000000.0,55000000.0,80000000.0,0.0,363000000.0,346000000.0,346000000.0,-38000000.0,0.0,0.046,1671000000.0,1248000000.0,613000000.0,1.01,1.736,16.876,17.051,9905000000.0,17000000.0,8.44,0.769,0.769,2139000000.0,-734000000.0,7590000000.0,7590000000.0,128000000.0,0.022,0.095,0.065,0.169,0.0,678000000.0,1.0,691842118.0,691842118.0,,10.971,15252000000.0,0.0,363000000.0,848000000.0,22.045,-136000000.0
23,OXY,MRY,1997-12-31,1997-12-31,1997-12-31,2021-08-25,-11000000.0,15291000000.0,15136000000.0,1925000000.0,13366000000.0,0.53,6.14,-1429000000.0,113000000.0,113000000.0,5060000000.0,-390000000.0,1.024,2.568,4966000000.0,41000000.0,4925000000.0,4966000000.0,0.0,822000000.0,0.0,0.034,0.5,267000000.0,1089000000.0,0.136,1089000000.0,267000000.0,-167000000.0,-0.715,-0.715,-0.715,4286000000.0,4713000000.0,4286000000.0,,,,-32000000.0,-0.046,1.0,2956000000.0,0.369,0.0,434000000.0,18265000000.0,17854500000.0,604000000.0,921000000.0,0.0,921000000.0,11005000000.0,1879000000.0,9126000000.0,10229178042.0,-145000000.0,-22000000.0,-98000000.0,415000000.0,-422000000.0,-37000000.0,-1505000000.0,46000000.0,1397000000.0,0.0,-478000000.0,-478000000.0,-478000000.0,607000000.0,88000000.0,-0.06,2083000000.0,873000000.0,717000000.0,-0.699,2.387,-21.4,-20.497,8590000000.0,0.0,14.655,1.276,1.276,975000000.0,-1097000000.0,8016000000.0,8016000000.0,119000000.0,-0.032,-0.101,0.015,0.033,0.0,797000000.0,1.0,697999184.0,697999184.0,,11.484,15291000000.0,0.0,311000000.0,1086000000.0,21.907,46000000.0
24,OXY,MRY,1996-12-31,1996-12-31,1996-12-31,2021-08-25,6000000.0,14981000000.0,,1910000000.0,13071000000.0,,,-778000000.0,258000000.0,258000000.0,5060000000.0,668000000.0,1.04,1.915,4558000000.0,47000000.0,4511000000.0,4558000000.0,0.0,761000000.0,0.0,0.043,0.5,1399000000.0,2160000000.0,0.27,2160000000.0,1399000000.0,917000000.0,0.885,0.865,0.885,5140000000.0,,5140000000.0,,,,1209000000.0,,1.0,2927000000.0,0.366,0.0,482000000.0,17444000000.0,,582000000.0,985000000.0,0.0,985000000.0,9841000000.0,1837000000.0,8004000000.0,,-322000000.0,-18000000.0,25000000.0,-861000000.0,-415000000.0,-1330000000.0,-979000000.0,40000000.0,1987000000.0,0.0,575000000.0,575000000.0,575000000.0,-184000000.0,93000000.0,0.072,1903000000.0,1024000000.0,617000000.0,0.565,,,13.209,8196000000.0,0.0,11.69,,,910000000.0,-726000000.0,7987000000.0,7987000000.0,120000000.0,,,,0.175,0.0,933000000.0,1.0,,,,,14981000000.0,0.0,342000000.0,935000000.0,,73000000.0
25,OXY,MRY,1995-12-31,1995-12-31,1995-12-31,2021-08-25,,,,,,,,-651000000.0,,,5492000000.0,511000000.0,,,,,,,,768000000.0,,0.047,0.5,1310000000.0,2078000000.0,0.248,2078000000.0,1310000000.0,731000000.0,0.655,0.655,0.655,,,,,,,850000000.0,,1.0,2897000000.0,0.345,,579000000.0,,,,,,,,,,,404000000.0,749000000.0,28000000.0,-607000000.0,-406000000.0,-961000000.0,-136000000.0,50000000.0,1501000000.0,0.0,418000000.0,418000000.0,418000000.0,-153000000.0,93000000.0,0.05,1846000000.0,1051000000.0,,0.763,,,16.321,,0.0,10.69,,,,,8389000000.0,8389000000.0,106000000.0,,,,0.156,0.0,996000000.0,1.0,,,,,,,313000000.0,,,
0,OXY,MRQ,2021-06-30,2021-06-30,2021-06-30,2021-08-25,-238000000.0,79937000000.0,,12844000000.0,67093000000.0,,19.545,-717000000.0,4749000000.0,4749000000.0,4854000000.0,103000000.0,1.34,3.382,36917000000.0,982000000.0,35935000000.0,36917000000.0,0.0,2371000000.0,0.0,0.001,0.01,531000000.0,2902000000.0,0.483,2902000000.0,531000000.0,146000000.0,-0.1,-0.1,-0.1,18244000000.0,,18244000000.0,63757002280.0,-17.0,14.405,2597000000.0,2.782,1.0,1156000000.0,0.192,0.0,385000000.0,102519000000.0,,1837000000.0,3249000000.0,0.0,3249000000.0,61693000000.0,9586000000.0,52107000000.0,29188002280.0,2298000000.0,-8000000.0,8000000.0,0.0,-209000000.0,-262000000.0,-754000000.0,-10000000.0,3314000000.0,0.0,103000000.0,-97000000.0,-97000000.0,-3000000.0,0.0,-0.016,584000000.0,572000000.0,3544000000.0,-0.1,1.6,-5.275,-5.318,62706000000.0,200000000.0,31.27,1.611,1.611,4426000000.0,2533000000.0,6010000000.0,6010000000.0,86000000.0,,,,,0.0,177000000.0,1.0,933418685.0,933418685.0,,6.439,79937000000.0,0.0,43000000.0,6808000000.0,85.639,3258000000.0
1,OXY,MRQ,2021-03-31,2021-03-31,2021-03-31,2021-08-25,-235000000.0,79355000000.0,,10074000000.0,69281000000.0,,19.645,-654000000.0,2453000000.0,2453000000.0,4661000000.0,-146000000.0,1.167,3.336,37022000000.0,928000000.0,36094000000.0,37022000000.0,0.0,2194000000.0,0.0,0.002,0.01,265000000.0,2459000000.0,0.449,2459000000.0,265000000.0,-130000000.0,-0.37,-0.36,-0.37,18300000000.0,,18300000000.0,59918986593.0,-4.0,-10.613,256000000.0,0.275,1.0,818000000.0,0.149,0.0,395000000.0,105293000000.0,,2173000000.0,3170000000.0,0.0,3170000000.0,61055000000.0,8631000000.0,52424000000.0,24797986593.0,274000000.0,-105000000.0,3000000.0,-174000000.0,-211000000.0,-354000000.0,-282000000.0,486000000.0,910000000.0,0.0,-146000000.0,-346000000.0,-346000000.0,445000000.0,0.0,-0.063,628000000.0,190000000.0,3416000000.0,-0.027,1.355,-1.798,-1.787,65022000000.0,200000000.0,26.62,1.644,1.644,4135000000.0,2639000000.0,5479000000.0,5479000000.0,28000000.0,,,,,0.0,166000000.0,1.0,931554718.0,931554718.0,,5.882,79355000000.0,0.0,16000000.0,6941000000.0,85.186,1443000000.0
2,OXY,MRQ,2020-12-31,2020-12-31,2020-12-31,2021-08-25,-288000000.0,80064000000.0,,8819000000.0,71245000000.0,,19.945,-408000000.0,2178000000.0,2178000000.0,3993000000.0,-1112000000.0,1.072,3.311,37299000000.0,913000000.0,36386000000.0,37299000000.0,0.0,1754000000.0,0.0,0.047,0.01,-979000000.0,775000000.0,0.231,775000000.0,-979000000.0,-1388000000.0,-1.34,-1.34,-1.34,18573000000.0,,18573000000.0,53874236358.0,-3.0,-7.201,996000000.0,1.07,1.0,-645000000.0,-0.193,0.0,409000000.0,106962000000.0,,1898000000.0,3250000000.0,0.0,3250000000.0,61491000000.0,8223000000.0,53268000000.0,16119236358.0,120000000.0,-205000000.0,0.0,-2321000000.0,-211000000.0,-2863000000.0,1579000000.0,2202000000.0,1404000000.0,0.0,-1112000000.0,-1312000000.0,-1312000000.0,-37000000.0,0.0,-0.392,708000000.0,-1353000000.0,2987000000.0,-0.007,0.868,-1.028,-1.015,66951000000.0,200000000.0,17.31,0.991,0.991,3159000000.0,2996000000.0,3348000000.0,3348000000.0,33000000.0,,,,,0.0,209000000.0,1.0,931209495.0,931209495.0,,3.595,80064000000.0,0.0,-276000000.0,7113000000.0,85.979,596000000.0
3,OXY,MRQ,2020-09-30,2020-09-30,2020-09-30,2021-08-25,-283000000.0,84434000000.0,,10694000000.0,73740000000.0,,21.352,-229000000.0,1947000000.0,1947000000.0,4045000000.0,-3575000000.0,1.018,3.251,39702000000.0,3017000000.0,36685000000.0,39702000000.0,0.0,1915000000.0,0.0,0.16,0.01,-3625000000.0,-1710000000.0,-0.521,-1710000000.0,-3625000000.0,-3978000000.0,-4.07,-4.07,-4.07,19860000000.0,,19860000000.0,47829722952.0,-3.0,-7.443,623000000.0,0.67,1.0,-762000000.0,-0.232,0.0,353000000.0,111689000000.0,,1660000000.0,3125000000.0,0.0,3125000000.0,64574000000.0,10500000000.0,54074000000.0,9310722952.0,861000000.0,-42000000.0,18000000.0,341000000.0,-7000000.0,301000000.0,-292000000.0,-15000000.0,852000000.0,0.0,-3575000000.0,-3778000000.0,-3778000000.0,-80000000.0,0.0,-1.151,3154000000.0,-3916000000.0,2682000000.0,-0.002,0.469,-0.593,-0.577,69617000000.0,203000000.0,10.01,0.464,0.464,3081000000.0,4317000000.0,3283000000.0,3283000000.0,29000000.0,,,,,0.0,166000000.0,1.0,930142153.0,930142153.0,,3.53,84434000000.0,0.0,-403000000.0,7508000000.0,90.775,194000000.0
4,OXY,MRQ,2020-06-30,2020-06-30,2020-06-30,2021-08-25,-312000000.0,89452000000.0,,8437000000.0,81015000000.0,,25.939,-682000000.0,1135000000.0,1135000000.0,3976000000.0,-8131000000.0,0.851,2.832,39654000000.0,2880000000.0,36774000000.0,39654000000.0,0.0,2119000000.0,0.0,0.13,0.01,-9289000000.0,-7170000000.0,-2.409,-7170000000.0,-9289000000.0,-9599000000.0,-9.12,-9.12,-9.12,23346000000.0,,23346000000.0,53950332767.0,-5.0,-16.865,-322000000.0,-0.358,1.0,-1000000000.0,-0.336,0.0,310000000.0,118052000000.0,,1477000000.0,6128000000.0,0.0,6128000000.0,66106000000.0,9919000000.0,56187000000.0,16470332767.0,-1151000000.0,-13000000.0,18000000.0,0.0,-714000000.0,-935000000.0,-576000000.0,130000000.0,360000000.0,0.0,-8131000000.0,-8353000000.0,-8353000000.0,1415000000.0,0.0,-2.807,6991000000.0,-7991000000.0,3034000000.0,-0.001,0.705,-1.283,-1.274,73733000000.0,222000000.0,18.3,0.722,0.722,3513000000.0,8105000000.0,2976000000.0,2976000000.0,33000000.0,,,,,0.0,225000000.0,1.0,900018184.0,900018184.0,,3.307,89452000000.0,0.0,-1468000000.0,7887000000.0,99.389,-1482000000.0
5,OXY,MRQ,2020-03-31,2020-03-31,2020-03-31,2021-08-25,-334000000.0,101643000000.0,,14109000000.0,87534000000.0,,34.958,-1735000000.0,2263000000.0,2263000000.0,5173000000.0,-2013000000.0,1.179,2.248,39743000000.0,2917000000.0,36826000000.0,39743000000.0,0.0,2309000000.0,0.0,0.272,0.79,-1686000000.0,623000000.0,0.094,623000000.0,-1686000000.0,-2038000000.0,-2.49,-2.49,-2.49,31295000000.0,,31295000000.0,46865705048.0,-34.0,7.688,-396000000.0,-0.442,1.0,1481000000.0,0.223,0.0,352000000.0,127160000000.0,,1436000000.0,6050000000.0,0.0,6050000000.0,70348000000.0,11963000000.0,58385000000.0,10366705048.0,-1210000000.0,-35000000.0,90000000.0,0.0,-913000000.0,-1019000000.0,-1530000000.0,254000000.0,1339000000.0,0.0,-2013000000.0,-2232000000.0,-2232000000.0,0.0,0.0,-0.335,2449000000.0,-968000000.0,3845000000.0,-0.317,0.331,-2.694,-2.632,80266000000.0,219000000.0,11.58,0.426,0.426,3676000000.0,17229000000.0,6654000000.0,6654000000.0,37000000.0,,,,,0.0,264000000.0,1.0,895224961.0,895224961.0,,7.433,101643000000.0,0.0,-25000000.0,9403000000.0,113.539,2146000000.0
6,OXY,MRQ,2019-12-31,2019-12-31,2019-12-31,2021-08-25,-221000000.0,107190000000.0,,14633000000.0,92557000000.0,,38.32,-2301000000.0,3517000000.0,3517000000.0,5214000000.0,-1036000000.0,1.152,2.131,40039000000.0,630000000.0,39409000000.0,40039000000.0,0.0,2369000000.0,0.0,0.076,0.79,-538000000.0,1831000000.0,0.256,1831000000.0,-538000000.0,-972000000.0,-1.67,-1.67,-1.67,34232000000.0,,34232000000.0,80272612939.0,64.0,10.848,-292000000.0,-0.327,1.0,1928000000.0,0.27,0.0,434000000.0,131007000000.0,,1581000000.0,6389000000.0,0.0,6389000000.0,72958000000.0,12705000000.0,60253000000.0,36813612939.0,-1791000000.0,-4971000000.0,18000000.0,-1791000000.0,-858000000.0,-2499000000.0,-1301000000.0,5992000000.0,2009000000.0,0.0,-1139000000.0,-1339000000.0,-1339000000.0,0.0,103000000.0,-0.187,2728000000.0,-800000000.0,4910000000.0,-0.473,1.075,-37.374,-33.779,83641000000.0,200000000.0,41.21,1.693,1.693,6760000000.0,20180000000.0,7142000000.0,7142000000.0,113000000.0,,,,,0.0,345000000.0,1.0,893317470.0,893317470.0,,7.995,107190000000.0,0.0,167000000.0,9717000000.0,119.991,1928000000.0
7,OXY,MRQ,2019-09-30,2019-09-30,2019-09-30,2021-08-25,-332000000.0,125443000000.0,,20944000000.0,104499000000.0,,48.213,-1737000000.0,5294000000.0,5294000000.0,4388000000.0,-752000000.0,1.334,2.34,48753000000.0,494000000.0,48259000000.0,48753000000.0,0.0,1767000000.0,0.0,0.07,0.79,-250000000.0,1517000000.0,0.251,1517000000.0,-250000000.0,-631000000.0,-1.08,-1.08,-1.08,36080000000.0,,36080000000.0,42496059707.0,16.0,5.602,668000000.0,0.893,1.0,1655000000.0,0.274,8461000000.0,381000000.0,144744000000.0,,1601000000.0,3684000000.0,0.0,3684000000.0,84438000000.0,15697000000.0,68741000000.0,33279059707.0,3614000000.0,-23073000000.0,9973000000.0,16956000000.0,-588000000.0,26232000000.0,-25023000000.0,-59000000.0,2405000000.0,0.0,-794000000.0,-912000000.0,-912000000.0,15000000.0,42000000.0,-0.151,1919000000.0,-264000000.0,6789000000.0,-0.731,0.922,31.395,28.877,91199000000.0,118000000.0,44.47,1.715,1.715,7009000000.0,22227000000.0,6043000000.0,6043000000.0,63000000.0,,,,,0.0,245000000.0,1.0,748348543.0,748348543.0,,8.075,116982000000.0,0.0,163000000.0,10956000000.0,156.32,5247000000.0
8,OXY,MRQ,2019-06-30,2019-06-30,2019-06-30,2021-08-25,-184000000.0,44770000000.0,,9425000000.0,35345000000.0,,28.543,-1268000000.0,1751000000.0,1751000000.0,2971000000.0,635000000.0,1.196,1.097,10968000000.0,368000000.0,10600000000.0,10968000000.0,0.0,1031000000.0,0.0,0.062,0.78,1094000000.0,2125000000.0,0.475,2125000000.0,1094000000.0,941000000.0,0.84,0.84,0.84,21347000000.0,,21347000000.0,46875298751.0,8.0,4.799,745000000.0,0.996,1.0,1505000000.0,0.336,0.0,153000000.0,46107000000.0,,1582000000.0,1777000000.0,0.0,1777000000.0,23423000000.0,7880000000.0,15543000000.0,37603298751.0,-1000000.0,25000000.0,21000000.0,-108000000.0,-587000000.0,-726000000.0,-1288000000.0,-45000000.0,2013000000.0,0.0,635000000.0,635000000.0,635000000.0,0.0,0.0,0.142,508000000.0,997000000.0,5445000000.0,0.929,1.762,9.79,9.937,32796000000.0,0.0,50.28,1.924,1.924,6045000000.0,23848000000.0,4476000000.0,4476000000.0,35000000.0,,,,,0.0,163000000.0,1.0,747877859.0,747877859.0,,5.985,44770000000.0,0.0,306000000.0,950000000.0,59.863,1545000000.0
9,OXY,MRQ,2019-03-31,2019-03-31,2019-03-31,2021-08-25,-168000000.0,44380000000.0,,9270000000.0,35110000000.0,,28.332,-1310000000.0,1752000000.0,1752000000.0,2794000000.0,631000000.0,1.23,1.09,11024000000.0,356000000.0,10668000000.0,11024000000.0,0.0,973000000.0,0.0,0.047,0.78,954000000.0,1927000000.0,0.471,1927000000.0,954000000.0,856000000.0,0.84,0.84,0.84,21236000000.0,,21236000000.0,56903974527.0,10.0,5.785,-362000000.0,-0.483,1.0,1295000000.0,0.317,0.0,98000000.0,46115000000.0,,1484000000.0,1725000000.0,0.0,1725000000.0,23144000000.0,7537000000.0,15607000000.0,49619974527.0,-1281000000.0,-69000000.0,-221000000.0,0.0,-591000000.0,-814000000.0,-1415000000.0,-36000000.0,948000000.0,0.0,631000000.0,631000000.0,631000000.0,0.0,0.0,0.154,414000000.0,881000000.0,5261000000.0,0.929,2.337,12.24,12.444,32584000000.0,0.0,66.2,2.585,2.585,6111000000.0,23795000000.0,4089000000.0,4089000000.0,36000000.0,,,,,0.0,140000000.0,1.0,749546443.0,749546443.0,,5.455,44380000000.0,0.0,225000000.0,918000000.0,59.209,1733000000.0
10,OXY,MRQ,2018-12-31,2018-12-31,2018-12-31,2021-08-25,-172000000.0,43854000000.0,,9932000000.0,33922000000.0,,28.251,-1289000000.0,3033000000.0,3033000000.0,3146000000.0,706000000.0,1.34,1.056,10317000000.0,116000000.0,10201000000.0,10317000000.0,0.0,1086000000.0,0.0,0.051,0.78,931000000.0,2017000000.0,0.42,2017000000.0,931000000.0,832000000.0,0.94,0.94,0.94,21330000000.0,,21330000000.0,53703492074.0,9.0,5.384,1211000000.0,1.604,1.0,1656000000.0,0.345,0.0,99000000.0,43726000000.0,,1260000000.0,1680000000.0,0.0,1680000000.0,22524000000.0,7412000000.0,15112000000.0,46343492074.0,79000000.0,-202000000.0,-324000000.0,0.0,-594000000.0,-915000000.0,-1506000000.0,-15000000.0,2500000000.0,0.0,706000000.0,706000000.0,706000000.0,0.0,0.0,0.147,828000000.0,828000000.0,4885000000.0,0.83,2.173,11.218,11.367,31437000000.0,0.0,61.38,2.448,2.448,5698000000.0,23750000000.0,4802000000.0,4802000000.0,50000000.0,,,,,0.0,162000000.0,1.0,755025938.0,755025938.0,,6.36,43854000000.0,0.0,126000000.0,907000000.0,58.083,2520000000.0
11,OXY,MRQ,2018-09-30,2018-09-30,2018-09-30,2021-08-25,-154000000.0,44957000000.0,,11112000000.0,33845000000.0,,28.1,-1306000000.0,2954000000.0,2954000000.0,2919000000.0,1869000000.0,1.327,1.092,10314000000.0,116000000.0,10198000000.0,10314000000.0,0.0,1023000000.0,0.0,0.038,0.78,2675000000.0,3698000000.0,0.599,3698000000.0,2675000000.0,2579000000.0,2.44,2.44,2.44,21489000000.0,,21489000000.0,71787161793.0,14.0,7.815,1098000000.0,1.436,1.0,3257000000.0,0.527,0.0,96000000.0,43945000000.0,,1009000000.0,1568000000.0,0.0,1568000000.0,23464000000.0,8372000000.0,15092000000.0,62837161793.0,1592000000.0,-484000000.0,-807000000.0,0.0,-595000000.0,-1398000000.0,586000000.0,2706000000.0,2404000000.0,0.0,1869000000.0,1869000000.0,1869000000.0,0.0,0.0,0.303,669000000.0,2588000000.0,5443000000.0,0.32,2.924,16.022,16.08,31155000000.0,0.0,82.17,3.546,3.546,7122000000.0,23635000000.0,6176000000.0,6176000000.0,24000000.0,,,,,0.0,151000000.0,1.0,764721453.0,764721453.0,,8.076,44957000000.0,0.0,710000000.0,1162000000.0,58.789,2740000000.0
12,OXY,MRQ,2018-06-30,2018-06-30,2018-06-30,2021-08-25,-308000000.0,44067000000.0,,10990000000.0,33077000000.0,,27.333,-1248000000.0,1362000000.0,1362000000.0,2527000000.0,848000000.0,1.36,1.105,10312000000.0,0.0,10312000000.0,10312000000.0,0.0,947000000.0,0.0,0.037,0.77,1247000000.0,2194000000.0,0.531,2194000000.0,1247000000.0,1150000000.0,1.1,1.1,1.1,20931000000.0,,20931000000.0,72782652261.0,25.0,10.627,508000000.0,0.663,1.0,1604000000.0,0.388,0.0,97000000.0,44939000000.0,,1347000000.0,1551000000.0,0.0,1551000000.0,23136000000.0,8078000000.0,15058000000.0,64079652261.0,-244000000.0,-65000000.0,-94000000.0,0.0,-593000000.0,-685000000.0,-1315000000.0,-57000000.0,1756000000.0,0.0,848000000.0,848000000.0,848000000.0,0.0,0.0,0.205,435000000.0,1169000000.0,5412000000.0,0.7,3.061,28.569,28.658,30432000000.0,0.0,83.68,4.374,4.374,6615000000.0,22361000000.0,4131000000.0,4131000000.0,21000000.0,,,,,0.0,402000000.0,1.0,765770223.0,765770223.0,,5.395,44067000000.0,0.0,302000000.0,738000000.0,57.546,2912000000.0
13,OXY,MRQ,2018-03-31,2018-03-31,2018-03-31,2021-08-25,-312000000.0,42808000000.0,,8894000000.0,33914000000.0,,27.082,-1077000000.0,1606000000.0,1606000000.0,2392000000.0,708000000.0,1.258,1.066,10309000000.0,0.0,10309000000.0,10309000000.0,0.0,921000000.0,0.0,0.047,0.77,1144000000.0,2065000000.0,0.54,2065000000.0,1144000000.0,1047000000.0,0.92,0.92,0.92,20722000000.0,,20722000000.0,57860059162.0,23.0,8.872,-68000000.0,-0.089,1.0,1433000000.0,0.375,0.0,97000000.0,44441000000.0,,1057000000.0,1509000000.0,0.0,1509000000.0,22086000000.0,7070000000.0,15016000000.0,49704059162.0,-66000000.0,-177000000.0,10000000.0,478000000.0,-592000000.0,-104000000.0,-971000000.0,8000000.0,1009000000.0,0.0,708000000.0,708000000.0,708000000.0,0.0,0.0,0.185,352000000.0,1081000000.0,5059000000.0,0.837,2.399,26.133,26.194,31344000000.0,0.0,64.96,3.52,3.52,6245000000.0,22107000000.0,3825000000.0,3825000000.0,15000000.0,,,,,0.0,307000000.0,1.0,765148694.0,765148694.0,,4.999,42808000000.0,0.0,339000000.0,659000000.0,55.947,1824000000.0
14,OXY,MRQ,2017-12-31,2017-12-31,2017-12-31,2021-08-25,-258000000.0,42026000000.0,,8270000000.0,33756000000.0,,26.883,-1058000000.0,1672000000.0,1672000000.0,2491000000.0,497000000.0,1.118,1.043,9828000000.0,500000000.0,9328000000.0,9828000000.0,0.0,1076000000.0,0.0,0.042,0.77,153000000.0,1229000000.0,0.343,1229000000.0,153000000.0,66000000.0,0.65,0.64,0.65,20572000000.0,,20572000000.0,64387972260.0,38.0,11.346,363000000.0,0.474,1.0,1097000000.0,0.306,0.0,87000000.0,42782000000.0,,1246000000.0,1515000000.0,0.0,1515000000.0,21454000000.0,7400000000.0,14054000000.0,56367972260.0,-134000000.0,-4000000.0,-10000000.0,0.0,-592000000.0,-602000000.0,-953000000.0,1402000000.0,1421000000.0,0.0,497000000.0,497000000.0,497000000.0,0.0,0.0,0.139,1024000000.0,73000000.0,4408000000.0,1.185,2.74,42.996,43.076,31174000000.0,0.0,73.66,4.246,4.246,5212000000.0,21935000000.0,3588000000.0,3588000000.0,55000000.0,,,,,0.0,-430000000.0,1.0,765245347.0,765245347.0,,4.689,42026000000.0,0.0,-431000000.0,581000000.0,54.918,870000000.0
15,OXY,MRQ,2017-09-30,2017-09-30,2017-09-30,2021-08-25,-238000000.0,41443000000.0,,7045000000.0,34398000000.0,,27.033,-892000000.0,1806000000.0,1806000000.0,2428000000.0,190000000.0,1.107,1.005,9826000000.0,500000000.0,9326000000.0,9826000000.0,0.0,995000000.0,0.0,0.048,0.77,366000000.0,1361000000.0,0.438,1361000000.0,366000000.0,275000000.0,0.25,0.25,0.25,20669000000.0,,20669000000.0,56699237659.0,57.0,11.415,194000000.0,0.254,1.0,677000000.0,0.218,0.0,91000000.0,43101000000.0,,1007000000.0,1526000000.0,0.0,1526000000.0,20774000000.0,6362000000.0,14412000000.0,49093237659.0,-412000000.0,-683000000.0,3000000.0,0.0,-586000000.0,-583000000.0,-915000000.0,60000000.0,1086000000.0,0.0,190000000.0,190000000.0,190000000.0,0.0,0.0,0.061,371000000.0,306000000.0,3734000000.0,3.08,2.375,90.578,90.437,32065000000.0,0.0,64.21,3.924,3.924,4556000000.0,22032000000.0,3105000000.0,3105000000.0,8000000.0,,,,,0.0,352000000.0,1.0,764573083.0,764573083.0,,4.061,41443000000.0,0.0,85000000.0,978000000.0,54.204,683000000.0
16,OXY,MRQ,2017-06-30,2017-06-30,2017-06-30,2021-08-25,-252000000.0,41982000000.0,,8075000000.0,33907000000.0,,27.514,-764000000.0,2218000000.0,2218000000.0,2552000000.0,507000000.0,1.263,0.996,9824000000.0,500000000.0,9324000000.0,9824000000.0,0.0,989000000.0,0.0,0.051,0.76,878000000.0,1867000000.0,0.518,1867000000.0,878000000.0,792000000.0,0.66,0.66,0.66,21037000000.0,,21037000000.0,54103507576.0,128.0,12.161,1085000000.0,1.419,1.0,1051000000.0,0.292,0.0,86000000.0,43197000000.0,,920000000.0,1572000000.0,0.0,1572000000.0,20945000000.0,6391000000.0,14554000000.0,45775507576.0,724000000.0,-358000000.0,-2000000.0,0.0,-584000000.0,-586000000.0,-539000000.0,0.0,1849000000.0,0.0,507000000.0,507000000.0,507000000.0,0.0,0.0,0.141,360000000.0,691000000.0,3825000000.0,1.152,2.176,412.392,427.643,31466000000.0,0.0,59.87,3.771,3.771,4782000000.0,22435000000.0,3603000000.0,3603000000.0,8000000.0,,,,,0.0,352000000.0,1.0,764581720.0,764581720.0,,4.712,41982000000.0,0.0,285000000.0,1059000000.0,54.908,1684000000.0
17,OXY,MRQ,2017-03-31,2017-03-31,2017-03-31,2021-08-25,-253000000.0,42465000000.0,,8238000000.0,34227000000.0,,27.58,-763000000.0,1494000000.0,1494000000.0,2436000000.0,117000000.0,1.202,1.015,9822000000.0,500000000.0,9322000000.0,9822000000.0,0.0,942000000.0,0.0,0.048,0.76,276000000.0,1218000000.0,0.409,1218000000.0,276000000.0,195000000.0,0.15,0.15,0.15,21079000000.0,,21079000000.0,56011496831.0,-93.0,15.98,-258000000.0,-0.338,1.0,542000000.0,0.182,0.0,81000000.0,43941000000.0,,1005000000.0,1436000000.0,0.0,1436000000.0,21386000000.0,6852000000.0,14534000000.0,48425496831.0,-739000000.0,-19000000.0,12000000.0,0.0,-584000000.0,-572000000.0,-672000000.0,0.0,505000000.0,0.0,117000000.0,117000000.0,117000000.0,0.0,0.0,0.039,296000000.0,246000000.0,4071000000.0,5.067,2.297,-90.515,-90.514,32005000000.0,0.0,63.36,4.365,4.365,5102000000.0,22513000000.0,2978000000.0,2978000000.0,11000000.0,,,,,0.0,272000000.0,1.0,764291301.0,764291301.0,,3.896,42465000000.0,0.0,78000000.0,1031000000.0,55.561,1386000000.0
18,OXY,MRQ,2016-12-31,2016-12-31,2016-12-31,2021-08-25,-266000000.0,43109000000.0,,8428000000.0,34681000000.0,,28.13,-779000000.0,2233000000.0,2233000000.0,2443000000.0,-272000000.0,1.325,1.005,9819000000.0,0.0,9819000000.0,9819000000.0,0.0,1050000000.0,0.0,0.042,0.76,-529000000.0,521000000.0,0.184,521000000.0,-529000000.0,-605000000.0,-0.35,-0.35,-0.35,21497000000.0,,21497000000.0,59586146499.0,-63.0,17.926,137000000.0,0.179,1.0,383000000.0,0.136,0.0,76000000.0,44333000000.0,,866000000.0,1401000000.0,0.0,1401000000.0,21612000000.0,6362000000.0,15250000000.0,54433146499.0,-2140000000.0,-1962000000.0,4000000.0,1485000000.0,-585000000.0,-289000000.0,-2767000000.0,467000000.0,916000000.0,0.0,-272000000.0,-272000000.0,-272000000.0,4000000.0,0.0,-0.096,947000000.0,-564000000.0,3926000000.0,-2.171,2.532,-94.831,-94.973,32337000000.0,0.0,71.23,5.235,5.235,4932000000.0,22981000000.0,2826000000.0,2826000000.0,17000000.0,,,,,0.0,404000000.0,1.0,764188495.0,764188495.0,,3.698,43109000000.0,0.0,-333000000.0,1132000000.0,56.411,2066000000.0
19,OXY,MRQ,2016-09-30,2016-09-30,2016-09-30,2021-08-25,-294000000.0,41630000000.0,,8711000000.0,32919000000.0,,29.186,-596000000.0,3180000000.0,3180000000.0,2445000000.0,-241000000.0,1.531,0.867,8333000000.0,0.0,8333000000.0,8333000000.0,0.0,1046000000.0,0.0,0.041,0.76,-203000000.0,843000000.0,0.308,843000000.0,-203000000.0,-271000000.0,-0.32,-0.32,-0.32,22296000000.0,,22296000000.0,60285502879.0,-9.0,-27.058,54000000.0,0.071,1.0,288000000.0,0.105,0.0,68000000.0,41095000000.0,,927000000.0,1420000000.0,0.0,1420000000.0,19334000000.0,5688000000.0,13646000000.0,55705502879.0,-571000000.0,-48000000.0,-4000000.0,0.0,-575000000.0,-579000000.0,-642000000.0,-61000000.0,650000000.0,0.0,-241000000.0,-241000000.0,-241000000.0,3000000.0,0.0,-0.088,546000000.0,-258000000.0,3392000000.0,-2.375,2.498,-10.165,-10.17,30419000000.0,0.0,72.92,5.349,5.349,4601000000.0,23836000000.0,2733000000.0,2733000000.0,9000000.0,,,,,0.0,316000000.0,1.0,763926260.0,763926260.0,,3.578,41630000000.0,0.0,-30000000.0,1411000000.0,54.495,3023000000.0
20,OXY,MRQ,2016-06-30,2016-06-30,2016-06-30,2021-08-25,-299000000.0,42395000000.0,,8972000000.0,33423000000.0,,30.247,-602000000.0,3751000000.0,3751000000.0,2388000000.0,-139000000.0,1.703,0.835,8331000000.0,0.0,8331000000.0,8331000000.0,0.0,1070000000.0,0.0,0.04,0.75,-147000000.0,923000000.0,0.361,923000000.0,-147000000.0,-235000000.0,-0.18,-0.18,-0.18,23101000000.0,,23101000000.0,62140307513.0,-7.0,-12.543,527000000.0,0.69,1.0,170000000.0,0.066,0.0,88000000.0,41708000000.0,,906000000.0,1360000000.0,0.0,1360000000.0,19294000000.0,5267000000.0,14027000000.0,57708307513.0,575000000.0,-10000000.0,10000000.0,708000000.0,-575000000.0,143000000.0,-697000000.0,-389000000.0,1129000000.0,0.0,-139000000.0,-139000000.0,-139000000.0,3000000.0,0.0,-0.054,365000000.0,-195000000.0,3126000000.0,-4.167,2.498,-7.353,-7.357,31038000000.0,0.0,75.56,5.281,5.281,4138000000.0,24661000000.0,2558000000.0,2558000000.0,27000000.0,,,,,0.0,338000000.0,1.0,763741497.0,763741497.0,,3.349,42395000000.0,0.0,-96000000.0,1646000000.0,55.51,3705000000.0
21,OXY,MRQ,2016-03-31,2016-03-31,2016-03-31,2021-08-25,-304000000.0,42018000000.0,,8237000000.0,33781000000.0,,31.144,-854000000.0,3176000000.0,3176000000.0,2458000000.0,78000000.0,1.207,0.766,7608000000.0,2000000000.0,5608000000.0,7608000000.0,0.0,1102000000.0,0.0,0.044,0.75,-65000000.0,1037000000.0,0.455,1037000000.0,-65000000.0,-125000000.0,0.1,0.1,0.1,23789000000.0,,23789000000.0,56208934974.0,-6.0,-13.216,-165000000.0,-0.216,1.0,-177000000.0,-0.078,0.0,60000000.0,39624000000.0,,997000000.0,1301000000.0,0.0,1301000000.0,18229000000.0,6826000000.0,11403000000.0,52269934974.0,-25000000.0,-24000000.0,4000000.0,-700000000.0,-574000000.0,-77000000.0,-637000000.0,285000000.0,689000000.0,0.0,78000000.0,78000000.0,78000000.0,-438000000.0,0.0,0.034,359000000.0,-536000000.0,2801000000.0,7.5,2.197,-6.939,-6.94,31505000000.0,0.0,68.43,4.398,4.398,3755000000.0,25375000000.0,2281000000.0,2281000000.0,9000000.0,,,,,0.0,272000000.0,1.0,763845316.0,763845316.0,,2.986,42018000000.0,0.0,-203000000.0,1642000000.0,55.009,1411000000.0
22,OXY,MRQ,2015-12-31,2015-12-31,2015-12-31,2021-08-25,-307000000.0,43409000000.0,,9402000000.0,34007000000.0,,31.883,-1020000000.0,4394000000.0,4394000000.0,2680000000.0,-5178000000.0,1.374,0.783,8305000000.0,1450000000.0,6855000000.0,8305000000.0,0.0,1276000000.0,0.0,0.044,0.75,-6307000000.0,-5031000000.0,-1.77,-5031000000.0,-6307000000.0,-6368000000.0,-6.77,-6.77,-6.77,24350000000.0,,24350000000.0,55656182238.0,-6.0,-12.457,-55000000.0,-0.072,1.0,163000000.0,0.057,0.0,61000000.0,40478000000.0,,986000000.0,1434000000.0,0.0,1434000000.0,19059000000.0,6842000000.0,12217000000.0,51636182238.0,654000000.0,-57000000.0,-4000000.0,0.0,-574000000.0,-6000000.0,-305000000.0,1041000000.0,965000000.0,0.0,-5178000000.0,-5178000000.0,-5178000000.0,-327000000.0,0.0,-1.821,6851000000.0,-6688000000.0,3069000000.0,-0.111,2.121,-6.596,-6.609,31639000000.0,0.0,67.61,4.066,4.066,3904000000.0,25960000000.0,2843000000.0,2843000000.0,13000000.0,,,,,0.0,320000000.0,1.0,763735871.0,763735871.0,,3.722,43409000000.0,0.0,-1190000000.0,1323000000.0,56.838,2560000000.0
23,OXY,MRQ,2015-09-30,2015-09-30,2015-09-30,2021-08-25,-559000000.0,50089000000.0,,10540000000.0,39549000000.0,,39.115,-1194000000.0,4312000000.0,4312000000.0,2615000000.0,-2609000000.0,1.418,0.676,8332000000.0,1450000000.0,6882000000.0,8332000000.0,0.0,1123000000.0,0.0,0.044,0.75,-3006000000.0,-1883000000.0,-0.58,-1883000000.0,-3006000000.0,-3054000000.0,-3.42,-3.42,-3.42,29882000000.0,,29882000000.0,53727367646.0,-8.0,-23.943,-174000000.0,-0.228,1.0,631000000.0,0.194,0.0,48000000.0,46676000000.0,,1122000000.0,1614000000.0,0.0,1614000000.0,20207000000.0,7433000000.0,12774000000.0,50535367646.0,-209000000.0,-9000000.0,-39000000.0,0.0,-577000000.0,0.0,-1229000000.0,32000000.0,1020000000.0,0.0,-2609000000.0,-2609000000.0,-2609000000.0,3000000.0,0.0,-0.804,3694000000.0,-3063000000.0,3727000000.0,-0.219,1.691,-8.334,-8.47,36835000000.0,0.0,66.15,3.125,3.125,4607000000.0,31712000000.0,3246000000.0,3246000000.0,5000000.0,,,,,0.0,292000000.0,1.0,763951136.0,763951136.0,,4.249,50089000000.0,0.0,-445000000.0,2604000000.0,65.566,3107000000.0
24,OXY,MRQ,2015-06-30,2015-06-30,2015-06-30,2021-08-25,-316000000.0,54369000000.0,,11008000000.0,43361000000.0,,43.355,-1517000000.0,5138000000.0,5138000000.0,2703000000.0,176000000.0,1.407,0.633,8330000000.0,1450000000.0,6880000000.0,8330000000.0,0.0,1116000000.0,0.0,0.037,0.75,508000000.0,1624000000.0,0.462,1624000000.0,508000000.0,500000000.0,0.23,0.23,0.23,33302000000.0,,33302000000.0,61157641772.0,-34.0,23.36,-712000000.0,-0.927,1.0,811000000.0,0.231,0.0,8000000.0,49736000000.0,,1120000000.0,1762000000.0,0.0,1762000000.0,21067000000.0,7825000000.0,13242000000.0,59736641772.0,603000000.0,-37000000.0,-325000000.0,1478000000.0,-556000000.0,1481000000.0,-1683000000.0,-187000000.0,805000000.0,0.0,176000000.0,176000000.0,176000000.0,4000000.0,0.0,0.05,357000000.0,454000000.0,4145000000.0,3.261,1.794,-26.585,-27.384,40478000000.0,0.0,77.77,3.346,3.346,5094000000.0,34896000000.0,3514000000.0,3514000000.0,10000000.0,,,,,0.0,347000000.0,1.0,768119349.0,768119349.0,,4.575,54369000000.0,0.0,324000000.0,3153000000.0,70.782,3183000000.0
25,OXY,MRQ,2015-03-31,2015-03-31,2015-03-31,2021-08-25,-206000000.0,53389000000.0,,10434000000.0,42955000000.0,,44.337,-2133000000.0,5418000000.0,5418000000.0,2693000000.0,-218000000.0,1.509,0.563,6839000000.0,700000000.0,6139000000.0,6839000000.0,0.0,1029000000.0,0.0,0.039,0.72,-207000000.0,822000000.0,0.266,822000000.0,-207000000.0,-237000000.0,-0.28,-0.28,-0.28,34164000000.0,,34164000000.0,55280176572.0,-1579.0,12.922,-1572000000.0,-2.04,1.0,403000000.0,0.13,0.0,30000000.0,47895000000.0,,1133000000.0,1765000000.0,0.0,1765000000.0,19225000000.0,6915000000.0,12310000000.0,56250176572.0,-1636000000.0,-6000000.0,-188000000.0,0.0,-557000000.0,9000000.0,-2206000000.0,-67000000.0,561000000.0,0.0,-218000000.0,-218000000.0,-218000000.0,3000000.0,0.0,-0.07,643000000.0,-240000000.0,3867000000.0,-2.571,1.646,-56.704,-58.871,40109000000.0,0.0,73.0,2.806,2.806,4149000000.0,35294000000.0,3096000000.0,3096000000.0,8000000.0,,,,,0.0,311000000.0,1.0,770550364.0,770550364.0,,4.018,53389000000.0,0.0,-19000000.0,3143000000.0,69.287,3519000000.0
26,OXY,MRQ,2014-12-31,2014-12-31,2014-12-31,2021-08-25,-357000000.0,56259000000.0,,13873000000.0,42386000000.0,,45.083,-2429000000.0,7808000000.0,7808000000.0,3057000000.0,-3407000000.0,1.683,0.609,6838000000.0,0.0,6838000000.0,6838000000.0,0.0,1204000000.0,0.0,0.036,0.72,-4011000000.0,-2807000000.0,-0.445,-2807000000.0,-4011000000.0,-4030000000.0,-4.34,-4.34,-4.34,34959000000.0,,34959000000.0,68046258254.0,29.0,10.249,437000000.0,0.564,1.0,3257000000.0,0.516,0.0,19000000.0,47045000000.0,,1052000000.0,1565000000.0,0.0,1565000000.0,21300000000.0,8244000000.0,13056000000.0,62507258254.0,892000000.0,-1335000000.0,-404000000.0,-1599000000.0,-561000000.0,-334000000.0,-1640000000.0,3035000000.0,2866000000.0,0.0,-3413000000.0,-3413000000.0,-3413000000.0,-19000000.0,6000000.0,-0.541,7369000000.0,-4112000000.0,5229000000.0,-0.166,1.788,101.473,102.038,39730000000.0,0.0,80.61,2.848,2.848,5297000000.0,36067000000.0,6314000000.0,6314000000.0,59000000.0,,,,,0.0,402000000.0,1.0,775428089.0,775428089.0,,8.143,56259000000.0,0.0,-617000000.0,3429000000.0,72.552,5629000000.0
27,OXY,MRQ,2014-09-30,2014-09-30,2014-09-30,2021-08-25,-289000000.0,71510000000.0,,10507000000.0,61003000000.0,,55.769,-2035000000.0,2897000000.0,2897000000.0,2927000000.0,1211000000.0,1.104,0.631,8436000000.0,1599000000.0,6837000000.0,8436000000.0,0.0,1056000000.0,0.0,0.029,0.72,1923000000.0,2979000000.0,0.604,2979000000.0,1923000000.0,1907000000.0,1.55,1.55,1.55,43479000000.0,,43479000000.0,79405260084.0,9.0,6.691,603000000.0,0.773,1.0,2003000000.0,0.406,0.0,16000000.0,67528000000.0,,1359000000.0,1544000000.0,0.0,1544000000.0,27425000000.0,9521000000.0,17904000000.0,74961260084.0,506000000.0,-45000000.0,-503000000.0,1599000000.0,-565000000.0,610000000.0,-2742000000.0,1142000000.0,2638000000.0,0.0,1208000000.0,1208000000.0,1208000000.0,-213000000.0,3000000.0,0.245,383000000.0,1620000000.0,5511000000.0,0.465,1.724,13.216,13.391,58465000000.0,0.0,96.15,4.034,4.034,5954000000.0,44166000000.0,4930000000.0,4930000000.0,28000000.0,,,,,0.0,355000000.0,1.0,779628290.0,779628290.0,,6.324,71510000000.0,0.0,699000000.0,7708000000.0,91.723,986000000.0
28,OXY,MRQ,2014-06-30,2014-06-30,2014-06-30,2021-08-25,-291000000.0,70293000000.0,,10786000000.0,59507000000.0,,55.102,-2130000000.0,2391000000.0,2391000000.0,2859000000.0,1434000000.0,1.216,0.612,6835000000.0,0.0,6835000000.0,6835000000.0,0.0,1024000000.0,0.0,0.027,0.72,2260000000.0,3284000000.0,0.576,3284000000.0,2260000000.0,2240000000.0,1.83,1.82,1.83,43289000000.0,,43289000000.0,85172579599.0,9.0,6.617,737000000.0,0.938,1.0,2846000000.0,0.499,0.0,20000000.0,65868000000.0,,1323000000.0,1547000000.0,0.0,1547000000.0,26481000000.0,8869000000.0,17612000000.0,80627579599.0,59000000.0,-303000000.0,-627000000.0,-46000000.0,-570000000.0,-1093000000.0,-1715000000.0,0.0,2867000000.0,0.0,1431000000.0,1431000000.0,1431000000.0,-273000000.0,3000000.0,0.251,939000000.0,1907000000.0,6097000000.0,0.393,1.863,13.333,13.522,57134000000.0,0.0,102.63,4.006,4.006,6652000000.0,43519000000.0,5705000000.0,5705000000.0,39000000.0,,,,,0.0,429000000.0,1.0,785614144.0,785614144.0,,7.262,70293000000.0,0.0,809000000.0,7753000000.0,89.475,1917000000.0
29,OXY,MRQ,2014-03-31,2014-03-31,2014-03-31,2021-08-25,-296000000.0,69275000000.0,,10899000000.0,58376000000.0,,54.103,-1794000000.0,2332000000.0,2332000000.0,2771000000.0,1392000000.0,1.331,0.602,6877000000.0,0.0,6877000000.0,6877000000.0,0.0,977000000.0,0.0,0.028,0.72,2206000000.0,3183000000.0,0.637,3183000000.0,2206000000.0,2184000000.0,1.75,1.75,1.75,42998000000.0,,42998000000.0,79277532632.0,9.0,6.032,903000000.0,1.136,1.0,2227000000.0,0.446,0.0,22000000.0,65630000000.0,,1308000000.0,1511000000.0,0.0,1511000000.0,25906000000.0,8190000000.0,17716000000.0,75731532632.0,-1061000000.0,-4000000.0,-933000000.0,-61000000.0,-514000000.0,-1385000000.0,-2373000000.0,0.0,2697000000.0,0.0,1390000000.0,1390000000.0,1390000000.0,-255000000.0,2000000.0,0.278,341000000.0,1886000000.0,5423000000.0,0.411,1.761,12.754,12.877,56044000000.0,0.0,95.29,3.686,3.686,6054000000.0,42652000000.0,4998000000.0,4998000000.0,24000000.0,,,,,0.0,317000000.0,1.0,794747955.0,794747955.0,,6.289,69275000000.0,0.0,794000000.0,7724000000.0,87.166,2709000000.0
30,OXY,MRQ,2013-12-31,2013-12-31,2013-12-31,2021-08-25,-303000000.0,69443000000.0,,11323000000.0,58120000000.0,,53.502,-657000000.0,3393000000.0,3393000000.0,1165000000.0,1643000000.0,1.343,0.605,6939000000.0,0.0,6939000000.0,6939000000.0,0.0,307000000.0,0.0,0.027,0.64,2114000000.0,2421000000.0,0.821,2421000000.0,2114000000.0,2075000000.0,2.05,2.04,2.05,43126000000.0,,43126000000.0,80446296300.0,9.0,5.98,2335000000.0,2.897,1.0,1784000000.0,0.605,0.0,39000000.0,64555000000.0,,1200000000.0,1459000000.0,0.0,1459000000.0,26071000000.0,8434000000.0,17637000000.0,76656296300.0,-378000000.0,-264000000.0,-876000000.0,-624000000.0,-519000000.0,-1946000000.0,-1424000000.0,1349000000.0,2992000000.0,0.0,1643000000.0,1643000000.0,1643000000.0,-985000000.0,0.0,0.557,762000000.0,1022000000.0,5520000000.0,0.312,1.777,12.986,12.974,55821000000.0,0.0,95.1,3.573,3.573,6514000000.0,41831000000.0,2949000000.0,2949000000.0,-56000000.0,,,,,0.0,197000000.0,1.0,806059898.0,806059898.0,,3.659,69443000000.0,0.0,432000000.0,7555000000.0,86.151,2889000000.0
31,OXY,MRQ,2013-09-30,2013-09-30,2013-09-30,2021-08-25,-448000000.0,69437000000.0,,11938000000.0,57499000000.0,,53.105,-2271000000.0,3771000000.0,3771000000.0,3400000000.0,1583000000.0,1.35,0.619,7561000000.0,600000000.0,6961000000.0,7561000000.0,0.0,1334000000.0,0.0,0.026,0.64,2649000000.0,3983000000.0,0.615,3983000000.0,2649000000.0,2620000000.0,1.96,1.96,1.96,42790000000.0,,42790000000.0,79928159696.0,11.0,6.961,1290000000.0,1.601,1.0,3075000000.0,0.475,0.0,29000000.0,64385000000.0,,1328000000.0,1713000000.0,0.0,1713000000.0,26469000000.0,8842000000.0,17627000000.0,75371159696.0,702000000.0,-116000000.0,-33000000.0,-66000000.0,-517000000.0,-538000000.0,-2321000000.0,0.0,3561000000.0,0.0,1583000000.0,1583000000.0,1583000000.0,5000000.0,0.0,0.244,527000000.0,2548000000.0,5671000000.0,0.327,1.761,16.399,16.411,55027000000.0,0.0,93.54,3.656,3.656,6412000000.0,40700000000.0,6475000000.0,6475000000.0,68000000.0,,,,,0.0,459000000.0,1.0,805763948.0,805763948.0,,8.036,69437000000.0,0.0,1037000000.0,7131000000.0,86.175,3096000000.0
32,OXY,MRQ,2013-06-30,2013-06-30,2013-06-30,2021-08-25,-456000000.0,67422000000.0,,10859000000.0,56563000000.0,,51.826,-2210000000.0,3069000000.0,3069000000.0,3376000000.0,1322000000.0,1.319,0.612,7626000000.0,600000000.0,7026000000.0,7626000000.0,0.0,1303000000.0,0.0,0.026,0.64,2253000000.0,3556000000.0,0.581,3556000000.0,2253000000.0,2223000000.0,1.64,1.64,1.64,41753000000.0,,41753000000.0,77371588243.0,11.0,7.09,1303000000.0,1.617,1.0,2745000000.0,0.448,0.0,30000000.0,63745000000.0,,1340000000.0,1808000000.0,0.0,1808000000.0,25572000000.0,8234000000.0,17338000000.0,71887588243.0,929000000.0,-132000000.0,-8000000.0,0.0,-517000000.0,-480000000.0,-2104000000.0,270000000.0,3513000000.0,0.0,1322000000.0,1322000000.0,1322000000.0,5000000.0,0.0,0.216,573000000.0,2172000000.0,5274000000.0,0.39,1.722,16.383,16.433,53949000000.0,0.0,89.23,3.571,3.571,6027000000.0,39634000000.0,6121000000.0,6121000000.0,78000000.0,,,,,0.0,495000000.0,1.0,805643710.0,805643710.0,,7.598,67422000000.0,0.0,901000000.0,6687000000.0,83.687,2625000000.0
33,OXY,MRQ,2013-03-31,2013-03-31,2013-03-31,2021-08-25,-502000000.0,65824000000.0,,10154000000.0,55670000000.0,,50.753,-2070000000.0,2140000000.0,2140000000.0,3323000000.0,1355000000.0,1.304,0.609,7624000000.0,600000000.0,7024000000.0,7624000000.0,0.0,1259000000.0,0.0,0.029,0.64,2233000000.0,3492000000.0,0.591,3492000000.0,2233000000.0,2199000000.0,1.68,1.68,1.68,40882000000.0,,40882000000.0,69159222541.0,10.0,6.479,642000000.0,0.797,1.0,2584000000.0,0.437,0.0,34000000.0,63522000000.0,,1306000000.0,1917000000.0,0.0,1917000000.0,24884000000.0,7786000000.0,17098000000.0,63128222541.0,548000000.0,-94000000.0,4000000.0,0.0,0.0,31000000.0,-2195000000.0,0.0,2712000000.0,0.0,1355000000.0,1355000000.0,1355000000.0,4000000.0,0.0,0.229,443000000.0,2141000000.0,4889000000.0,0.381,1.544,14.367,14.433,52981000000.0,0.0,78.37,3.188,3.188,5767000000.0,38829000000.0,5907000000.0,5907000000.0,50000000.0,,,,,0.0,393000000.0,1.0,805515153.0,805515153.0,,7.333,65824000000.0,0.0,844000000.0,6404000000.0,81.717,2368000000.0
34,OXY,MRQ,2012-12-31,2012-12-31,2012-12-31,2021-08-25,-502000000.0,64210000000.0,,9492000000.0,54718000000.0,,49.391,-145000000.0,1592000000.0,1592000000.0,929000000.0,336000000.0,1.302,0.604,7623000000.0,600000000.0,7023000000.0,7623000000.0,0.0,265000000.0,0.0,0.028,0.54,186000000.0,451000000.0,0.213,451000000.0,186000000.0,126000000.0,0.42,0.42,0.42,40016000000.0,,40016000000.0,65930189345.0,9.0,5.996,2655000000.0,3.277,1.0,1185000000.0,0.561,0.0,60000000.0,62951000000.0,,1344000000.0,1894000000.0,0.0,1894000000.0,24162000000.0,7290000000.0,16872000000.0,62068189345.0,-2168000000.0,-920000000.0,-355000000.0,0.0,-876000000.0,-1197000000.0,-3771000000.0,4000000.0,2800000000.0,0.0,336000000.0,336000000.0,336000000.0,-778000000.0,0.0,0.159,1847000000.0,-662000000.0,4708000000.0,1.286,1.551,13.499,13.511,52064000000.0,0.0,76.61,3.076,3.076,5676000000.0,37990000000.0,2114000000.0,2114000000.0,-66000000.0,,,,,0.0,203000000.0,1.0,810183910.0,810183910.0,,2.609,64210000000.0,0.0,-210000000.0,6055000000.0,79.254,2202000000.0
35,OXY,MRQ,2012-09-30,2012-09-30,2012-09-30,2021-08-25,-481000000.0,65625000000.0,,11909000000.0,53716000000.0,,49.971,-2591000000.0,3760000000.0,3760000000.0,3348000000.0,1375000000.0,1.52,0.621,7622000000.0,0.0,7622000000.0,7622000000.0,0.0,1148000000.0,0.0,0.024,0.54,2266000000.0,3414000000.0,0.57,3414000000.0,2266000000.0,2230000000.0,1.69,1.69,1.69,40474000000.0,,40474000000.0,72914071953.0,7.0,5.172,-50000000.0,-0.062,1.0,2643000000.0,0.441,0.0,36000000.0,61653000000.0,,1297000000.0,1982000000.0,0.0,1982000000.0,25151000000.0,7834000000.0,17317000000.0,69704071953.0,-650000000.0,-83000000.0,-49000000.0,0.0,-439000000.0,-482000000.0,-2709000000.0,0.0,2541000000.0,0.0,1375000000.0,1375000000.0,1375000000.0,4000000.0,0.0,0.23,463000000.0,2180000000.0,5504000000.0,0.32,1.722,11.822,11.854,50963000000.0,0.0,86.06,2.89,2.89,6125000000.0,38089000000.0,5991000000.0,5991000000.0,69000000.0,,,,,0.0,394000000.0,1.0,809947385.0,809947385.0,,7.397,65625000000.0,0.0,855000000.0,6159000000.0,81.024,4075000000.0
36,OXY,MRQ,2012-06-30,2012-06-30,2012-06-30,2021-08-25,-490000000.0,64283000000.0,,12133000000.0,52150000000.0,,48.763,-2713000000.0,4410000000.0,4410000000.0,3227000000.0,1328000000.0,1.538,0.625,7620000000.0,0.0,7620000000.0,7620000000.0,0.0,1087000000.0,0.0,0.023,0.54,2231000000.0,3318000000.0,0.573,3318000000.0,2231000000.0,2203000000.0,1.64,1.64,1.64,39550000000.0,,39550000000.0,71678252613.0,7.0,4.947,480000000.0,0.592,1.0,2565000000.0,0.443,0.0,28000000.0,59606000000.0,,1499000000.0,1972000000.0,0.0,1972000000.0,24733000000.0,7887000000.0,16846000000.0,69565252613.0,650000000.0,-984000000.0,-94000000.0,1736000000.0,-439000000.0,1204000000.0,-3747000000.0,0.0,3193000000.0,0.0,1328000000.0,1328000000.0,1328000000.0,4000000.0,0.0,0.229,431000000.0,2134000000.0,5453000000.0,0.329,1.759,11.056,11.081,49397000000.0,0.0,85.77,2.874,2.874,5740000000.0,37152000000.0,5792000000.0,5792000000.0,96000000.0,,,,,0.0,335000000.0,1.0,811067420.0,811067420.0,,7.141,64283000000.0,0.0,875000000.0,5644000000.0,79.257,4246000000.0
37,OXY,MRQ,2012-03-31,2012-03-31,2012-03-31,2021-08-25,-488000000.0,61622000000.0,,11987000000.0,49635000000.0,,47.774,-2412000000.0,3760000000.0,3760000000.0,3124000000.0,1559000000.0,1.48,0.59,5873000000.0,0.0,5873000000.0,5873000000.0,0.0,1085000000.0,0.0,0.02,0.54,2728000000.0,3813000000.0,0.607,3813000000.0,2728000000.0,2698000000.0,1.92,1.92,1.92,38747000000.0,,38747000000.0,79326827835.0,7.0,5.3,353000000.0,0.435,1.0,3159000000.0,0.503,0.0,30000000.0,55637000000.0,,1250000000.0,1965000000.0,0.0,1965000000.0,22875000000.0,8098000000.0,14777000000.0,77236827835.0,-21000000.0,-97000000.0,0.0,0.0,-374000000.0,-371000000.0,-2415000000.0,0.0,2765000000.0,0.0,1559000000.0,1559000000.0,1559000000.0,1000000.0,0.0,0.248,532000000.0,2627000000.0,5522000000.0,0.281,1.993,11.39,11.432,46903000000.0,0.0,95.23,3.137,3.137,6479000000.0,36262000000.0,6283000000.0,6283000000.0,98000000.0,,,,,0.0,434000000.0,1.0,811055632.0,811055632.0,,7.747,61622000000.0,0.0,1139000000.0,5451000000.0,75.978,3889000000.0
38,OXY,MRQ,2011-12-31,2011-12-31,2011-12-31,2021-08-25,-483000000.0,60044000000.0,,11542000000.0,48502000000.0,,46.342,-2549000000.0,3781000000.0,3781000000.0,2991000000.0,1634000000.0,1.452,0.596,5871000000.0,0.0,5871000000.0,5871000000.0,0.0,938000000.0,0.0,0.02,0.46,2614000000.0,3552000000.0,0.587,3552000000.0,2614000000.0,2583000000.0,2.01,2.01,2.01,37620000000.0,,37620000000.0,77895594818.0,7.0,5.242,1094000000.0,1.348,1.0,3065000000.0,0.506,0.0,31000000.0,54187000000.0,,1069000000.0,2072000000.0,0.0,2072000000.0,22424000000.0,7947000000.0,14477000000.0,76064594818.0,-258000000.0,-839000000.0,-112000000.0,0.0,-376000000.0,-486000000.0,-3415000000.0,50000000.0,3643000000.0,0.0,1634000000.0,1634000000.0,1634000000.0,7000000.0,0.0,0.27,525000000.0,2540000000.0,5304000000.0,0.229,2.022,11.234,11.262,45684000000.0,0.0,93.7,3.154,3.154,6141000000.0,35142000000.0,6056000000.0,6056000000.0,73000000.0,,,,,0.0,452000000.0,1.0,811788632.0,811788632.0,,7.46,60044000000.0,0.0,949000000.0,4956000000.0,73.965,3595000000.0
39,OXY,MRQ,2011-09-30,2011-09-30,2011-09-30,2021-08-25,-419000000.0,57244000000.0,,11376000000.0,45868000000.0,,44.882,-2011000000.0,4039000000.0,4039000000.0,3031000000.0,1771000000.0,1.624,0.569,5870000000.0,0.0,5870000000.0,5870000000.0,0.0,924000000.0,0.0,0.025,0.46,2883000000.0,3807000000.0,0.627,3807000000.0,2883000000.0,2858000000.0,2.17,2.17,2.17,36479000000.0,,36479000000.0,60368103262.0,6.0,4.323,1063000000.0,1.308,1.0,3045000000.0,0.501,0.0,25000000.0,52071000000.0,,1249000000.0,2105000000.0,0.0,2105000000.0,20765000000.0,7004000000.0,13761000000.0,58113103262.0,2045000000.0,-165000000.0,-74000000.0,1611000000.0,-375000000.0,1168000000.0,-2197000000.0,0.0,3074000000.0,0.0,1771000000.0,1771000000.0,1771000000.0,4000000.0,0.0,0.291,281000000.0,2764000000.0,4595000000.0,0.212,1.593,9.153,9.178,43025000000.0,0.0,71.5,2.51,2.51,5567000000.0,33882000000.0,6076000000.0,6076000000.0,39000000.0,,,,,0.0,242000000.0,1.0,812770675.0,812770675.0,,7.476,57244000000.0,0.0,1087000000.0,4634000000.0,70.431,4372000000.0
40,OXY,MRQ,2011-06-30,2011-06-30,2011-06-30,2021-08-25,-452000000.0,54595000000.0,,9943000000.0,44652000000.0,,43.254,-1633000000.0,1994000000.0,1994000000.0,2882000000.0,1817000000.0,1.229,0.553,4249000000.0,500000000.0,3749000000.0,4249000000.0,0.0,839000000.0,0.0,0.016,0.46,2955000000.0,3794000000.0,0.611,3794000000.0,2955000000.0,2928000000.0,2.23,2.23,2.23,35160000000.0,,35160000000.0,87219475257.0,9.0,6.716,1709000000.0,2.102,1.0,3326000000.0,0.536,0.0,27000000.0,48757000000.0,,1202000000.0,2084000000.0,0.0,2084000000.0,19435000000.0,8093000000.0,11342000000.0,84571475257.0,-106000000.0,-890000000.0,-28000000.0,-500000000.0,-375000000.0,-898000000.0,-2550000000.0,0.0,3342000000.0,0.0,1817000000.0,1817000000.0,1817000000.0,2000000.0,0.0,0.293,450000000.0,2876000000.0,5030000000.0,0.206,2.405,14.66,14.695,41795000000.0,0.0,104.04,3.867,3.867,6315000000.0,32485000000.0,6208000000.0,6208000000.0,62000000.0,,,,,0.0,388000000.0,1.0,812874618.0,812874618.0,,7.637,54595000000.0,0.0,1111000000.0,4239000000.0,67.163,1850000000.0
41,OXY,MRQ,2011-03-31,2011-03-31,2011-03-31,2021-08-25,-522000000.0,54065000000.0,,10591000000.0,43474000000.0,,41.407,-1325000000.0,2100000000.0,2100000000.0,2677000000.0,1549000000.0,1.128,0.606,4748000000.0,1000000000.0,3748000000.0,4748000000.0,0.0,890000000.0,0.0,0.015,0.46,2818000000.0,3708000000.0,0.642,3708000000.0,2818000000.0,2603000000.0,1.9,1.9,1.9,33658000000.0,,33658000000.0,87467609669.0,10.0,7.355,897000000.0,1.104,1.0,3102000000.0,0.537,0.0,215000000.0,47322000000.0,,1091000000.0,2093000000.0,0.0,2093000000.0,20407000000.0,9391000000.0,11016000000.0,84934609669.0,-478000000.0,-3015000000.0,-10000000.0,-523000000.0,-310000000.0,-959000000.0,-1741000000.0,0.0,2222000000.0,0.0,1549000000.0,1549000000.0,1549000000.0,-144000000.0,0.0,0.268,525000000.0,2577000000.0,5076000000.0,0.242,2.523,16.936,16.963,40598000000.0,0.0,104.49,4.184,4.184,6792000000.0,31043000000.0,5779000000.0,5779000000.0,84000000.0,,,,,0.0,441000000.0,1.0,812849169.0,812849169.0,,7.11,54065000000.0,0.0,1054000000.0,4085000000.0,66.513,1200000000.0
42,OXY,MRQ,2010-12-31,2010-12-31,2010-12-31,2021-08-25,-524000000.0,52432000000.0,,13059000000.0,39373000000.0,,39.976,-1360000000.0,2578000000.0,2578000000.0,2505000000.0,1226000000.0,1.669,0.614,5111000000.0,0.0,5111000000.0,5111000000.0,0.0,800000000.0,0.0,0.015,0.38,1854000000.0,2654000000.0,0.522,2654000000.0,1854000000.0,1830000000.0,1.49,1.49,1.49,32484000000.0,,32484000000.0,80117667765.0,10.0,7.422,1462000000.0,1.799,1.0,2581000000.0,0.507,0.0,24000000.0,47140000000.0,,1041000000.0,2039000000.0,0.0,2039000000.0,19948000000.0,7825000000.0,12123000000.0,79714667765.0,471000000.0,-3111000000.0,-53000000.0,2584000000.0,-311000000.0,2237000000.0,-4588000000.0,0.0,2822000000.0,0.0,1212000000.0,1212000000.0,1212000000.0,-20000000.0,14000000.0,0.238,817000000.0,1764000000.0,4646000000.0,0.255,2.454,17.597,17.612,36536000000.0,0.0,98.1,4.161,4.161,5830000000.0,29868000000.0,5086000000.0,5086000000.0,54000000.0,,,,,0.0,488000000.0,1.0,812585808.0,812585808.0,,6.259,52432000000.0,0.0,618000000.0,3615000000.0,64.525,5234000000.0
43,OXY,MRQ,2010-09-30,2010-09-30,2010-09-30,2021-08-25,-443000000.0,47503000000.0,,8922000000.0,38581000000.0,,39.038,-1020000000.0,2109000000.0,2109000000.0,2433000000.0,1213000000.0,1.417,0.494,2512000000.0,0.0,2512000000.0,2512000000.0,0.0,792000000.0,0.0,0.018,0.38,2038000000.0,2830000000.0,0.59,2830000000.0,2038000000.0,2013000000.0,1.46,1.46,1.46,31708000000.0,,31708000000.0,63799674741.0,8.0,6.182,1403000000.0,1.727,1.0,2363000000.0,0.493,0.0,25000000.0,41608000000.0,,1127000000.0,1777000000.0,0.0,1777000000.0,15659000000.0,6298000000.0,9361000000.0,63598674741.0,-194000000.0,-1149000000.0,2000000.0,-12000000.0,-310000000.0,-318000000.0,-2299000000.0,0.0,2423000000.0,0.0,1191000000.0,1191000000.0,1191000000.0,12000000.0,22000000.0,0.248,360000000.0,2003000000.0,3832000000.0,0.26,2.006,14.943,14.943,35974000000.0,0.0,78.3,3.521,3.521,5197000000.0,28964000000.0,4796000000.0,4796000000.0,83000000.0,,,,,0.0,277000000.0,1.0,812243611.0,812243611.0,,5.905,47503000000.0,0.0,822000000.0,3653000000.0,58.484,2624000000.0
44,OXY,MRQ,2010-06-30,2010-06-30,2010-06-30,2021-08-25,-483000000.0,46259000000.0,,9189000000.0,37070000000.0,,37.921,-792000000.0,2322000000.0,2322000000.0,2417000000.0,1075000000.0,1.516,0.498,2523000000.0,12000000.0,2511000000.0,2523000000.0,0.0,798000000.0,0.0,0.018,0.38,1902000000.0,2700000000.0,0.582,2700000000.0,1902000000.0,1872000000.0,1.31,1.31,1.31,30798000000.0,,30798000000.0,63357934479.0,9.0,6.482,1302000000.0,1.603,1.0,2220000000.0,0.479,0.0,30000000.0,40398000000.0,,1220000000.0,1786000000.0,0.0,1786000000.0,15347000000.0,6062000000.0,9285000000.0,62658934479.0,409000000.0,-365000000.0,-8000000.0,-72000000.0,-269000000.0,-345000000.0,-1340000000.0,0.0,2094000000.0,0.0,1063000000.0,1063000000.0,1063000000.0,14000000.0,12000000.0,0.229,351000000.0,1869000000.0,3952000000.0,0.29,2.035,15.696,15.681,34514000000.0,0.0,77.15,3.603,3.603,5105000000.0,28083000000.0,4637000000.0,4637000000.0,69000000.0,,,,,0.0,282000000.0,1.0,812170246.0,812170246.0,,5.709,46259000000.0,0.0,809000000.0,3393000000.0,56.957,3127000000.0
45,OXY,MRQ,2010-03-31,2010-03-31,2010-03-31,2021-08-25,-548000000.0,45531000000.0,,9088000000.0,36443000000.0,,36.868,-768000000.0,1895000000.0,1895000000.0,2394000000.0,1088000000.0,1.411,0.518,2594000000.0,83000000.0,2511000000.0,2594000000.0,0.0,763000000.0,0.0,0.016,0.33,1847000000.0,2610000000.0,0.563,2610000000.0,1847000000.0,1810000000.0,1.31,1.31,1.31,29935000000.0,,29935000000.0,70208756774.0,11.0,7.813,1459000000.0,1.797,1.0,2244000000.0,0.484,0.0,37000000.0,39790000000.0,,1066000000.0,1776000000.0,0.0,1776000000.0,15494000000.0,6440000000.0,9054000000.0,68642756774.0,668000000.0,-299000000.0,2000000.0,-227000000.0,-269000000.0,-491000000.0,-1068000000.0,0.0,2227000000.0,0.0,1064000000.0,1064000000.0,1064000000.0,33000000.0,24000000.0,0.229,405000000.0,1839000000.0,4071000000.0,0.252,2.293,19.009,18.998,33864000000.0,0.0,84.54,4.166,4.166,5419000000.0,27329000000.0,4638000000.0,4638000000.0,56000000.0,,,,,0.0,349000000.0,1.0,811955959.0,811955959.0,,5.712,45531000000.0,0.0,746000000.0,3459000000.0,56.076,2648000000.0
46,OXY,MRQ,2009-12-31,2009-12-31,2009-12-31,2021-08-25,-596000000.0,44229000000.0,,10607000000.0,33622000000.0,,35.829,-596000000.0,1224000000.0,1224000000.0,1644000000.0,954000000.0,1.634,0.518,2796000000.0,239000000.0,2557000000.0,2796000000.0,0.0,390000000.0,0.0,0.016,0.33,1790000000.0,2180000000.0,0.546,2180000000.0,1790000000.0,1756000000.0,1.16,1.15,1.16,29081000000.0,,29081000000.0,67216129405.0,13.0,8.62,1507000000.0,1.857,1.0,2347000000.0,0.588,0.0,34000000.0,39310000000.0,,998000000.0,1732000000.0,0.0,1732000000.0,15070000000.0,6491000000.0,8579000000.0,66029129405.0,-384000000.0,-1247000000.0,-9000000.0,7000000.0,-269000000.0,-269000000.0,-2218000000.0,64000000.0,2103000000.0,0.0,938000000.0,938000000.0,938000000.0,229000000.0,16000000.0,0.235,385000000.0,1962000000.0,3282000000.0,0.284,2.271,22.652,22.66,31137000000.0,0.0,81.35,4.419,4.419,4845000000.0,26534000000.0,3991000000.0,3991000000.0,86000000.0,,,,,0.0,309000000.0,1.0,811667233.0,811667233.0,,4.917,44229000000.0,0.0,818000000.0,2824000000.0,54.492,4116000000.0
47,OXY,MRQ,2009-09-30,2009-09-30,2009-09-30,2021-08-25,-596000000.0,44229000000.0,,8086000000.0,36143000000.0,,35.868,-213000000.0,1230000000.0,1230000000.0,2235000000.0,941000000.0,1.327,0.518,2796000000.0,239000000.0,2557000000.0,2796000000.0,0.0,769000000.0,0.0,0.017,0.33,1516000000.0,2285000000.0,0.554,2285000000.0,1516000000.0,1476000000.0,1.14,1.14,1.14,29081000000.0,,29081000000.0,65294847651.0,16.0,9.469,1429000000.0,1.763,1.0,1891000000.0,0.458,0.0,40000000.0,39703000000.0,,1081000000.0,1732000000.0,0.0,1732000000.0,15070000000.0,6092000000.0,8978000000.0,63564847651.0,-147000000.0,-580000000.0,-17000000.0,-691000000.0,-274000000.0,-983000000.0,-806000000.0,-13000000.0,1642000000.0,0.0,927000000.0,927000000.0,927000000.0,2000000.0,14000000.0,0.225,425000000.0,1466000000.0,3379000000.0,0.289,2.186,26.266,26.221,33645000000.0,0.0,78.4,4.38,4.38,4908000000.0,26534000000.0,4126000000.0,4126000000.0,56000000.0,,,,,0.0,359000000.0,1.0,810776118.0,810776118.0,,5.089,44229000000.0,0.0,549000000.0,3153000000.0,54.551,1994000000.0
48,OXY,MRQ,2009-06-30,2009-06-30,2009-06-30,2021-08-25,-590000000.0,41835000000.0,,6658000000.0,35177000000.0,,34.329,-1365000000.0,1755000000.0,1755000000.0,2169000000.0,694000000.0,1.23,0.501,3485000000.0,918000000.0,2567000000.0,3485000000.0,0.0,742000000.0,0.0,0.02,0.33,1169000000.0,1911000000.0,0.513,1911000000.0,1169000000.0,1137000000.0,0.84,0.84,0.84,27826000000.0,,27826000000.0,54958011891.0,8.0,6.016,56000000.0,0.069,1.0,1553000000.0,0.417,0.0,32000000.0,38154000000.0,,1069000000.0,1350000000.0,0.0,1350000000.0,13948000000.0,5411000000.0,8537000000.0,53344011891.0,629000000.0,109000000.0,3000000.0,739000000.0,-260000000.0,483000000.0,-1275000000.0,-19000000.0,1421000000.0,0.0,682000000.0,682000000.0,682000000.0,2000000.0,12000000.0,0.183,416000000.0,1137000000.0,2574000000.0,0.393,1.917,14.172,14.214,32909000000.0,0.0,65.81,3.047,3.047,3694000000.0,25206000000.0,3722000000.0,3722000000.0,54000000.0,,,,,0.0,362000000.0,1.0,810576081.0,810576081.0,,4.592,41835000000.0,0.0,455000000.0,2824000000.0,51.611,1247000000.0
49,OXY,MRQ,2009-03-31,2009-03-31,2009-03-31,2021-08-25,-544000000.0,40620000000.0,,5936000000.0,34684000000.0,,33.858,-1071000000.0,1126000000.0,1126000000.0,2169000000.0,377000000.0,1.106,0.479,2740000000.0,918000000.0,1822000000.0,2740000000.0,0.0,786000000.0,0.0,0.023,0.32,636000000.0,1422000000.0,0.458,1422000000.0,636000000.0,609000000.0,0.45,0.45,0.45,27435000000.0,,27435000000.0,46062892264.0,5.0,3.889,-291000000.0,-0.359,1.0,934000000.0,0.301,0.0,27000000.0,36869000000.0,,1007000000.0,1296000000.0,0.0,1296000000.0,13151000000.0,5365000000.0,7786000000.0,45092892264.0,-651000000.0,-64000000.0,1000000.0,-7000000.0,-260000000.0,-264000000.0,-1167000000.0,-32000000.0,780000000.0,0.0,368000000.0,368000000.0,368000000.0,3000000.0,9000000.0,0.119,328000000.0,606000000.0,2531000000.0,0.711,1.644,8.383,8.457,32576000000.0,0.0,55.65,2.147,2.147,3295000000.0,24792000000.0,3103000000.0,3103000000.0,58000000.0,,,,,0.0,270000000.0,1.0,810294560.0,810294560.0,,3.829,40620000000.0,0.0,241000000.0,2833000000.0,50.13,571000000.0
50,OXY,MRQ,2008-12-31,2008-12-31,2008-12-31,2021-08-25,-552000000.0,41537000000.0,,7172000000.0,34365000000.0,,33.709,-1056000000.0,1777000000.0,1777000000.0,1869000000.0,455000000.0,1.169,0.521,2747000000.0,698000000.0,2049000000.0,2747000000.0,0.0,439000000.0,0.0,0.02,0.32,839000000.0,1278000000.0,0.359,1278000000.0,839000000.0,809000000.0,0.56,0.57,0.56,27300000000.0,,27300000000.0,48903534428.0,4.0,3.431,1462000000.0,1.805,1.0,1694000000.0,0.475,0.0,30000000.0,36373000000.0,,958000000.0,1263000000.0,0.0,1263000000.0,14212000000.0,6134000000.0,8078000000.0,48584534428.0,327000000.0,-1297000000.0,-24000000.0,972000000.0,-263000000.0,679000000.0,-2870000000.0,16000000.0,2518000000.0,0.0,443000000.0,443000000.0,443000000.0,349000000.0,12000000.0,0.124,539000000.0,1155000000.0,3306000000.0,0.571,1.78,7.085,7.167,32266000000.0,0.0,59.99,2.026,2.026,3953000000.0,24684000000.0,3563000000.0,3563000000.0,115000000.0,,,,,0.0,253000000.0,1.0,809877220.0,809877220.0,,4.399,41537000000.0,0.0,366000000.0,2818000000.0,51.288,1038000000.0
51,OXY,MRQ,2008-09-30,2008-09-30,2008-09-30,2021-08-25,-702000000.0,42589000000.0,,9620000000.0,32969000000.0,,33.039,-1199000000.0,1452000000.0,1452000000.0,2942000000.0,2309000000.0,1.193,0.581,1771000000.0,714000000.0,1057000000.0,1771000000.0,0.0,683000000.0,0.0,0.016,0.32,3841000000.0,4524000000.0,0.635,4524000000.0,3841000000.0,3817000000.0,2.78,2.77,2.78,26937000000.0,,26937000000.0,57832131221.0,4.0,3.577,1906000000.0,2.338,1.0,4177000000.0,0.587,0.0,24000000.0,34844000000.0,,957000000.0,1250000000.0,0.0,1250000000.0,15652000000.0,8064000000.0,7588000000.0,57563131221.0,-54000000.0,-1044000000.0,-609000000.0,-4000000.0,-264000000.0,-910000000.0,-2249000000.0,-20000000.0,3105000000.0,0.0,2271000000.0,2271000000.0,2271000000.0,1000000.0,38000000.0,0.319,354000000.0,3823000000.0,4907000000.0,0.115,2.137,7.318,7.385,30854000000.0,0.0,70.45,2.215,2.211,7081000000.0,24501000000.0,7119000000.0,7119000000.0,61000000.0,,,,,0.0,295000000.0,1.0,817077803.0,815300000.0,817700000.0,8.732,42589000000.0,0.0,1546000000.0,3196000000.0,52.237,1556000000.0
52,OXY,MRQ,2008-06-30,2008-06-30,2008-06-30,2021-08-25,-1110000000.0,41444000000.0,,10125000000.0,31319000000.0,,30.614,-1038000000.0,1506000000.0,1506000000.0,2781000000.0,2334000000.0,1.228,0.648,1775000000.0,0.0,1775000000.0,1775000000.0,0.0,621000000.0,0.0,0.012,0.32,4000000000.0,4621000000.0,0.64,4621000000.0,4000000000.0,3968000000.0,2.79,2.78,2.79,25143000000.0,,25143000000.0,74060725822.0,6.0,5.115,1306000000.0,1.59,1.0,4439000000.0,0.615,0.0,32000000.0,33469000000.0,,947000000.0,894000000.0,0.0,894000000.0,16301000000.0,8244000000.0,8057000000.0,73750725822.0,11000000.0,-703000000.0,-418000000.0,-29000000.0,-206000000.0,-633000000.0,-1700000000.0,33000000.0,2344000000.0,0.0,2297000000.0,2297000000.0,2297000000.0,3000000.0,37000000.0,0.318,464000000.0,3975000000.0,5226000000.0,0.115,2.933,10.659,10.762,29466000000.0,0.0,89.86,3.083,3.085,7544000000.0,22492000000.0,7220000000.0,7220000000.0,58000000.0,,,,,0.0,380000000.0,1.0,820729199.0,821300000.0,825500000.0,8.791,41444000000.0,0.0,1671000000.0,2817000000.0,50.461,1881000000.0
53,OXY,MRQ,2008-03-31,2008-03-31,2008-03-31,2021-08-25,-725000000.0,38486000000.0,,8781000000.0,29705000000.0,,29.071,-833000000.0,1495000000.0,1495000000.0,2543000000.0,1875000000.0,1.249,0.607,1805000000.0,30000000.0,1775000000.0,1805000000.0,0.0,653000000.0,0.0,0.013,0.25,3178000000.0,3831000000.0,0.631,3831000000.0,3178000000.0,3140000000.0,2.24,2.22,2.24,23943000000.0,,23943000000.0,60011228927.0,6.0,4.7,1854000000.0,2.251,1.0,3531000000.0,0.581,0.0,38000000.0,31765000000.0,,829000000.0,879000000.0,0.0,879000000.0,14543000000.0,7031000000.0,7512000000.0,60187228927.0,-469000000.0,-1657000000.0,-428000000.0,13000000.0,-207000000.0,-646000000.0,-2510000000.0,-20000000.0,2687000000.0,0.0,1846000000.0,1846000000.0,1846000000.0,-27000000.0,29000000.0,0.304,397000000.0,3134000000.0,4516000000.0,0.112,2.514,9.975,10.106,27988000000.0,0.0,73.17,2.803,2.806,6273000000.0,20458000000.0,6074000000.0,6074000000.0,74000000.0,,,,,0.0,319000000.0,1.0,822567021.0,823600000.0,828200000.0,7.375,38486000000.0,0.0,1294000000.0,3107000000.0,46.729,1750000000.0
54,OXY,MRQ,2007-12-31,2007-12-31,2007-12-31,2021-08-25,-632000000.0,36519000000.0,,8595000000.0,27924000000.0,,27.544,-1310000000.0,1964000000.0,1964000000.0,2694000000.0,1527000000.0,1.372,0.6,1788000000.0,47000000.0,1741000000.0,1788000000.0,0.0,639000000.0,0.0,0.012,0.25,2551000000.0,3190000000.0,0.573,3190000000.0,2551000000.0,2509000000.0,1.73,1.73,1.73,22823000000.0,,22823000000.0,64242632679.0,7.0,5.526,1164000000.0,1.405,1.0,2877000000.0,0.516,0.0,42000000.0,30077000000.0,,910000000.0,783000000.0,0.0,783000000.0,13696000000.0,6266000000.0,7430000000.0,63793632679.0,509000000.0,-531000000.0,-242000000.0,-116000000.0,-208000000.0,-667000000.0,-1298000000.0,36000000.0,2474000000.0,0.0,1452000000.0,1452000000.0,1452000000.0,-4000000.0,75000000.0,0.261,328000000.0,2549000000.0,4263000000.0,0.145,2.795,11.814,11.936,26278000000.0,0.0,76.99,3.188,3.188,5836000000.0,18819000000.0,5571000000.0,5571000000.0,43000000.0,,,,,0.0,191000000.0,1.0,828596346.0,828596346.0,,6.723,36519000000.0,0.0,1057000000.0,2551000000.0,44.073,2329000000.0
55,OXY,MRQ,2007-09-30,2007-09-30,2007-09-30,2021-08-25,-500000000.0,34022000000.0,,6853000000.0,27169000000.0,,26.289,-483000000.0,1455000000.0,1455000000.0,2297000000.0,1324000000.0,1.381,0.553,1904000000.0,156000000.0,1748000000.0,1904000000.0,0.0,602000000.0,0.0,0.014,0.25,2234000000.0,2836000000.0,0.561,2836000000.0,2234000000.0,2186000000.0,1.59,1.58,1.59,21901000000.0,,21901000000.0,53609097692.0,6.0,4.97,893000000.0,1.072,1.0,2758000000.0,0.546,0.0,48000000.0,29508000000.0,,952000000.0,754000000.0,0.0,754000000.0,12121000000.0,4963000000.0,7158000000.0,53234097692.0,-50000000.0,-478000000.0,-340000000.0,24000000.0,-186000000.0,-482000000.0,-944000000.0,17000000.0,1376000000.0,0.0,1324000000.0,1324000000.0,1324000000.0,-8000000.0,0.0,0.262,541000000.0,2217000000.0,3068000000.0,0.157,2.431,10.913,11.029,25541000000.0,0.0,64.08,2.839,2.847,4385000000.0,17574000000.0,5055000000.0,5055000000.0,126000000.0,,,,,0.0,405000000.0,1.0,830744346.0,833100000.0,837000000.0,6.068,34022000000.0,0.0,862000000.0,2462000000.0,40.838,1890000000.0
56,OXY,MRQ,2007-06-30,2007-06-30,2007-06-30,2021-08-25,-487000000.0,33672000000.0,,6840000000.0,26832000000.0,,25.201,-787000000.0,1505000000.0,1505000000.0,2205000000.0,1412000000.0,1.328,0.595,1880000000.0,163000000.0,1717000000.0,1880000000.0,0.0,564000000.0,0.0,0.015,0.22,2348000000.0,2912000000.0,0.61,2912000000.0,2348000000.0,2316000000.0,1.68,1.68,1.68,21111000000.0,,21111000000.0,49109150847.0,6.0,4.652,539000000.0,0.643,1.0,2571000000.0,0.538,0.0,32000000.0,28898000000.0,,871000000.0,850000000.0,0.0,850000000.0,12561000000.0,5149000000.0,7412000000.0,48261150847.0,213000000.0,-513000000.0,-216000000.0,-255000000.0,-184000000.0,-640000000.0,-473000000.0,831000000.0,1326000000.0,0.0,1412000000.0,1412000000.0,1412000000.0,-267000000.0,0.0,0.296,487000000.0,2084000000.0,2837000000.0,0.131,2.286,10.216,10.354,25081000000.0,0.0,57.88,2.655,2.667,4163000000.0,16459000000.0,4776000000.0,4776000000.0,93000000.0,,,,,0.0,388000000.0,1.0,833813940.0,837700000.0,841800000.0,5.701,33672000000.0,0.0,904000000.0,2778000000.0,40.196,1691000000.0
57,OXY,MRQ,2007-03-31,2007-03-31,2007-03-31,2021-08-25,-336000000.0,32883000000.0,,6322000000.0,26561000000.0,,24.039,-780000000.0,1292000000.0,1292000000.0,2051000000.0,1212000000.0,1.203,0.627,2140000000.0,449000000.0,1691000000.0,2140000000.0,0.0,574000000.0,0.0,0.017,0.22,2113000000.0,2687000000.0,0.583,2687000000.0,2113000000.0,1896000000.0,1.44,1.43,1.44,20217000000.0,,20217000000.0,42777716473.0,6.0,4.323,842000000.0,1.001,1.0,2560000000.0,0.555,0.0,217000000.0,28476000000.0,,738000000.0,1596000000.0,213000000.0,1383000000.0,12666000000.0,5255000000.0,7411000000.0,41326716473.0,-47000000.0,0.0,-314000000.0,-817000000.0,-187000000.0,-1309000000.0,-360000000.0,425000000.0,1622000000.0,0.0,1212000000.0,1212000000.0,1212000000.0,-43000000.0,0.0,0.263,493000000.0,2067000000.0,2740000000.0,0.153,2.044,9.906,10.043,24409000000.0,0.0,49.31,2.301,2.309,4005000000.0,15233000000.0,4611000000.0,4611000000.0,102000000.0,,,,,0.0,336000000.0,1.0,838100111.0,841000000.0,846500000.0,5.483,32883000000.0,0.0,684000000.0,2830000000.0,39.1,1067000000.0
58,OXY,MRQ,2006-12-31,2006-12-31,2006-12-31,2021-08-25,-333000000.0,32431000000.0,,6169000000.0,26262000000.0,,22.89,-1855000000.0,1339000000.0,1339000000.0,2335000000.0,930000000.0,1.314,0.685,2790000000.0,171000000.0,2619000000.0,2790000000.0,0.0,562000000.0,0.0,0.016,0.22,1790000000.0,2352000000.0,0.546,2352000000.0,1790000000.0,1701000000.0,1.1,1.09,1.1,19252000000.0,,19252000000.0,42749092510.0,5.0,4.343,-310000000.0,-0.369,1.0,1974000000.0,0.458,0.0,89000000.0,29187000000.0,,825000000.0,1584000000.0,240000000.0,1344000000.0,13179000000.0,4695000000.0,8484000000.0,41070092510.0,125000000.0,-122000000.0,-179000000.0,-282000000.0,-188000000.0,-636000000.0,-784000000.0,181000000.0,1545000000.0,0.0,930000000.0,930000000.0,930000000.0,-60000000.0,0.0,0.216,243000000.0,1731000000.0,2263000000.0,0.2,2.133,9.8,9.925,24138000000.0,0.0,48.83,2.324,2.324,3555000000.0,13987000000.0,4309000000.0,4309000000.0,101000000.0,,,,,0.0,119000000.0,1.0,841083197.0,841083197.0,,5.123,32431000000.0,0.0,771000000.0,2762000000.0,38.559,1474000000.0
59,OXY,MRQ,2006-09-30,2006-09-30,2006-09-30,2021-08-25,-144000000.0,31701000000.0,,5942000000.0,25759000000.0,,22.113,-446000000.0,1214000000.0,1214000000.0,2066000000.0,1170000000.0,1.322,0.681,2893000000.0,46000000.0,2847000000.0,2893000000.0,0.0,516000000.0,0.0,0.016,0.22,2090000000.0,2606000000.0,0.581,2606000000.0,2090000000.0,2028000000.0,1.37,1.36,1.37,18858000000.0,,18858000000.0,42200282479.0,5.0,4.331,1262000000.0,1.48,1.0,2417000000.0,0.539,0.0,62000000.0,28886000000.0,,872000000.0,1830000000.0,225000000.0,1605000000.0,12843000000.0,4494000000.0,8349000000.0,40669282479.0,-142000000.0,-992000000.0,-298000000.0,7000000.0,-155000000.0,-412000000.0,-1438000000.0,8000000.0,1708000000.0,0.0,1170000000.0,1170000000.0,1170000000.0,-67000000.0,0.0,0.261,426000000.0,1991000000.0,2281000000.0,0.161,2.157,9.191,9.164,23432000000.0,0.0,48.11,2.352,2.372,3642000000.0,13178000000.0,4483000000.0,4483000000.0,74000000.0,,,,,0.0,344000000.0,1.0,845339482.0,852800000.0,860300000.0,5.257,31701000000.0,0.0,858000000.0,2522000000.0,37.173,1448000000.0
60,OXY,MRQ,2006-06-30,2006-06-30,2006-06-30,2021-08-25,-344000000.0,31163000000.0,,6548000000.0,24615000000.0,,20.881,35000000.0,1356000000.0,1356000000.0,2102000000.0,860000000.0,1.357,0.735,2887000000.0,71000000.0,2816000000.0,2887000000.0,0.0,467000000.0,0.0,0.014,0.18,1783000000.0,2250000000.0,0.493,2250000000.0,1783000000.0,1711000000.0,1.0,0.99,1.0,17962000000.0,,17962000000.0,45642971388.0,6.0,4.602,1114000000.0,1.295,1.0,2458000000.0,0.539,0.0,72000000.0,27868000000.0,,721000000.0,1715000000.0,227000000.0,1488000000.0,13201000000.0,4826000000.0,8375000000.0,43918971388.0,-447000000.0,-23000000.0,-781000000.0,-643000000.0,-156000000.0,-1495000000.0,-31000000.0,-18000000.0,1079000000.0,0.0,860000000.0,860000000.0,860000000.0,282000000.0,0.0,0.189,402000000.0,2056000000.0,2498000000.0,0.18,2.445,8.78,8.489,22382000000.0,0.0,51.275,2.517,2.528,3981000000.0,12199000000.0,4560000000.0,4560000000.0,50000000.0,,,,,0.0,343000000.0,1.0,856537716.0,860200000.0,867700000.0,5.301,31163000000.0,0.0,851000000.0,2298000000.0,36.228,1722000000.0
61,OXY,MRQ,2006-03-31,2006-03-31,2006-03-31,2021-08-25,-417000000.0,32200000000.0,,8082000000.0,24118000000.0,,21.151,-591000000.0,1804000000.0,1804000000.0,1935000000.0,1231000000.0,1.429,0.794,3528000000.0,255000000.0,3273000000.0,3528000000.0,0.0,463000000.0,0.0,0.014,0.18,2206000000.0,2669000000.0,0.599,2669000000.0,2206000000.0,2138000000.0,1.45,1.43,1.45,17947000000.0,,17947000000.0,38001537368.0,5.0,3.951,1430000000.0,1.685,1.0,2518000000.0,0.565,0.0,68000000.0,28269000000.0,,718000000.0,1481000000.0,227000000.0,1254000000.0,14253000000.0,5655000000.0,8598000000.0,37271537368.0,-385000000.0,-1488000000.0,-162000000.0,25000000.0,-147000000.0,-276000000.0,-2130000000.0,-31000000.0,2021000000.0,0.0,1231000000.0,1231000000.0,1231000000.0,-78000000.0,0.0,0.276,422000000.0,2096000000.0,2335000000.0,0.124,2.077,6.564,6.665,22122000000.0,0.0,46.325,2.266,2.39,3777000000.0,11497000000.0,4453000000.0,4453000000.0,71000000.0,,,,,0.0,344000000.0,1.0,804566376.0,848500000.0,860900000.0,5.248,32200000000.0,0.0,907000000.0,2831000000.0,37.949,2427000000.0
62,OXY,MRQ,2005-12-31,2005-12-31,2005-12-31,2021-08-25,-373000000.0,26108000000.0,,6937000000.0,19171000000.0,,18.697,-894000000.0,2188000000.0,2188000000.0,1831000000.0,1164000000.0,1.624,0.737,2919000000.0,46000000.0,2873000000.0,2919000000.0,0.0,337000000.0,0.0,0.016,0.18,1882000000.0,2219000000.0,0.584,2219000000.0,1882000000.0,1821000000.0,1.43,1.41,1.43,15032000000.0,,15032000000.0,33617653280.0,5.0,3.821,680000000.0,0.846,1.0,1968000000.0,0.518,0.0,61000000.0,22567000000.0,,716000000.0,1461000000.0,252000000.0,1209000000.0,11076000000.0,4272000000.0,6804000000.0,32111653280.0,778000000.0,2098000000.0,3000000.0,3000000.0,-126000000.0,-127000000.0,-669000000.0,118000000.0,1574000000.0,0.0,1164000000.0,1164000000.0,1164000000.0,-260000000.0,0.0,0.306,382000000.0,1586000000.0,2046000000.0,0.126,2.136,6.067,6.088,17171000000.0,0.0,39.94,2.112,2.112,3476000000.0,10425000000.0,3799000000.0,3799000000.0,114000000.0,,,,,0.0,235000000.0,1.0,803997328.0,803997328.0,,4.725,26108000000.0,0.0,657000000.0,1296000000.0,32.473,2665000000.0
63,OXY,MRQ,2005-09-30,2005-09-30,2005-09-30,2021-08-25,-474000000.0,25097000000.0,,5892000000.0,19205000000.0,,17.203,-456000000.0,1411000000.0,1411000000.0,1791000000.0,1747000000.0,1.29,0.804,2917000000.0,21000000.0,2896000000.0,2917000000.0,0.0,362000000.0,0.0,0.014,0.155,2417000000.0,2779000000.0,0.6,2779000000.0,2417000000.0,2321000000.0,2.16,2.12,2.16,13909000000.0,,13909000000.0,36884813449.0,5.0,4.563,954000000.0,1.18,1.0,2843000000.0,0.614,0.0,96000000.0,22034000000.0,,617000000.0,1570000000.0,305000000.0,1265000000.0,11188000000.0,4569000000.0,6619000000.0,34154813449.0,782000000.0,-378000000.0,61000000.0,-471000000.0,-125000000.0,-492000000.0,-136000000.0,720000000.0,1410000000.0,0.0,1747000000.0,1747000000.0,1747000000.0,-87000000.0,0.0,0.377,572000000.0,2271000000.0,2122000000.0,0.072,2.456,7.012,7.06,17134000000.0,0.0,42.715,2.419,2.446,3790000000.0,9419000000.0,4634000000.0,4634000000.0,51000000.0,,,,,0.0,511000000.0,1.0,799597646.0,808500000.0,822400000.0,5.732,25097000000.0,0.0,574000000.0,1328000000.0,31.041,1323000000.0
64,OXY,MRQ,2005-06-30,2005-06-30,2005-06-30,2021-08-25,65000000.0,23960000000.0,,4510000000.0,19450000000.0,,15.807,-413000000.0,630000000.0,630000000.0,1588000000.0,1536000000.0,1.182,0.886,3360000000.0,333000000.0,3027000000.0,3360000000.0,0.0,329000000.0,0.0,0.015,0.155,1623000000.0,1952000000.0,0.548,1952000000.0,1623000000.0,1562000000.0,1.91,1.885,1.91,12706000000.0,,12706000000.0,32910504820.0,6.0,4.739,706000000.0,0.878,1.0,1973000000.0,0.554,0.0,61000000.0,22873000000.0,,603000000.0,2109000000.0,240000000.0,1869000000.0,11254000000.0,3817000000.0,7437000000.0,30637504820.0,-464000000.0,-1399000000.0,39000000.0,-17000000.0,-123000000.0,-73000000.0,-1510000000.0,358000000.0,1119000000.0,0.0,1536000000.0,1536000000.0,1536000000.0,-56000000.0,0.0,0.431,422000000.0,1551000000.0,1912000000.0,0.081,2.411,7.892,7.939,16929000000.0,0.0,38.465,2.446,2.469,3161000000.0,7799000000.0,3561000000.0,3561000000.0,107000000.0,,,,,0.0,305000000.0,1.0,796503440.0,803800000.0,814600000.0,4.43,23960000000.0,0.0,26000000.0,1436000000.0,29.808,693000000.0
65,OXY,MRQ,2005-03-31,2005-03-31,2005-03-31,2021-08-25,62000000.0,22277000000.0,,4654000000.0,17623000000.0,,14.037,-532000000.0,1092000000.0,1092000000.0,1532000000.0,846000000.0,1.393,0.982,3365000000.0,0.0,3365000000.0,3365000000.0,0.0,344000000.0,0.0,0.016,0.155,1522000000.0,1866000000.0,0.559,1866000000.0,1522000000.0,1447000000.0,1.055,1.04,1.055,11241000000.0,,11241000000.0,30625873334.0,6.0,4.828,702000000.0,0.877,1.0,1808000000.0,0.541,0.0,75000000.0,21210000000.0,,531000000.0,2176000000.0,270000000.0,1906000000.0,11036000000.0,3340000000.0,7696000000.0,28270873334.0,-107000000.0,-321000000.0,28000000.0,-413000000.0,-109000000.0,-495000000.0,-846000000.0,7000000.0,1234000000.0,0.0,846000000.0,846000000.0,846000000.0,4000000.0,0.0,0.253,332000000.0,1476000000.0,1545000000.0,0.147,2.515,9.659,9.683,15105000000.0,0.0,35.585,2.415,2.434,2799000000.0,6387000000.0,3340000000.0,3340000000.0,47000000.0,,,,,0.0,276000000.0,1.0,794460400.0,800800000.0,812600000.0,4.171,22277000000.0,0.0,601000000.0,1730000000.0,27.818,1314000000.0
66,OXY,MRQ,2004-12-31,2004-12-31,2004-12-31,2021-08-25,155000000.0,21391000000.0,,4431000000.0,16960000000.0,,13.364,-448000000.0,1199000000.0,1199000000.0,1306000000.0,742000000.0,1.294,1.028,3804000000.0,459000000.0,3345000000.0,3804000000.0,0.0,282000000.0,0.0,0.019,0.138,1205000000.0,1487000000.0,0.575,1487000000.0,1205000000.0,1143000000.0,0.925,0.915,0.925,10550000000.0,,10550000000.0,25869954852.0,6.0,4.524,719000000.0,0.911,1.0,1279000000.0,0.495,0.0,62000000.0,20573000000.0,,545000000.0,1977000000.0,250000000.0,1727000000.0,10841000000.0,3423000000.0,7418000000.0,23035954852.0,417000000.0,-35000000.0,49000000.0,-13000000.0,-108000000.0,-68000000.0,-682000000.0,-76000000.0,1167000000.0,0.0,742000000.0,742000000.0,742000000.0,-162000000.0,0.0,0.287,370000000.0,909000000.0,1557000000.0,0.149,2.184,8.97,9.006,14633000000.0,0.0,29.18,2.09,2.09,2474000000.0,5664000000.0,2585000000.0,2585000000.0,83000000.0,,,,,0.0,228000000.0,1.0,789443278.0,789443278.0,,3.274,21391000000.0,0.0,401000000.0,1511000000.0,27.096,1008000000.0
67,OXY,MRQ,2004-09-30,2004-09-30,2004-09-30,2021-08-25,108000000.0,20376000000.0,,3805000000.0,16571000000.0,,12.337,-463000000.0,998000000.0,998000000.0,1461000000.0,758000000.0,1.328,1.084,3832000000.0,23000000.0,3809000000.0,3832000000.0,0.0,321000000.0,0.0,0.019,0.138,1318000000.0,1639000000.0,0.539,1639000000.0,1318000000.0,1253000000.0,0.955,0.94,0.955,9778000000.0,,9778000000.0,25494683458.0,6.0,4.807,791000000.0,0.998,1.0,1578000000.0,0.519,0.0,65000000.0,20344000000.0,,499000000.0,1544000000.0,0.0,1544000000.0,10598000000.0,2866000000.0,7732000000.0,21907683458.0,532000000.0,4000000.0,83000000.0,-166000000.0,-108000000.0,-188000000.0,-534000000.0,-74000000.0,1254000000.0,0.0,758000000.0,758000000.0,758000000.0,1000000.0,0.0,0.249,279000000.0,1299000000.0,1417000000.0,0.145,2.241,9.922,9.952,14452000000.0,0.0,27.965,2.054,2.078,2430000000.0,5032000000.0,3039000000.0,3039000000.0,37000000.0,,,,,0.0,242000000.0,1.0,783396512.0,792600000.0,806600000.0,3.834,20376000000.0,0.0,495000000.0,1497000000.0,25.708,939000000.0
68,OXY,MRQ,2004-06-30,2004-06-30,2004-06-30,2021-08-25,109000000.0,19345000000.0,,2960000000.0,16385000000.0,,11.432,-459000000.0,383000000.0,383000000.0,1438000000.0,581000000.0,1.087,1.148,3970000000.0,182000000.0,3788000000.0,3970000000.0,0.0,324000000.0,0.0,0.022,0.138,1027000000.0,1351000000.0,0.493,1351000000.0,1027000000.0,965000000.0,0.74,0.73,0.74,9006000000.0,,9006000000.0,22508397477.0,6.0,4.711,33000000.0,0.042,1.0,1305000000.0,0.476,0.0,62000000.0,20208000000.0,,449000000.0,1503000000.0,0.0,1503000000.0,10339000000.0,2724000000.0,7615000000.0,18937397477.0,-124000000.0,-39000000.0,12000000.0,0.0,-107000000.0,-98000000.0,-518000000.0,-20000000.0,492000000.0,0.0,581000000.0,581000000.0,581000000.0,3000000.0,0.0,0.212,278000000.0,1027000000.0,1279000000.0,0.186,2.103,9.988,9.94,14339000000.0,0.0,24.205,1.899,1.912,2220000000.0,4382000000.0,2743000000.0,2743000000.0,40000000.0,,,,,0.0,238000000.0,1.0,782375438.0,787800000.0,797800000.0,3.482,19345000000.0,0.0,384000000.0,1409000000.0,24.556,236000000.0
69,OXY,MRQ,2004-03-31,2004-03-31,2004-03-31,2021-08-25,70000000.0,18666000000.0,,2472000000.0,16194000000.0,,10.81,-341000000.0,470000000.0,470000000.0,1380000000.0,487000000.0,0.982,1.205,4041000000.0,23000000.0,4018000000.0,4041000000.0,0.0,324000000.0,0.0,0.023,0.138,921000000.0,1245000000.0,0.483,1245000000.0,921000000.0,850000000.0,0.62,0.615,0.62,8464000000.0,,8464000000.0,21660211071.0,7.0,4.883,624000000.0,0.797,1.0,1200000000.0,0.465,0.0,71000000.0,19720000000.0,,396000000.0,1405000000.0,0.0,1405000000.0,10202000000.0,2517000000.0,7685000000.0,17874211071.0,-196000000.0,-138000000.0,101000000.0,-466000000.0,-101000000.0,-467000000.0,-694000000.0,-215000000.0,965000000.0,0.0,487000000.0,487000000.0,487000000.0,2000000.0,0.0,0.189,279000000.0,921000000.0,1199000000.0,0.223,2.112,10.583,10.538,14150000000.0,0.0,23.025,1.874,1.891,1762000000.0,3909000000.0,2580000000.0,2580000000.0,54000000.0,,,,,0.0,225000000.0,1.0,776295812.0,783000000.0,794400000.0,3.295,18666000000.0,0.0,363000000.0,1490000000.0,23.839,-45000000.0
70,OXY,MRQ,2003-12-31,2003-12-31,2003-12-31,2021-08-25,50000000.0,18168000000.0,,2502000000.0,15666000000.0,,10.294,-446000000.0,683000000.0,683000000.0,1228000000.0,382000000.0,0.99,1.291,4469000000.0,476000000.0,3993000000.0,4469000000.0,0.0,309000000.0,0.0,0.025,0.13,760000000.0,1069000000.0,0.464,1069000000.0,760000000.0,690000000.0,0.495,0.485,0.495,7929000000.0,,7929000000.0,20271681098.0,7.0,4.753,366000000.0,0.475,1.0,1074000000.0,0.467,0.0,70000000.0,19428000000.0,,489000000.0,1155000000.0,0.0,1155000000.0,10239000000.0,2526000000.0,7713000000.0,16267681098.0,44000000.0,-89000000.0,43000000.0,-38000000.0,-100000000.0,-91000000.0,-677000000.0,-142000000.0,812000000.0,0.0,382000000.0,382000000.0,382000000.0,6000000.0,0.0,0.166,294000000.0,780000000.0,906000000.0,0.263,2.052,10.653,10.613,13984000000.0,0.0,21.12,1.738,1.738,1409000000.0,3530000000.0,2302000000.0,2302000000.0,45000000.0,,,,,0.0,199000000.0,1.0,770250052.0,770250052.0,,2.989,18168000000.0,0.0,308000000.0,1164000000.0,23.587,-24000000.0
71,OXY,MRQ,2003-09-30,2003-09-30,2003-09-30,2021-08-25,10000000.0,17706000000.0,,2273000000.0,15433000000.0,,9.721,-319000000.0,529000000.0,529000000.0,1282000000.0,446000000.0,1.159,1.362,4533000000.0,28000000.0,4505000000.0,4533000000.0,0.0,295000000.0,0.0,0.029,0.13,818000000.0,1113000000.0,0.474,1113000000.0,818000000.0,746000000.0,0.58,0.57,0.58,7495000000.0,,7495000000.0,17916890852.0,6.0,4.385,477000000.0,0.619,1.0,1067000000.0,0.454,0.0,72000000.0,19749000000.0,,530000000.0,1106000000.0,0.0,1106000000.0,10211000000.0,1961000000.0,8250000000.0,13484890852.0,414000000.0,-11000000.0,54000000.0,-9000000.0,-99000000.0,-54000000.0,-328000000.0,2000000.0,796000000.0,0.0,446000000.0,446000000.0,446000000.0,0.0,0.0,0.19,253000000.0,814000000.0,884000000.0,0.224,1.799,9.192,9.127,13815000000.0,0.0,17.615,1.494,1.505,1315000000.0,3248000000.0,2349000000.0,2349000000.0,37000000.0,,,,,0.0,216000000.0,1.0,765534536.0,771000000.0,782200000.0,3.047,17706000000.0,0.0,300000000.0,1233000000.0,22.965,312000000.0
72,OXY,MRQ,2003-06-30,2003-06-30,2003-06-30,2021-08-25,-13000000.0,17179000000.0,,1789000000.0,15390000000.0,,9.219,-468000000.0,115000000.0,115000000.0,1264000000.0,374000000.0,0.917,1.435,4547000000.0,28000000.0,4519000000.0,4547000000.0,0.0,286000000.0,0.0,0.03,0.13,723000000.0,1009000000.0,0.438,1009000000.0,723000000.0,664000000.0,0.49,0.485,0.49,7054000000.0,,7054000000.0,17054189775.0,7.0,4.83,324000000.0,0.423,1.0,1041000000.0,0.452,0.0,59000000.0,19660000000.0,,497000000.0,1084000000.0,0.0,1084000000.0,10125000000.0,1951000000.0,8174000000.0,12724189775.0,-31000000.0,-209000000.0,82000000.0,-104000000.0,-99000000.0,-123000000.0,-700000000.0,-23000000.0,792000000.0,0.0,374000000.0,374000000.0,374000000.0,0.0,0.0,0.162,292000000.0,749000000.0,784000000.0,0.265,1.804,8.942,8.899,13797000000.0,0.0,16.775,1.468,1.481,1269000000.0,2902000000.0,2305000000.0,2305000000.0,29000000.0,,,,,0.0,250000000.0,1.0,758521000.0,765200000.0,773400000.0,3.012,17179000000.0,0.0,290000000.0,1204000000.0,22.45,-162000000.0
73,OXY,MRQ,2003-03-31,2003-03-31,2003-03-31,2021-08-25,-14000000.0,16937000000.0,,2043000000.0,14894000000.0,,8.8,-297000000.0,146000000.0,146000000.0,1298000000.0,325000000.0,0.956,1.539,4476000000.0,24000000.0,4452000000.0,4476000000.0,0.0,285000000.0,0.0,0.034,0.13,789000000.0,1074000000.0,0.447,1074000000.0,789000000.0,658000000.0,0.43,0.425,0.43,6672000000.0,,6672000000.0,15834885743.0,7.0,4.778,377000000.0,0.497,1.0,1107000000.0,0.46,0.0,131000000.0,19129000000.0,,455000000.0,1130000000.0,0.0,1130000000.0,10265000000.0,2138000000.0,8127000000.0,11322885743.0,0.0,-42000000.0,31000000.0,-185000000.0,-94000000.0,-248000000.0,-426000000.0,-87000000.0,674000000.0,0.0,325000000.0,325000000.0,325000000.0,0.0,0.0,0.135,215000000.0,892000000.0,896000000.0,0.302,1.697,8.784,8.735,13124000000.0,0.0,14.98,1.371,1.376,1535000000.0,2628000000.0,2405000000.0,2405000000.0,28000000.0,,,,,0.0,187000000.0,1.0,755866872.0,758200000.0,766400000.0,3.172,16937000000.0,0.0,333000000.0,1300000000.0,22.338,-95000000.0
74,OXY,MRQ,2002-12-31,2002-12-31,2002-12-31,2021-08-25,-27000000.0,16548000000.0,,1873000000.0,14675000000.0,,8.38,-365000000.0,146000000.0,146000000.0,1071000000.0,322000000.0,0.838,1.619,4658000000.0,206000000.0,4452000000.0,4658000000.0,0.0,250000000.0,0.0,0.035,0.125,640000000.0,890000000.0,0.453,890000000.0,640000000.0,576000000.0,0.43,0.425,0.43,6318000000.0,,6318000000.0,15023243716.0,9.0,5.511,205000000.0,0.272,1.0,894000000.0,0.455,0.0,64000000.0,18825000000.0,,491000000.0,1056000000.0,0.0,1056000000.0,10230000000.0,2235000000.0,7995000000.0,10724243716.0,-152000000.0,-394000000.0,21000000.0,76000000.0,-94000000.0,76000000.0,-798000000.0,-37000000.0,570000000.0,0.0,322000000.0,322000000.0,322000000.0,19000000.0,0.0,0.164,203000000.0,691000000.0,785000000.0,0.291,1.697,10.844,10.817,13036000000.0,0.0,14.225,1.449,1.449,1204000000.0,2303000000.0,1965000000.0,1965000000.0,61000000.0,,,,,0.0,127000000.0,1.0,753901140.0,753901140.0,,2.606,16548000000.0,150000000.0,254000000.0,1119000000.0,21.95,-362000000.0
75,OXY,MRQ,2002-09-30,2002-09-30,2002-09-30,2021-08-25,-72000000.0,16339000000.0,,1874000000.0,14465000000.0,,7.99,-272000000.0,298000000.0,298000000.0,1125000000.0,402000000.0,0.815,1.714,4597000000.0,0.0,4597000000.0,4597000000.0,0.0,245000000.0,0.0,0.035,0.125,313000000.0,558000000.0,0.28,558000000.0,313000000.0,234000000.0,0.535,0.53,0.535,6021000000.0,,6021000000.0,14800970308.0,19.0,8.4,348000000.0,0.462,1.0,870000000.0,0.436,0.0,79000000.0,18338000000.0,,471000000.0,989000000.0,0.0,989000000.0,10318000000.0,2300000000.0,8018000000.0,10681970308.0,-132000000.0,-21000000.0,14000000.0,-29000000.0,-94000000.0,-321000000.0,-431000000.0,-137000000.0,620000000.0,0.0,402000000.0,402000000.0,402000000.0,74000000.0,0.0,0.202,244000000.0,626000000.0,808000000.0,0.234,1.774,25.433,25.568,12871000000.0,0.0,14.19,1.545,1.547,1173000000.0,2079000000.0,1995000000.0,1995000000.0,29000000.0,,,,,0.0,207000000.0,1.0,752781558.0,753600000.0,760800000.0,2.647,16339000000.0,0.0,-168000000.0,1150000000.0,21.681,-426000000.0
76,OXY,MRQ,2002-06-30,2002-06-30,2002-06-30,2021-08-25,-25000000.0,16481000000.0,,1884000000.0,14597000000.0,,7.759,-302000000.0,430000000.0,430000000.0,1125000000.0,240000000.0,0.835,1.826,4549000000.0,0.0,4549000000.0,4549000000.0,0.0,253000000.0,0.0,0.033,0.125,539000000.0,792000000.0,0.419,792000000.0,539000000.0,461000000.0,0.32,0.315,0.32,5832000000.0,,5832000000.0,15661514149.0,15.0,7.647,419000000.0,0.557,1.0,767000000.0,0.405,0.0,78000000.0,18343000000.0,,420000000.0,1103000000.0,0.0,1103000000.0,10649000000.0,2257000000.0,8392000000.0,11244514149.0,336000000.0,-72000000.0,29000000.0,-2000000.0,-93000000.0,-99000000.0,-286000000.0,90000000.0,721000000.0,0.0,240000000.0,240000000.0,240000000.0,1000000.0,0.0,0.127,220000000.0,547000000.0,807000000.0,0.391,1.928,24.339,24.382,12937000000.0,0.0,14.995,1.623,1.627,1150000000.0,1866000000.0,1892000000.0,1892000000.0,59000000.0,,,,,0.0,161000000.0,1.0,749884238.0,751600000.0,758200000.0,2.517,16481000000.0,0.0,221000000.0,1332000000.0,21.928,-373000000.0
77,OXY,MRQ,2002-03-31,2002-03-31,2002-03-31,2021-08-25,-88000000.0,17714000000.0,,1608000000.0,16106000000.0,,7.449,-254000000.0,95000000.0,95000000.0,987000000.0,25000000.0,0.875,2.175,4512000000.0,0.0,4512000000.0,4512000000.0,0.0,261000000.0,0.0,0.034,0.125,225000000.0,486000000.0,0.314,486000000.0,225000000.0,151000000.0,0.035,0.035,0.035,5579000000.0,,5579000000.0,15298378204.0,11.0,6.345,-65000000.0,-0.087,1.0,561000000.0,0.362,0.0,74000000.0,20294000000.0,,421000000.0,822000000.0,0.0,822000000.0,12135000000.0,1837000000.0,10298000000.0,10915378204.0,-104000000.0,-5000000.0,18000000.0,-5000000.0,-94000000.0,-112000000.0,-181000000.0,79000000.0,189000000.0,0.0,25000000.0,25000000.0,25000000.0,3000000.0,0.0,0.016,178000000.0,383000000.0,736000000.0,3.571,1.957,15.706,15.672,12853000000.0,0.0,14.575,1.22,1.221,3148000000.0,1719000000.0,1548000000.0,1548000000.0,27000000.0,,,,,0.0,151000000.0,1.0,748911026.0,749000000.0,753200000.0,2.067,17714000000.0,0.0,126000000.0,1180000000.0,23.65,-229000000.0
78,OXY,MRQ,2001-12-31,2001-12-31,2001-12-31,2021-08-25,-86000000.0,17850000000.0,,1557000000.0,16293000000.0,,7.54,-395000000.0,198000000.0,198000000.0,1007000000.0,-247000000.0,0.822,2.168,4582000000.0,54000000.0,4528000000.0,4582000000.0,0.0,243000000.0,0.0,0.038,0.125,-317000000.0,-74000000.0,-0.05,-74000000.0,-317000000.0,-405000000.0,-0.335,-0.33,-0.335,5634000000.0,,5634000000.0,14018393770.0,7.0,4.557,-41000000.0,-0.055,1.0,470000000.0,0.318,0.0,88000000.0,20340000000.0,,414000000.0,993000000.0,0.0,993000000.0,12216000000.0,1894000000.0,10322000000.0,9911393770.0,-371000000.0,-8000000.0,8000000.0,-142000000.0,-94000000.0,-261000000.0,-464000000.0,-58000000.0,354000000.0,0.0,-247000000.0,-247000000.0,-247000000.0,3000000.0,0.0,-0.167,257000000.0,213000000.0,715000000.0,-0.373,1.759,8.589,8.558,12791000000.0,0.0,13.265,1.189,1.189,2811000000.0,1788000000.0,1477000000.0,1477000000.0,54000000.0,,,,,0.0,143000000.0,1.0,747183850.0,747183850.0,,1.977,17850000000.0,35000000.0,-158000000.0,1130000000.0,23.89,-337000000.0
79,OXY,MRQ,2001-09-30,2001-09-30,2001-09-30,2021-08-25,-90000000.0,18763000000.0,,2199000000.0,16564000000.0,,7.849,476000000.0,569000000.0,569000000.0,1119000000.0,444000000.0,0.873,2.2,4676000000.0,254000000.0,4422000000.0,4676000000.0,0.0,240000000.0,0.0,0.041,0.125,604000000.0,844000000.0,0.42,844000000.0,604000000.0,513000000.0,0.595,0.59,0.595,5863000000.0,,5863000000.0,14428554570.0,5.0,3.508,1379000000.0,1.846,1.0,892000000.0,0.444,0.0,91000000.0,20352000000.0,,445000000.0,1343000000.0,0.0,1343000000.0,12900000000.0,2518000000.0,10382000000.0,9086554570.0,406000000.0,0.0,6000000.0,-844000000.0,-92000000.0,-960000000.0,463000000.0,-8000000.0,903000000.0,0.0,444000000.0,444000000.0,444000000.0,-1000000.0,0.0,0.221,248000000.0,644000000.0,814000000.0,0.21,1.55,5.24,5.212,12708000000.0,0.0,12.17,0.975,0.975,3203000000.0,2035000000.0,2011000000.0,2011000000.0,91000000.0,,,,,0.0,157000000.0,1.0,746635544.0,747000000.0,751400000.0,2.692,18763000000.0,0.0,69000000.0,1414000000.0,25.118,-319000000.0
80,OXY,MRQ,2001-06-30,2001-06-30,2001-06-30,2021-08-25,-78000000.0,19486000000.0,,1994000000.0,17492000000.0,,7.52,-299000000.0,163000000.0,163000000.0,2750000000.0,473000000.0,0.852,2.483,5505000000.0,243000000.0,5262000000.0,5505000000.0,0.0,237000000.0,0.0,0.038,0.125,918000000.0,1155000000.0,0.296,1155000000.0,918000000.0,812000000.0,0.635,0.63,0.635,5595000000.0,,5595000000.0,15269117231.0,4.0,3.447,189000000.0,0.254,1.0,1158000000.0,0.296,0.0,106000000.0,22487000000.0,,436000000.0,1326000000.0,0.0,1326000000.0,13891000000.0,2341000000.0,11550000000.0,9851117231.0,-136000000.0,-38000000.0,70000000.0,-215000000.0,-94000000.0,-273000000.0,-351000000.0,-14000000.0,488000000.0,0.0,473000000.0,473000000.0,473000000.0,0.0,0.0,0.121,196000000.0,962000000.0,842000000.0,0.197,1.761,5.822,5.818,13482000000.0,0.0,13.295,0.865,0.869,3502000000.0,1778000000.0,3908000000.0,3908000000.0,18000000.0,,,,,0.0,178000000.0,1.0,740964064.0,744000000.0,749400000.0,5.253,19486000000.0,0.0,339000000.0,1487000000.0,26.191,-347000000.0
81,OXY,MRQ,2001-03-31,2001-03-30,2001-03-30,2021-08-25,-83000000.0,19883000000.0,,2315000000.0,17568000000.0,,6.945,-238000000.0,299000000.0,299000000.0,3289000000.0,484000000.0,0.829,2.867,5717000000.0,260000000.0,5457000000.0,5717000000.0,0.0,245000000.0,0.0,0.04,0.125,908000000.0,1153000000.0,0.255,1153000000.0,908000000.0,792000000.0,0.655,0.65,0.655,5142000000.0,,5142000000.0,14986038454.0,4.0,3.185,583000000.0,0.787,1.0,1235000000.0,0.273,0.0,116000000.0,22508000000.0,,437000000.0,1346000000.0,0.0,1346000000.0,14741000000.0,2793000000.0,11948000000.0,9165038454.0,202000000.0,0.0,6000000.0,-209000000.0,-92000000.0,-320000000.0,-299000000.0,-61000000.0,821000000.0,0.0,484000000.0,484000000.0,484000000.0,0.0,0.0,0.107,268000000.0,967000000.0,931000000.0,0.191,1.782,5.14,5.124,13443000000.0,0.0,12.375,0.812,0.812,3761000000.0,1398000000.0,4524000000.0,4524000000.0,21000000.0,,,,,0.0,198000000.0,1.0,740609168.0,740400000.0,742000000.0,6.11,19883000000.0,0.0,308000000.0,1568000000.0,26.854,-478000000.0
82,OXY,MRQ,2000-12-31,2000-12-31,2000-12-31,2021-08-25,-50000000.0,19414000000.0,,2067000000.0,17347000000.0,,6.462,-34000000.0,97000000.0,97000000.0,-2924000000.0,333000000.0,0.754,3.067,5918000000.0,260000000.0,5658000000.0,5918000000.0,0.0,207000000.0,0.0,0.041,0.125,754000000.0,961000000.0,-0.856,961000000.0,754000000.0,631000000.0,0.45,0.45,0.45,4774000000.0,,4774000000.0,15279316444.0,4.0,3.466,616000000.0,0.834,1.0,1801000000.0,-1.604,0.0,123000000.0,22495000000.0,,485000000.0,1327000000.0,0.0,1327000000.0,14640000000.0,2740000000.0,11900000000.0,8957316444.0,-171000000.0,-13000000.0,15000000.0,-654000000.0,-93000000.0,-781000000.0,-40000000.0,82000000.0,650000000.0,0.0,333000000.0,333000000.0,333000000.0,-13000000.0,0.0,-0.297,1082000000.0,719000000.0,1091000000.0,0.278,1.876,5.702,5.692,13471000000.0,0.0,12.125,0.952,0.952,3445000000.0,1007000000.0,-1123000000.0,-1123000000.0,29000000.0,,,,,0.0,-21000000.0,1.0,738747748.0,738747748.0,,-1.52,19414000000.0,0.0,298000000.0,1358000000.0,26.28,-673000000.0
83,OXY,MRQ,2000-09-30,2000-09-30,2000-09-30,2021-08-25,-45000000.0,19774000000.0,,2299000000.0,17475000000.0,,6.124,121000000.0,268000000.0,268000000.0,2827000000.0,402000000.0,0.866,3.373,6590000000.0,223000000.0,6367000000.0,6590000000.0,0.0,268000000.0,0.0,0.046,0.125,893000000.0,1161000000.0,0.285,1161000000.0,893000000.0,753000000.0,0.545,0.545,0.545,4522000000.0,,4522000000.0,15174270074.0,4.0,3.331,897000000.0,1.215,1.0,1253000000.0,0.307,0.0,140000000.0,23440000000.0,,530000000.0,1400000000.0,0.0,1400000000.0,15252000000.0,2656000000.0,12596000000.0,8045270074.0,171000000.0,-1000000.0,9000000.0,-634000000.0,-92000000.0,-746000000.0,141000000.0,0.0,776000000.0,0.0,402000000.0,402000000.0,402000000.0,0.0,0.0,0.099,306000000.0,947000000.0,1200000000.0,0.229,1.779,4.96,4.923,13483000000.0,0.0,10.905,0.567,0.568,3449000000.0,766000000.0,4080000000.0,4080000000.0,44000000.0,,,,,0.0,262000000.0,1.0,737759750.0,738400000.0,738400000.0,5.525,19774000000.0,0.0,351000000.0,1445000000.0,26.78,-357000000.0
84,OXY,MRQ,2000-06-30,2000-06-30,2000-06-30,2021-08-25,-42000000.0,19556000000.0,,1979000000.0,17577000000.0,,5.697,608000000.0,97000000.0,97000000.0,2243000000.0,564000000.0,0.869,3.654,7226000000.0,89000000.0,7137000000.0,7226000000.0,0.0,234000000.0,0.0,0.047,0.125,1196000000.0,1430000000.0,0.376,1430000000.0,1196000000.0,1053000000.0,0.765,0.765,0.765,4202000000.0,,4202000000.0,12681235677.0,4.0,3.189,1182000000.0,1.602,1.0,1558000000.0,0.41,0.0,143000000.0,24408000000.0,,510000000.0,1434000000.0,0.0,1434000000.0,15354000000.0,2277000000.0,13077000000.0,7763235677.0,-31000000.0,-3326000000.0,3000000.0,2170000000.0,-92000000.0,2053000000.0,-2658000000.0,0.0,574000000.0,0.0,564000000.0,564000000.0,564000000.0,0.0,0.0,0.148,306000000.0,1252000000.0,944000000.0,0.163,1.848,5.768,5.707,13547000000.0,0.0,10.53,0.635,0.636,3315000000.0,456000000.0,3801000000.0,3801000000.0,15000000.0,,,,,0.0,291000000.0,1.0,737249352.0,737600000.0,737600000.0,5.153,19556000000.0,0.0,489000000.0,1399000000.0,26.513,-298000000.0
85,OXY,MRQ,2000-03-31,2000-03-31,2000-03-31,2021-08-25,-47000000.0,14343000000.0,,1547000000.0,12796000000.0,,5.056,-99000000.0,128000000.0,128000000.0,1787000000.0,271000000.0,0.838,2.854,5046000000.0,54000000.0,4992000000.0,5046000000.0,0.0,185000000.0,0.0,0.048,0.125,671000000.0,856000000.0,0.323,856000000.0,671000000.0,567000000.0,0.37,0.37,0.37,3722000000.0,,3722000000.0,12312281670.0,6.0,4.182,249000000.0,0.338,1.0,861000000.0,0.325,0.0,104000000.0,17415000000.0,,486000000.0,1794000000.0,0.0,1794000000.0,10621000000.0,1846000000.0,8775000000.0,7638281670.0,-86000000.0,-375000000.0,16000000.0,158000000.0,-92000000.0,53000000.0,-487000000.0,0.0,348000000.0,0.0,271000000.0,272000000.0,272000000.0,0.0,0.0,0.103,160000000.0,701000000.0,706000000.0,0.338,2.052,9.693,9.518,9953000000.0,-1000000.0,10.375,0.759,0.759,928000000.0,-15000000.0,2648000000.0,2648000000.0,6000000.0,,,,,0.0,154000000.0,1.0,736219920.0,736200000.0,736200000.0,3.597,14343000000.0,0.0,296000000.0,1245000000.0,19.482,-299000000.0
86,OXY,MRQ,1999-12-31,1999-12-31,1999-12-31,2021-08-25,-51000000.0,14125000000.0,,1688000000.0,12437000000.0,,4.792,-166000000.0,214000000.0,214000000.0,1302000000.0,383000000.0,0.858,3.009,4888000000.0,34000000.0,4854000000.0,4888000000.0,0.0,207000000.0,0.0,0.046,0.125,902000000.0,1109000000.0,0.303,1109000000.0,902000000.0,784000000.0,0.535,0.535,0.535,3523000000.0,,3523000000.0,13484709826.0,9.0,5.661,369000000.0,0.502,1.0,2355000000.0,0.644,0.0,118000000.0,16832000000.0,,503000000.0,1754000000.0,0.0,1754000000.0,10602000000.0,1967000000.0,8635000000.0,7950709826.0,63000000.0,-39000000.0,4000000.0,-973000000.0,-91000000.0,-1060000000.0,588000000.0,114000000.0,535000000.0,0.0,383000000.0,384000000.0,384000000.0,0.0,0.0,0.105,1175000000.0,1180000000.0,812000000.0,0.234,2.257,17.988,17.444,10029000000.0,-1000000.0,10.815,0.908,0.908,942000000.0,-286000000.0,3657000000.0,3657000000.0,12000000.0,,,,,0.0,157000000.0,1.0,735155786.0,735155786.0,,4.974,14125000000.0,0.0,401000000.0,1163000000.0,19.214,-279000000.0
87,OXY,MRQ,1999-09-30,1999-09-30,1999-09-30,2021-08-25,-57000000.0,14135000000.0,,1491000000.0,12644000000.0,,4.497,-120000000.0,151000000.0,151000000.0,1600000000.0,126000000.0,0.945,3.395,5685000000.0,32000000.0,5653000000.0,5685000000.0,0.0,198000000.0,0.0,0.043,0.125,384000000.0,582000000.0,0.275,582000000.0,384000000.0,259000000.0,0.175,0.175,0.175,3216000000.0,,3216000000.0,13662114852.0,18.0,8.849,197000000.0,0.275,1.0,513000000.0,0.243,0.0,125000000.0,18092000000.0,,498000000.0,1780000000.0,0.0,1780000000.0,10919000000.0,1577000000.0,9342000000.0,8062114852.0,-116000000.0,21000000.0,5000000.0,-244000000.0,-91000000.0,-330000000.0,-103000000.0,0.0,317000000.0,0.0,126000000.0,126000000.0,126000000.0,0.0,0.0,0.06,172000000.0,341000000.0,619000000.0,0.714,2.507,503.882,578.25,10228000000.0,0.0,11.565,1.035,1.062,823000000.0,-669000000.0,2113000000.0,2113000000.0,11000000.0,,,,,0.0,168000000.0,1.0,697113260.0,715200000.0,715200000.0,2.954,14135000000.0,0.0,133000000.0,1009000000.0,19.764,-86000000.0
88,OXY,MRQ,1999-06-30,1999-06-30,1999-06-30,2021-08-25,-56000000.0,14291000000.0,,1758000000.0,12533000000.0,,4.46,-133000000.0,267000000.0,267000000.0,1280000000.0,9000000.0,1.058,3.598,5867000000.0,30000000.0,5837000000.0,5867000000.0,0.0,203000000.0,0.0,0.047,0.125,194000000.0,397000000.0,0.241,397000000.0,194000000.0,65000000.0,0.01,0.01,0.01,3108000000.0,,3108000000.0,12791105022.0,20.0,9.021,-16000000.0,-0.023,1.0,367000000.0,0.223,0.0,129000000.0,18230000000.0,,498000000.0,1885000000.0,0.0,1885000000.0,11183000000.0,1661000000.0,9522000000.0,7353105022.0,-304000000.0,-96000000.0,6000000.0,-143000000.0,-90000000.0,-228000000.0,-193000000.0,0.0,117000000.0,0.0,9000000.0,6000000.0,6000000.0,0.0,0.0,0.004,217000000.0,150000000.0,702000000.0,12.5,2.366,-96.751,-100.619,10026000000.0,3000000.0,10.565,1.002,1.003,891000000.0,-795000000.0,1647000000.0,1647000000.0,36000000.0,,,,,0.0,160000000.0,1.0,695987224.0,696800000.0,696800000.0,2.364,14291000000.0,0.0,56000000.0,892000000.0,20.509,97000000.0
89,OXY,MRQ,1999-03-31,1999-03-31,1999-03-31,2021-08-25,-37000000.0,13988000000.0,,1684000000.0,12304000000.0,,4.6,-130000000.0,571000000.0,571000000.0,1087000000.0,-70000000.0,1.279,3.371,6009000000.0,30000000.0,5979000000.0,6009000000.0,0.0,197000000.0,0.0,0.056,0.125,97000000.0,294000000.0,0.219,294000000.0,97000000.0,-29000000.0,-0.105,-0.105,-0.105,3200000000.0,,3200000000.0,12960882050.0,14.0,7.535,-55000000.0,-0.079,1.0,257000000.0,0.191,0.0,126000000.0,18109000000.0,,495000000.0,1913000000.0,0.0,1913000000.0,10788000000.0,1317000000.0,9471000000.0,6259882050.0,475000000.0,-13000000.0,6000000.0,-1323000000.0,-91000000.0,-899000000.0,1299000000.0,1395000000.0,75000000.0,0.0,-70000000.0,-74000000.0,-74000000.0,0.0,0.0,-0.055,173000000.0,84000000.0,417000000.0,-1.19,1.956,63.231,64.286,9796000000.0,4000000.0,9.0,0.865,0.865,532000000.0,-804000000.0,1344000000.0,1344000000.0,16000000.0,,,,,0.0,160000000.0,1.0,695542450.0,695600000.0,695600000.0,1.932,13988000000.0,0.0,41000000.0,856000000.0,20.109,367000000.0
90,OXY,MRQ,1998-12-31,1998-12-31,1998-12-31,2021-08-25,-29000000.0,15252000000.0,,2795000000.0,12457000000.0,,4.861,-182000000.0,96000000.0,96000000.0,833000000.0,-38000000.0,0.954,3.535,6797000000.0,1430000000.0,5367000000.0,6797000000.0,0.0,182000000.0,0.0,0.059,0.125,89000000.0,271000000.0,0.101,271000000.0,89000000.0,-58000000.0,-0.06,-0.05,-0.06,3363000000.0,,3363000000.0,12981147476.0,10.0,6.123,64000000.0,0.093,1.0,1853000000.0,0.69,0.0,147000000.0,19022000000.0,,500000000.0,1959000000.0,0.0,1959000000.0,11889000000.0,2931000000.0,8958000000.0,5839147476.0,-22000000.0,0.0,7000000.0,-467000000.0,-91000000.0,-51000000.0,-217000000.0,55000000.0,246000000.0,0.0,-38000000.0,-42000000.0,-42000000.0,0.0,0.0,-0.016,1564000000.0,289000000.0,613000000.0,-2.083,1.736,16.876,17.051,9905000000.0,4000000.0,8.44,0.769,0.769,2139000000.0,-734000000.0,2686000000.0,2686000000.0,49000000.0,,,,,0.0,106000000.0,1.0,691842118.0,691842118.0,,3.882,15252000000.0,0.0,-20000000.0,848000000.0,22.045,-136000000.0
91,OXY,MRQ,1998-09-30,1998-09-30,1998-09-30,2021-08-25,-29000000.0,15344000000.0,,2826000000.0,12518000000.0,,4.98,-157000000.0,118000000.0,118000000.0,1373000000.0,38000000.0,0.985,3.402,7260000000.0,1430000000.0,5830000000.0,7260000000.0,0.0,202000000.0,0.0,0.047,0.125,254000000.0,456000000.0,0.275,456000000.0,254000000.0,118000000.0,0.05,0.05,0.05,3486000000.0,,3486000000.0,14496237902.0,51.0,12.508,-63000000.0,-0.09,1.0,288000000.0,0.173,0.0,136000000.0,19617000000.0,,481000000.0,1990000000.0,0.0,1990000000.0,11858000000.0,2869000000.0,8989000000.0,7590237902.0,-16000000.0,-12000000.0,-183000000.0,305000000.0,-94000000.0,29000000.0,-139000000.0,0.0,94000000.0,0.0,38000000.0,34000000.0,34000000.0,0.0,0.0,0.02,75000000.0,213000000.0,512000000.0,2.5,2.177,-14.681,-13.354,9899000000.0,4000000.0,10.75,1.11,1.1,744000000.0,-696000000.0,1661000000.0,1661000000.0,27000000.0,,,,,0.0,181000000.0,1.0,706068642.0,700000000.0,700000000.0,2.373,15344000000.0,0.0,80000000.0,988000000.0,21.92,-43000000.0
92,OXY,MRQ,1998-06-30,1998-06-30,1998-06-30,2021-08-25,-18000000.0,15538000000.0,,2819000000.0,12719000000.0,,5.199,765000000.0,134000000.0,134000000.0,1200000000.0,186000000.0,0.956,3.161,7040000000.0,1432000000.0,5608000000.0,7040000000.0,0.0,221000000.0,0.0,0.037,0.125,478000000.0,699000000.0,0.453,699000000.0,478000000.0,333000000.0,0.255,0.245,0.255,3734000000.0,,3734000000.0,17021859699.0,46.0,13.85,697000000.0,0.97,1.0,343000000.0,0.222,0.0,145000000.0,19495000000.0,,481000000.0,2120000000.0,0.0,2120000000.0,11804000000.0,2949000000.0,8855000000.0,9917859699.0,-121000000.0,0.0,-413000000.0,-324000000.0,-97000000.0,-831000000.0,778000000.0,0.0,-68000000.0,0.0,186000000.0,181000000.0,181000000.0,0.0,0.0,0.117,-62000000.0,405000000.0,495000000.0,0.49,2.656,-23.898,-20.611,10011000000.0,5000000.0,13.5,1.381,1.35,714000000.0,-735000000.0,1543000000.0,1543000000.0,29000000.0,,,,,0.0,213000000.0,1.0,734656274.0,718200000.0,718200000.0,2.148,15538000000.0,0.0,147000000.0,1059000000.0,21.635,-130000000.0
93,OXY,MRQ,1998-03-31,1998-03-31,1998-03-31,2021-08-25,-13000000.0,16628000000.0,,3230000000.0,13398000000.0,,5.88,1878000000.0,255000000.0,255000000.0,1265000000.0,177000000.0,1.022,3.105,7359000000.0,1428000000.0,5931000000.0,7359000000.0,0.0,230000000.0,0.0,0.034,0.125,464000000.0,694000000.0,0.408,694000000.0,464000000.0,333000000.0,0.25,0.245,0.25,4051000000.0,,4051000000.0,15040298090.0,53.0,13.298,1686000000.0,2.447,1.0,435000000.0,0.256,0.0,131000000.0,20571000000.0,,669000000.0,916000000.0,0.0,916000000.0,12577000000.0,3161000000.0,9416000000.0,10187298090.0,142000000.0,-3516000000.0,-319000000.0,2389000000.0,-105000000.0,1972000000.0,-1638000000.0,0.0,-192000000.0,0.0,177000000.0,173000000.0,173000000.0,-38000000.0,0.0,0.102,94000000.0,341000000.0,545000000.0,0.5,2.515,-22.098,-20.702,11854000000.0,4000000.0,14.595,1.306,1.289,831000000.0,-921000000.0,1700000000.0,1700000000.0,23000000.0,,,,,0.0,178000000.0,1.0,697999184.0,689000000.0,689000000.0,2.467,16628000000.0,0.0,156000000.0,1093000000.0,24.134,69000000.0
94,OXY,MRQ,1997-12-31,1997-12-31,1997-12-31,2021-08-25,-11000000.0,15291000000.0,,1925000000.0,13366000000.0,,6.14,-421000000.0,113000000.0,113000000.0,681000000.0,-884000000.0,1.024,2.568,4966000000.0,41000000.0,4925000000.0,4966000000.0,0.0,224000000.0,0.0,0.034,0.125,-914000000.0,-690000000.0,-0.357,-690000000.0,-914000000.0,-1025000000.0,-1.36,-1.33,-1.36,4286000000.0,,4286000000.0,,,,113000000.0,0.162,1.0,1253000000.0,0.648,0.0,111000000.0,18265000000.0,,604000000.0,921000000.0,0.0,921000000.0,11005000000.0,1879000000.0,9126000000.0,10229178042.0,-51000000.0,-119000000.0,-114000000.0,147000000.0,-106000000.0,-22000000.0,-563000000.0,46000000.0,534000000.0,0.0,-972000000.0,-905000000.0,-905000000.0,706000000.0,88000000.0,-0.468,1373000000.0,-120000000.0,717000000.0,-0.092,2.387,-21.4,-20.497,8590000000.0,-67000000.0,14.655,1.276,1.276,975000000.0,-1097000000.0,1934000000.0,1934000000.0,59000000.0,,,,,0.0,172000000.0,1.0,697999184.0,697999184.0,,2.771,15291000000.0,0.0,-53000000.0,1086000000.0,21.907,46000000.0
95,OXY,MRQ,1997-09-30,1997-09-30,1997-09-30,2021-08-25,,,,,,,,-353000000.0,,,1448000000.0,157000000.0,,,,,,,,187000000.0,,0.039,0.125,339000000.0,526000000.0,0.262,526000000.0,339000000.0,232000000.0,0.2,0.19,0.2,,,,,,,-58000000.0,-0.086,1.0,559000000.0,0.279,,107000000.0,,,,,,,,,,,-151000000.0,6000000.0,3000000.0,-8000000.0,-105000000.0,-101000000.0,-345000000.0,0.0,295000000.0,0.0,157000000.0,136000000.0,136000000.0,-27000000.0,0.0,0.068,272000000.0,287000000.0,,0.625,,,,,21000000.0,12.97,,,,,2007000000.0,2007000000.0,18000000.0,,,,,0.0,248000000.0,1.0,,671200000.0,671200000.0,2.99,,,75000000.0,,,
96,OXY,MRQ,1997-06-30,1997-06-30,1997-06-30,2021-08-25,,,,,,,,-393000000.0,,,1604000000.0,158000000.0,,,,,,,,207000000.0,,0.04,0.125,394000000.0,601000000.0,0.278,601000000.0,394000000.0,286000000.0,0.205,0.195,0.205,,,,,,,-99000000.0,-0.15,1.0,554000000.0,0.257,,108000000.0,,,,,,,,,,,12000000.0,91000000.0,6000000.0,115000000.0,-106000000.0,53000000.0,-335000000.0,0.0,294000000.0,0.0,158000000.0,135000000.0,135000000.0,-20000000.0,0.0,0.063,211000000.0,343000000.0,,0.61,,,,,23000000.0,12.53,,,,,2158000000.0,2158000000.0,17000000.0,,,,,0.0,181000000.0,1.0,,660400000.0,660400000.0,3.268,,,128000000.0,,,
97,OXY,MRQ,1997-03-31,1997-03-31,1997-03-31,2021-08-25,,,,,,,,-262000000.0,,,1327000000.0,179000000.0,,,,,,,,204000000.0,,0.041,0.125,448000000.0,652000000.0,0.34,652000000.0,448000000.0,340000000.0,0.24,0.23,0.24,,,,,,,12000000.0,0.018,1.0,590000000.0,0.308,,108000000.0,,,,,,,,,,,45000000.0,0.0,7000000.0,161000000.0,-105000000.0,33000000.0,-262000000.0,0.0,274000000.0,0.0,179000000.0,156000000.0,156000000.0,-52000000.0,0.0,0.081,227000000.0,363000000.0,,0.521,,,,,23000000.0,12.315,,,,,1917000000.0,1917000000.0,25000000.0,,,,,0.0,196000000.0,1.0,,659400000.0,659400000.0,2.907,,,161000000.0,,,
98,OXY,MRQ,1996-12-31,1996-12-31,1996-12-31,2021-08-25,6000000.0,14981000000.0,,1910000000.0,13071000000.0,,,,258000000.0,258000000.0,,,1.04,1.915,4558000000.0,47000000.0,4511000000.0,4558000000.0,0.0,,0.0,0.043,0.125,,,,,,,,,,5140000000.0,,5140000000.0,,,,,,1.0,,,0.0,,17444000000.0,,582000000.0,985000000.0,0.0,985000000.0,9841000000.0,1837000000.0,8004000000.0,,,,,,,,,,,,,,,,,,,,617000000.0,,,,13.209,8196000000.0,,11.69,,,910000000.0,-726000000.0,,,,,,,,,,1.0,,,,,14981000000.0,0.0,,935000000.0,,73000000.0
0,OXY,MRT,2021-06-30,2021-06-30,2021-06-30,2021-08-25,-238000000.0,79937000000.0,80947500000.0,12844000000.0,67093000000.0,0.224,19.545,-2008000000.0,4749000000.0,4749000000.0,17553000000.0,-4730000000.0,1.34,3.382,36917000000.0,982000000.0,35935000000.0,36917000000.0,0.0,8234000000.0,0.0,0.001,0.04,-3808000000.0,4426000000.0,0.244,4426000000.0,-3808000000.0,-5350000000.0,-5.88,-5.87,-5.88,18244000000.0,18744250000.0,18244000000.0,63757002280.0,-17.0,14.405,4472000000.0,4.791,1.0,567000000.0,0.031,0.0,1542000000.0,102519000000.0,106615750000.0,1837000000.0,3249000000.0,0.0,3249000000.0,61693000000.0,9586000000.0,52107000000.0,29188002280.0,3553000000.0,-360000000.0,29000000.0,-2154000000.0,-638000000.0,-3178000000.0,251000000.0,2663000000.0,6480000000.0,0.0,-4730000000.0,-5533000000.0,-5533000000.0,325000000.0,0.0,-0.305,5074000000.0,-4507000000.0,3544000000.0,-0.007,1.6,-5.275,-5.318,62706000000.0,803000000.0,31.27,1.611,1.611,4426000000.0,2533000000.0,18120000000.0,18120000000.0,176000000.0,-0.068,-0.295,-0.036,-0.21,0.0,718000000.0,1.0,933418685.0,933418685.0,,19.413,79937000000.0,0.0,-620000000.0,6808000000.0,85.639,3258000000.0
1,OXY,MRT,2021-03-31,2021-03-31,2021-03-31,2021-08-25,-235000000.0,79355000000.0,83326250000.0,10074000000.0,69281000000.0,0.181,19.645,-1973000000.0,2453000000.0,2453000000.0,16675000000.0,-12964000000.0,1.167,3.336,37022000000.0,928000000.0,36094000000.0,37022000000.0,0.0,7982000000.0,0.0,0.002,0.04,-13628000000.0,-5646000000.0,-0.374,-5646000000.0,-13628000000.0,-15095000000.0,-14.9,-14.89,-14.9,18300000000.0,20019750000.0,18300000000.0,59918986593.0,-4.0,-10.613,1553000000.0,1.667,1.0,-1589000000.0,-0.105,0.0,1467000000.0,105293000000.0,110499000000.0,2173000000.0,3170000000.0,0.0,3170000000.0,61055000000.0,8631000000.0,52424000000.0,24797986593.0,104000000.0,-365000000.0,39000000.0,-2154000000.0,-1143000000.0,-3851000000.0,429000000.0,2803000000.0,3526000000.0,0.0,-12964000000.0,-13789000000.0,-13789000000.0,1743000000.0,0.0,-0.914,11481000000.0,-13070000000.0,3416000000.0,-0.003,1.355,-1.798,-1.787,65022000000.0,825000000.0,26.62,1.644,1.644,4135000000.0,2639000000.0,15086000000.0,15086000000.0,123000000.0,-0.165,-0.689,-0.123,-0.903,0.0,766000000.0,1.0,931554718.0,931554718.0,,16.194,79355000000.0,0.0,-2131000000.0,6941000000.0,85.186,1443000000.0
2,OXY,MRT,2020-12-31,2020-12-31,2020-12-31,2021-08-25,-288000000.0,80064000000.0,88898250000.0,8819000000.0,71245000000.0,0.183,19.945,-3054000000.0,2178000000.0,2178000000.0,17187000000.0,-14831000000.0,1.072,3.311,37299000000.0,913000000.0,36386000000.0,37299000000.0,0.0,8097000000.0,0.0,0.047,0.82,-15579000000.0,-7482000000.0,-0.46,-7482000000.0,-15579000000.0,-17003000000.0,-17.06,-17.06,-17.06,18573000000.0,23268500000.0,18573000000.0,53874236358.0,-3.0,-7.201,901000000.0,0.968,1.0,-926000000.0,-0.057,0.0,1424000000.0,106962000000.0,115965750000.0,1898000000.0,3250000000.0,0.0,3250000000.0,61491000000.0,8223000000.0,53268000000.0,16119236358.0,-1380000000.0,-114000000.0,122000000.0,-1980000000.0,-1845000000.0,-4516000000.0,-819000000.0,2390000000.0,3955000000.0,0.0,-14831000000.0,-15675000000.0,-15675000000.0,1298000000.0,0.0,-0.964,13302000000.0,-14228000000.0,2987000000.0,-0.048,0.868,-1.028,-1.015,66951000000.0,844000000.0,17.31,0.991,0.991,3159000000.0,2996000000.0,16261000000.0,16261000000.0,132000000.0,-0.176,-0.674,-0.134,-0.958,0.0,864000000.0,1.0,931209495.0,931209495.0,,17.462,80064000000.0,0.0,-2172000000.0,7113000000.0,85.979,596000000.0
3,OXY,MRT,2020-09-30,2020-09-30,2020-09-30,2021-08-25,-283000000.0,84434000000.0,95679750000.0,10694000000.0,73740000000.0,0.21,21.352,-4947000000.0,1947000000.0,1947000000.0,18408000000.0,-14755000000.0,1.018,3.251,39702000000.0,3017000000.0,36685000000.0,39702000000.0,0.0,8712000000.0,0.0,0.16,1.6,-15138000000.0,-6426000000.0,-0.32,-6426000000.0,-15138000000.0,-16587000000.0,-17.35,-17.35,-17.35,19860000000.0,27183250000.0,19860000000.0,47829722952.0,-3.0,-7.443,-387000000.0,-0.416,1.0,1647000000.0,0.082,0.0,1449000000.0,111689000000.0,121977000000.0,1660000000.0,3125000000.0,0.0,3125000000.0,64574000000.0,10500000000.0,54074000000.0,9310722952.0,-3291000000.0,-5061000000.0,144000000.0,-1450000000.0,-2492000000.0,-4152000000.0,-3699000000.0,6361000000.0,4560000000.0,0.0,-14858000000.0,-15702000000.0,-15702000000.0,1335000000.0,103000000.0,-0.783,15322000000.0,-13675000000.0,2682000000.0,-0.092,0.469,-0.593,-0.577,69617000000.0,844000000.0,10.01,0.464,0.464,3081000000.0,4317000000.0,20055000000.0,20055000000.0,212000000.0,-0.164,-0.578,-0.124,-0.755,0.0,1000000000.0,1.0,930142153.0,930142153.0,,21.561,84434000000.0,0.0,-1729000000.0,7508000000.0,90.775,194000000.0
4,OXY,MRT,2020-06-30,2020-06-30,2020-06-30,2021-08-25,-312000000.0,89452000000.0,105932000000.0,8437000000.0,81015000000.0,0.215,25.939,-6455000000.0,1135000000.0,1135000000.0,18751000000.0,-11932000000.0,0.851,2.832,39654000000.0,2880000000.0,36774000000.0,39654000000.0,0.0,8564000000.0,0.0,0.13,2.38,-11763000000.0,-3199000000.0,-0.14,-3199000000.0,-11763000000.0,-13240000000.0,-14.36,-14.36,-14.36,23346000000.0,31238250000.0,23346000000.0,53950332767.0,-5.0,-16.865,-342000000.0,-0.38,1.0,4064000000.0,0.178,0.0,1477000000.0,118052000000.0,130240750000.0,1477000000.0,6128000000.0,0.0,6128000000.0,66106000000.0,9919000000.0,56187000000.0,16470332767.0,-538000000.0,-28092000000.0,10099000000.0,15165000000.0,-3073000000.0,21779000000.0,-28430000000.0,6317000000.0,6113000000.0,0.0,-12077000000.0,-12836000000.0,-12836000000.0,1430000000.0,145000000.0,-0.563,14087000000.0,-10023000000.0,3034000000.0,-0.166,0.705,-1.283,-1.274,73733000000.0,759000000.0,18.3,0.722,0.722,3513000000.0,8105000000.0,22815000000.0,22815000000.0,246000000.0,-0.121,-0.411,-0.09,-0.516,0.0,1079000000.0,1.0,900018184.0,900018184.0,,25.349,89452000000.0,0.0,-1163000000.0,7887000000.0,99.389,-1482000000.0
5,OXY,MRT,2020-03-31,2020-03-31,2020-03-31,2021-08-25,-334000000.0,101643000000.0,94761500000.0,14109000000.0,87534000000.0,0.257,34.958,-7041000000.0,2263000000.0,2263000000.0,17746000000.0,-3166000000.0,1.179,2.248,39743000000.0,2917000000.0,36826000000.0,39743000000.0,0.0,7476000000.0,0.0,0.272,3.15,-1380000000.0,6096000000.0,0.251,6096000000.0,-1380000000.0,-2700000000.0,-4.4,-4.4,-4.4,31295000000.0,30738500000.0,31295000000.0,46865705048.0,-34.0,7.688,725000000.0,0.81,1.0,6569000000.0,0.27,0.0,1320000000.0,127160000000.0,112254500000.0,1436000000.0,6050000000.0,0.0,6050000000.0,70348000000.0,11963000000.0,58385000000.0,10366705048.0,612000000.0,-28054000000.0,10102000000.0,15057000000.0,-2946000000.0,21988000000.0,-29142000000.0,6142000000.0,7766000000.0,0.0,-3311000000.0,-3848000000.0,-3848000000.0,15000000.0,145000000.0,-0.158,7604000000.0,-1035000000.0,3845000000.0,-0.716,0.331,-2.694,-2.632,80266000000.0,537000000.0,11.58,0.426,0.426,3676000000.0,17229000000.0,24315000000.0,24315000000.0,248000000.0,-0.041,-0.125,-0.012,-0.057,0.0,1017000000.0,1.0,895224961.0,895224961.0,,27.161,101643000000.0,0.0,611000000.0,9403000000.0,113.539,2146000000.0
6,OXY,MRT,2019-12-31,2019-12-31,2019-12-31,2021-08-25,-221000000.0,107190000000.0,80445750000.0,14633000000.0,92557000000.0,0.27,38.32,-6616000000.0,3517000000.0,3517000000.0,15367000000.0,-522000000.0,1.152,2.131,40039000000.0,630000000.0,39409000000.0,40039000000.0,0.0,6140000000.0,0.0,0.076,3.14,1260000000.0,7400000000.0,0.34,7400000000.0,1260000000.0,194000000.0,-1.22,-1.22,-1.22,34232000000.0,28223750000.0,34232000000.0,80272612939.0,64.0,10.848,759000000.0,0.85,1.0,6383000000.0,0.293,0.0,1066000000.0,131007000000.0,91993250000.0,1581000000.0,6389000000.0,0.0,6389000000.0,72958000000.0,12705000000.0,60253000000.0,36813612939.0,541000000.0,-28088000000.0,9791000000.0,15057000000.0,-2624000000.0,22193000000.0,-29027000000.0,5852000000.0,7375000000.0,0.0,-667000000.0,-985000000.0,-985000000.0,15000000.0,145000000.0,-0.045,5569000000.0,814000000.0,4910000000.0,-2.574,1.075,-37.374,-33.779,83641000000.0,318000000.0,41.21,1.693,1.693,6760000000.0,20180000000.0,21750000000.0,21750000000.0,247000000.0,-0.012,-0.035,0.014,0.058,0.0,893000000.0,1.0,893317470.0,893317470.0,,24.347,107190000000.0,0.0,861000000.0,9717000000.0,119.991,1928000000.0
7,OXY,MRT,2019-09-30,2019-09-30,2019-09-30,2021-08-25,-332000000.0,125443000000.0,64611750000.0,20944000000.0,104499000000.0,0.3,48.213,-5604000000.0,5294000000.0,5294000000.0,13299000000.0,1220000000.0,1.334,2.34,48753000000.0,494000000.0,48259000000.0,48753000000.0,0.0,4857000000.0,0.0,0.07,3.13,2729000000.0,7586000000.0,0.391,7586000000.0,2729000000.0,1998000000.0,1.54,1.54,1.54,36080000000.0,24998250000.0,36080000000.0,42496059707.0,16.0,5.602,2262000000.0,3.023,1.0,6111000000.0,0.315,8461000000.0,731000000.0,144744000000.0,70173000000.0,1601000000.0,3684000000.0,0.0,3684000000.0,84438000000.0,15697000000.0,68741000000.0,33279059707.0,2411000000.0,-23319000000.0,9449000000.0,16848000000.0,-2360000000.0,23777000000.0,-29232000000.0,-155000000.0,7866000000.0,0.0,1178000000.0,1060000000.0,1060000000.0,15000000.0,42000000.0,0.055,3669000000.0,2442000000.0,6789000000.0,2.032,0.922,31.395,28.877,91199000000.0,118000000.0,44.47,1.715,1.715,7009000000.0,22227000000.0,19410000000.0,19410000000.0,184000000.0,0.016,0.042,0.039,0.141,0.0,710000000.0,1.0,748348543.0,748348543.0,,25.937,116982000000.0,0.0,820000000.0,10956000000.0,156.32,5247000000.0
8,OXY,MRT,2019-06-30,2019-06-30,2019-06-30,2021-08-25,-184000000.0,44770000000.0,44490250000.0,9425000000.0,35345000000.0,0.439,28.543,-5173000000.0,1751000000.0,1751000000.0,11830000000.0,3841000000.0,1.196,1.097,10968000000.0,368000000.0,10600000000.0,10968000000.0,0.0,4113000000.0,0.0,0.062,3.12,5654000000.0,9767000000.0,0.5,9767000000.0,5654000000.0,5208000000.0,5.06,5.06,5.06,21347000000.0,21350500000.0,21347000000.0,46875298751.0,8.0,4.799,2692000000.0,3.6,1.0,7713000000.0,0.395,0.0,446000000.0,46107000000.0,44973250000.0,1582000000.0,1777000000.0,0.0,1777000000.0,23423000000.0,7880000000.0,15543000000.0,37603298751.0,389000000.0,-730000000.0,-1331000000.0,-108000000.0,-2367000000.0,-3853000000.0,-3623000000.0,2610000000.0,7865000000.0,0.0,3841000000.0,3841000000.0,3841000000.0,0.0,0.0,0.197,2419000000.0,5294000000.0,5445000000.0,0.617,1.762,9.79,9.937,32796000000.0,0.0,50.28,1.924,1.924,6045000000.0,23848000000.0,19543000000.0,19543000000.0,145000000.0,0.086,0.18,0.126,0.289,0.0,616000000.0,1.0,747877859.0,747877859.0,,26.131,44770000000.0,0.0,1367000000.0,950000000.0,59.863,1545000000.0
9,OXY,MRT,2019-03-31,2019-03-31,2019-03-31,2021-08-25,-168000000.0,44380000000.0,44314500000.0,9270000000.0,35110000000.0,0.433,28.332,-5153000000.0,1752000000.0,1752000000.0,11386000000.0,4054000000.0,1.23,1.09,11024000000.0,356000000.0,10668000000.0,11024000000.0,0.0,4029000000.0,0.0,0.047,3.11,5807000000.0,9836000000.0,0.512,9836000000.0,5807000000.0,5417000000.0,5.32,5.32,5.32,21236000000.0,21246500000.0,21236000000.0,56903974527.0,10.0,5.785,2455000000.0,3.275,1.0,7812000000.0,0.407,0.0,390000000.0,46115000000.0,44681250000.0,1484000000.0,1725000000.0,0.0,1725000000.0,23144000000.0,7537000000.0,15607000000.0,49619974527.0,146000000.0,-820000000.0,-1446000000.0,0.0,-2373000000.0,-3812000000.0,-3650000000.0,2598000000.0,7608000000.0,0.0,4054000000.0,4054000000.0,4054000000.0,0.0,0.0,0.211,2346000000.0,5466000000.0,5261000000.0,0.585,2.337,12.24,12.444,32584000000.0,0.0,66.2,2.585,2.585,6111000000.0,23795000000.0,19198000000.0,19198000000.0,131000000.0,0.091,0.191,0.13,0.302,0.0,855000000.0,1.0,749546443.0,749546443.0,,25.613,44380000000.0,0.0,1363000000.0,918000000.0,59.209,1733000000.0
10,OXY,MRT,2018-12-31,2018-12-31,2018-12-31,2021-08-25,-172000000.0,43854000000.0,43921500000.0,9932000000.0,33922000000.0,0.431,28.251,-4920000000.0,3033000000.0,3033000000.0,10984000000.0,4131000000.0,1.34,1.056,10317000000.0,116000000.0,10201000000.0,10317000000.0,0.0,3977000000.0,0.0,0.051,3.1,5997000000.0,9974000000.0,0.527,9974000000.0,5997000000.0,5608000000.0,5.4,5.39,5.4,21330000000.0,21118000000.0,21330000000.0,53703492074.0,9.0,5.384,2749000000.0,3.641,1.0,7950000000.0,0.42,0.0,389000000.0,43726000000.0,44262750000.0,1260000000.0,1680000000.0,0.0,1680000000.0,22524000000.0,7412000000.0,15112000000.0,46343492074.0,1361000000.0,-928000000.0,-1215000000.0,478000000.0,-2374000000.0,-3102000000.0,-3206000000.0,2642000000.0,7669000000.0,0.0,4131000000.0,4131000000.0,4131000000.0,0.0,0.0,0.218,2284000000.0,5666000000.0,4885000000.0,0.574,2.173,11.218,11.367,31437000000.0,0.0,61.38,2.448,2.448,5698000000.0,23750000000.0,18934000000.0,18934000000.0,110000000.0,0.094,0.196,0.135,0.317,0.0,585000000.0,1.0,755025938.0,755025938.0,,25.077,43854000000.0,0.0,1477000000.0,907000000.0,58.083,2520000000.0
11,OXY,MRT,2018-09-30,2018-09-30,2018-09-30,2021-08-25,-154000000.0,44957000000.0,43464500000.0,11112000000.0,33845000000.0,0.408,28.1,-4689000000.0,2954000000.0,2954000000.0,10329000000.0,3922000000.0,1.327,1.092,10314000000.0,116000000.0,10198000000.0,10314000000.0,0.0,3967000000.0,0.0,0.038,3.09,5219000000.0,9186000000.0,0.518,9186000000.0,5219000000.0,4842000000.0,5.11,5.1,5.11,21489000000.0,20928500000.0,21489000000.0,71787161793.0,14.0,7.815,1901000000.0,2.486,1.0,7391000000.0,0.417,0.0,377000000.0,43945000000.0,44026750000.0,1009000000.0,1568000000.0,0.0,1568000000.0,23464000000.0,8372000000.0,15092000000.0,62837161793.0,1148000000.0,-730000000.0,-901000000.0,478000000.0,-2372000000.0,-2789000000.0,-2653000000.0,4059000000.0,6590000000.0,0.0,3922000000.0,3922000000.0,3922000000.0,0.0,0.0,0.221,2480000000.0,4911000000.0,5443000000.0,0.605,2.924,16.022,16.08,31155000000.0,0.0,82.17,3.546,3.546,7122000000.0,23635000000.0,17720000000.0,17720000000.0,115000000.0,0.09,0.187,0.119,0.295,0.0,430000000.0,1.0,764721453.0,764721453.0,,23.172,44957000000.0,0.0,920000000.0,1162000000.0,58.789,2740000000.0
12,OXY,MRT,2018-06-30,2018-06-30,2018-06-30,2021-08-25,-308000000.0,44067000000.0,42586000000.0,10990000000.0,33077000000.0,0.344,27.333,-4275000000.0,1362000000.0,1362000000.0,9838000000.0,2243000000.0,1.36,1.105,10312000000.0,0.0,10312000000.0,10312000000.0,0.0,3939000000.0,0.0,0.037,3.08,2910000000.0,6849000000.0,0.468,6849000000.0,2910000000.0,2538000000.0,2.92,2.91,2.92,20931000000.0,20723500000.0,20931000000.0,72782652261.0,25.0,10.627,997000000.0,1.302,1.0,4811000000.0,0.328,0.0,372000000.0,44939000000.0,43815750000.0,1347000000.0,1551000000.0,0.0,1551000000.0,23136000000.0,8078000000.0,15058000000.0,64079652261.0,-856000000.0,-929000000.0,-91000000.0,478000000.0,-2363000000.0,-1974000000.0,-4154000000.0,1413000000.0,5272000000.0,0.0,2243000000.0,2243000000.0,2243000000.0,0.0,0.0,0.153,2182000000.0,2629000000.0,5412000000.0,1.055,3.061,28.569,28.658,30432000000.0,0.0,83.68,4.374,4.374,6615000000.0,22361000000.0,14649000000.0,14649000000.0,99000000.0,0.053,0.108,0.066,0.199,0.0,631000000.0,1.0,765770223.0,765770223.0,,19.13,44067000000.0,0.0,295000000.0,738000000.0,57.546,2912000000.0
13,OXY,MRT,2018-03-31,2018-03-31,2018-03-31,2021-08-25,-312000000.0,42808000000.0,42064750000.0,8894000000.0,33914000000.0,0.336,27.082,-3791000000.0,1606000000.0,1606000000.0,9863000000.0,1902000000.0,1.258,1.066,10309000000.0,0.0,10309000000.0,10309000000.0,0.0,3981000000.0,0.0,0.047,3.07,2541000000.0,6522000000.0,0.462,6522000000.0,2541000000.0,2180000000.0,2.48,2.47,2.48,20722000000.0,20750000000.0,20722000000.0,57860059162.0,23.0,8.872,1574000000.0,2.057,1.0,4258000000.0,0.302,0.0,361000000.0,44441000000.0,43380250000.0,1057000000.0,1509000000.0,0.0,1509000000.0,22086000000.0,7070000000.0,15016000000.0,49704059162.0,112000000.0,-1222000000.0,1000000.0,478000000.0,-2354000000.0,-1875000000.0,-3378000000.0,1470000000.0,5365000000.0,0.0,1902000000.0,1902000000.0,1902000000.0,0.0,0.0,0.135,2107000000.0,2151000000.0,5059000000.0,1.238,2.399,26.133,26.194,31344000000.0,0.0,64.96,3.52,3.52,6245000000.0,22107000000.0,14121000000.0,14121000000.0,86000000.0,0.045,0.092,0.059,0.18,0.0,581000000.0,1.0,765148694.0,765148694.0,,18.455,42808000000.0,0.0,278000000.0,659000000.0,55.947,1824000000.0
14,OXY,MRT,2017-12-31,2017-12-31,2017-12-31,2021-08-25,-258000000.0,42026000000.0,41979000000.0,8270000000.0,33756000000.0,0.316,26.883,-3477000000.0,1672000000.0,1672000000.0,9907000000.0,1311000000.0,1.118,1.043,9828000000.0,500000000.0,9328000000.0,9828000000.0,0.0,4002000000.0,0.0,0.042,3.06,1673000000.0,5675000000.0,0.428,5675000000.0,1673000000.0,1328000000.0,1.71,1.7,1.71,20572000000.0,20839250000.0,20572000000.0,64387972260.0,38.0,11.346,1384000000.0,1.809,1.0,3367000000.0,0.254,0.0,345000000.0,42782000000.0,43255250000.0,1246000000.0,1515000000.0,0.0,1515000000.0,21454000000.0,7400000000.0,14054000000.0,56367972260.0,-561000000.0,-1064000000.0,3000000.0,0.0,-2346000000.0,-2343000000.0,-3079000000.0,1462000000.0,4861000000.0,0.0,1311000000.0,1311000000.0,1311000000.0,0.0,0.0,0.099,2051000000.0,1316000000.0,4408000000.0,1.789,2.74,42.996,43.076,31174000000.0,0.0,73.66,4.246,4.246,5212000000.0,21935000000.0,13274000000.0,13274000000.0,82000000.0,0.031,0.063,0.039,0.126,0.0,546000000.0,1.0,765245347.0,765245347.0,,17.346,42026000000.0,0.0,17000000.0,581000000.0,54.918,870000000.0
15,OXY,MRT,2017-09-30,2017-09-30,2017-09-30,2021-08-25,-238000000.0,41443000000.0,42249750000.0,7045000000.0,34398000000.0,0.296,27.033,-3198000000.0,1806000000.0,1806000000.0,9859000000.0,542000000.0,1.107,1.005,9826000000.0,500000000.0,9326000000.0,9826000000.0,0.0,3976000000.0,0.0,0.048,3.05,991000000.0,4967000000.0,0.397,4967000000.0,991000000.0,657000000.0,0.71,0.71,0.71,20669000000.0,21070500000.0,20669000000.0,56699237659.0,57.0,11.415,1158000000.0,1.515,1.0,2653000000.0,0.212,0.0,334000000.0,43101000000.0,43643000000.0,1007000000.0,1526000000.0,0.0,1526000000.0,20774000000.0,6362000000.0,14412000000.0,49093237659.0,-2567000000.0,-3022000000.0,17000000.0,1485000000.0,-2339000000.0,-2030000000.0,-4893000000.0,527000000.0,4356000000.0,0.0,542000000.0,542000000.0,542000000.0,4000000.0,0.0,0.043,1974000000.0,679000000.0,3734000000.0,4.296,2.375,90.578,90.437,32065000000.0,0.0,64.21,3.924,3.924,4556000000.0,22032000000.0,12512000000.0,12512000000.0,44000000.0,0.013,0.026,0.023,0.079,0.0,1380000000.0,1.0,764573083.0,764573083.0,,16.365,41443000000.0,0.0,115000000.0,978000000.0,54.204,683000000.0
16,OXY,MRT,2017-06-30,2017-06-30,2017-06-30,2021-08-25,-252000000.0,41982000000.0,42296500000.0,8075000000.0,33907000000.0,0.287,27.514,-2902000000.0,2218000000.0,2218000000.0,9876000000.0,111000000.0,1.263,0.996,9824000000.0,500000000.0,9324000000.0,9824000000.0,0.0,4027000000.0,0.0,0.051,3.04,422000000.0,4449000000.0,0.366,4449000000.0,422000000.0,111000000.0,0.14,0.14,0.14,21037000000.0,21477250000.0,21037000000.0,54103507576.0,128.0,12.161,1018000000.0,1.331,1.0,2264000000.0,0.186,0.0,311000000.0,43197000000.0,43141500000.0,920000000.0,1572000000.0,0.0,1572000000.0,20945000000.0,6391000000.0,14554000000.0,45775507576.0,-2726000000.0,-2387000000.0,10000000.0,1485000000.0,-2328000000.0,-2026000000.0,-4620000000.0,406000000.0,3920000000.0,0.0,111000000.0,111000000.0,111000000.0,7000000.0,0.0,0.009,2149000000.0,115000000.0,3825000000.0,21.714,2.176,412.392,427.643,31466000000.0,0.0,59.87,3.771,3.771,4782000000.0,22435000000.0,12140000000.0,12140000000.0,45000000.0,0.003,0.005,0.01,0.035,0.0,1344000000.0,1.0,764581720.0,764581720.0,,15.878,41982000000.0,0.0,0.0,1059000000.0,54.908,1684000000.0
17,OXY,MRT,2017-03-31,2017-03-31,2017-03-31,2021-08-25,-253000000.0,42465000000.0,42399750000.0,8238000000.0,34227000000.0,0.262,27.58,-2740000000.0,1494000000.0,1494000000.0,9712000000.0,-535000000.0,1.202,1.015,9822000000.0,500000000.0,9322000000.0,9822000000.0,0.0,4108000000.0,0.0,0.048,3.03,-603000000.0,3505000000.0,0.316,3505000000.0,-603000000.0,-916000000.0,-0.7,-0.7,-0.7,21079000000.0,21993250000.0,21079000000.0,56011496831.0,-93.0,15.98,460000000.0,0.602,1.0,1383000000.0,0.125,0.0,313000000.0,43941000000.0,42769250000.0,1005000000.0,1436000000.0,0.0,1436000000.0,21386000000.0,6852000000.0,14534000000.0,48425496831.0,-2875000000.0,-2039000000.0,22000000.0,2193000000.0,-2319000000.0,-1297000000.0,-4778000000.0,17000000.0,3200000000.0,0.0,-535000000.0,-535000000.0,-535000000.0,10000000.0,0.0,-0.048,2154000000.0,-771000000.0,4071000000.0,-4.329,2.297,-90.515,-90.514,32005000000.0,0.0,63.36,4.365,4.365,5102000000.0,22513000000.0,11095000000.0,11095000000.0,64000000.0,-0.013,-0.024,-0.014,-0.054,0.0,1330000000.0,1.0,764291301.0,764291301.0,,14.517,42465000000.0,0.0,-381000000.0,1031000000.0,55.561,1386000000.0
18,OXY,MRT,2016-12-31,2016-12-31,2016-12-31,2021-08-25,-266000000.0,43109000000.0,42288000000.0,8428000000.0,34681000000.0,0.246,28.13,-2831000000.0,2233000000.0,2233000000.0,9734000000.0,-574000000.0,1.325,1.005,9819000000.0,0.0,9819000000.0,9819000000.0,0.0,4268000000.0,0.0,0.042,3.02,-944000000.0,3324000000.0,0.32,3324000000.0,-944000000.0,-1236000000.0,-0.75,-0.75,-0.75,21497000000.0,22670750000.0,21497000000.0,59586146499.0,-63.0,17.926,553000000.0,0.724,1.0,664000000.0,0.064,0.0,292000000.0,44333000000.0,41690000000.0,866000000.0,1401000000.0,0.0,1401000000.0,21612000000.0,6362000000.0,15250000000.0,54433146499.0,-2161000000.0,-2044000000.0,14000000.0,1493000000.0,-2309000000.0,-802000000.0,-4743000000.0,302000000.0,3384000000.0,0.0,-574000000.0,-574000000.0,-574000000.0,-428000000.0,0.0,-0.055,2217000000.0,-1553000000.0,3926000000.0,-4.027,2.532,-94.831,-94.973,32337000000.0,0.0,71.23,5.235,5.235,4932000000.0,22981000000.0,10398000000.0,10398000000.0,62000000.0,-0.014,-0.025,-0.023,-0.091,0.0,1330000000.0,1.0,764188495.0,764188495.0,,13.607,43109000000.0,0.0,-662000000.0,1132000000.0,56.411,2066000000.0
19,OXY,MRT,2016-09-30,2016-09-30,2016-09-30,2021-08-25,-294000000.0,41630000000.0,42363000000.0,8711000000.0,32919000000.0,0.246,29.186,-3072000000.0,3180000000.0,3180000000.0,9971000000.0,-5480000000.0,1.531,0.867,8333000000.0,0.0,8333000000.0,8333000000.0,0.0,4494000000.0,0.0,0.041,3.01,-6722000000.0,-2228000000.0,-0.214,-2228000000.0,-6722000000.0,-6999000000.0,-7.17,-7.17,-7.17,22296000000.0,23384000000.0,22296000000.0,60285502879.0,-9.0,-27.058,361000000.0,0.473,1.0,444000000.0,0.043,0.0,277000000.0,41095000000.0,40726250000.0,927000000.0,1420000000.0,0.0,1420000000.0,19334000000.0,5688000000.0,13646000000.0,55705502879.0,633000000.0,-139000000.0,6000000.0,8000000.0,-2298000000.0,-519000000.0,-2281000000.0,876000000.0,3433000000.0,0.0,-5480000000.0,-5480000000.0,-5480000000.0,-759000000.0,0.0,-0.526,8121000000.0,-7677000000.0,3392000000.0,-0.42,2.498,-10.165,-10.17,30419000000.0,0.0,72.92,5.349,5.349,4601000000.0,23836000000.0,10415000000.0,10415000000.0,58000000.0,-0.129,-0.234,-0.165,-0.645,0.0,1246000000.0,1.0,763926260.0,763926260.0,,13.634,41630000000.0,0.0,-1519000000.0,1411000000.0,54.495,3023000000.0
20,OXY,MRT,2016-06-30,2016-06-30,2016-06-30,2021-08-25,-299000000.0,42395000000.0,44477750000.0,8972000000.0,33423000000.0,0.246,30.247,-3670000000.0,3751000000.0,3751000000.0,10141000000.0,-7848000000.0,1.703,0.835,8331000000.0,0.0,8331000000.0,8331000000.0,0.0,4571000000.0,0.0,0.04,3.0,-9525000000.0,-4954000000.0,-0.453,-4954000000.0,-9525000000.0,-9782000000.0,-10.27,-10.27,-10.27,23101000000.0,25280500000.0,23101000000.0,62140307513.0,-7.0,-12.543,133000000.0,0.174,1.0,787000000.0,0.072,0.0,257000000.0,41708000000.0,42121500000.0,906000000.0,1360000000.0,0.0,1360000000.0,19294000000.0,5267000000.0,14027000000.0,57708307513.0,995000000.0,-100000000.0,-29000000.0,8000000.0,-2300000000.0,60000000.0,-2868000000.0,969000000.0,3803000000.0,0.0,-7848000000.0,-7848000000.0,-7848000000.0,-759000000.0,0.0,-0.718,11269000000.0,-10482000000.0,3126000000.0,-0.292,2.498,-7.353,-7.357,31038000000.0,0.0,75.56,5.281,5.281,4138000000.0,24661000000.0,10928000000.0,10928000000.0,54000000.0,-0.176,-0.31,-0.226,-0.872,0.0,1222000000.0,1.0,763741497.0,763741497.0,,14.309,42395000000.0,0.0,-1934000000.0,1646000000.0,55.51,3705000000.0
21,OXY,MRT,2016-03-31,2016-03-31,2016-03-31,2021-08-25,-304000000.0,42018000000.0,47471250000.0,8237000000.0,33781000000.0,0.25,31.144,-4585000000.0,3176000000.0,3176000000.0,10456000000.0,-7533000000.0,1.207,0.766,7608000000.0,2000000000.0,5608000000.0,7608000000.0,0.0,4617000000.0,0.0,0.044,3.0,-8870000000.0,-4253000000.0,-0.358,-4253000000.0,-8870000000.0,-9047000000.0,-9.86,-9.86,-9.86,23789000000.0,27830750000.0,23789000000.0,56208934974.0,-6.0,-13.216,-1106000000.0,-1.448,1.0,1428000000.0,0.12,0.0,177000000.0,39624000000.0,44128500000.0,997000000.0,1301000000.0,0.0,1301000000.0,18229000000.0,6826000000.0,11403000000.0,52269934974.0,1023000000.0,-127000000.0,-364000000.0,778000000.0,-2281000000.0,1398000000.0,-3854000000.0,1171000000.0,3479000000.0,0.0,-7533000000.0,-7533000000.0,-7533000000.0,-758000000.0,0.0,-0.634,11261000000.0,-9833000000.0,2801000000.0,-0.304,2.197,-6.939,-6.94,31505000000.0,0.0,68.43,4.398,4.398,3755000000.0,25375000000.0,11884000000.0,11884000000.0,37000000.0,-0.159,-0.271,-0.201,-0.746,0.0,1231000000.0,1.0,763845316.0,763845316.0,,15.558,42018000000.0,0.0,-1514000000.0,1642000000.0,55.009,1411000000.0
22,OXY,MRT,2015-12-31,2015-12-31,2015-12-31,2021-08-25,-307000000.0,43409000000.0,50314000000.0,9402000000.0,34007000000.0,0.252,31.883,-5864000000.0,4394000000.0,4394000000.0,10691000000.0,-7829000000.0,1.374,0.783,8305000000.0,1450000000.0,6855000000.0,8305000000.0,0.0,4544000000.0,0.0,0.044,2.97,-9012000000.0,-4468000000.0,-0.352,-4468000000.0,-9012000000.0,-9159000000.0,-10.23,-10.23,-10.23,24350000000.0,30424500000.0,24350000000.0,55656182238.0,-6.0,-12.457,-2513000000.0,-3.29,1.0,2008000000.0,0.158,0.0,147000000.0,40478000000.0,46196250000.0,986000000.0,1434000000.0,0.0,1434000000.0,19059000000.0,6842000000.0,12217000000.0,51636182238.0,-588000000.0,-109000000.0,-556000000.0,1478000000.0,-2264000000.0,1484000000.0,-5423000000.0,819000000.0,3351000000.0,0.0,-7829000000.0,-7829000000.0,-7829000000.0,-317000000.0,0.0,-0.617,11545000000.0,-9537000000.0,3069000000.0,-0.29,2.121,-6.596,-6.609,31639000000.0,0.0,67.61,4.066,4.066,3904000000.0,25960000000.0,12699000000.0,12699000000.0,36000000.0,-0.156,-0.257,-0.195,-0.71,0.0,1270000000.0,1.0,763735871.0,763735871.0,,16.627,43409000000.0,0.0,-1330000000.0,1323000000.0,56.838,2560000000.0
23,OXY,MRT,2015-09-30,2015-09-30,2015-09-30,2021-08-25,-559000000.0,50089000000.0,53526500000.0,10540000000.0,39549000000.0,0.302,39.115,-7273000000.0,4312000000.0,4312000000.0,11068000000.0,-6058000000.0,1.418,0.676,8332000000.0,1450000000.0,6882000000.0,8332000000.0,0.0,4472000000.0,0.0,0.044,2.94,-6716000000.0,-2244000000.0,-0.139,-2244000000.0,-6716000000.0,-6821000000.0,-7.81,-7.81,-7.81,29882000000.0,33076750000.0,29882000000.0,53727367646.0,-8.0,-23.943,-2021000000.0,-2.645,1.0,5102000000.0,0.316,0.0,105000000.0,46676000000.0,47838000000.0,1122000000.0,1614000000.0,0.0,1614000000.0,20207000000.0,7433000000.0,12774000000.0,50535367646.0,-350000000.0,-1387000000.0,-956000000.0,-121000000.0,-2251000000.0,1156000000.0,-6758000000.0,2813000000.0,5252000000.0,0.0,-6064000000.0,-6064000000.0,-6064000000.0,-9000000.0,6000000.0,-0.375,12063000000.0,-6961000000.0,3727000000.0,-0.376,1.691,-8.334,-8.47,36835000000.0,0.0,66.15,3.125,3.125,4607000000.0,31712000000.0,16170000000.0,16170000000.0,82000000.0,-0.113,-0.183,-0.14,-0.415,0.0,1352000000.0,1.0,763951136.0,763951136.0,,21.166,50089000000.0,0.0,-757000000.0,2604000000.0,65.566,3107000000.0
24,OXY,MRT,2015-06-30,2015-06-30,2015-06-30,2021-08-25,-316000000.0,54369000000.0,58881750000.0,11008000000.0,43361000000.0,0.303,43.355,-8114000000.0,5138000000.0,5138000000.0,11380000000.0,-2238000000.0,1.407,0.633,8330000000.0,1450000000.0,6880000000.0,8330000000.0,0.0,4405000000.0,0.0,0.037,2.91,-1787000000.0,2618000000.0,0.147,2618000000.0,-1787000000.0,-1860000000.0,-2.84,-2.84,-2.84,33302000000.0,36476000000.0,33302000000.0,61157641772.0,-34.0,23.36,-1244000000.0,-1.62,1.0,6474000000.0,0.363,0.0,73000000.0,49736000000.0,53051000000.0,1120000000.0,1762000000.0,0.0,1762000000.0,21067000000.0,7825000000.0,13242000000.0,59736641772.0,365000000.0,-1423000000.0,-1420000000.0,1478000000.0,-2239000000.0,1766000000.0,-8271000000.0,3923000000.0,6870000000.0,0.0,-2247000000.0,-2247000000.0,-2247000000.0,-225000000.0,9000000.0,-0.126,8752000000.0,-2278000000.0,4145000000.0,-1.025,1.794,-26.585,-27.384,40478000000.0,0.0,77.77,3.346,3.346,5094000000.0,34896000000.0,17854000000.0,17854000000.0,105000000.0,-0.038,-0.062,-0.034,-0.1,0.0,1415000000.0,1.0,768119349.0,768119349.0,,23.244,54369000000.0,0.0,387000000.0,3153000000.0,70.782,3183000000.0
25,OXY,MRT,2015-03-31,2015-03-31,2015-03-31,2021-08-25,-206000000.0,53389000000.0,62862750000.0,10434000000.0,42955000000.0,0.319,44.337,-8727000000.0,5418000000.0,5418000000.0,11536000000.0,-980000000.0,1.509,0.563,6839000000.0,700000000.0,6139000000.0,6839000000.0,0.0,4313000000.0,0.0,0.039,2.88,-35000000.0,4278000000.0,0.213,4278000000.0,-35000000.0,-120000000.0,-1.24,-1.25,-1.24,34164000000.0,38972750000.0,34164000000.0,55280176572.0,-1579.0,12.922,205000000.0,0.266,1.0,8509000000.0,0.424,0.0,85000000.0,47895000000.0,57084000000.0,1133000000.0,1765000000.0,0.0,1765000000.0,19225000000.0,6915000000.0,12310000000.0,56250176572.0,-179000000.0,-1689000000.0,-1722000000.0,-46000000.0,-2253000000.0,-808000000.0,-8303000000.0,4110000000.0,8932000000.0,0.0,-992000000.0,-992000000.0,-992000000.0,-502000000.0,12000000.0,-0.049,9334000000.0,-825000000.0,3867000000.0,-2.323,1.646,-56.704,-58.871,40109000000.0,0.0,73.0,2.806,2.806,4149000000.0,35294000000.0,20045000000.0,20045000000.0,134000000.0,-0.016,-0.025,-0.001,-0.002,0.0,1497000000.0,1.0,770550364.0,770550364.0,,26.014,53389000000.0,0.0,872000000.0,3143000000.0,69.287,3519000000.0
26,OXY,MRT,2014-12-31,2014-12-31,2014-12-31,2021-08-25,-357000000.0,56259000000.0,66834250000.0,13873000000.0,42386000000.0,0.328,45.083,-8388000000.0,7808000000.0,7808000000.0,11614000000.0,630000000.0,1.683,0.609,6838000000.0,0.0,6838000000.0,6838000000.0,0.0,4261000000.0,0.0,0.036,2.88,2378000000.0,6639000000.0,0.303,6639000000.0,2378000000.0,2301000000.0,0.79,0.79,0.79,34959000000.0,41181250000.0,34959000000.0,68046258254.0,29.0,10.249,2680000000.0,3.456,1.0,10333000000.0,0.471,0.0,77000000.0,47045000000.0,61517750000.0,1052000000.0,1565000000.0,0.0,1565000000.0,21300000000.0,8244000000.0,13056000000.0,62507258254.0,396000000.0,-1687000000.0,-2467000000.0,-107000000.0,-2210000000.0,-2202000000.0,-8470000000.0,4177000000.0,11068000000.0,0.0,616000000.0,616000000.0,616000000.0,-760000000.0,14000000.0,0.028,9032000000.0,1301000000.0,5229000000.0,3.646,1.788,101.473,102.038,39730000000.0,0.0,80.61,2.848,2.848,5297000000.0,36067000000.0,21947000000.0,21947000000.0,150000000.0,0.009,0.015,0.039,0.108,0.0,1503000000.0,1.0,775428089.0,775428089.0,,28.303,56259000000.0,0.0,1685000000.0,3429000000.0,72.552,5629000000.0
27,OXY,MRT,2014-09-30,2014-09-30,2014-09-30,2021-08-25,-289000000.0,71510000000.0,70130250000.0,10507000000.0,61003000000.0,0.265,55.769,-6616000000.0,2897000000.0,2897000000.0,9722000000.0,5680000000.0,1.104,0.631,8436000000.0,1599000000.0,6837000000.0,8436000000.0,0.0,3364000000.0,0.0,0.029,2.8,8503000000.0,11867000000.0,0.639,11867000000.0,8503000000.0,8406000000.0,7.18,7.16,7.18,43479000000.0,43223000000.0,43479000000.0,79405260084.0,9.0,6.691,4578000000.0,5.872,1.0,8860000000.0,0.477,0.0,97000000.0,67528000000.0,65895250000.0,1359000000.0,1544000000.0,0.0,1544000000.0,27425000000.0,9521000000.0,17904000000.0,74961260084.0,-874000000.0,-616000000.0,-2939000000.0,868000000.0,-2168000000.0,-3814000000.0,-8254000000.0,2491000000.0,11194000000.0,0.0,5672000000.0,5672000000.0,5672000000.0,-1726000000.0,8000000.0,0.305,2425000000.0,6435000000.0,5511000000.0,0.39,1.724,13.216,13.391,58465000000.0,0.0,96.15,4.034,4.034,5954000000.0,44166000000.0,18582000000.0,18582000000.0,35000000.0,0.081,0.131,0.129,0.458,0.0,1298000000.0,1.0,779628290.0,779628290.0,,23.834,71510000000.0,0.0,2734000000.0,7708000000.0,91.723,986000000.0
28,OXY,MRT,2014-06-30,2014-06-30,2014-06-30,2021-08-25,-291000000.0,70293000000.0,69612000000.0,10786000000.0,59507000000.0,0.289,55.102,-6852000000.0,2391000000.0,2391000000.0,10195000000.0,6052000000.0,1.216,0.612,6835000000.0,0.0,6835000000.0,6835000000.0,0.0,3642000000.0,0.0,0.027,2.72,9229000000.0,12871000000.0,0.639,12871000000.0,9229000000.0,9119000000.0,7.59,7.57,7.59,43289000000.0,43050750000.0,43289000000.0,85172579599.0,9.0,6.617,5265000000.0,6.702,1.0,9932000000.0,0.493,0.0,110000000.0,65868000000.0,65109500000.0,1323000000.0,1547000000.0,0.0,1547000000.0,26481000000.0,8869000000.0,17612000000.0,80627579599.0,-678000000.0,-687000000.0,-2469000000.0,-797000000.0,-2120000000.0,-4962000000.0,-7833000000.0,1349000000.0,12117000000.0,0.0,6047000000.0,6047000000.0,6047000000.0,-1508000000.0,5000000.0,0.3,2569000000.0,7363000000.0,6097000000.0,0.358,1.863,13.333,13.522,57134000000.0,0.0,102.63,4.006,4.006,6652000000.0,43519000000.0,20127000000.0,20127000000.0,75000000.0,0.087,0.14,0.142,0.459,0.0,1402000000.0,1.0,785614144.0,785614144.0,,25.619,70293000000.0,0.0,3072000000.0,7753000000.0,89.475,1917000000.0
29,OXY,MRT,2014-03-31,2014-03-31,2014-03-31,2021-08-25,-296000000.0,69275000000.0,68894250000.0,10899000000.0,58376000000.0,0.298,54.103,-6932000000.0,2332000000.0,2332000000.0,10712000000.0,5940000000.0,1.331,0.602,6877000000.0,0.0,6877000000.0,6877000000.0,0.0,3921000000.0,0.0,0.028,2.64,9222000000.0,13143000000.0,0.64,13143000000.0,9222000000.0,9102000000.0,7.4,7.39,7.4,42998000000.0,42666750000.0,42998000000.0,79277532632.0,9.0,6.032,5831000000.0,7.337,1.0,9831000000.0,0.479,0.0,120000000.0,65630000000.0,64578750000.0,1308000000.0,1511000000.0,0.0,1511000000.0,25906000000.0,8190000000.0,17716000000.0,75731532632.0,192000000.0,-516000000.0,-1850000000.0,-751000000.0,-2067000000.0,-4349000000.0,-8222000000.0,1619000000.0,12763000000.0,0.0,5938000000.0,5938000000.0,5938000000.0,-1230000000.0,2000000.0,0.289,2203000000.0,7628000000.0,5423000000.0,0.357,1.761,12.754,12.877,56044000000.0,0.0,95.29,3.686,3.686,6054000000.0,42652000000.0,20543000000.0,20543000000.0,114000000.0,0.086,0.139,0.143,0.449,0.0,1468000000.0,1.0,794747955.0,794747955.0,,25.848,69275000000.0,0.0,3164000000.0,7724000000.0,87.166,2709000000.0
30,OXY,MRT,2013-12-31,2013-12-31,2013-12-31,2021-08-25,-303000000.0,69443000000.0,68031500000.0,11323000000.0,58120000000.0,0.315,53.502,-7208000000.0,3393000000.0,3393000000.0,11264000000.0,5903000000.0,1.343,0.605,6939000000.0,0.0,6939000000.0,6939000000.0,0.0,4203000000.0,0.0,0.027,2.56,9249000000.0,13452000000.0,0.627,13452000000.0,9249000000.0,9117000000.0,7.33,7.32,7.33,43126000000.0,42137750000.0,43126000000.0,80446296300.0,9.0,5.98,5570000000.0,6.91,1.0,10188000000.0,0.475,0.0,132000000.0,64555000000.0,64051750000.0,1200000000.0,1459000000.0,0.0,1459000000.0,26071000000.0,8434000000.0,17637000000.0,76656296300.0,1801000000.0,-606000000.0,-913000000.0,-690000000.0,-1553000000.0,-2933000000.0,-8044000000.0,1619000000.0,12778000000.0,0.0,5903000000.0,5903000000.0,5903000000.0,-971000000.0,0.0,0.275,2305000000.0,7883000000.0,5520000000.0,0.349,1.777,12.986,12.974,55821000000.0,0.0,95.1,3.573,3.573,6514000000.0,41831000000.0,21452000000.0,21452000000.0,140000000.0,0.087,0.14,0.144,0.431,0.0,1544000000.0,1.0,806059898.0,806059898.0,,26.613,69443000000.0,0.0,3214000000.0,7555000000.0,86.151,2889000000.0
31,OXY,MRT,2013-09-30,2013-09-30,2013-09-30,2021-08-25,-448000000.0,69437000000.0,66723250000.0,11938000000.0,57499000000.0,0.309,53.105,-6696000000.0,3771000000.0,3771000000.0,11028000000.0,4596000000.0,1.35,0.619,7561000000.0,600000000.0,6961000000.0,7561000000.0,0.0,4161000000.0,0.0,0.026,2.46,7321000000.0,11482000000.0,0.557,11482000000.0,7321000000.0,7168000000.0,5.7,5.7,5.7,42790000000.0,41360250000.0,42790000000.0,79928159696.0,11.0,6.961,5890000000.0,7.31,1.0,9589000000.0,0.465,0.0,153000000.0,64385000000.0,63650750000.0,1328000000.0,1713000000.0,0.0,1713000000.0,26469000000.0,8842000000.0,17627000000.0,75371159696.0,11000000.0,-1262000000.0,-392000000.0,-66000000.0,-1910000000.0,-2184000000.0,-10391000000.0,274000000.0,12586000000.0,0.0,4596000000.0,4596000000.0,4596000000.0,-764000000.0,0.0,0.223,3390000000.0,6199000000.0,5671000000.0,0.432,1.761,16.399,16.411,55027000000.0,0.0,93.54,3.656,3.656,6412000000.0,40700000000.0,20617000000.0,20617000000.0,130000000.0,0.069,0.111,0.115,0.355,0.0,1550000000.0,1.0,805763948.0,805763948.0,,25.587,69437000000.0,0.0,2572000000.0,7131000000.0,86.175,3096000000.0
32,OXY,MRT,2013-06-30,2013-06-30,2013-06-30,2021-08-25,-456000000.0,67422000000.0,65770250000.0,10859000000.0,56563000000.0,0.306,51.826,-7016000000.0,3069000000.0,3069000000.0,10976000000.0,4388000000.0,1.319,0.612,7626000000.0,600000000.0,7026000000.0,7626000000.0,0.0,3975000000.0,0.0,0.026,2.36,6938000000.0,10913000000.0,0.542,10913000000.0,6938000000.0,6778000000.0,5.43,5.43,5.43,41753000000.0,40781250000.0,41753000000.0,77371588243.0,11.0,7.09,4550000000.0,5.648,1.0,9157000000.0,0.455,0.0,160000000.0,63745000000.0,62967750000.0,1340000000.0,1808000000.0,0.0,1808000000.0,25572000000.0,8234000000.0,17338000000.0,71887588243.0,-1341000000.0,-1229000000.0,-408000000.0,0.0,-1832000000.0,-2128000000.0,-10779000000.0,274000000.0,11566000000.0,0.0,4388000000.0,4388000000.0,4388000000.0,-765000000.0,0.0,0.218,3326000000.0,5831000000.0,5274000000.0,0.435,1.722,16.383,16.433,53949000000.0,0.0,89.23,3.571,3.571,6027000000.0,39634000000.0,20133000000.0,20133000000.0,131000000.0,0.067,0.108,0.11,0.345,0.0,1485000000.0,1.0,805643710.0,805643710.0,,24.99,67422000000.0,0.0,2390000000.0,6687000000.0,83.687,2625000000.0
33,OXY,MRT,2013-03-31,2013-03-31,2013-03-31,2021-08-25,-502000000.0,65824000000.0,64985500000.0,10154000000.0,55670000000.0,0.305,50.753,-7519000000.0,2140000000.0,2140000000.0,10827000000.0,4394000000.0,1.304,0.609,7624000000.0,600000000.0,7024000000.0,7624000000.0,0.0,3759000000.0,0.0,0.029,2.26,6916000000.0,10675000000.0,0.539,10675000000.0,6916000000.0,6758000000.0,5.43,5.43,5.43,40882000000.0,40230500000.0,40882000000.0,69159222541.0,10.0,6.479,3727000000.0,4.627,1.0,8977000000.0,0.453,0.0,158000000.0,63522000000.0,61933000000.0,1306000000.0,1917000000.0,0.0,1917000000.0,24884000000.0,7786000000.0,17098000000.0,63128222541.0,-1620000000.0,-2081000000.0,-494000000.0,1736000000.0,-1754000000.0,-444000000.0,-12422000000.0,4000000.0,11246000000.0,0.0,4394000000.0,4394000000.0,4394000000.0,-766000000.0,0.0,0.222,3184000000.0,5793000000.0,4889000000.0,0.416,1.544,14.367,14.433,52981000000.0,0.0,78.37,3.188,3.188,5767000000.0,38829000000.0,19804000000.0,19804000000.0,149000000.0,0.068,0.109,0.112,0.349,0.0,1325000000.0,1.0,805515153.0,805515153.0,,24.586,65824000000.0,0.0,2364000000.0,6404000000.0,81.717,2368000000.0
34,OXY,MRT,2012-12-31,2012-12-31,2012-12-31,2021-08-25,-502000000.0,64210000000.0,63935000000.0,9492000000.0,54718000000.0,0.316,49.391,-7861000000.0,1592000000.0,1592000000.0,10628000000.0,4598000000.0,1.302,0.604,7623000000.0,600000000.0,7023000000.0,7623000000.0,0.0,3585000000.0,0.0,0.028,2.16,7411000000.0,10996000000.0,0.545,10996000000.0,7411000000.0,7257000000.0,5.67,5.67,5.67,40016000000.0,39696750000.0,40016000000.0,65930189345.0,9.0,5.996,3438000000.0,4.243,1.0,9552000000.0,0.473,0.0,154000000.0,62951000000.0,59961750000.0,1344000000.0,1894000000.0,0.0,1894000000.0,24162000000.0,7290000000.0,16872000000.0,62068189345.0,-2189000000.0,-2084000000.0,-498000000.0,1736000000.0,-2128000000.0,-846000000.0,-12642000000.0,4000000.0,11299000000.0,0.0,4598000000.0,4598000000.0,4598000000.0,-769000000.0,0.0,0.228,3273000000.0,6279000000.0,4708000000.0,0.381,1.551,13.499,13.511,52064000000.0,0.0,76.61,3.076,3.076,5676000000.0,37990000000.0,20180000000.0,20180000000.0,197000000.0,0.072,0.116,0.124,0.367,0.0,1366000000.0,1.0,810183910.0,810183910.0,,24.908,64210000000.0,0.0,2659000000.0,6055000000.0,79.254,2202000000.0
35,OXY,MRT,2012-09-30,2012-09-30,2012-09-30,2021-08-25,-481000000.0,65625000000.0,62893500000.0,11909000000.0,53716000000.0,0.384,49.971,-10265000000.0,3760000000.0,3760000000.0,12690000000.0,5896000000.0,1.52,0.621,7622000000.0,0.0,7622000000.0,7622000000.0,0.0,4258000000.0,0.0,0.024,2.08,9839000000.0,14097000000.0,0.584,14097000000.0,9839000000.0,9714000000.0,7.26,7.26,7.26,40474000000.0,39097750000.0,40474000000.0,72914071953.0,7.0,5.172,1877000000.0,2.317,1.0,11432000000.0,0.474,0.0,125000000.0,61653000000.0,57770750000.0,1297000000.0,1982000000.0,0.0,1982000000.0,25151000000.0,7834000000.0,17317000000.0,69704071953.0,-279000000.0,-2003000000.0,-255000000.0,1736000000.0,-1628000000.0,-135000000.0,-12286000000.0,50000000.0,12142000000.0,0.0,5896000000.0,5896000000.0,5896000000.0,16000000.0,0.0,0.244,1951000000.0,9481000000.0,5504000000.0,0.287,1.722,11.822,11.854,50963000000.0,0.0,86.06,2.89,2.89,6125000000.0,38089000000.0,24122000000.0,24122000000.0,336000000.0,0.094,0.151,0.17,0.408,0.0,1615000000.0,1.0,809947385.0,809947385.0,,29.782,65625000000.0,0.0,3818000000.0,6159000000.0,81.024,4075000000.0
36,OXY,MRT,2012-06-30,2012-06-30,2012-06-30,2021-08-25,-490000000.0,64283000000.0,60798250000.0,12133000000.0,52150000000.0,0.398,48.763,-9685000000.0,4410000000.0,4410000000.0,12373000000.0,6292000000.0,1.538,0.625,7620000000.0,0.0,7620000000.0,7620000000.0,0.0,4034000000.0,0.0,0.023,2.0,10456000000.0,14490000000.0,0.599,14490000000.0,10456000000.0,10342000000.0,7.74,7.74,7.74,39550000000.0,38099000000.0,39550000000.0,71678252613.0,7.0,4.947,2990000000.0,3.686,1.0,11834000000.0,0.489,0.0,114000000.0,59606000000.0,55375250000.0,1499000000.0,1972000000.0,0.0,1972000000.0,24733000000.0,7887000000.0,16846000000.0,69565252613.0,2416000000.0,-2085000000.0,-280000000.0,3347000000.0,-1564000000.0,1515000000.0,-11774000000.0,50000000.0,12675000000.0,0.0,6292000000.0,6292000000.0,6292000000.0,16000000.0,0.0,0.26,1769000000.0,10065000000.0,5453000000.0,0.258,1.759,11.056,11.081,49397000000.0,0.0,85.77,2.874,2.874,5740000000.0,37152000000.0,24207000000.0,24207000000.0,306000000.0,0.103,0.165,0.189,0.432,0.0,1463000000.0,1.0,811067420.0,811067420.0,,29.846,64283000000.0,0.0,4050000000.0,5644000000.0,79.257,4246000000.0
37,OXY,MRT,2012-03-31,2012-03-31,2012-03-31,2021-08-25,-488000000.0,61622000000.0,58376250000.0,11987000000.0,49635000000.0,0.422,47.774,-8605000000.0,3760000000.0,3760000000.0,12028000000.0,6781000000.0,1.48,0.59,5873000000.0,0.0,5873000000.0,5873000000.0,0.0,3786000000.0,0.0,0.02,1.92,11180000000.0,14966000000.0,0.608,14966000000.0,11180000000.0,11067000000.0,8.33,8.33,8.33,38747000000.0,37001500000.0,38747000000.0,79326827835.0,7.0,5.3,4219000000.0,5.202,1.0,12595000000.0,0.512,0.0,113000000.0,55637000000.0,52663000000.0,1250000000.0,1965000000.0,0.0,1965000000.0,22875000000.0,8098000000.0,14777000000.0,77236827835.0,1660000000.0,-1991000000.0,-214000000.0,1111000000.0,-1500000000.0,-587000000.0,-10577000000.0,50000000.0,12824000000.0,0.0,6781000000.0,6781000000.0,6781000000.0,14000000.0,0.0,0.275,1788000000.0,10807000000.0,5522000000.0,0.23,1.993,11.39,11.432,46903000000.0,0.0,95.23,3.137,3.137,6479000000.0,36262000000.0,24623000000.0,24623000000.0,272000000.0,0.116,0.183,0.212,0.454,0.0,1516000000.0,1.0,811055632.0,811055632.0,,30.359,61622000000.0,0.0,4286000000.0,5451000000.0,75.978,3889000000.0
38,OXY,MRT,2011-12-31,2011-12-31,2011-12-31,2021-08-25,-483000000.0,60044000000.0,56487000000.0,11542000000.0,48502000000.0,0.427,46.342,-7518000000.0,3781000000.0,3781000000.0,11581000000.0,6771000000.0,1.452,0.596,5871000000.0,0.0,5871000000.0,5871000000.0,0.0,3591000000.0,0.0,0.02,1.84,11270000000.0,14861000000.0,0.616,14861000000.0,11270000000.0,10972000000.0,8.32,8.32,8.32,37620000000.0,35729250000.0,37620000000.0,77895594818.0,7.0,5.242,4763000000.0,5.867,1.0,12538000000.0,0.52,0.0,298000000.0,54187000000.0,50584250000.0,1069000000.0,2072000000.0,0.0,2072000000.0,22424000000.0,7947000000.0,14477000000.0,76064594818.0,1203000000.0,-4909000000.0,-224000000.0,588000000.0,-1436000000.0,-1175000000.0,-9903000000.0,50000000.0,12281000000.0,0.0,6771000000.0,6771000000.0,6771000000.0,-131000000.0,0.0,0.281,1781000000.0,10757000000.0,5304000000.0,0.221,2.022,11.234,11.262,45684000000.0,0.0,93.7,3.154,3.154,6141000000.0,35142000000.0,24119000000.0,24119000000.0,258000000.0,0.12,0.19,0.223,0.467,0.0,1523000000.0,1.0,811788632.0,811788632.0,,29.711,60044000000.0,0.0,4201000000.0,4956000000.0,73.965,3595000000.0
39,OXY,MRT,2011-09-30,2011-09-30,2011-09-30,2021-08-25,-419000000.0,57244000000.0,54584000000.0,11376000000.0,45868000000.0,0.424,44.882,-6329000000.0,4039000000.0,4039000000.0,11095000000.0,6363000000.0,1.624,0.569,5870000000.0,0.0,5870000000.0,5870000000.0,0.0,3453000000.0,0.0,0.025,1.76,10510000000.0,13963000000.0,0.603,13963000000.0,10510000000.0,10219000000.0,7.79,7.79,7.79,36479000000.0,34445250000.0,36479000000.0,60368103262.0,6.0,4.323,5131000000.0,6.313,1.0,12054000000.0,0.521,0.0,291000000.0,52071000000.0,48822500000.0,1249000000.0,2105000000.0,0.0,2105000000.0,20765000000.0,7004000000.0,13761000000.0,58113103262.0,1932000000.0,-7181000000.0,-165000000.0,3172000000.0,-1371000000.0,1548000000.0,-11076000000.0,0.0,11460000000.0,0.0,6349000000.0,6349000000.0,6349000000.0,-158000000.0,14000000.0,0.274,2073000000.0,9981000000.0,4595000000.0,0.226,1.593,9.153,9.178,43025000000.0,0.0,71.5,2.51,2.51,5567000000.0,33882000000.0,23149000000.0,23149000000.0,239000000.0,0.116,0.184,0.215,0.454,0.0,1559000000.0,1.0,812770675.0,812770675.0,,28.482,57244000000.0,0.0,3870000000.0,4634000000.0,70.431,4372000000.0
40,OXY,MRT,2011-06-30,2011-06-30,2011-06-30,2021-08-25,-452000000.0,54595000000.0,52148750000.0,9943000000.0,44652000000.0,0.419,43.254,-5338000000.0,1994000000.0,1994000000.0,10497000000.0,5805000000.0,1.229,0.553,4249000000.0,500000000.0,3749000000.0,4249000000.0,0.0,3321000000.0,0.0,0.016,1.68,9665000000.0,12986000000.0,0.594,12986000000.0,9665000000.0,9374000000.0,7.08,7.08,7.08,35160000000.0,33252500000.0,35160000000.0,87219475257.0,9.0,6.716,5471000000.0,6.73,1.0,11372000000.0,0.52,0.0,291000000.0,48757000000.0,46206750000.0,1202000000.0,2084000000.0,0.0,2084000000.0,19435000000.0,8093000000.0,11342000000.0,84571475257.0,-307000000.0,-8165000000.0,-89000000.0,1549000000.0,-1306000000.0,62000000.0,-11178000000.0,0.0,10809000000.0,0.0,5769000000.0,5769000000.0,5769000000.0,-150000000.0,36000000.0,0.264,2152000000.0,9220000000.0,5030000000.0,0.237,2.405,14.66,14.695,41795000000.0,0.0,104.04,3.867,3.867,6315000000.0,32485000000.0,21869000000.0,21869000000.0,283000000.0,0.111,0.173,0.209,0.442,0.0,1594000000.0,1.0,812874618.0,812874618.0,,26.903,54595000000.0,0.0,3605000000.0,4239000000.0,67.163,1850000000.0
41,OXY,MRT,2011-03-31,2011-03-31,2011-03-31,2021-08-25,-522000000.0,54065000000.0,50064750000.0,10591000000.0,43474000000.0,0.405,41.407,-4497000000.0,2100000000.0,2100000000.0,10032000000.0,5063000000.0,1.128,0.606,4748000000.0,1000000000.0,3748000000.0,4748000000.0,0.0,3280000000.0,0.0,0.015,1.6,8612000000.0,11892000000.0,0.586,11892000000.0,8612000000.0,8318000000.0,6.16,6.16,6.16,33658000000.0,32162000000.0,33658000000.0,87467609669.0,10.0,7.355,5064000000.0,6.23,1.0,10266000000.0,0.506,0.0,294000000.0,47322000000.0,44117000000.0,1091000000.0,2093000000.0,0.0,2093000000.0,20407000000.0,9391000000.0,11016000000.0,84934609669.0,208000000.0,-7640000000.0,-69000000.0,1977000000.0,-1200000000.0,615000000.0,-9968000000.0,0.0,9561000000.0,0.0,5015000000.0,5015000000.0,5015000000.0,-138000000.0,48000000.0,0.247,2053000000.0,8213000000.0,5076000000.0,0.26,2.523,16.936,16.963,40598000000.0,0.0,104.49,4.184,4.184,6792000000.0,31043000000.0,20298000000.0,20298000000.0,290000000.0,0.1,0.156,0.195,0.424,0.0,1488000000.0,1.0,812849169.0,812849169.0,,24.971,54065000000.0,0.0,3303000000.0,4085000000.0,66.513,1200000000.0
42,OXY,MRT,2010-12-31,2010-12-31,2010-12-31,2021-08-25,-524000000.0,52432000000.0,47931250000.0,13059000000.0,39373000000.0,0.4,39.976,-3940000000.0,2578000000.0,2578000000.0,9749000000.0,4602000000.0,1.669,0.614,5111000000.0,0.0,5111000000.0,5111000000.0,0.0,3153000000.0,0.0,0.015,1.47,7641000000.0,10794000000.0,0.563,10794000000.0,7641000000.0,7525000000.0,5.57,5.56,5.57,32484000000.0,31231250000.0,32484000000.0,80117667765.0,10.0,7.422,5626000000.0,6.924,1.0,9408000000.0,0.491,0.0,116000000.0,47140000000.0,42234000000.0,1041000000.0,2039000000.0,0.0,2039000000.0,19948000000.0,7825000000.0,12123000000.0,79714667765.0,1354000000.0,-4924000000.0,-57000000.0,2273000000.0,-1159000000.0,1083000000.0,-9295000000.0,0.0,9566000000.0,0.0,4530000000.0,4530000000.0,4530000000.0,39000000.0,72000000.0,0.236,1933000000.0,7475000000.0,4646000000.0,0.264,2.454,17.597,17.612,36536000000.0,0.0,98.1,4.161,4.161,5830000000.0,29868000000.0,19157000000.0,19157000000.0,262000000.0,0.095,0.145,0.181,0.399,0.0,1396000000.0,1.0,812585808.0,812585808.0,,23.575,52432000000.0,0.0,2995000000.0,3615000000.0,64.525,5234000000.0
43,OXY,MRT,2010-09-30,2010-09-30,2010-09-30,2021-08-25,-443000000.0,47503000000.0,45880500000.0,8922000000.0,38581000000.0,0.394,39.038,-3176000000.0,2109000000.0,2109000000.0,8888000000.0,4330000000.0,1.417,0.494,2512000000.0,0.0,2512000000.0,2512000000.0,0.0,2743000000.0,0.0,0.018,1.42,7577000000.0,10320000000.0,0.571,10320000000.0,7577000000.0,7451000000.0,5.24,5.23,5.24,31708000000.0,30380500000.0,31708000000.0,63799674741.0,8.0,6.182,5671000000.0,6.982,1.0,9174000000.0,0.508,0.0,126000000.0,41608000000.0,40276500000.0,1127000000.0,1777000000.0,0.0,1777000000.0,15659000000.0,6298000000.0,9361000000.0,63598674741.0,499000000.0,-3060000000.0,-13000000.0,-304000000.0,-1117000000.0,-1423000000.0,-6925000000.0,64000000.0,8847000000.0,0.0,4256000000.0,4256000000.0,4256000000.0,288000000.0,74000000.0,0.236,1501000000.0,7673000000.0,3832000000.0,0.271,2.006,14.943,14.943,35974000000.0,0.0,78.3,3.521,3.521,5197000000.0,28964000000.0,18062000000.0,18062000000.0,294000000.0,0.093,0.14,0.188,0.419,0.0,1217000000.0,1.0,812243611.0,812243611.0,,22.237,47503000000.0,0.0,3195000000.0,3653000000.0,58.484,2624000000.0
44,OXY,MRT,2010-06-30,2010-06-30,2010-06-30,2021-08-25,-483000000.0,46259000000.0,45062000000.0,9189000000.0,37070000000.0,0.386,37.921,-2369000000.0,2322000000.0,2322000000.0,8690000000.0,4058000000.0,1.516,0.498,2523000000.0,12000000.0,2511000000.0,2523000000.0,0.0,2720000000.0,0.0,0.018,1.37,7055000000.0,9775000000.0,0.562,9775000000.0,7055000000.0,6914000000.0,4.92,4.91,4.92,30798000000.0,29723750000.0,30798000000.0,63357934479.0,9.0,6.482,5697000000.0,7.015,1.0,8702000000.0,0.5,0.0,141000000.0,40398000000.0,39800250000.0,1220000000.0,1786000000.0,0.0,1786000000.0,15347000000.0,6062000000.0,9285000000.0,62658934479.0,546000000.0,-2491000000.0,-32000000.0,-983000000.0,-1081000000.0,-2088000000.0,-5432000000.0,51000000.0,8066000000.0,0.0,3992000000.0,3992000000.0,3992000000.0,278000000.0,66000000.0,0.23,1566000000.0,7136000000.0,3952000000.0,0.278,2.035,15.696,15.681,34514000000.0,0.0,77.15,3.603,3.603,5105000000.0,28083000000.0,17392000000.0,17392000000.0,267000000.0,0.089,0.134,0.177,0.406,0.0,1299000000.0,1.0,812170246.0,812170246.0,,21.414,46259000000.0,0.0,2922000000.0,3393000000.0,56.957,3127000000.0
45,OXY,MRT,2010-03-31,2010-03-31,2010-03-31,2021-08-25,-548000000.0,45531000000.0,43956000000.0,9088000000.0,36443000000.0,0.375,36.868,-2942000000.0,1895000000.0,1895000000.0,8442000000.0,3677000000.0,1.411,0.518,2594000000.0,83000000.0,2511000000.0,2594000000.0,0.0,2664000000.0,0.0,0.016,1.32,6322000000.0,8986000000.0,0.545,8986000000.0,6322000000.0,6179000000.0,4.45,4.44,4.45,29935000000.0,28980750000.0,29935000000.0,70208756774.0,11.0,7.813,4451000000.0,5.482,1.0,8035000000.0,0.488,0.0,143000000.0,39790000000.0,39239250000.0,1066000000.0,1776000000.0,0.0,1776000000.0,15494000000.0,6440000000.0,9054000000.0,68642756774.0,766000000.0,-2017000000.0,-21000000.0,-172000000.0,-1072000000.0,-1260000000.0,-5367000000.0,32000000.0,7393000000.0,0.0,3611000000.0,3611000000.0,3611000000.0,266000000.0,66000000.0,0.219,1631000000.0,6404000000.0,4071000000.0,0.297,2.293,19.009,18.998,33864000000.0,0.0,84.54,4.166,4.166,5419000000.0,27329000000.0,16477000000.0,16477000000.0,252000000.0,0.082,0.125,0.161,0.384,0.0,1379000000.0,1.0,811955959.0,811955959.0,,20.293,45531000000.0,0.0,2568000000.0,3459000000.0,56.076,2648000000.0
46,OXY,MRT,2009-12-31,2009-12-31,2009-12-31,2021-08-25,-596000000.0,44229000000.0,42728250000.0,10607000000.0,33622000000.0,0.35,35.829,-3245000000.0,1224000000.0,1224000000.0,8217000000.0,2966000000.0,1.634,0.518,2796000000.0,239000000.0,2557000000.0,2796000000.0,0.0,2687000000.0,0.0,0.016,1.31,5111000000.0,7798000000.0,0.522,7798000000.0,5111000000.0,4978000000.0,3.59,3.58,3.59,29081000000.0,28355750000.0,29081000000.0,67216129405.0,13.0,8.62,2701000000.0,3.328,1.0,6725000000.0,0.45,0.0,133000000.0,39310000000.0,38509000000.0,998000000.0,1732000000.0,0.0,1732000000.0,15070000000.0,6491000000.0,8579000000.0,66029129405.0,-553000000.0,-1782000000.0,-22000000.0,48000000.0,-1063000000.0,-1033000000.0,-5466000000.0,0.0,5946000000.0,0.0,2915000000.0,2915000000.0,2915000000.0,236000000.0,51000000.0,0.195,1554000000.0,5171000000.0,3282000000.0,0.365,2.271,22.652,22.66,31137000000.0,0.0,81.35,4.419,4.419,4845000000.0,26534000000.0,14942000000.0,14942000000.0,254000000.0,0.068,0.103,0.133,0.342,0.0,1300000000.0,1.0,811667233.0,811667233.0,,18.409,44229000000.0,0.0,2063000000.0,2824000000.0,54.492,4116000000.0
47,OXY,MRT,2009-09-30,2009-09-30,2009-09-30,2021-08-25,-596000000.0,44229000000.0,42055250000.0,8086000000.0,36143000000.0,0.345,35.868,-3705000000.0,1230000000.0,1230000000.0,8442000000.0,2467000000.0,1.327,0.518,2796000000.0,239000000.0,2557000000.0,2796000000.0,0.0,2736000000.0,0.0,0.017,1.3,4160000000.0,6896000000.0,0.475,6896000000.0,4160000000.0,4031000000.0,2.99,3.0,2.99,29081000000.0,27910500000.0,29081000000.0,65294847651.0,16.0,9.469,2656000000.0,3.276,1.0,6072000000.0,0.418,0.0,129000000.0,39703000000.0,37774750000.0,1081000000.0,1732000000.0,0.0,1732000000.0,15070000000.0,6092000000.0,8978000000.0,63564847651.0,158000000.0,-1832000000.0,-37000000.0,1013000000.0,-1057000000.0,-85000000.0,-6118000000.0,-48000000.0,6361000000.0,0.0,2420000000.0,2420000000.0,2420000000.0,356000000.0,47000000.0,0.167,1708000000.0,4364000000.0,3379000000.0,0.435,2.186,26.266,26.221,33645000000.0,0.0,78.4,4.38,4.38,4908000000.0,26534000000.0,14514000000.0,14514000000.0,283000000.0,0.058,0.087,0.11,0.287,0.0,1244000000.0,1.0,810776118.0,810776118.0,,17.901,44229000000.0,0.0,1611000000.0,3153000000.0,54.551,1994000000.0
48,OXY,MRT,2009-06-30,2009-06-30,2009-06-30,2021-08-25,-590000000.0,41835000000.0,41645250000.0,6658000000.0,35177000000.0,0.42,34.329,-4691000000.0,1755000000.0,1755000000.0,9149000000.0,3835000000.0,1.23,0.501,3485000000.0,918000000.0,2567000000.0,3485000000.0,0.0,2650000000.0,0.0,0.02,1.29,6485000000.0,9135000000.0,0.522,9135000000.0,6485000000.0,6372000000.0,4.63,4.63,4.63,27826000000.0,27374500000.0,27826000000.0,54958011891.0,8.0,6.016,3133000000.0,3.865,1.0,8358000000.0,0.477,0.0,113000000.0,38154000000.0,36560000000.0,1069000000.0,1350000000.0,0.0,1350000000.0,13948000000.0,5411000000.0,8537000000.0,53344011891.0,251000000.0,-2296000000.0,-629000000.0,1700000000.0,-1047000000.0,-12000000.0,-7561000000.0,-55000000.0,7824000000.0,0.0,3764000000.0,3764000000.0,3764000000.0,355000000.0,71000000.0,0.215,1637000000.0,6721000000.0,2574000000.0,0.279,1.917,14.172,14.214,32909000000.0,0.0,65.81,3.047,3.047,3694000000.0,25206000000.0,17507000000.0,17507000000.0,288000000.0,0.09,0.138,0.177,0.37,0.0,1180000000.0,1.0,810576081.0,810576081.0,,21.598,41835000000.0,0.0,2608000000.0,2824000000.0,51.611,1247000000.0
49,OXY,MRT,2009-03-31,2009-03-31,2009-03-31,2021-08-25,-544000000.0,40620000000.0,41547500000.0,5936000000.0,34684000000.0,0.506,33.858,-4364000000.0,1126000000.0,1126000000.0,9761000000.0,5475000000.0,1.106,0.479,2740000000.0,918000000.0,1822000000.0,2740000000.0,0.0,2529000000.0,0.0,0.023,1.28,9316000000.0,11845000000.0,0.564,11845000000.0,9316000000.0,9203000000.0,6.58,6.57,6.58,27435000000.0,26703750000.0,27435000000.0,46062892264.0,5.0,3.889,4383000000.0,5.409,1.0,11244000000.0,0.535,0.0,113000000.0,36869000000.0,35388750000.0,1007000000.0,1296000000.0,0.0,1296000000.0,13151000000.0,5365000000.0,7786000000.0,45092892264.0,-367000000.0,-3108000000.0,-1050000000.0,932000000.0,-993000000.0,-1128000000.0,-7986000000.0,-3000000.0,8747000000.0,0.0,5379000000.0,5379000000.0,5379000000.0,356000000.0,96000000.0,0.256,1685000000.0,9559000000.0,2531000000.0,0.195,1.644,8.383,8.457,32576000000.0,0.0,55.65,2.147,2.147,3295000000.0,24792000000.0,21005000000.0,21005000000.0,292000000.0,0.129,0.201,0.263,0.444,0.0,1198000000.0,1.0,810294560.0,810294560.0,,25.923,40620000000.0,0.0,3824000000.0,2833000000.0,50.13,571000000.0
50,OXY,MRT,2008-12-31,2008-12-31,2008-12-31,2021-08-25,-552000000.0,41537000000.0,41014000000.0,7172000000.0,34365000000.0,0.585,33.709,-4126000000.0,1777000000.0,1777000000.0,10135000000.0,6973000000.0,1.169,0.521,2747000000.0,698000000.0,2049000000.0,2747000000.0,0.0,2396000000.0,0.0,0.02,1.21,11858000000.0,14254000000.0,0.595,14254000000.0,11858000000.0,11734000000.0,8.37,8.34,8.37,27300000000.0,25830750000.0,27300000000.0,48903534428.0,4.0,3.431,6528000000.0,8.06,1.0,13841000000.0,0.577,0.0,124000000.0,36373000000.0,34112750000.0,958000000.0,1263000000.0,0.0,1263000000.0,14212000000.0,6134000000.0,8078000000.0,48584534428.0,-185000000.0,-4701000000.0,-1479000000.0,952000000.0,-940000000.0,-1510000000.0,-9329000000.0,9000000.0,10654000000.0,0.0,6857000000.0,6857000000.0,6857000000.0,326000000.0,116000000.0,0.286,1754000000.0,12087000000.0,3306000000.0,0.145,1.78,7.085,7.167,32266000000.0,0.0,59.99,2.026,2.026,3953000000.0,24684000000.0,23976000000.0,23976000000.0,308000000.0,0.167,0.265,0.348,0.495,0.0,1247000000.0,1.0,809877220.0,809877220.0,,29.604,41537000000.0,0.0,4877000000.0,2818000000.0,51.288,1038000000.0
51,OXY,MRT,2008-09-30,2008-09-30,2008-09-30,2021-08-25,-702000000.0,42589000000.0,39759500000.0,9620000000.0,32969000000.0,0.654,33.039,-4380000000.0,1452000000.0,1452000000.0,10960000000.0,8045000000.0,1.193,0.581,1771000000.0,714000000.0,1057000000.0,1771000000.0,0.0,2596000000.0,0.0,0.016,1.14,13570000000.0,16166000000.0,0.622,16166000000.0,13570000000.0,13434000000.0,9.54,9.5,9.54,26937000000.0,24711500000.0,26937000000.0,57832131221.0,4.0,3.577,6230000000.0,7.641,1.0,15024000000.0,0.578,0.0,136000000.0,34844000000.0,32538750000.0,957000000.0,1250000000.0,0.0,1250000000.0,15652000000.0,8064000000.0,7588000000.0,57563131221.0,-3000000.0,-3935000000.0,-1697000000.0,-136000000.0,-885000000.0,-2856000000.0,-7757000000.0,29000000.0,10610000000.0,0.0,7866000000.0,7866000000.0,7866000000.0,-27000000.0,179000000.0,0.303,1543000000.0,13481000000.0,4907000000.0,0.119,2.137,7.318,7.385,30854000000.0,0.0,70.45,2.215,2.211,7081000000.0,24501000000.0,25984000000.0,25984000000.0,236000000.0,0.198,0.318,0.417,0.522,0.0,1185000000.0,1.0,817077803.0,815300000.0,,31.87,42589000000.0,0.0,5568000000.0,3196000000.0,52.237,1556000000.0
52,OXY,MRT,2008-06-30,2008-06-30,2008-06-30,2021-08-25,-1110000000.0,41444000000.0,37617750000.0,10125000000.0,31319000000.0,0.636,30.614,-3664000000.0,1506000000.0,1506000000.0,10315000000.0,7060000000.0,1.228,0.648,1775000000.0,0.0,1775000000.0,1775000000.0,0.0,2515000000.0,0.0,0.012,1.07,11963000000.0,14478000000.0,0.605,14478000000.0,11963000000.0,11803000000.0,8.35,8.31,8.35,25143000000.0,23452500000.0,25143000000.0,74060725822.0,6.0,5.115,5217000000.0,6.352,1.0,13605000000.0,0.569,0.0,160000000.0,33469000000.0,31204750000.0,947000000.0,894000000.0,0.0,894000000.0,16301000000.0,8244000000.0,8057000000.0,73750725822.0,1000000.0,-3369000000.0,-1428000000.0,-108000000.0,-807000000.0,-2428000000.0,-6452000000.0,66000000.0,8881000000.0,0.0,6919000000.0,6919000000.0,6919000000.0,-36000000.0,141000000.0,0.289,1730000000.0,11875000000.0,5226000000.0,0.128,2.933,10.659,10.762,29466000000.0,0.0,89.86,3.083,3.085,7544000000.0,22492000000.0,23920000000.0,23920000000.0,301000000.0,0.184,0.295,0.383,0.5,0.0,1295000000.0,1.0,820729199.0,821300000.0,,29.125,41444000000.0,0.0,4884000000.0,2817000000.0,50.461,1881000000.0
53,OXY,MRT,2008-03-31,2008-03-31,2008-03-31,2021-08-25,-725000000.0,38486000000.0,35674750000.0,8781000000.0,29705000000.0,0.602,29.071,-3413000000.0,1495000000.0,1495000000.0,9739000000.0,6138000000.0,1.249,0.607,1805000000.0,30000000.0,1775000000.0,1805000000.0,0.0,2458000000.0,0.0,0.013,0.97,10311000000.0,12769000000.0,0.595,12769000000.0,10311000000.0,10151000000.0,7.24,7.21,7.24,23943000000.0,22444500000.0,23943000000.0,60011228927.0,6.0,4.7,4450000000.0,5.403,1.0,11737000000.0,0.547,0.0,160000000.0,31765000000.0,30062000000.0,829000000.0,879000000.0,0.0,879000000.0,14543000000.0,7031000000.0,7512000000.0,60187228927.0,203000000.0,-3179000000.0,-1226000000.0,-334000000.0,-785000000.0,-2435000000.0,-5225000000.0,864000000.0,7863000000.0,0.0,6034000000.0,6034000000.0,6034000000.0,-306000000.0,104000000.0,0.281,1753000000.0,9984000000.0,4516000000.0,0.134,2.514,9.975,10.106,27988000000.0,0.0,73.17,2.803,2.806,6273000000.0,20458000000.0,21476000000.0,21476000000.0,336000000.0,0.169,0.269,0.343,0.48,0.0,1303000000.0,1.0,822567021.0,823600000.0,,26.076,38486000000.0,0.0,4117000000.0,3107000000.0,46.729,1750000000.0
54,OXY,MRT,2007-12-31,2007-12-31,2007-12-31,2021-08-25,-632000000.0,36519000000.0,34274000000.0,8595000000.0,27924000000.0,0.584,27.544,-3360000000.0,1964000000.0,1964000000.0,9247000000.0,5475000000.0,1.372,0.6,1788000000.0,47000000.0,1741000000.0,1788000000.0,0.0,2379000000.0,0.0,0.012,0.94,9246000000.0,11625000000.0,0.581,11625000000.0,9246000000.0,8907000000.0,6.45,6.42,6.45,22823000000.0,21513000000.0,22823000000.0,64242632679.0,7.0,5.526,3438000000.0,4.149,1.0,10766000000.0,0.538,0.0,339000000.0,30077000000.0,29239750000.0,910000000.0,783000000.0,0.0,783000000.0,13696000000.0,6266000000.0,7430000000.0,63793632679.0,625000000.0,-1522000000.0,-1112000000.0,-1164000000.0,-765000000.0,-3098000000.0,-3075000000.0,1309000000.0,6798000000.0,0.0,5400000000.0,5400000000.0,5400000000.0,-322000000.0,75000000.0,0.27,1849000000.0,8917000000.0,4263000000.0,0.146,2.795,11.814,11.936,26278000000.0,0.0,76.99,3.188,3.188,5836000000.0,18819000000.0,20013000000.0,20013000000.0,364000000.0,0.158,0.251,0.316,0.462,0.0,1320000000.0,1.0,828596346.0,828596346.0,,24.153,36519000000.0,0.0,3507000000.0,2551000000.0,44.073,2329000000.0
55,OXY,MRT,2007-09-30,2007-09-30,2007-09-30,2021-08-25,-500000000.0,34022000000.0,33252000000.0,6853000000.0,27169000000.0,0.564,26.289,-3905000000.0,1455000000.0,1455000000.0,8888000000.0,4878000000.0,1.381,0.553,1904000000.0,156000000.0,1748000000.0,1904000000.0,0.0,2302000000.0,0.0,0.014,0.91,8485000000.0,10787000000.0,0.575,10787000000.0,8485000000.0,8099000000.0,5.81,5.78,5.81,21901000000.0,20620250000.0,21901000000.0,53609097692.0,6.0,4.97,1964000000.0,2.357,1.0,9863000000.0,0.526,0.0,386000000.0,29508000000.0,29017250000.0,952000000.0,754000000.0,0.0,754000000.0,12121000000.0,4963000000.0,7158000000.0,53234097692.0,241000000.0,-1113000000.0,-1049000000.0,-1330000000.0,-745000000.0,-3067000000.0,-2561000000.0,1454000000.0,5869000000.0,0.0,4878000000.0,4878000000.0,4878000000.0,-378000000.0,0.0,0.26,1764000000.0,8099000000.0,3068000000.0,0.157,2.431,10.913,11.029,25541000000.0,0.0,64.08,2.839,2.847,4385000000.0,17574000000.0,18751000000.0,18751000000.0,422000000.0,0.147,0.237,0.292,0.453,0.0,1248000000.0,1.0,830744346.0,833100000.0,,22.508,34022000000.0,0.0,3221000000.0,2462000000.0,40.838,1890000000.0
56,OXY,MRT,2007-06-30,2007-06-30,2007-06-30,2021-08-25,-487000000.0,33672000000.0,32671750000.0,6840000000.0,26832000000.0,0.556,25.201,-3868000000.0,1505000000.0,1505000000.0,8657000000.0,4724000000.0,1.328,0.595,1880000000.0,163000000.0,1717000000.0,1880000000.0,0.0,2216000000.0,0.0,0.015,0.88,8341000000.0,10557000000.0,0.581,10557000000.0,8341000000.0,7941000000.0,5.59,5.56,5.59,21111000000.0,19859500000.0,21111000000.0,49109150847.0,6.0,4.652,2333000000.0,2.785,1.0,9522000000.0,0.524,0.0,400000000.0,28898000000.0,28861750000.0,871000000.0,850000000.0,0.0,850000000.0,12561000000.0,5149000000.0,7412000000.0,48261150847.0,149000000.0,-1627000000.0,-1007000000.0,-1347000000.0,-714000000.0,-2997000000.0,-3055000000.0,1445000000.0,6201000000.0,0.0,4724000000.0,4724000000.0,4724000000.0,-437000000.0,0.0,0.26,1649000000.0,7873000000.0,2837000000.0,0.157,2.286,10.216,10.354,25081000000.0,0.0,57.88,2.655,2.667,4163000000.0,16459000000.0,18179000000.0,18179000000.0,370000000.0,0.145,0.238,0.289,0.459,0.0,1187000000.0,1.0,833813940.0,837700000.0,,21.701,33672000000.0,0.0,3217000000.0,2778000000.0,40.196,1691000000.0
57,OXY,MRT,2007-03-31,2007-03-31,2007-03-31,2021-08-25,-336000000.0,32883000000.0,32044500000.0,6322000000.0,26561000000.0,0.561,24.039,-3046000000.0,1292000000.0,1292000000.0,8554000000.0,4172000000.0,1.203,0.627,2140000000.0,449000000.0,1691000000.0,2140000000.0,0.0,2119000000.0,0.0,0.017,0.84,7776000000.0,9895000000.0,0.551,9895000000.0,7776000000.0,7336000000.0,4.91,4.87,4.91,20217000000.0,19072250000.0,20217000000.0,42777716473.0,6.0,4.323,2908000000.0,3.458,1.0,9409000000.0,0.524,0.0,440000000.0,28476000000.0,28604250000.0,738000000.0,1596000000.0,213000000.0,1383000000.0,12666000000.0,5255000000.0,7411000000.0,41326716473.0,-511000000.0,-1137000000.0,-1572000000.0,-1735000000.0,-686000000.0,-3852000000.0,-2613000000.0,596000000.0,5954000000.0,0.0,4172000000.0,4172000000.0,4172000000.0,112000000.0,0.0,0.232,1564000000.0,7845000000.0,2740000000.0,0.171,2.044,9.906,10.043,24409000000.0,0.0,49.31,2.301,2.309,4005000000.0,15233000000.0,17963000000.0,17963000000.0,327000000.0,0.13,0.219,0.272,0.433,0.0,1142000000.0,1.0,838100111.0,841000000.0,,21.359,32883000000.0,0.0,3164000000.0,2830000000.0,39.1,1067000000.0
58,OXY,MRT,2006-12-31,2006-12-31,2006-12-31,2021-08-25,-333000000.0,32431000000.0,31873750000.0,6169000000.0,26262000000.0,0.555,22.89,-2857000000.0,1339000000.0,1339000000.0,8411000000.0,4191000000.0,1.314,0.685,2790000000.0,171000000.0,2619000000.0,2790000000.0,0.0,2008000000.0,0.0,0.016,0.8,7836000000.0,9844000000.0,0.557,9844000000.0,7836000000.0,7545000000.0,4.92,4.87,4.92,19252000000.0,18504750000.0,19252000000.0,42749092510.0,5.0,4.343,3496000000.0,4.157,1.0,9263000000.0,0.524,0.0,291000000.0,29187000000.0,28552500000.0,825000000.0,1584000000.0,240000000.0,1344000000.0,13179000000.0,4695000000.0,8484000000.0,41070092510.0,-849000000.0,-2625000000.0,-1420000000.0,-893000000.0,-646000000.0,-2819000000.0,-4383000000.0,140000000.0,6353000000.0,0.0,4191000000.0,4191000000.0,4191000000.0,11000000.0,0.0,0.237,1488000000.0,7775000000.0,2263000000.0,0.163,2.133,9.8,9.925,24138000000.0,0.0,48.83,2.324,2.324,3555000000.0,13987000000.0,17674000000.0,17674000000.0,296000000.0,0.131,0.226,0.274,0.443,0.0,1145000000.0,1.0,841083197.0,841083197.0,,21.013,32431000000.0,0.0,3354000000.0,2762000000.0,38.559,1474000000.0
59,OXY,MRT,2006-09-30,2006-09-30,2006-09-30,2021-08-25,-144000000.0,31701000000.0,30293000000.0,5942000000.0,25759000000.0,0.571,22.113,-1896000000.0,1214000000.0,1214000000.0,7934000000.0,4425000000.0,1.322,0.681,2893000000.0,46000000.0,2847000000.0,2893000000.0,0.0,1783000000.0,0.0,0.016,0.76,7961000000.0,9744000000.0,0.563,9744000000.0,7961000000.0,7698000000.0,5.25,5.19,5.25,18858000000.0,17449750000.0,18858000000.0,42200282479.0,5.0,4.331,4486000000.0,5.26,1.0,9361000000.0,0.541,0.0,263000000.0,28886000000.0,26897500000.0,872000000.0,1830000000.0,225000000.0,1605000000.0,12843000000.0,4494000000.0,8349000000.0,40669282479.0,-196000000.0,-405000000.0,-1238000000.0,-608000000.0,-584000000.0,-2310000000.0,-4268000000.0,77000000.0,6382000000.0,0.0,4425000000.0,4425000000.0,4425000000.0,-123000000.0,0.0,0.256,1632000000.0,7729000000.0,2281000000.0,0.145,2.157,9.191,9.164,23432000000.0,0.0,48.11,2.352,2.372,3642000000.0,13178000000.0,17295000000.0,17295000000.0,309000000.0,0.146,0.254,0.296,0.46,0.0,1266000000.0,1.0,845339482.0,852800000.0,,20.28,31701000000.0,0.0,3273000000.0,2522000000.0,37.173,1448000000.0
60,OXY,MRT,2006-06-30,2006-06-30,2006-06-30,2021-08-25,-344000000.0,31163000000.0,28642000000.0,6548000000.0,24615000000.0,0.609,20.881,-1906000000.0,1356000000.0,1356000000.0,7659000000.0,5002000000.0,1.357,0.735,2887000000.0,71000000.0,2816000000.0,2887000000.0,0.0,1629000000.0,0.0,0.014,0.695,8288000000.0,9917000000.0,0.568,9917000000.0,8288000000.0,7991000000.0,6.04,5.95,6.04,17962000000.0,16212500000.0,17962000000.0,45642971388.0,6.0,4.602,4178000000.0,4.857,1.0,9787000000.0,0.561,0.0,297000000.0,27868000000.0,25184500000.0,721000000.0,1715000000.0,227000000.0,1488000000.0,13201000000.0,4826000000.0,8375000000.0,43918971388.0,728000000.0,209000000.0,-879000000.0,-1086000000.0,-554000000.0,-2390000000.0,-2966000000.0,789000000.0,6084000000.0,0.0,5002000000.0,5002000000.0,5002000000.0,-143000000.0,0.0,0.287,1778000000.0,8009000000.0,2498000000.0,0.115,2.445,8.78,8.489,22382000000.0,0.0,51.275,2.517,2.528,3981000000.0,12199000000.0,17446000000.0,17446000000.0,286000000.0,0.175,0.309,0.329,0.475,0.0,1433000000.0,1.0,856537716.0,860200000.0,,20.281,31163000000.0,0.0,2989000000.0,2298000000.0,36.228,1722000000.0
61,OXY,MRT,2006-03-31,2006-03-31,2006-03-31,2021-08-25,-417000000.0,32200000000.0,26841250000.0,8082000000.0,24118000000.0,0.613,21.151,-2354000000.0,1804000000.0,1804000000.0,7145000000.0,5678000000.0,1.429,0.794,3528000000.0,255000000.0,3273000000.0,3528000000.0,0.0,1491000000.0,0.0,0.014,0.67,8128000000.0,9619000000.0,0.585,9619000000.0,8128000000.0,7842000000.0,6.95,6.845,6.95,17947000000.0,14898500000.0,17947000000.0,38001537368.0,5.0,3.951,3770000000.0,4.443,1.0,9302000000.0,0.566,0.0,286000000.0,28269000000.0,23935750000.0,718000000.0,1481000000.0,227000000.0,1254000000.0,14253000000.0,5655000000.0,8598000000.0,37271537368.0,711000000.0,-1167000000.0,-59000000.0,-460000000.0,-521000000.0,-968000000.0,-4445000000.0,1165000000.0,6124000000.0,0.0,5678000000.0,5678000000.0,5678000000.0,-481000000.0,0.0,0.345,1798000000.0,7504000000.0,2335000000.0,0.096,2.077,6.564,6.665,22122000000.0,0.0,46.325,2.266,2.39,3777000000.0,11497000000.0,16447000000.0,16447000000.0,343000000.0,0.212,0.381,0.34,0.494,0.0,1395000000.0,1.0,804566376.0,848500000.0,,19.384,32200000000.0,0.0,2164000000.0,2831000000.0,37.949,2427000000.0
62,OXY,MRT,2005-12-31,2005-12-31,2005-12-31,2021-08-25,-373000000.0,26108000000.0,24360500000.0,6937000000.0,19171000000.0,0.624,18.697,-2295000000.0,2188000000.0,2188000000.0,6708000000.0,5293000000.0,1.624,0.737,2919000000.0,46000000.0,2873000000.0,2919000000.0,0.0,1372000000.0,0.0,0.016,0.645,7427000000.0,8799000000.0,0.579,8799000000.0,7427000000.0,7134000000.0,6.56,6.47,6.56,15032000000.0,13222000000.0,15032000000.0,33617653280.0,5.0,3.821,3042000000.0,3.784,1.0,8496000000.0,0.559,0.0,293000000.0,22567000000.0,22171000000.0,716000000.0,1461000000.0,252000000.0,1209000000.0,11076000000.0,4272000000.0,6804000000.0,32111653280.0,989000000.0,0.0,131000000.0,-898000000.0,-483000000.0,-1187000000.0,-3161000000.0,1203000000.0,5337000000.0,0.0,5293000000.0,5293000000.0,5293000000.0,-452000000.0,0.0,0.348,1682000000.0,6814000000.0,2046000000.0,0.098,2.136,6.067,6.088,17171000000.0,0.0,39.94,2.112,2.112,3476000000.0,10425000000.0,15204000000.0,15204000000.0,310000000.0,0.217,0.4,0.335,0.488,0.0,1310000000.0,1.0,803997328.0,803997328.0,,18.911,26108000000.0,0.0,1841000000.0,1296000000.0,32.473,2665000000.0
63,OXY,MRT,2005-09-30,2005-09-30,2005-09-30,2021-08-25,-474000000.0,25097000000.0,23181250000.0,5892000000.0,19205000000.0,0.609,17.203,-1849000000.0,1411000000.0,1411000000.0,6217000000.0,4871000000.0,1.29,0.804,2917000000.0,21000000.0,2896000000.0,2917000000.0,0.0,1317000000.0,0.0,0.014,0.603,6767000000.0,8084000000.0,0.573,8084000000.0,6767000000.0,6473000000.0,6.05,5.96,6.05,13909000000.0,12101500000.0,13909000000.0,36884813449.0,5.0,4.563,3081000000.0,3.811,1.0,7903000000.0,0.56,0.0,294000000.0,22034000000.0,21672500000.0,617000000.0,1570000000.0,305000000.0,1265000000.0,11188000000.0,4569000000.0,6619000000.0,34154813449.0,628000000.0,-2133000000.0,177000000.0,-914000000.0,-465000000.0,-1128000000.0,-3174000000.0,1009000000.0,4930000000.0,0.0,4871000000.0,4871000000.0,4871000000.0,-301000000.0,0.0,0.345,1696000000.0,6207000000.0,2122000000.0,0.1,2.456,7.012,7.06,17134000000.0,0.0,42.715,2.419,2.446,3790000000.0,9419000000.0,14120000000.0,14120000000.0,288000000.0,0.21,0.403,0.312,0.479,0.0,1320000000.0,1.0,799597646.0,808500000.0,,17.464,25097000000.0,0.0,1602000000.0,1328000000.0,31.041,1323000000.0
64,OXY,MRT,2005-06-30,2005-06-30,2005-06-30,2021-08-25,65000000.0,23960000000.0,22001000000.0,4510000000.0,19450000000.0,0.569,15.807,-1856000000.0,630000000.0,630000000.0,5887000000.0,3882000000.0,1.182,0.886,3360000000.0,333000000.0,3027000000.0,3360000000.0,0.0,1276000000.0,0.0,0.015,0.585,5668000000.0,6944000000.0,0.554,6944000000.0,5668000000.0,5405000000.0,4.845,4.78,4.845,12706000000.0,11068750000.0,12706000000.0,32910504820.0,6.0,4.739,2918000000.0,3.63,1.0,6638000000.0,0.53,0.0,263000000.0,22873000000.0,21250000000.0,603000000.0,2109000000.0,240000000.0,1869000000.0,11254000000.0,3817000000.0,7437000000.0,30637504820.0,378000000.0,-1751000000.0,199000000.0,-609000000.0,-448000000.0,-824000000.0,-3572000000.0,215000000.0,4774000000.0,0.0,3882000000.0,3882000000.0,3882000000.0,-213000000.0,0.0,0.31,1403000000.0,5235000000.0,1912000000.0,0.121,2.411,7.892,7.939,16929000000.0,0.0,38.465,2.446,2.469,3161000000.0,7799000000.0,12525000000.0,12525000000.0,274000000.0,0.176,0.351,0.267,0.453,0.0,1051000000.0,1.0,796503440.0,803800000.0,,15.582,23960000000.0,0.0,1523000000.0,1436000000.0,29.808,693000000.0
65,OXY,MRT,2005-03-31,2005-03-31,2005-03-31,2021-08-25,62000000.0,22277000000.0,20847250000.0,4654000000.0,17623000000.0,0.562,14.037,-1902000000.0,1092000000.0,1092000000.0,5737000000.0,2927000000.0,1.393,0.982,3365000000.0,0.0,3365000000.0,3365000000.0,0.0,1271000000.0,0.0,0.016,0.568,5072000000.0,6343000000.0,0.542,6343000000.0,5072000000.0,4808000000.0,3.675,3.625,3.675,11241000000.0,10143750000.0,11241000000.0,30625873334.0,6.0,4.828,2245000000.0,2.803,1.0,5970000000.0,0.51,0.0,264000000.0,21210000000.0,20583750000.0,531000000.0,2176000000.0,270000000.0,1906000000.0,11036000000.0,3340000000.0,7696000000.0,28270873334.0,718000000.0,-391000000.0,172000000.0,-592000000.0,-432000000.0,-849000000.0,-2580000000.0,-163000000.0,4147000000.0,0.0,2927000000.0,2927000000.0,2927000000.0,-154000000.0,0.0,0.25,1259000000.0,4711000000.0,1545000000.0,0.155,2.515,9.659,9.683,15105000000.0,0.0,35.585,2.415,2.434,2799000000.0,6387000000.0,11707000000.0,11707000000.0,207000000.0,0.14,0.289,0.246,0.433,0.0,984000000.0,1.0,794460400.0,800800000.0,,14.619,22277000000.0,0.0,1881000000.0,1730000000.0,27.818,1314000000.0
66,OXY,MRT,2004-12-31,2004-12-31,2004-12-31,2021-08-25,155000000.0,21391000000.0,19944500000.0,4431000000.0,16960000000.0,0.553,13.364,-1711000000.0,1199000000.0,1199000000.0,5669000000.0,2568000000.0,1.294,1.028,3804000000.0,459000000.0,3345000000.0,3804000000.0,0.0,1251000000.0,0.0,0.019,0.55,4467000000.0,5718000000.0,0.519,5718000000.0,4467000000.0,4207000000.0,3.24,3.2,3.24,10550000000.0,9449500000.0,10550000000.0,25869954852.0,6.0,4.524,2167000000.0,2.745,1.0,5355000000.0,0.486,0.0,260000000.0,20573000000.0,20211250000.0,545000000.0,1977000000.0,250000000.0,1727000000.0,10841000000.0,3423000000.0,7418000000.0,23035954852.0,629000000.0,-208000000.0,245000000.0,-645000000.0,-424000000.0,-821000000.0,-2428000000.0,-385000000.0,3878000000.0,0.0,2568000000.0,2568000000.0,2568000000.0,-162000000.0,0.0,0.233,1209000000.0,4146000000.0,1557000000.0,0.17,2.184,8.97,9.006,14633000000.0,0.0,29.18,2.09,2.09,2474000000.0,5664000000.0,11024000000.0,11024000000.0,214000000.0,0.129,0.272,0.221,0.405,0.0,936000000.0,1.0,789443278.0,789443278.0,,13.964,21391000000.0,0.0,1639000000.0,1511000000.0,27.096,1008000000.0
67,OXY,MRT,2004-09-30,2004-09-30,2004-09-30,2021-08-25,108000000.0,20376000000.0,19138750000.0,3805000000.0,16571000000.0,0.557,12.337,-1709000000.0,998000000.0,998000000.0,5507000000.0,2208000000.0,1.328,1.084,3832000000.0,23000000.0,3809000000.0,3832000000.0,0.0,1278000000.0,0.0,0.019,0.542,4026000000.0,5304000000.0,0.497,5304000000.0,4026000000.0,3758000000.0,2.81,2.77,2.81,9778000000.0,8794250000.0,9778000000.0,25494683458.0,6.0,4.807,1814000000.0,2.289,1.0,5157000000.0,0.484,0.0,268000000.0,20344000000.0,19925000000.0,499000000.0,1544000000.0,0.0,1544000000.0,10598000000.0,2866000000.0,7732000000.0,21907683458.0,256000000.0,-262000000.0,239000000.0,-670000000.0,-416000000.0,-844000000.0,-2423000000.0,-451000000.0,3523000000.0,0.0,2208000000.0,2208000000.0,2208000000.0,12000000.0,0.0,0.207,1130000000.0,4027000000.0,1417000000.0,0.193,2.241,9.922,9.952,14452000000.0,0.0,27.965,2.054,2.078,2430000000.0,5032000000.0,10664000000.0,10664000000.0,176000000.0,0.115,0.251,0.202,0.378,0.0,904000000.0,1.0,783396512.0,792600000.0,,13.454,20376000000.0,0.0,1550000000.0,1497000000.0,25.708,939000000.0
68,OXY,MRT,2004-06-30,2004-06-30,2004-06-30,2021-08-25,109000000.0,19345000000.0,18471250000.0,2960000000.0,16385000000.0,0.54,11.432,-1565000000.0,383000000.0,383000000.0,5328000000.0,1896000000.0,1.087,1.148,3970000000.0,182000000.0,3788000000.0,3970000000.0,0.0,1252000000.0,0.0,0.022,0.535,3526000000.0,4778000000.0,0.479,4778000000.0,3526000000.0,3251000000.0,2.435,2.4,2.435,9006000000.0,8223500000.0,9006000000.0,22508397477.0,6.0,4.711,1500000000.0,1.904,1.0,4646000000.0,0.466,0.0,275000000.0,20208000000.0,19776250000.0,449000000.0,1503000000.0,0.0,1503000000.0,10339000000.0,2724000000.0,7615000000.0,18937397477.0,138000000.0,-277000000.0,210000000.0,-513000000.0,-407000000.0,-710000000.0,-2217000000.0,-375000000.0,3065000000.0,0.0,1896000000.0,1896000000.0,1896000000.0,11000000.0,0.0,0.19,1104000000.0,3542000000.0,1279000000.0,0.22,2.103,9.988,9.94,14339000000.0,0.0,24.205,1.899,1.912,2220000000.0,4382000000.0,9974000000.0,9974000000.0,176000000.0,0.103,0.231,0.178,0.354,0.0,878000000.0,1.0,782375438.0,787800000.0,,12.661,19345000000.0,0.0,1355000000.0,1409000000.0,24.556,236000000.0
69,OXY,MRT,2004-03-31,2004-03-31,2004-03-31,2021-08-25,70000000.0,18666000000.0,17929750000.0,2472000000.0,16194000000.0,0.532,10.81,-1574000000.0,470000000.0,470000000.0,5154000000.0,1689000000.0,0.982,1.205,4041000000.0,23000000.0,4018000000.0,4041000000.0,0.0,1214000000.0,0.0,0.023,0.528,3222000000.0,4436000000.0,0.465,4436000000.0,3222000000.0,2950000000.0,2.185,2.155,2.185,8464000000.0,7735500000.0,8464000000.0,21660211071.0,7.0,4.883,1791000000.0,2.287,1.0,4382000000.0,0.46,0.0,272000000.0,19720000000.0,19639250000.0,396000000.0,1405000000.0,0.0,1405000000.0,10202000000.0,2517000000.0,7685000000.0,17874211071.0,231000000.0,-447000000.0,280000000.0,-617000000.0,-399000000.0,-735000000.0,-2399000000.0,-378000000.0,3365000000.0,0.0,1689000000.0,1689000000.0,1689000000.0,8000000.0,0.0,0.177,1118000000.0,3264000000.0,1199000000.0,0.242,2.112,10.583,10.538,14150000000.0,0.0,23.025,1.874,1.891,1762000000.0,3909000000.0,9536000000.0,9536000000.0,165000000.0,0.094,0.218,0.164,0.338,0.0,890000000.0,1.0,776295812.0,783000000.0,,12.179,18666000000.0,0.0,1261000000.0,1490000000.0,23.839,-45000000.0
70,OXY,MRT,2003-12-31,2003-12-31,2003-12-31,2021-08-25,50000000.0,18168000000.0,17497500000.0,2502000000.0,15666000000.0,0.535,10.294,-1530000000.0,683000000.0,683000000.0,5072000000.0,1527000000.0,0.99,1.291,4469000000.0,476000000.0,3993000000.0,4469000000.0,0.0,1175000000.0,0.0,0.025,0.52,3090000000.0,4265000000.0,0.456,4265000000.0,3090000000.0,2758000000.0,1.99,1.965,1.99,7929000000.0,7287500000.0,7929000000.0,20271681098.0,7.0,4.753,1544000000.0,2.005,1.0,4289000000.0,0.458,0.0,332000000.0,19428000000.0,19491500000.0,489000000.0,1155000000.0,0.0,1155000000.0,10239000000.0,2526000000.0,7713000000.0,16267681098.0,427000000.0,-351000000.0,210000000.0,-336000000.0,-392000000.0,-516000000.0,-2131000000.0,-250000000.0,3074000000.0,0.0,1527000000.0,1527000000.0,1527000000.0,6000000.0,0.0,0.163,1054000000.0,3235000000.0,906000000.0,0.261,2.052,10.653,10.613,13984000000.0,0.0,21.12,1.738,1.738,1409000000.0,3530000000.0,9361000000.0,9361000000.0,139000000.0,0.087,0.21,0.159,0.33,0.0,852000000.0,1.0,770250052.0,770250052.0,,12.153,18168000000.0,0.0,1231000000.0,1164000000.0,23.587,-24000000.0
71,OXY,MRT,2003-09-30,2003-09-30,2003-09-30,2021-08-25,10000000.0,17706000000.0,17092500000.0,2273000000.0,15433000000.0,0.528,9.721,-1449000000.0,529000000.0,529000000.0,4915000000.0,1467000000.0,1.159,1.362,4533000000.0,28000000.0,4505000000.0,4533000000.0,0.0,1116000000.0,0.0,0.029,0.515,2970000000.0,4086000000.0,0.453,4086000000.0,2970000000.0,2644000000.0,1.93,1.905,1.93,7495000000.0,6884750000.0,7495000000.0,17916890852.0,6.0,4.385,1383000000.0,1.794,1.0,4109000000.0,0.455,0.0,326000000.0,19749000000.0,19340750000.0,530000000.0,1106000000.0,0.0,1106000000.0,10211000000.0,1961000000.0,8250000000.0,13484890852.0,231000000.0,-656000000.0,188000000.0,-222000000.0,-386000000.0,-349000000.0,-2252000000.0,-145000000.0,2832000000.0,0.0,1467000000.0,1467000000.0,1467000000.0,19000000.0,0.0,0.163,963000000.0,3146000000.0,884000000.0,0.267,1.799,9.192,9.127,13815000000.0,0.0,17.615,1.494,1.505,1315000000.0,3248000000.0,9024000000.0,9024000000.0,155000000.0,0.086,0.213,0.154,0.329,0.0,780000000.0,1.0,765534536.0,771000000.0,,11.704,17706000000.0,0.0,1177000000.0,1233000000.0,22.965,312000000.0
72,OXY,MRT,2003-06-30,2003-06-30,2003-06-30,2021-08-25,-13000000.0,17179000000.0,16750750000.0,1789000000.0,15390000000.0,0.518,9.219,-1402000000.0,115000000.0,115000000.0,4758000000.0,1423000000.0,0.917,1.435,4547000000.0,28000000.0,4519000000.0,4547000000.0,0.0,1066000000.0,0.0,0.03,0.51,2465000000.0,3531000000.0,0.407,3531000000.0,2465000000.0,2132000000.0,1.885,1.865,1.885,7054000000.0,6516250000.0,7054000000.0,17054189775.0,7.0,4.83,1254000000.0,1.639,1.0,3912000000.0,0.451,0.0,333000000.0,19660000000.0,18988000000.0,497000000.0,1084000000.0,0.0,1084000000.0,10125000000.0,1951000000.0,8174000000.0,12724189775.0,-315000000.0,-666000000.0,148000000.0,-242000000.0,-381000000.0,-616000000.0,-2355000000.0,-284000000.0,2656000000.0,0.0,1423000000.0,1423000000.0,1423000000.0,93000000.0,0.0,0.164,954000000.0,2958000000.0,784000000.0,0.271,1.804,8.942,8.899,13797000000.0,0.0,16.775,1.468,1.481,1269000000.0,2902000000.0,8670000000.0,8670000000.0,147000000.0,0.085,0.218,0.13,0.284,0.0,771000000.0,1.0,758521000.0,765200000.0,,11.33,17179000000.0,0.0,709000000.0,1204000000.0,22.45,-162000000.0
73,OXY,MRT,2003-03-31,2003-03-31,2003-03-31,2021-08-25,-14000000.0,16937000000.0,16576250000.0,2043000000.0,14894000000.0,0.498,8.8,-1236000000.0,146000000.0,146000000.0,4619000000.0,1289000000.0,0.956,1.539,4476000000.0,24000000.0,4452000000.0,4476000000.0,0.0,1033000000.0,0.0,0.034,0.505,2281000000.0,3314000000.0,0.401,3314000000.0,2281000000.0,1929000000.0,1.715,1.695,1.715,6672000000.0,6210750000.0,6672000000.0,15834885743.0,7.0,4.778,1349000000.0,1.779,1.0,3638000000.0,0.441,0.0,352000000.0,19129000000.0,18658750000.0,455000000.0,1130000000.0,0.0,1130000000.0,10265000000.0,2138000000.0,8127000000.0,11322885743.0,52000000.0,-529000000.0,95000000.0,-140000000.0,-375000000.0,-592000000.0,-1941000000.0,-171000000.0,2585000000.0,0.0,1289000000.0,1289000000.0,1289000000.0,94000000.0,0.0,0.156,882000000.0,2756000000.0,896000000.0,0.294,1.697,8.784,8.735,13124000000.0,0.0,14.98,1.371,1.376,1535000000.0,2628000000.0,8257000000.0,8257000000.0,177000000.0,0.078,0.208,0.122,0.276,0.0,682000000.0,1.0,755866872.0,758200000.0,,10.89,16937000000.0,0.0,640000000.0,1300000000.0,22.338,-95000000.0
74,OXY,MRT,2002-12-31,2002-12-31,2002-12-31,2021-08-25,-27000000.0,16548000000.0,16770500000.0,1873000000.0,14675000000.0,0.441,8.38,-1193000000.0,146000000.0,146000000.0,4308000000.0,989000000.0,0.838,1.619,4658000000.0,206000000.0,4452000000.0,4658000000.0,0.0,1009000000.0,0.0,0.035,0.5,1717000000.0,2726000000.0,0.368,2726000000.0,1717000000.0,1422000000.0,1.315,1.305,1.315,6318000000.0,5937500000.0,6318000000.0,15023243716.0,9.0,5.511,907000000.0,1.203,1.0,3092000000.0,0.418,0.0,295000000.0,18825000000.0,18950000000.0,491000000.0,1056000000.0,0.0,1056000000.0,10230000000.0,2235000000.0,7995000000.0,10724243716.0,-52000000.0,-492000000.0,82000000.0,40000000.0,-375000000.0,-456000000.0,-1696000000.0,-5000000.0,2100000000.0,0.0,989000000.0,989000000.0,989000000.0,97000000.0,0.0,0.134,845000000.0,2247000000.0,785000000.0,0.38,1.697,10.844,10.817,13036000000.0,0.0,14.225,1.449,1.449,1204000000.0,2303000000.0,7400000000.0,7400000000.0,176000000.0,0.059,0.167,0.091,0.232,0.0,646000000.0,1.0,753901140.0,753901140.0,,9.816,16548000000.0,150000000.0,433000000.0,1119000000.0,21.95,-362000000.0
75,OXY,MRT,2002-09-30,2002-09-30,2002-09-30,2021-08-25,-72000000.0,16339000000.0,17096000000.0,1874000000.0,14465000000.0,0.404,7.99,-1223000000.0,298000000.0,298000000.0,4244000000.0,420000000.0,0.815,1.714,4597000000.0,0.0,4597000000.0,4597000000.0,0.0,1002000000.0,0.0,0.035,0.5,760000000.0,1762000000.0,0.255,1762000000.0,760000000.0,441000000.0,0.555,0.55,0.555,6021000000.0,5766500000.0,6021000000.0,14800970308.0,19.0,8.4,661000000.0,0.877,1.0,2668000000.0,0.386,0.0,319000000.0,18338000000.0,19328750000.0,471000000.0,989000000.0,0.0,989000000.0,10318000000.0,2300000000.0,8018000000.0,10681970308.0,-271000000.0,-106000000.0,69000000.0,-178000000.0,-375000000.0,-793000000.0,-1362000000.0,-26000000.0,1884000000.0,0.0,420000000.0,420000000.0,420000000.0,81000000.0,0.0,0.061,899000000.0,1769000000.0,808000000.0,0.901,1.774,25.433,25.568,12871000000.0,0.0,14.19,1.545,1.547,1173000000.0,2079000000.0,6912000000.0,6912000000.0,169000000.0,0.025,0.073,0.039,0.11,0.0,662000000.0,1.0,752781558.0,753600000.0,,9.172,16339000000.0,0.0,21000000.0,1150000000.0,21.681,-426000000.0
76,OXY,MRT,2002-06-30,2002-06-30,2002-06-30,2021-08-25,-25000000.0,16481000000.0,17702000000.0,1884000000.0,14597000000.0,0.391,7.759,-475000000.0,430000000.0,430000000.0,4238000000.0,462000000.0,0.835,1.826,4549000000.0,0.0,4549000000.0,4549000000.0,0.0,997000000.0,0.0,0.033,0.5,1051000000.0,2048000000.0,0.296,2048000000.0,1051000000.0,720000000.0,0.615,0.61,0.615,5832000000.0,5727000000.0,5832000000.0,15661514149.0,15.0,7.647,1692000000.0,2.251,1.0,2690000000.0,0.388,0.0,331000000.0,18343000000.0,19832250000.0,420000000.0,1103000000.0,0.0,1103000000.0,10649000000.0,2257000000.0,8392000000.0,11244514149.0,267000000.0,-85000000.0,61000000.0,-993000000.0,-373000000.0,-1432000000.0,-468000000.0,103000000.0,2167000000.0,0.0,462000000.0,462000000.0,462000000.0,6000000.0,0.0,0.067,903000000.0,1787000000.0,807000000.0,0.813,1.928,24.339,24.382,12937000000.0,0.0,14.995,1.623,1.627,1150000000.0,1866000000.0,6928000000.0,6928000000.0,231000000.0,0.026,0.081,0.053,0.152,0.0,612000000.0,1.0,749884238.0,751600000.0,,9.218,16481000000.0,0.0,258000000.0,1332000000.0,21.928,-373000000.0
77,OXY,MRT,2002-03-31,2002-03-31,2002-03-31,2021-08-25,-88000000.0,17714000000.0,18453250000.0,1608000000.0,16106000000.0,0.485,7.449,-472000000.0,95000000.0,95000000.0,5863000000.0,695000000.0,0.875,2.175,4512000000.0,0.0,4512000000.0,4512000000.0,0.0,981000000.0,0.0,0.034,0.5,1430000000.0,2411000000.0,0.27,2411000000.0,1430000000.0,1071000000.0,0.93,0.925,0.93,5579000000.0,5667750000.0,5579000000.0,15298378204.0,11.0,6.345,1462000000.0,1.952,1.0,3081000000.0,0.344,0.0,359000000.0,20294000000.0,20868250000.0,421000000.0,822000000.0,0.0,822000000.0,12135000000.0,1837000000.0,10298000000.0,10915378204.0,-205000000.0,-51000000.0,102000000.0,-1206000000.0,-374000000.0,-1606000000.0,-533000000.0,-1000000.0,1934000000.0,0.0,695000000.0,695000000.0,695000000.0,5000000.0,0.0,0.078,879000000.0,2202000000.0,736000000.0,0.538,1.957,15.706,15.672,12853000000.0,0.0,14.575,1.22,1.221,3148000000.0,1719000000.0,8944000000.0,8944000000.0,190000000.0,0.038,0.123,0.069,0.16,0.0,629000000.0,1.0,748911026.0,749000000.0,,11.941,17714000000.0,0.0,376000000.0,1180000000.0,23.65,-229000000.0
78,OXY,MRT,2001-12-31,2001-12-31,2001-12-31,2021-08-25,-86000000.0,17850000000.0,18995500000.0,1557000000.0,16293000000.0,0.439,7.54,-456000000.0,198000000.0,198000000.0,4591000000.0,1154000000.0,0.822,2.168,4582000000.0,54000000.0,4528000000.0,4582000000.0,0.0,965000000.0,0.0,0.038,0.5,2111000000.0,3076000000.0,0.369,3076000000.0,2111000000.0,1710000000.0,1.55,1.545,1.55,5634000000.0,5558500000.0,5634000000.0,14018393770.0,7.0,4.557,2110000000.0,2.824,1.0,3744000000.0,0.449,0.0,401000000.0,20340000000.0,21421750000.0,414000000.0,993000000.0,0.0,993000000.0,12216000000.0,1894000000.0,10322000000.0,9911393770.0,101000000.0,-46000000.0,90000000.0,-1410000000.0,-372000000.0,-1814000000.0,-651000000.0,-141000000.0,2566000000.0,0.0,1154000000.0,1154000000.0,1154000000.0,1000000.0,0.0,0.138,961000000.0,2783000000.0,715000000.0,0.323,1.759,8.589,8.558,12791000000.0,0.0,13.265,1.189,1.189,2811000000.0,1788000000.0,8335000000.0,8335000000.0,184000000.0,0.061,0.208,0.099,0.253,0.0,668000000.0,1.0,747183850.0,747183850.0,,11.155,17850000000.0,35000000.0,556000000.0,1130000000.0,23.89,-337000000.0
79,OXY,MRT,2001-09-30,2001-09-30,2001-09-30,2021-08-25,-90000000.0,18763000000.0,19386500000.0,2199000000.0,16564000000.0,0.481,7.849,-95000000.0,569000000.0,569000000.0,4234000000.0,1734000000.0,0.873,2.2,4676000000.0,254000000.0,4422000000.0,4676000000.0,0.0,929000000.0,0.0,0.041,0.5,3184000000.0,4113000000.0,0.441,4113000000.0,3184000000.0,2748000000.0,2.335,2.32,2.335,5863000000.0,5343500000.0,5863000000.0,14428554570.0,5.0,3.508,2767000000.0,3.704,1.0,5086000000.0,0.546,0.0,436000000.0,20352000000.0,21960500000.0,445000000.0,1343000000.0,0.0,1343000000.0,12900000000.0,2518000000.0,10382000000.0,9086554570.0,301000000.0,-51000000.0,97000000.0,-1922000000.0,-371000000.0,-2334000000.0,-227000000.0,-1000000.0,2862000000.0,0.0,1734000000.0,1734000000.0,1734000000.0,-14000000.0,0.0,0.186,1794000000.0,3292000000.0,814000000.0,0.214,1.55,5.24,5.212,12708000000.0,0.0,12.17,0.975,0.975,3203000000.0,2035000000.0,9320000000.0,9320000000.0,159000000.0,0.089,0.325,0.145,0.342,0.0,512000000.0,1.0,746635544.0,747000000.0,,12.477,18763000000.0,0.0,1014000000.0,1414000000.0,25.118,-319000000.0
80,OXY,MRT,2001-06-30,2001-06-30,2001-06-30,2021-08-25,-78000000.0,19486000000.0,19639250000.0,1994000000.0,17492000000.0,0.58,7.52,-450000000.0,163000000.0,163000000.0,5942000000.0,1692000000.0,0.852,2.483,5505000000.0,243000000.0,5262000000.0,5505000000.0,0.0,957000000.0,0.0,0.038,0.5,3473000000.0,4430000000.0,0.389,4430000000.0,3473000000.0,2988000000.0,2.285,2.275,2.285,5595000000.0,5008250000.0,5595000000.0,15269117231.0,4.0,3.447,2285000000.0,3.071,1.0,5447000000.0,0.478,0.0,485000000.0,22487000000.0,22732500000.0,436000000.0,1326000000.0,0.0,1326000000.0,13891000000.0,2341000000.0,11550000000.0,9851117231.0,66000000.0,-52000000.0,100000000.0,-1712000000.0,-371000000.0,-2120000000.0,-549000000.0,7000000.0,2735000000.0,0.0,1692000000.0,1692000000.0,1692000000.0,-13000000.0,0.0,0.149,1852000000.0,3595000000.0,842000000.0,0.219,1.761,5.822,5.818,13482000000.0,0.0,13.295,0.865,0.869,3502000000.0,1778000000.0,11389000000.0,11389000000.0,112000000.0,0.086,0.338,0.153,0.305,0.0,617000000.0,1.0,740964064.0,744000000.0,,15.308,19486000000.0,0.0,1296000000.0,1487000000.0,26.191,-347000000.0
81,OXY,MRT,2001-03-31,2001-03-30,2001-03-30,2021-08-25,-83000000.0,19883000000.0,19656750000.0,2315000000.0,17568000000.0,0.574,6.945,457000000.0,299000000.0,299000000.0,5435000000.0,1783000000.0,0.829,2.867,5717000000.0,260000000.0,5457000000.0,5717000000.0,0.0,954000000.0,0.0,0.04,0.5,3751000000.0,4705000000.0,0.417,4705000000.0,3751000000.0,3229000000.0,2.415,2.41,2.415,5142000000.0,4660000000.0,5142000000.0,14986038454.0,4.0,3.185,3278000000.0,4.427,1.0,5847000000.0,0.518,0.0,522000000.0,22508000000.0,23212750000.0,437000000.0,1346000000.0,0.0,1346000000.0,14741000000.0,2793000000.0,11948000000.0,9165038454.0,171000000.0,-3340000000.0,33000000.0,673000000.0,-369000000.0,206000000.0,-2856000000.0,21000000.0,2821000000.0,0.0,1783000000.0,1783000000.0,1783000000.0,-13000000.0,0.0,0.158,1962000000.0,3885000000.0,931000000.0,0.207,1.782,5.14,5.124,13443000000.0,0.0,12.375,0.812,0.812,3761000000.0,1398000000.0,11282000000.0,11282000000.0,109000000.0,0.091,0.383,0.162,0.332,0.0,730000000.0,1.0,740609168.0,740400000.0,,15.238,19883000000.0,0.0,1446000000.0,1568000000.0,26.854,-478000000.0
82,OXY,MRT,2000-12-31,2000-12-31,2000-12-31,2021-08-25,-50000000.0,19414000000.0,18271750000.0,2067000000.0,17347000000.0,0.515,6.462,596000000.0,97000000.0,97000000.0,3933000000.0,1570000000.0,0.754,3.067,5918000000.0,260000000.0,5658000000.0,5918000000.0,0.0,894000000.0,0.0,0.041,0.5,3514000000.0,4408000000.0,0.469,4408000000.0,3514000000.0,3004000000.0,2.13,2.13,2.13,4774000000.0,4305000000.0,4774000000.0,15279316444.0,4.0,3.466,2944000000.0,3.985,1.0,5473000000.0,0.582,0.0,510000000.0,22495000000.0,21939500000.0,485000000.0,1327000000.0,0.0,1327000000.0,14640000000.0,2740000000.0,11900000000.0,8957316444.0,-117000000.0,-3715000000.0,43000000.0,1040000000.0,-369000000.0,579000000.0,-3044000000.0,82000000.0,2348000000.0,0.0,1570000000.0,1571000000.0,1571000000.0,-13000000.0,0.0,0.167,1854000000.0,3619000000.0,1091000000.0,0.235,1.876,5.702,5.692,13471000000.0,-1000000.0,12.125,0.952,0.952,3445000000.0,1007000000.0,9406000000.0,9406000000.0,94000000.0,0.086,0.365,0.16,0.374,0.0,686000000.0,1.0,738747748.0,738747748.0,,12.732,19414000000.0,0.0,1434000000.0,1358000000.0,26.28,-673000000.0
83,OXY,MRT,2000-09-30,2000-09-30,2000-09-30,2021-08-25,-45000000.0,19774000000.0,16949500000.0,2299000000.0,17475000000.0,0.837,6.124,464000000.0,268000000.0,268000000.0,8159000000.0,1620000000.0,0.866,3.373,6590000000.0,223000000.0,6367000000.0,6590000000.0,0.0,894000000.0,0.0,0.046,0.5,3662000000.0,4556000000.0,0.321,4556000000.0,3662000000.0,3157000000.0,2.215,2.215,2.215,4522000000.0,3992250000.0,4522000000.0,15174270074.0,4.0,3.331,2697000000.0,3.652,1.0,6027000000.0,0.425,0.0,505000000.0,23440000000.0,20523750000.0,530000000.0,1400000000.0,0.0,1400000000.0,15252000000.0,2656000000.0,12596000000.0,8045270074.0,117000000.0,-3741000000.0,32000000.0,721000000.0,-367000000.0,300000000.0,-2416000000.0,114000000.0,2233000000.0,0.0,1620000000.0,1622000000.0,1622000000.0,0.0,0.0,0.114,1947000000.0,4080000000.0,1200000000.0,0.226,1.779,4.96,4.923,13483000000.0,-2000000.0,10.905,0.567,0.568,3449000000.0,766000000.0,14186000000.0,14186000000.0,77000000.0,0.096,0.406,0.178,0.258,0.0,864000000.0,1.0,737759750.0,738400000.0,,19.212,19774000000.0,0.0,1537000000.0,1445000000.0,26.78,-357000000.0
84,OXY,MRT,2000-06-30,2000-06-30,2000-06-30,2021-08-25,-42000000.0,19556000000.0,15539750000.0,1979000000.0,17577000000.0,0.786,5.697,223000000.0,97000000.0,97000000.0,6932000000.0,1344000000.0,0.869,3.654,7226000000.0,89000000.0,7137000000.0,7226000000.0,0.0,824000000.0,0.0,0.047,0.5,3153000000.0,3977000000.0,0.325,3977000000.0,3153000000.0,2663000000.0,1.845,1.845,1.845,4202000000.0,3665750000.0,4202000000.0,12681235677.0,4.0,3.189,1997000000.0,2.707,1.0,5287000000.0,0.433,0.0,490000000.0,24408000000.0,19186750000.0,510000000.0,1434000000.0,0.0,1434000000.0,15354000000.0,2277000000.0,13077000000.0,7763235677.0,-170000000.0,-3719000000.0,28000000.0,1111000000.0,-366000000.0,716000000.0,-2660000000.0,114000000.0,1774000000.0,0.0,1344000000.0,1346000000.0,1346000000.0,0.0,0.0,0.11,1813000000.0,3474000000.0,944000000.0,0.271,1.848,5.768,5.707,13547000000.0,-2000000.0,10.53,0.635,0.636,3315000000.0,456000000.0,12219000000.0,12219000000.0,44000000.0,0.087,0.367,0.164,0.258,0.0,770000000.0,1.0,737249352.0,737600000.0,,16.566,19556000000.0,0.0,1319000000.0,1399000000.0,26.513,-298000000.0
85,OXY,MRT,2000-03-31,2000-03-31,2000-03-31,2021-08-25,-47000000.0,14343000000.0,14223500000.0,1547000000.0,12796000000.0,0.708,5.056,-518000000.0,128000000.0,128000000.0,5969000000.0,789000000.0,0.838,2.854,5046000000.0,54000000.0,4992000000.0,5046000000.0,0.0,793000000.0,0.0,0.048,0.5,2151000000.0,2944000000.0,0.292,2944000000.0,2151000000.0,1675000000.0,1.09,1.09,1.09,3722000000.0,3392250000.0,3722000000.0,12312281670.0,6.0,4.182,799000000.0,1.085,1.0,4096000000.0,0.407,0.0,476000000.0,17415000000.0,17642250000.0,486000000.0,1794000000.0,0.0,1794000000.0,10621000000.0,1846000000.0,8775000000.0,7638281670.0,-443000000.0,-489000000.0,31000000.0,-1202000000.0,-364000000.0,-1565000000.0,-195000000.0,114000000.0,1317000000.0,0.0,789000000.0,788000000.0,788000000.0,0.0,0.0,0.078,1724000000.0,2372000000.0,706000000.0,0.459,2.052,9.693,9.518,9953000000.0,1000000.0,10.375,0.759,0.759,928000000.0,-15000000.0,10065000000.0,10065000000.0,65000000.0,0.055,0.232,0.122,0.214,0.0,639000000.0,1.0,736219920.0,736200000.0,,13.672,14343000000.0,0.0,886000000.0,1245000000.0,19.482,-299000000.0
86,OXY,MRT,1999-12-31,1999-12-31,1999-12-31,2021-08-25,-51000000.0,14125000000.0,14134750000.0,1688000000.0,12437000000.0,0.62,4.792,-549000000.0,214000000.0,214000000.0,5269000000.0,448000000.0,0.858,3.009,4888000000.0,34000000.0,4854000000.0,4888000000.0,0.0,805000000.0,0.0,0.046,0.5,1577000000.0,2382000000.0,0.272,2382000000.0,1577000000.0,1079000000.0,0.62,0.62,0.62,3523000000.0,3261750000.0,3523000000.0,13484709826.0,9.0,5.661,495000000.0,0.673,1.0,3492000000.0,0.399,0.0,498000000.0,16832000000.0,17815750000.0,503000000.0,1754000000.0,0.0,1754000000.0,10602000000.0,1967000000.0,8635000000.0,7950709826.0,118000000.0,-127000000.0,21000000.0,-2683000000.0,-363000000.0,-2517000000.0,1591000000.0,1509000000.0,1044000000.0,0.0,448000000.0,442000000.0,442000000.0,0.0,0.0,0.05,1737000000.0,1755000000.0,812000000.0,0.806,2.257,17.988,17.444,10029000000.0,6000000.0,10.815,0.908,0.908,942000000.0,-286000000.0,8761000000.0,8761000000.0,75000000.0,0.031,0.136,0.089,0.18,0.0,645000000.0,1.0,735155786.0,735155786.0,,11.917,14125000000.0,0.0,631000000.0,1163000000.0,19.214,-279000000.0
87,OXY,MRT,1999-09-30,1999-09-30,1999-09-30,2021-08-25,-57000000.0,14135000000.0,14416500000.0,1491000000.0,12644000000.0,0.54,4.497,-565000000.0,151000000.0,151000000.0,4800000000.0,27000000.0,0.945,3.395,5685000000.0,32000000.0,5653000000.0,5685000000.0,0.0,780000000.0,0.0,0.043,0.5,764000000.0,1544000000.0,0.198,1544000000.0,764000000.0,237000000.0,0.02,0.03,0.02,3216000000.0,3221750000.0,3216000000.0,13662114852.0,18.0,8.849,190000000.0,0.266,1.0,2990000000.0,0.384,0.0,527000000.0,18092000000.0,18363250000.0,498000000.0,1780000000.0,0.0,1780000000.0,10919000000.0,1577000000.0,9342000000.0,8062114852.0,33000000.0,-88000000.0,24000000.0,-2177000000.0,-363000000.0,-1508000000.0,786000000.0,1450000000.0,755000000.0,0.0,27000000.0,16000000.0,16000000.0,0.0,0.0,0.002,2126000000.0,864000000.0,619000000.0,25.0,2.507,503.882,578.25,10228000000.0,11000000.0,11.565,1.035,1.062,823000000.0,-669000000.0,7790000000.0,7790000000.0,112000000.0,0.001,0.005,0.042,0.098,0.0,594000000.0,1.0,697113260.0,715200000.0,,10.892,14135000000.0,0.0,210000000.0,1009000000.0,19.764,-86000000.0
88,OXY,MRT,1999-06-30,1999-06-30,1999-06-30,2021-08-25,-56000000.0,14291000000.0,14718750000.0,1758000000.0,12533000000.0,0.499,4.46,-602000000.0,267000000.0,267000000.0,4573000000.0,-61000000.0,1.058,3.598,5867000000.0,30000000.0,5837000000.0,5867000000.0,0.0,784000000.0,0.0,0.047,0.5,634000000.0,1418000000.0,0.193,1418000000.0,634000000.0,96000000.0,-0.105,-0.095,-0.105,3108000000.0,3289250000.0,3108000000.0,12791105022.0,20.0,9.021,-70000000.0,-0.1,1.0,2765000000.0,0.377,0.0,538000000.0,18230000000.0,18744500000.0,498000000.0,1885000000.0,0.0,1885000000.0,11183000000.0,1661000000.0,9522000000.0,7353105022.0,133000000.0,-121000000.0,-164000000.0,-1628000000.0,-366000000.0,-1149000000.0,750000000.0,1450000000.0,532000000.0,0.0,-61000000.0,-76000000.0,-76000000.0,0.0,0.0,-0.01,2029000000.0,736000000.0,702000000.0,-4.762,2.366,-96.751,-100.619,10026000000.0,15000000.0,10.565,1.002,1.003,891000000.0,-795000000.0,7338000000.0,7338000000.0,128000000.0,-0.005,-0.023,0.034,0.086,0.0,607000000.0,1.0,695987224.0,696800000.0,,10.531,14291000000.0,0.0,157000000.0,892000000.0,20.509,97000000.0
89,OXY,MRT,1999-03-31,1999-03-31,1999-03-31,2021-08-25,-37000000.0,13988000000.0,15030500000.0,1684000000.0,12304000000.0,0.481,4.6,296000000.0,571000000.0,571000000.0,4493000000.0,116000000.0,1.279,3.371,6009000000.0,30000000.0,5979000000.0,6009000000.0,0.0,802000000.0,0.0,0.056,0.5,918000000.0,1720000000.0,0.238,1720000000.0,918000000.0,364000000.0,0.14,0.14,0.14,3200000000.0,3445750000.0,3200000000.0,12960882050.0,14.0,7.535,643000000.0,0.924,1.0,2741000000.0,0.379,0.0,554000000.0,18109000000.0,19060750000.0,495000000.0,1913000000.0,0.0,1913000000.0,10788000000.0,1317000000.0,9471000000.0,6259882050.0,316000000.0,-25000000.0,-583000000.0,-1809000000.0,-373000000.0,-1752000000.0,1721000000.0,1450000000.0,347000000.0,0.0,116000000.0,99000000.0,99000000.0,0.0,0.0,0.014,1750000000.0,991000000.0,417000000.0,3.571,1.956,63.231,64.286,9796000000.0,17000000.0,9.0,0.865,0.865,532000000.0,-804000000.0,7234000000.0,7234000000.0,121000000.0,0.007,0.029,0.048,0.127,0.0,660000000.0,1.0,695542450.0,695600000.0,,10.4,13988000000.0,0.0,248000000.0,856000000.0,20.109,367000000.0
90,OXY,MRT,1998-12-31,1998-12-31,1998-12-31,2021-08-25,-29000000.0,15252000000.0,15690500000.0,2795000000.0,12457000000.0,0.484,4.861,2304000000.0,96000000.0,96000000.0,4671000000.0,363000000.0,0.954,3.535,6797000000.0,1430000000.0,5367000000.0,6797000000.0,0.0,835000000.0,0.0,0.059,0.5,1285000000.0,2120000000.0,0.279,2120000000.0,1285000000.0,726000000.0,0.495,0.495,0.495,3363000000.0,3658500000.0,3363000000.0,12981147476.0,10.0,6.123,2384000000.0,3.446,1.0,2919000000.0,0.385,0.0,559000000.0,19022000000.0,19676250000.0,500000000.0,1959000000.0,0.0,1959000000.0,11889000000.0,2931000000.0,8958000000.0,5839147476.0,-17000000.0,-3528000000.0,-908000000.0,1903000000.0,-387000000.0,1119000000.0,-1216000000.0,55000000.0,80000000.0,0.0,363000000.0,346000000.0,346000000.0,-38000000.0,0.0,0.046,1671000000.0,1248000000.0,613000000.0,1.01,1.736,16.876,17.051,9905000000.0,17000000.0,8.44,0.769,0.769,2139000000.0,-734000000.0,7590000000.0,7590000000.0,128000000.0,0.022,0.095,0.065,0.169,0.0,678000000.0,1.0,691842118.0,691842118.0,,10.971,15252000000.0,0.0,363000000.0,848000000.0,22.045,-136000000.0
91,OXY,MRT,1998-09-30,1998-09-30,1998-09-30,2021-08-25,-29000000.0,15344000000.0,15700250000.0,2826000000.0,12518000000.0,0.436,4.98,2065000000.0,118000000.0,118000000.0,4519000000.0,-483000000.0,0.985,3.402,7260000000.0,1430000000.0,5830000000.0,7260000000.0,0.0,877000000.0,0.0,0.047,0.5,282000000.0,1159000000.0,0.169,1159000000.0,282000000.0,-241000000.0,-0.805,-0.79,-0.805,3486000000.0,3889250000.0,3486000000.0,14496237902.0,51.0,12.508,2433000000.0,3.476,1.0,2319000000.0,0.339,0.0,523000000.0,19617000000.0,19487000000.0,481000000.0,1990000000.0,0.0,1990000000.0,11858000000.0,2869000000.0,8989000000.0,7590237902.0,-46000000.0,-3647000000.0,-1029000000.0,2517000000.0,-402000000.0,1148000000.0,-1562000000.0,46000000.0,368000000.0,0.0,-571000000.0,-517000000.0,-517000000.0,668000000.0,88000000.0,-0.076,1480000000.0,839000000.0,512000000.0,-0.621,2.177,-14.681,-13.354,9899000000.0,-54000000.0,10.75,1.11,1.1,744000000.0,-696000000.0,6838000000.0,6838000000.0,138000000.0,-0.033,-0.133,0.014,0.041,0.0,744000000.0,1.0,706068642.0,700000000.0,,9.769,15344000000.0,0.0,330000000.0,988000000.0,21.92,-43000000.0
92,OXY,MRT,1998-06-30,1998-06-30,1998-06-30,2021-08-25,-18000000.0,15538000000.0,,2819000000.0,12719000000.0,,5.199,1869000000.0,134000000.0,134000000.0,4594000000.0,-364000000.0,0.956,3.161,7040000000.0,1432000000.0,5608000000.0,7040000000.0,0.0,862000000.0,0.0,0.037,0.5,367000000.0,1229000000.0,0.171,1229000000.0,367000000.0,-127000000.0,-0.655,-0.65,-0.655,3734000000.0,,3734000000.0,17021859699.0,46.0,13.85,2438000000.0,3.395,1.0,2590000000.0,0.361,0.0,494000000.0,19495000000.0,,481000000.0,2120000000.0,0.0,2120000000.0,11804000000.0,2949000000.0,8855000000.0,9917859699.0,-181000000.0,-3629000000.0,-843000000.0,2204000000.0,-413000000.0,1018000000.0,-1768000000.0,46000000.0,569000000.0,0.0,-452000000.0,-415000000.0,-415000000.0,641000000.0,88000000.0,-0.058,1677000000.0,913000000.0,495000000.0,-0.763,2.656,-23.898,-20.611,10011000000.0,-37000000.0,13.5,1.381,1.35,714000000.0,-735000000.0,7184000000.0,7184000000.0,129000000.0,,,,0.051,0.0,811000000.0,1.0,734656274.0,718200000.0,,10.003,15538000000.0,0.0,325000000.0,1059000000.0,21.635,-130000000.0
93,OXY,MRT,1998-03-31,1998-03-31,1998-03-31,2021-08-25,-13000000.0,16628000000.0,,3230000000.0,13398000000.0,,5.88,711000000.0,255000000.0,255000000.0,4998000000.0,-392000000.0,1.022,3.105,7359000000.0,1428000000.0,5931000000.0,7359000000.0,0.0,848000000.0,0.0,0.034,0.5,283000000.0,1131000000.0,0.145,1131000000.0,283000000.0,-174000000.0,-0.705,-0.7,-0.705,4051000000.0,,4051000000.0,15040298090.0,53.0,13.298,1642000000.0,2.383,1.0,2801000000.0,0.359,0.0,457000000.0,20571000000.0,,669000000.0,916000000.0,0.0,916000000.0,12577000000.0,3161000000.0,9416000000.0,10187298090.0,-48000000.0,-3538000000.0,-424000000.0,2643000000.0,-422000000.0,1902000000.0,-2881000000.0,46000000.0,931000000.0,0.0,-480000000.0,-461000000.0,-461000000.0,621000000.0,88000000.0,-0.059,1950000000.0,851000000.0,545000000.0,-0.709,2.515,-22.098,-20.702,11854000000.0,-19000000.0,14.595,1.306,1.289,831000000.0,-921000000.0,7799000000.0,7799000000.0,117000000.0,,,,0.036,0.0,779000000.0,1.0,697999184.0,689000000.0,,11.319,16628000000.0,0.0,306000000.0,1093000000.0,24.134,69000000.0
94,OXY,MRT,1997-12-31,1997-12-31,1997-12-31,2021-08-25,-11000000.0,15291000000.0,15136000000.0,1925000000.0,13366000000.0,0.53,6.14,-1429000000.0,113000000.0,113000000.0,5060000000.0,-390000000.0,1.024,2.568,4966000000.0,41000000.0,4925000000.0,4966000000.0,0.0,822000000.0,0.0,0.034,0.5,267000000.0,1089000000.0,0.136,1089000000.0,267000000.0,-167000000.0,-0.715,-0.715,-0.715,4286000000.0,4713000000.0,4286000000.0,,,,-32000000.0,-0.046,1.0,2956000000.0,0.369,0.0,434000000.0,18265000000.0,17854500000.0,604000000.0,921000000.0,0.0,921000000.0,11005000000.0,1879000000.0,9126000000.0,10229178042.0,-145000000.0,-22000000.0,-98000000.0,415000000.0,-422000000.0,-37000000.0,-1505000000.0,46000000.0,1397000000.0,0.0,-478000000.0,-478000000.0,-478000000.0,607000000.0,88000000.0,-0.06,2083000000.0,873000000.0,717000000.0,-0.699,2.387,-21.4,-20.497,8590000000.0,0.0,14.655,1.276,1.276,975000000.0,-1097000000.0,8016000000.0,8016000000.0,119000000.0,-0.032,-0.101,0.015,0.033,0.0,797000000.0,1.0,697999184.0,697999184.0,,11.484,15291000000.0,0.0,311000000.0,1086000000.0,21.907,46000000.0
95,OXY,MRT,1997-09-30,1997-09-30,1997-09-30,2021-08-25,,,,,,,,,,,,,,,,,,,,,,0.039,0.5,,,,,,,,,,,,,,,,,,1.0,,,,,,,,,,,,,,,,,,,,,,,,,,,,,,,,,,,,,,,,12.97,,,,,,,,,,,,,,1.0,,671200000.0,,,,,,,,
96,OXY,MRT,1997-06-30,1997-06-30,1997-06-30,2021-08-25,,,,,,,,,,,,,,,,,,,,,,0.04,0.5,,,,,,,,,,,,,,,,,,1.0,,,,,,,,,,,,,,,,,,,,,,,,,,,,,,,,,,,,,,,,12.53,,,,,,,,,,,,,,1.0,,660400000.0,,,,,,,,
97,OXY,MRT,1997-03-31,1997-03-31,1997-03-31,2021-08-25,,,,,,,,,,,,,,,,,,,,,,0.041,0.5,,,,,,,,,,,,,,,,,,1.0,,,,,,,,,,,,,,,,,,,,,,,,,,,,,,,,,,,,,,,,12.315,,,,,,,,,,,,,,1.0,,659400000.0,,,,,,,,
98,OXY,MRT,1996-12-31,1996-12-31,1996-12-31,2021-08-25,6000000.0,14981000000.0,,1910000000.0,13071000000.0,,,-778000000.0,258000000.0,258000000.0,5060000000.0,668000000.0,1.04,1.915,4558000000.0,47000000.0,4511000000.0,4558000000.0,0.0,761000000.0,0.0,0.043,0.5,1399000000.0,2160000000.0,0.27,2160000000.0,1399000000.0,917000000.0,0.885,0.865,0.885,5140000000.0,,5140000000.0,,,,1209000000.0,,1.0,2927000000.0,0.366,0.0,482000000.0,17444000000.0,,582000000.0,985000000.0,0.0,985000000.0,9841000000.0,1837000000.0,8004000000.0,,-322000000.0,-18000000.0,25000000.0,-861000000.0,-415000000.0,-1330000000.0,-979000000.0,40000000.0,1987000000.0,0.0,575000000.0,575000000.0,575000000.0,-184000000.0,93000000.0,0.072,1903000000.0,1024000000.0,617000000.0,0.565,,,13.209,8196000000.0,0.0,11.69,,,910000000.0,-726000000.0,7987000000.0,7987000000.0,120000000.0,,,,0.175,0.0,933000000.0,1.0,,,,,14981000000.0,0.0,342000000.0,935000000.0,,73000000.0
99,OXY,MRT,1995-12-31,1995-12-31,1995-12-31,2021-08-25,,,,,,,,-651000000.0,,,5492000000.0,511000000.0,,,,,,,,768000000.0,,0.047,0.5,1310000000.0,2078000000.0,0.248,2078000000.0,1310000000.0,731000000.0,0.655,0.655,0.655,,,,,,,850000000.0,,1.0,2897000000.0,0.345,,579000000.0,,,,,,,,,,,404000000.0,749000000.0,28000000.0,-607000000.0,-406000000.0,-961000000.0,-136000000.0,50000000.0,1501000000.0,0.0,418000000.0,418000000.0,418000000.0,-153000000.0,93000000.0,0.05,1846000000.0,1051000000.0,,0.763,,,16.321,,0.0,10.69,,,,,8389000000.0,8389000000.0,106000000.0,,,,0.156,0.0,996000000.0,1.0,,,,,,,313000000.0,,,
