None,ticker,dimension,calendardate,datekey,reportperiod,lastupdated,accoci,assets,assetsavg,assetsc,assetsnc,assetturnover,bvps,capex,cashneq,cashnequsd,cor,consolinc,currentratio,de,debt,debtc,debtnc,debtusd,deferredrev,depamor,deposits,divyield,dps,ebit,ebitda,ebitdamargin,ebitdausd,ebitusd,ebt,eps,epsdil,epsusd,equity,equityavg,equityusd,ev,evebit,evebitda,fcf,fcfps,fxusd,gp,grossmargin,intangibles,intexp,invcap,invcapavg,inventory,investments,investmentsc,investmentsnc,liabilities,liabilitiesc,liabilitiesnc,marketcap,ncf,ncfbus,ncfcommon,ncfdebt,ncfdiv,ncff,ncfi,ncfinv,ncfo,ncfx,netinc,netinccmn,netinccmnusd,netincdis,netincnci,netmargin,opex,opinc,payables,payoutratio,pb,pe,pe1,ppnenet,prefdivis,price,ps,ps1,receivables,retearn,revenue,revenueusd,rnd,roa,roe,roic,ros,sbcomp,sgna,sharefactor,sharesbas,shareswa,shareswadil,sps,tangibles,taxassets,taxexp,taxliabilities,tbvps,workingcapital
0,RE,MRY,2020-12-31,2020-12-31,2020-12-31,2021-09-03,534899000.0,32788357000.0,29687203750.0,,,0.323,243.363,0.0,801651000.0,801651000.0,8424087000.0,514151000.0,,2.371,1910392000.0,,,1910392000.0,0.0,0.0,0.0,0.026,6.2,621672000.0,621672000.0,0.065,621672000.0,621672000.0,585349000.0,12.81,12.78,12.81,9726176000.0,9296177750.0,9726176000.0,9127496393.0,15.0,14.682,2873579000.0,71.901,1.0,1174027000.0,0.122,0.0,36323000.0,33897098000.0,29798082250.0,0.0,24659940000.0,,,23062181000.0,,,9355564393.0,-6385000.0,0.0,-229494000.0,1278770000.0,-249097000.0,800220000.0,-3683371000.0,-3683371000.0,2873579000.0,3187000.0,514151000.0,514151000.0,514151000.0,0.0,0.0,0.054,552355000.0,621672000.0,294347000.0,0.484,0.962,18.196,18.274,0.0,0.0,234.09,0.975,0.975,5087132000.0,10567452000.0,9598114000.0,9598114000.0,0.0,0.017,0.055,0.021,0.065,39209000.0,552355000.0,1.0,39965673.0,39965673,,240.159,32788357000.0,17253000.0,71198000.0,0.0,820.413,
1,RE,MRY,2019-12-31,2019-12-31,2019-12-31,2021-09-03,28152000.0,27324051000.0,26591522500.0,,,0.31,223.944,0.0,808036000.0,808036000.0,6626624000.0,1009461000.0,,1.992,633832000.0,,,633832000.0,0.0,0.0,0.0,0.021,5.75,1130680000.0,1130680000.0,0.137,1130680000.0,1130680000.0,1098987000.0,24.77,24.7,24.77,9132925000.0,8856743000.0,9132925000.0,11206729316.0,10.0,9.911,1852002000.0,45.412,1.0,1604545000.0,0.195,0.0,31693000.0,27149847000.0,26532635250.0,0.0,19940464000.0,,,18191126000.0,,,11290124316.0,151941000.0,0.0,-41365000.0,0.0,-234322000.0,-275687000.0,-1412492000.0,-1412492000.0,1852002000.0,-11882000.0,1009461000.0,1009461000.0,1009461000.0,0.0,0.0,0.123,473865000.0,1130680000.0,291660000.0,0.232,1.236,11.184,11.176,0.0,0.0,276.84,1.372,1.372,4468275000.0,10306571000.0,8231169000.0,8231169000.0,0.0,0.038,0.114,0.043,0.137,34018000.0,473865000.0,1.0,40782128.0,40782128,,201.833,27324051000.0,305711000.0,89526000.0,0.0,670.001,
2,RE,MRY,2018-12-31,2018-12-31,2018-12-31,2021-09-03,-462557000.0,24750992000.0,24140232500.0,,,0.305,193.387,0.0,656095000.0,656095000.0,7170433000.0,89041000.0,,2.149,633613000.0,,,633613000.0,0.0,0.0,0.0,0.024,5.3,-211151000.0,-211151000.0,-0.029,-211151000.0,-211151000.0,-242182000.0,2.18,2.17,2.18,7860797000.0,8193834750.0,7860797000.0,8845305044.0,-42.0,-41.891,610069000.0,15.009,1.0,191062000.0,0.026,0.0,31031000.0,24728510000.0,24119779750.0,0.0,17776971000.0,,,16890195000.0,,,8851508044.0,21028000.0,0.0,-100373000.0,0.0,-216221000.0,-316594000.0,-279621000.0,-279621000.0,610069000.0,7174000.0,89041000.0,89041000.0,89041000.0,0.0,0.0,0.012,402213000.0,-211151000.0,218439000.0,2.431,1.126,99.409,99.89,0.0,0.0,217.76,1.202,1.202,4314174000.0,9531433000.0,7361495000.0,7361495000.0,0.0,0.004,0.011,-0.009,-0.029,32369000.0,402213000.0,1.0,40647998.0,40647998,,181.104,24750992000.0,594487000.0,-331223000.0,0.0,608.91,
3,RE,MRY,2017-12-31,2017-12-31,2017-12-31,2021-09-03,-160891000.0,23591792000.0,23060726250.0,,,0.287,203.781,0.0,635067000.0,635067000.0,5826544000.0,482751000.0,,1.819,633395000.0,,,633395000.0,0.0,0.0,0.0,0.023,5.05,451014000.0,451014000.0,0.068,451014000.0,451014000.0,419411000.0,11.77,11.7,11.77,8369232000.0,8317809250.0,8369232000.0,9135024609.0,20.0,20.254,1162693000.0,28.31,1.0,795754000.0,0.12,0.0,31603000.0,23590120000.0,23154562250.0,0.0,17991468000.0,,,15222560000.0,,,9087079609.0,153145000.0,0.0,-68216000.0,0.0,-207242000.0,-275458000.0,-732577000.0,-732577000.0,1162693000.0,-1513000.0,482751000.0,482751000.0,482751000.0,0.0,0.0,0.073,344740000.0,451014000.0,218017000.0,0.429,1.086,18.824,18.799,0.0,0.0,221.26,1.372,1.372,3481318000.0,9685908000.0,6622298000.0,6622298000.0,0.0,0.021,0.058,0.019,0.068,30297000.0,344740000.0,1.0,41069690.0,41069690,,161.245,23591792000.0,299438000.0,-63340000.0,0.0,574.433,
4,RE,MRY,2016-12-31,2016-12-31,2016-12-31,2021-09-03,-216764000.0,21321504000.0,21280653750.0,,,0.272,197.569,0.0,481922000.0,481922000.0,4328321000.0,996344000.0,,1.64,633176000.0,,,633176000.0,0.0,0.0,0.0,0.022,4.7,1136072000.0,1136072000.0,0.196,1136072000.0,1136072000.0,1099844000.0,23.85,23.68,23.85,8075396000.0,7985563750.0,8075396000.0,9042417753.0,8.0,7.959,1383600000.0,33.851,1.0,1466025000.0,0.253,0.0,36228000.0,21472758000.0,21496100500.0,0.0,17001167000.0,,,13246108000.0,,,8845090753.0,198264000.0,47721000.0,-386132000.0,0.0,-195384000.0,-581516000.0,-657873000.0,-705594000.0,1383600000.0,54053000.0,996344000.0,996344000.0,996344000.0,0.0,0.0,0.172,329953000.0,1136072000.0,190986000.0,0.197,1.095,8.878,9.073,0.0,0.0,216.4,1.527,1.527,2696083000.0,9422932000.0,5794346000.0,5794346000.0,0.0,0.047,0.125,0.053,0.196,26398000.0,329953000.0,1.0,40873802.0,40873802,,141.762,21321504000.0,177704000.0,103500000.0,0.0,521.642,
5,RE,MRY,2015-12-31,2015-12-31,2015-12-31,2021-09-03,-231755000.0,20545418000.0,21244478000.0,,,0.267,176.605,0.0,283658000.0,283658000.0,4248361000.0,977869000.0,,1.7,632958000.0,,,632958000.0,0.0,0.0,0.0,0.022,4.0,1148081000.0,1148081000.0,0.202,1148081000.0,1148081000.0,1111890000.0,22.29,22.1,22.29,7608585000.0,7622049250.0,7608585000.0,8125096517.0,7.0,7.077,1108235000.0,25.724,1.0,1428404000.0,0.252,0.0,36191000.0,20894718000.0,21525902000.0,0.0,16392747000.0,,,12936833000.0,,,7887955517.0,-153816000.0,3934000.0,-386462000.0,0.0,-175107000.0,-573170000.0,-681101000.0,-685035000.0,1108235000.0,-7780000.0,977869000.0,977869000.0,977869000.0,0.0,0.0,0.172,280323000.0,1148081000.0,173087000.0,0.179,1.037,8.066,8.214,0.0,0.0,183.09,1.39,1.39,2542098000.0,8621972000.0,5676765000.0,5676765000.0,0.0,0.046,0.128,0.053,0.202,21237000.0,280323000.0,1.0,43082394.0,43082394,,131.765,20545418000.0,258541000.0,134021000.0,0.0,476.887,
6,RE,MRY,2014-12-31,2014-12-31,2014-12-31,2021-09-03,48317000.0,20817824000.0,20902269000.0,,,0.272,164.677,0.0,437474000.0,437474000.0,3997081000.0,1199156000.0,,1.737,638364000.0,,,638364000.0,0.0,0.0,0.0,0.019,3.2,1425341000.0,1425341000.0,0.251,1425341000.0,1425341000.0,1386808000.0,26.16,25.91,26.16,7451120000.0,7298421500.0,7451120000.0,8192116650.0,6.0,5.747,1054762000.0,23.311,1.0,1681866000.0,0.296,0.0,38533000.0,21018714000.0,21236557000.0,0.0,16998463000.0,,,12945152000.0,,,7705558650.0,-173908000.0,0.0,-482185000.0,400000000.0,-145913000.0,-478098000.0,-758572000.0,-758572000.0,1054762000.0,8000000.0,1199156000.0,1199156000.0,1199156000.0,0.0,0.0,0.211,256525000.0,1425341000.0,139841000.0,0.122,1.034,6.426,6.51,0.0,0.0,170.3,1.357,1.357,2223014000.0,7819210000.0,5678947000.0,5678947000.0,0.0,0.057,0.164,0.067,0.251,21197000.0,256525000.0,1.0,45246968.0,45246968,,125.51,20817824000.0,184762000.0,187652000.0,0.0,460.093,
7,RE,MRY,2013-12-31,2013-12-31,2013-12-31,2021-09-03,157728000.0,19808036000.0,19799268750.0,,,0.285,145.469,0.0,611382000.0,611382000.0,3777809000.0,1265260000.0,,1.829,488319000.0,,,488319000.0,0.0,0.0,0.0,0.014,2.19,1595206000.0,1595206000.0,0.283,1595206000.0,1595206000.0,1549088000.0,25.67,25.44,25.67,6968276000.0,6781348000.0,6968276000.0,7365274912.0,5.0,4.617,1098261000.0,22.927,1.0,1863027000.0,0.33,0.0,46118000.0,19684973000.0,19838994000.0,0.0,15985101000.0,,,12746382000.0,,,7466503912.0,74332000.0,0.0,-570415000.0,-329897000.0,-106681000.0,-776493000.0,-224003000.0,-224003000.0,1098261000.0,-23433000.0,1259382000.0,1259382000.0,1259382000.0,0.0,5878000.0,0.223,261943000.0,1601084000.0,116387000.0,0.085,1.071,5.929,6.072,0.0,0.0,155.87,1.324,1.324,2075776000.0,6765967000.0,5640836000.0,5640836000.0,0.0,0.064,0.186,0.08,0.283,31844000.0,261943000.0,1.0,47902123.0,47902123,,117.758,19808036000.0,178334000.0,289706000.0,0.0,413.511,
8,RE,MRY,2012-12-31,2012-12-31,2012-12-31,2021-09-03,537049000.0,19777907000.0,19378507750.0,,,0.254,130.218,0.0,537050000.0,537050000.0,3697966000.0,828954000.0,,1.937,818161000.0,,,818161000.0,0.0,0.0,0.0,0.017,1.92,993209000.0,993209000.0,0.202,993209000.0,993209000.0,939526000.0,15.85,15.79,15.85,6733467000.0,6566797000.0,6733467000.0,6025010812.0,6.0,6.066,694632000.0,13.433,1.0,1224844000.0,0.249,0.0,53683000.0,20059018000.0,19725022250.0,0.0,16039146000.0,,,13044440000.0,,,5685421812.0,88399000.0,0.0,-268515000.0,0.0,-100402000.0,-368917000.0,-264548000.0,-264548000.0,694632000.0,27232000.0,828954000.0,828954000.0,828954000.0,0.0,0.0,0.168,231635000.0,993209000.0,162778000.0,0.121,0.844,6.859,6.937,0.0,0.0,109.95,1.155,1.155,1968047000.0,5613266000.0,4922810000.0,4922810000.0,0.0,0.043,0.126,0.05,0.202,31984000.0,231635000.0,1.0,51709157.0,51709157,,95.202,19777907000.0,330466000.0,110572000.0,0.0,382.484,
9,RE,MRY,2011-12-31,2011-12-31,2011-12-31,2021-09-03,366978000.0,18893555000.0,18856373500.0,,,0.249,113.044,0.0,448651000.0,448651000.0,4676725000.0,-80486000.0,,2.112,818109000.0,,,818109000.0,0.0,0.0,0.0,0.023,1.92,-181628000.0,-181628000.0,-0.039,-181628000.0,-181628000.0,-233947000.0,-1.49,-1.49,-1.49,6071375000.0,6057486000.0,6071375000.0,4890718079.0,-27.0,-26.927,717738000.0,13.364,1.0,17236000.0,0.004,0.0,52319000.0,19263013000.0,19297457500.0,0.0,15348730000.0,,,12822180000.0,,,4516327079.0,190243000.0,-63100000.0,-80221000.0,-50000000.0,-103848000.0,-234069000.0,-266924000.0,-203824000.0,717738000.0,-26502000.0,-80486000.0,-80486000.0,-80486000.0,0.0,0.0,-0.017,198864000.0,-181628000.0,60775000.0,-1.289,0.744,-56.113,-56.436,0.0,0.0,84.09,0.962,0.962,1743296000.0,4884714000.0,4693961000.0,4693961000.0,0.0,-0.004,-0.013,-0.009,-0.039,17693000.0,198864000.0,1.0,53708254.0,53708254,,87.397,18893555000.0,374406000.0,-153461000.0,0.0,351.781,
10,RE,MRY,2010-12-31,2010-12-31,2010-12-31,2021-09-03,332258000.0,18384198000.0,18325267500.0,,,0.257,114.282,0.0,258408000.0,258408000.0,3877567000.0,610754000.0,,1.926,868060000.0,,,868060000.0,0.0,0.0,0.0,0.023,1.92,647068000.0,647068000.0,0.138,647068000.0,647068000.0,591238000.0,10.73,10.7,10.73,6283517000.0,6159422750.0,6283517000.0,5363524668.0,8.0,8.289,918475000.0,16.705,1.0,828240000.0,0.176,0.0,55830000.0,18993850000.0,18993520000.0,0.0,15106611000.0,,,12100681000.0,,,4663616668.0,10810000.0,0.0,-395488000.0,50000000.0,-108477000.0,-653965000.0,-270013000.0,-270013000.0,918475000.0,16313000.0,610754000.0,610754000.0,610754000.0,0.0,0.0,0.13,181172000.0,647068000.0,47519000.0,0.179,0.742,7.636,7.905,0.0,0.0,84.82,0.991,0.991,1662557000.0,5069048000.0,4705807000.0,4705807000.0,0.0,0.033,0.099,0.034,0.138,14786000.0,181172000.0,1.0,54982512.0,54982512,,85.587,18384198000.0,273316000.0,-19516000.0,0.0,334.364,
11,RE,MRY,2009-12-31,2009-12-31,2009-12-31,2021-09-03,272038000.0,18001312000.0,17545533000.0,,,0.256,101.052,0.0,247598000.0,247598000.0,3302391000.0,806989000.0,,1.95,1017984000.0,,,1017984000.0,0.0,0.0,0.0,0.022,1.92,1011402000.0,1011402000.0,0.225,1011402000.0,1011402000.0,939321000.0,13.26,13.22,13.26,6101722000.0,5692985750.0,6101722000.0,5926403326.0,6.0,5.86,784738000.0,12.996,1.0,1196187000.0,0.266,0.0,72081000.0,18771698000.0,18200388250.0,0.0,14671218000.0,,,11899590000.0,,,5173544326.0,41904000.0,0.0,-183313000.0,-83026000.0,-116857000.0,-383196000.0,-372356000.0,-372356000.0,784738000.0,12718000.0,806989000.0,806989000.0,806989000.0,0.0,0.0,0.179,184785000.0,1011402000.0,53014000.0,0.145,0.848,6.411,6.462,0.0,0.0,85.68,1.15,1.15,1723251000.0,4566771000.0,4498578000.0,4498578000.0,0.0,0.046,0.142,0.056,0.225,13347000.0,184785000.0,1.0,60382170.0,60382170,,74.502,18001312000.0,319073000.0,132332000.0,0.0,298.123,
12,RE,MRY,2008-12-31,2008-12-31,2008-12-31,2021-09-03,-291851000.0,16846590000.0,17513976500.0,,,0.201,80.429,0.0,205694000.0,205694000.0,3369666000.0,-18758000.0,,2.396,1179089000.0,,,1179089000.0,0.0,0.0,0.0,0.025,1.92,-4436000.0,-4436000.0,-0.001,-4436000.0,-4436000.0,-83607000.0,-0.3,-0.3,-0.3,4960355000.0,5299379500.0,4960355000.0,5631438946.0,-1269.0,-1269.486,662995000.0,10.75,1.0,157913000.0,0.045,0.0,79171000.0,17819985000.0,18474704000.0,0.0,13508586000.0,,,11886235000.0,,,4676025946.0,-44873000.0,0.0,-148340000.0,0.0,-118616000.0,-266956000.0,-390024000.0,-390024000.0,662995000.0,-50888000.0,-18758000.0,-18758000.0,-18758000.0,0.0,0.0,-0.005,162349000.0,-4436000.0,51138000.0,-6.4,0.943,-249.282,-253.8,0.0,0.0,76.14,1.326,1.331,1644658000.0,3819327000.0,3527579000.0,3527579000.0,0.0,-0.001,-0.004,0.0,-0.001,16305000.0,162349000.0,1.0,61413527.0,61674000,61674000.0,57.197,16846590000.0,474662000.0,-64849000.0,0.0,273.155,
13,RE,MRY,2007-12-31,2007-12-31,2007-12-31,2021-09-03,163155000.0,17999482000.0,17604794750.0,,,0.272,90.066,0.0,250567000.0,250567000.0,3509926000.0,839275000.0,,2.166,1178910000.0,,,1178910000.0,0.0,0.0,0.0,0.019,1.92,1119517000.0,1119517000.0,0.234,1119517000.0,1119517000.0,1027956000.0,13.25,13.15,13.25,5684770000.0,5457980500.0,5684770000.0,7500987658.0,7.0,6.7,854431000.0,13.537,1.0,1272121000.0,0.266,0.0,91561000.0,18927825000.0,18644947500.0,0.0,14685605000.0,,,12314712000.0,,,6311685658.0,699000.0,0.0,-223351000.0,179141000.0,-121387000.0,-165597000.0,-653016000.0,-653016000.0,854431000.0,-35119000.0,839275000.0,839275000.0,839275000.0,0.0,0.0,0.176,152604000.0,1119517000.0,68494000.0,0.145,1.11,7.52,7.577,0.0,0.0,100.4,1.32,1.325,1744324000.0,3956701000.0,4782047000.0,4782047000.0,0.0,0.048,0.154,0.06,0.234,17119000.0,152604000.0,1.0,62865395.0,63118000,63629000.0,75.764,17999482000.0,275193000.0,188681000.0,0.0,285.172,
14,RE,MRY,2006-12-31,2006-12-31,2006-12-31,2021-09-03,348543000.0,17107570000.0,16769559000.0,,,0.269,78.915,0.0,249868000.0,249868000.0,3317674000.0,840828000.0,,2.349,995605000.0,,,995605000.0,0.0,0.0,0.0,0.006,0.6,1061649000.0,1061649000.0,0.235,1061649000.0,1061649000.0,991750000.0,12.99,12.87,12.99,5107687000.0,4644180000.0,5107687000.0,7162987965.0,7.0,6.747,636315000.0,9.831,1.0,1199626000.0,0.266,0.0,69899000.0,17853307000.0,17564753250.0,0.0,13707219000.0,,,11999883000.0,,,6377182965.0,142593000.0,0.0,23627000.0,0.0,-38986000.0,-15359000.0,-528150000.0,-528150000.0,636315000.0,49787000.0,840828000.0,840828000.0,840828000.0,0.0,0.0,0.186,137977000.0,1061649000.0,47483000.0,0.046,1.249,7.584,7.553,0.0,0.0,98.11,1.412,1.406,1977357000.0,2987998000.0,4517300000.0,4517300000.0,0.0,0.05,0.181,0.06,0.235,15127000.0,137977000.0,1.0,65000336.0,64724000,65324000.0,69.793,17107570000.0,220047000.0,150922000.0,43002000.0,264.316,
15,RE,MRY,2005-12-31,2005-12-31,2005-12-31,2021-09-03,221146000.0,16474539000.0,15681002250.0,,,0.291,71.809,0.0,107275000.0,107275000.0,4639164000.0,-218667000.0,,2.98,995456000.0,,,995456000.0,0.0,0.0,0.0,0.004,0.44,-207527000.0,-207527000.0,-0.045,-207527000.0,-207527000.0,-280921000.0,-3.79,-3.79,-3.79,4139694000.0,3894408750.0,4139694000.0,7068059978.0,-34.0,-34.059,1070567000.0,18.57,1.0,-76708000.0,-0.017,0.0,73394000.0,17362720000.0,16549574500.0,0.0,12863522000.0,,,12334845000.0,,,6208217978.0,-77655000.0,0.0,770856000.0,-250000000.0,-25425000.0,495431000.0,-1611512000.0,-1611671000.0,1070567000.0,-32141000.0,-218667000.0,-218667000.0,-218667000.0,0.0,0.0,-0.048,129800000.0,-206508000.0,50354000.0,-0.116,1.5,-28.391,-26.478,0.0,0.0,100.35,1.361,1.268,2322413000.0,2186156000.0,4562456000.0,4562456000.0,0.0,-0.014,-0.056,-0.013,-0.045,8003000.0,129800000.0,1.0,61865650.0,57649000,57649000.0,79.142,16474539000.0,309584000.0,-62254000.0,0.0,285.773,
16,RE,MRY,2004-12-31,2004-12-31,2004-12-31,2021-09-03,328737000.0,15072766000.0,14351809750.0,,,0.35,66.379,0.0,184930000.0,184930000.0,4266315000.0,494858000.0,,3.06,1245294000.0,,,1245294000.0,0.0,0.0,0.0,0.004,0.4,635250000.0,635250000.0,0.127,635250000.0,635250000.0,559711000.0,8.85,8.71,8.85,3712518000.0,3493913750.0,3712518000.0,5912957109.0,9.0,9.308,1490877000.0,26.657,1.0,751191000.0,0.15,0.0,75539000.0,16133130000.0,15319921750.0,0.0,11345242000.0,,,11360248000.0,,,5026264109.0,71000.0,0.0,21837000.0,496648000.0,-22421000.0,496064000.0,-2000008000.0,-1980735000.0,1490877000.0,13138000.0,494858000.0,494858000.0,494858000.0,0.0,0.0,0.099,114870000.0,636321000.0,47462000.0,0.045,1.354,10.157,10.12,0.0,0.0,89.56,1.002,0.998,2609601000.0,2430248000.0,5017506000.0,5017506000.0,0.0,0.034,0.142,0.041,0.127,4684000.0,114870000.0,1.0,56121752.0,55929000,56826000.0,89.712,15072766000.0,159874000.0,64853000.0,31854000.0,269.498,
17,RE,MRY,2003-12-31,2003-12-31,2003-12-31,2021-09-03,280077000.0,12689536000.0,11643314750.0,,,0.353,58.584,0.0,184859000.0,184859000.0,3464129000.0,426028000.0,,3.009,735615000.0,,,735615000.0,0.0,0.0,0.0,0.004,0.36,548501000.0,548501000.0,0.134,548501000.0,548501000.0,491213000.0,7.89,7.74,7.89,3164900000.0,2934166000.0,3164900000.0,5296129703.0,10.0,9.656,1653805000.0,30.613,1.0,643124000.0,0.157,0.0,57288000.0,13240292000.0,12167707500.0,0.0,9136479000.0,,,9524636000.0,,,4708693703.0,-23971000.0,0.0,330885000.0,0.0,-19577000.0,311308000.0,-2016960000.0,-1937172000.0,1653805000.0,27876000.0,426028000.0,426028000.0,426028000.0,0.0,0.0,0.104,94623000.0,548501000.0,46037000.0,0.046,1.488,11.053,10.722,0.0,0.0,84.6,1.146,1.113,2430379000.0,1957811000.0,4107253000.0,4107253000.0,0.0,0.037,0.145,0.045,0.134,383000.0,94623000.0,1.0,55658318.0,54023000,55010000.0,76.028,12689536000.0,145271000.0,65185000.0,41308000.0,234.891,
18,RE,MRY,2002-12-31,2002-12-31,2002-12-31,2021-09-03,221542000.0,9864603000.0,8966483000.0,,,0.285,47.067,0.0,208830000.0,208830000.0,2181169000.0,231303000.0,,3.165,518938000.0,,,518938000.0,0.0,0.0,0.0,0.006,0.32,306617000.0,306617000.0,0.12,306617000.0,306617000.0,262044000.0,4.6,4.52,4.6,2368646000.0,2217180500.0,2368646000.0,3266997384.0,11.0,10.655,742743000.0,14.759,1.0,376533000.0,0.147,0.0,44573000.0,10174711000.0,9377672500.0,0.0,7050303000.0,,,7495957000.0,,,2813328384.0,136952000.0,0.0,325731000.0,174881000.0,-16347000.0,484265000.0,-1114071000.0,-1220029000.0,742743000.0,24015000.0,231303000.0,231303000.0,231303000.0,0.0,0.0,0.09,69916000.0,306617000.0,61244000.0,0.07,1.188,12.163,12.022,0.0,0.0,55.3,1.1,1.088,1853176000.0,1551360000.0,2557702000.0,2557702000.0,0.0,0.026,0.104,0.033,0.12,-225000.0,69916000.0,1.0,50873931.0,50325000,51139000.0,50.824,9864603000.0,139176000.0,30741000.0,-16696000.0,196.018,
19,RE,MRY,2001-12-31,2001-12-31,2001-12-31,2021-09-03,113880000.0,7796160000.0,7464422250.0,,,0.241,37.262,0.0,71878000.0,71878000.0,1606314000.0,99018000.0,,3.531,553771000.0,,,553771000.0,0.0,0.0,0.0,0.004,0.28,136347000.0,136347000.0,0.076,136347000.0,136347000.0,90343000.0,2.14,2.1,2.14,1720522000.0,1707267000.0,1720522000.0,3773216018.0,28.0,27.674,406034000.0,8.794,1.0,195231000.0,0.108,0.0,46004000.0,8278053000.0,7979451500.0,0.0,5711645000.0,,,6075638000.0,,,3270199018.0,-4945000.0,0.0,9990000.0,-130000000.0,-12927000.0,-132937000.0,-275165000.0,-276997000.0,406034000.0,-2877000.0,99018000.0,99018000.0,99018000.0,0.0,0.0,0.055,58884000.0,136347000.0,66462000.0,0.131,1.901,33.026,33.037,0.0,0.0,70.7,1.815,1.812,1411143000.0,1336404000.0,1801545000.0,1801545000.0,0.0,0.013,0.058,0.017,0.076,55000.0,58884000.0,1.0,46254583.0,46174000,47114000.0,39.016,7796160000.0,178507000.0,-8675000.0,-30459000.0,168.843,
20,RE,MRY,2000-12-31,2000-12-31,2000-12-31,2021-09-03,72846000.0,7013095000.0,6539324750.0,,,0.226,34.516,0.0,76823000.0,76823000.0,1157063000.0,186380000.0,,3.429,683619000.0,,,683619000.0,0.0,0.0,0.0,0.002,0.12,271128000.0,271128000.0,0.183,271128000.0,271128000.0,231742000.0,4.06,4.02,4.06,1583352000.0,1456979000.0,1583352000.0,3803338639.0,14.0,14.028,89964000.0,1.961,1.0,322761000.0,0.218,0.0,39386000.0,7619891000.0,7064638250.0,0.0,5416137000.0,,,5429743000.0,,,3284081639.0,14596000.0,340130000.0,-8988000.0,624507000.0,-11008000.0,604511000.0,-677966000.0,-1017141000.0,89964000.0,-1913000.0,186380000.0,186380000.0,186380000.0,0.0,0.0,0.126,51633000.0,271128000.0,60564000.0,0.03,2.074,17.62,17.643,0.0,0.0,71.63,2.219,2.22,961331000.0,1250313000.0,1479824000.0,1479824000.0,0.0,0.029,0.128,0.038,0.183,-61000.0,51633000.0,1.0,45847852.0,45873000,46358000.0,32.259,7013095000.0,174482000.0,45362000.0,-8209000.0,152.881,
21,RE,MRY,1999-12-31,1999-12-31,1999-12-31,2021-09-03,-16701000.0,5704302000.0,5855578500.0,,,0.223,27.366,0.0,62227000.0,62227000.0,1057527000.0,158061000.0,,3.297,59000000.0,,,59000000.0,0.0,0.0,0.0,0.011,0.24,198072000.0,198072000.0,0.152,198072000.0,198072000.0,196582000.0,3.26,3.25,3.26,1327482000.0,1392819750.0,1327482000.0,1043870897.0,5.0,5.27,203436000.0,4.194,1.0,249133000.0,0.191,0.0,1490000.0,5701075000.0,5842911000.0,0.0,4077011000.0,,,4376820000.0,,,1047628897.0,22901000.0,0.0,-96075000.0,59000000.0,-11620000.0,-48695000.0,-127248000.0,-127201000.0,203436000.0,-4592000.0,158061000.0,158061000.0,158061000.0,0.0,0.0,0.121,51061000.0,198072000.0,13217000.0,0.074,0.789,6.628,6.844,0.0,0.0,22.31,0.802,0.828,1047036000.0,1074941000.0,1306660000.0,1306660000.0,0.0,0.027,0.113,0.034,0.152,131000.0,48263000.0,1.0,46957817.0,48509000,48686000.0,26.936,5704302000.0,188326000.0,38521000.0,-4475000.0,117.593,
22,RE,MRY,1998-12-31,1998-12-31,1998-12-31,2021-09-03,185518000.0,5996728000.0,5806683000.0,,,0.226,29.364,0.0,39326000.0,39326000.0,1052963000.0,165197000.0,,3.054,0.0,,,0.0,0.0,0.0,0.0,0.005,0.2,212676000.0,212676000.0,0.162,212676000.0,212676000.0,212676000.0,3.28,3.26,3.28,1479204000.0,1423356250.0,1479204000.0,1876274645.0,9.0,8.822,183317000.0,3.639,1.0,262237000.0,0.199,0.0,0.0,5957402000.0,5756708500.0,0.0,4286431000.0,,,4517524000.0,,,1949819645.0,-12252000.0,0.0,-16873000.0,0.0,-10077000.0,-74069000.0,-121057000.0,-120558000.0,183317000.0,-443000.0,165197000.0,165197000.0,165197000.0,0.0,0.0,0.126,49561000.0,212676000.0,18731000.0,0.061,1.318,11.803,11.872,0.0,0.0,38.94,1.483,1.491,1252039000.0,928500000.0,1315200000.0,1315200000.0,0.0,0.028,0.116,0.037,0.162,274000.0,49561000.0,1.0,50072410.0,50374000,50665000.0,26.109,5996728000.0,62237000.0,47479000.0,-581000.0,119.044,
23,RE,MRY,1997-12-31,1997-12-31,1997-12-31,2021-09-03,152319000.0,5538020000.0,,,,,25.903,0.0,51578000.0,51578000.0,1040217000.0,154955000.0,,3.236,0.0,,,0.0,0.0,0.0,0.0,0.004,0.16,207300000.0,207300000.0,0.16,207300000.0,207300000.0,207300000.0,3.07,3.05,3.07,1307483000.0,,1307483000.0,,,,376389000.0,7.457,1.0,258972000.0,0.199,0.0,0.0,5486442000.0,,0.0,4111736000.0,,,4230537000.0,,,2082395948.0,-1017000.0,0.0,-186000.0,0.0,-8076000.0,38857000.0,-405793000.0,-407326000.0,376389000.0,-10470000.0,154955000.0,154955000.0,154955000.0,0.0,0.0,0.119,51672000.0,207300000.0,13231000.0,0.052,1.593,13.439,13.436,0.0,0.0,41.25,1.603,1.603,957644000.0,773380000.0,1299189000.0,1299189000.0,0.0,,,,0.16,-140000.0,51672000.0,1.0,50482326.0,50476000,50765000.0,25.739,5538020000.0,74434000.0,52345000.0,13567000.0,109.716,
24,RE,MRY,1996-12-31,1996-12-31,1996-12-31,2021-09-03,,,,,,,,0.0,,,970631000.0,112027000.0,,,,,,,,0.0,,0.004,0.12,143839000.0,143839000.0,0.123,143839000.0,143839000.0,143839000.0,2.22,2.21,2.22,,,,,,,413953000.0,8.186,1.0,198709000.0,0.17,,0.0,,,,,,,,,,,1683000.0,0.0,-5373000.0,0.0,-6067000.0,-31337000.0,-381966000.0,-378800000.0,413953000.0,1033000.0,112027000.0,112027000.0,112027000.0,0.0,0.0,0.096,54870000.0,143839000.0,,0.054,,,12.95,,0.0,28.75,,1.243,,,1169340000.0,1169340000.0,0.0,,,,0.123,318000.0,54870000.0,1.0,,50567000,50711000.0,23.125,,,31812000.0,,,
25,RE,MRY,1995-12-31,1995-12-31,1995-12-31,2021-09-03,,,,,,,,0.0,,,902072000.0,747000.0,,,,,,,,0.0,,0.001,0.03,-26568000.0,-26568000.0,-0.028,-26568000.0,-26568000.0,-26568000.0,0.01,0.01,0.01,,,,,,,306863000.0,6.114,1.0,46792000.0,0.049,,0.0,,,,,,,,,,,6504000.0,0.0,91000000.0,0.0,-7024000.0,96348000.0,-393663000.0,-395189000.0,306863000.0,-3044000.0,747000.0,747000.0,747000.0,0.0,0.0,0.001,73360000.0,-26568000.0,,3.0,,,2338.0,,0.0,23.38,,1.237,,,948864000.0,948864000.0,0.0,,,,-0.028,12589000.0,60017000.0,1.0,,50189000,50209000.0,18.906,,,-27315000.0,,,
0,RE,MRQ,2021-06-30,2021-06-30,2021-06-30,2021-09-03,357178000.0,35370056000.0,,,,,259.877,0.0,1106345000.0,1106345000.0,2143890000.0,679982000.0,,2.395,1910762000.0,,,1910762000.0,0.0,0.0,0.0,0.025,1.55,775788000.0,775788000.0,0.252,775788000.0,775788000.0,760181000.0,16.97,16.95,16.97,10416789000.0,,10416789000.0,10879366135.0,7.0,6.895,723596000.0,18.052,1.0,932800000.0,0.303,0.0,15607000.0,36174473000.0,,0.0,25949606000.0,,,24953267000.0,,,10101449135.0,-26315000.0,0.0,-18755000.0,0.0,-62045000.0,-80800000.0,-677067000.0,-677067000.0,723596000.0,7956000.0,679982000.0,679982000.0,679982000.0,0.0,0.0,0.221,157012000.0,775788000.0,379524000.0,0.091,0.97,7.604,7.593,0.0,0.0,252.01,0.903,0.903,5727044000.0,11465022000.0,3076690000.0,3076690000.0,0.0,,,,,11418000.0,157012000.0,1.0,40083525.0,40083525,,76.757,35370056000.0,0.0,80199000.0,35089000.0,882.409,
1,RE,MRQ,2021-03-31,2021-03-31,2021-03-31,2021-09-03,235079000.0,33595352000.0,,,,,242.123,0.0,1132660000.0,1132660000.0,2200430000.0,341862000.0,,2.47,1910577000.0,,,1910577000.0,0.0,0.0,0.0,0.025,1.55,388734000.0,388734000.0,0.142,388734000.0,388734000.0,373095000.0,8.53,8.52,8.53,9682882000.0,,9682882000.0,11019074760.0,11.0,10.53,904366000.0,22.614,1.0,543343000.0,0.198,0.0,15639000.0,34373269000.0,,0.0,24808144000.0,,,23912470000.0,,,9910333760.0,331009000.0,0.0,-46635000.0,0.0,-62229000.0,-108864000.0,-455521000.0,-455521000.0,904366000.0,-8972000.0,341862000.0,341862000.0,341862000.0,0.0,0.0,0.125,154609000.0,388734000.0,402379000.0,0.182,1.023,11.806,11.8,0.0,0.0,247.81,0.957,0.957,5260942000.0,10847085000.0,2743773000.0,2743773000.0,0.0,,,,,11021000.0,154609000.0,1.0,39991662.0,39991662,,68.609,33595352000.0,31738000.0,31233000.0,0.0,840.059,
2,RE,MRQ,2020-12-31,2020-12-31,2020-12-31,2021-09-03,534899000.0,32788357000.0,,,,,243.363,0.0,801651000.0,801651000.0,2489851000.0,63602000.0,,2.371,1910392000.0,,,1910392000.0,0.0,0.0,0.0,0.026,1.55,134242000.0,134242000.0,0.049,134242000.0,134242000.0,119396000.0,1.61,1.6,1.61,9726176000.0,,9726176000.0,9127496393.0,15.0,14.682,682971000.0,17.089,1.0,271548000.0,0.098,0.0,14846000.0,33897098000.0,,0.0,24659940000.0,,,23062181000.0,,,9355564393.0,-137230000.0,0.0,-559000.0,1199417000.0,-61987000.0,1136911000.0,-1954097000.0,-1954097000.0,682971000.0,-3016000.0,63602000.0,63602000.0,63602000.0,0.0,0.0,0.023,137306000.0,134242000.0,294347000.0,0.963,0.962,18.196,18.274,0.0,0.0,234.09,0.975,0.975,5087132000.0,10567452000.0,2761399000.0,2761399000.0,0.0,,,,,9872000.0,137306000.0,1.0,39965673.0,39965673,,69.094,32788357000.0,17253000.0,55794000.0,0.0,820.413,
3,RE,MRQ,2020-09-30,2020-09-30,2020-09-30,2021-09-03,411598000.0,30153027000.0,,,,,239.951,0.0,938881000.0,938881000.0,2181542000.0,243057000.0,,2.144,710813000.0,,,710813000.0,0.0,0.0,0.0,0.031,1.55,279149000.0,279149000.0,0.107,279149000.0,279149000.0,272508000.0,6.08,6.07,6.08,9591292000.0,,9591292000.0,7594308582.0,11.0,10.633,1086022000.0,27.17,1.0,428642000.0,0.164,0.0,6641000.0,29924959000.0,,0.0,22165797000.0,,,20561735000.0,,,7896028582.0,16402000.0,0.0,-1934000.0,90000000.0,-61905000.0,26162000.0,-1100285000.0,-1100285000.0,1086022000.0,4504000.0,243057000.0,243057000.0,243057000.0,0.0,0.0,0.093,149493000.0,279149000.0,364654000.0,0.255,0.823,11.817,11.9,0.0,0.0,197.54,0.872,0.872,4990009000.0,10565792000.0,2610184000.0,2610184000.0,0.0,,,,,10162000.0,149493000.0,1.0,39971796.0,39971796,,65.301,30153027000.0,77761000.0,29451000.0,0.0,754.358,
4,RE,MRQ,2020-06-30,2020-06-30,2020-06-30,2021-09-03,297137000.0,28584793000.0,,,,,232.233,0.0,922479000.0,922479000.0,1873332000.0,190880000.0,,2.078,620759000.0,,,620759000.0,0.0,0.0,0.0,0.029,1.55,244320000.0,244320000.0,0.109,244320000.0,244320000.0,237067000.0,4.78,4.77,4.78,9286299000.0,,9286299000.0,8109883287.0,15.0,15.13,598597000.0,14.97,1.0,371183000.0,0.165,0.0,7253000.0,28283073000.0,,0.0,20679197000.0,,,19298494000.0,,,8245322287.0,104853000.0,0.0,-426000.0,-59449000.0,-61928000.0,-121803000.0,-370808000.0,-370808000.0,598597000.0,-1133000.0,190880000.0,190880000.0,190880000.0,0.0,0.0,0.085,126863000.0,244320000.0,369761000.0,0.324,0.888,15.571,15.765,0.0,0.0,206.2,0.972,0.972,4801364000.0,10384645000.0,2244515000.0,2244515000.0,0.0,,,,,9782000.0,126863000.0,1.0,39987014.0,39987014,,56.131,28584793000.0,294333000.0,46187000.0,0.0,714.852,
5,RE,MRQ,2020-03-31,2020-03-31,2020-03-31,2021-09-03,-269751000.0,27222638000.0,,,,,210.248,0.0,817626000.0,817626000.0,1879362000.0,16612000.0,,2.172,682187000.0,,,682187000.0,0.0,0.0,0.0,0.031,1.55,-36039000.0,-36039000.0,-0.018,-36039000.0,-36039000.0,-43622000.0,0.41,0.41,0.41,8580944000.0,,8580944000.0,7679116585.0,11.0,11.419,505989000.0,12.398,1.0,102654000.0,0.052,0.0,7583000.0,27087199000.0,,0.0,19518956000.0,,,18641694000.0,,,7853320585.0,9590000.0,0.0,-226575000.0,48802000.0,-63277000.0,-241050000.0,-258181000.0,-258181000.0,505989000.0,2832000.0,16612000.0,16612000.0,16612000.0,0.0,0.0,0.008,138693000.0,-36039000.0,369385000.0,3.78,0.915,11.695,11.683,0.0,0.0,192.42,0.952,0.952,4587301000.0,10255692000.0,1982016000.0,1982016000.0,0.0,,,,,9393000.0,138693000.0,1.0,40813432.0,40813432,,48.563,27222638000.0,406413000.0,-60234000.0,0.0,667.002,
6,RE,MRQ,2019-12-31,2019-12-31,2019-12-31,2021-09-03,28152000.0,27324051000.0,,,,,223.944,0.0,808036000.0,808036000.0,1858020000.0,217644000.0,,1.992,633832000.0,,,633832000.0,0.0,0.0,0.0,0.021,1.55,226799000.0,226799000.0,0.102,226799000.0,226799000.0,219078000.0,5.33,5.32,5.33,9132925000.0,,9132925000.0,11206729316.0,10.0,9.911,365139000.0,8.953,1.0,356066000.0,0.161,0.0,7721000.0,27149847000.0,,0.0,19940464000.0,,,18191126000.0,,,11290124316.0,90864000.0,0.0,3548000.0,0.0,-63191000.0,-59643000.0,-200690000.0,-200690000.0,365139000.0,-13942000.0,217644000.0,217644000.0,217644000.0,0.0,0.0,0.098,129267000.0,226799000.0,291660000.0,0.291,1.236,11.184,11.176,0.0,0.0,276.84,1.372,1.372,4468275000.0,10306571000.0,2214086000.0,2214086000.0,0.0,,,,,8632000.0,129267000.0,1.0,40782128.0,40782128,,54.291,27324051000.0,305711000.0,1434000.0,0.0,670.001,
7,RE,MRQ,2019-09-30,2019-09-30,2019-09-30,2021-09-03,46272000.0,27023741000.0,,,,,220.501,0.0,717172000.0,717172000.0,1815000000.0,104398000.0,,2.008,633777000.0,,,633777000.0,0.0,0.0,0.0,0.021,1.4,100927000.0,100927000.0,0.049,100927000.0,100927000.0,93020000.0,2.56,2.56,2.56,8983258000.0,,8983258000.0,10812917148.0,52.0,52.376,633352000.0,15.546,1.0,227520000.0,0.111,0.0,7907000.0,26940346000.0,,0.0,19647421000.0,,,18040483000.0,,,10840561148.0,55805000.0,0.0,-1076000.0,0.0,-56995000.0,-58071000.0,-521445000.0,-521445000.0,633352000.0,1969000.0,104398000.0,104398000.0,104398000.0,0.0,0.0,0.051,126593000.0,100927000.0,371807000.0,0.547,1.207,26.668,26.609,0.0,0.0,266.09,1.388,1.388,4695894000.0,10152118000.0,2042520000.0,2042520000.0,0.0,,,,,8215000.0,126593000.0,1.0,40740205.0,40740205,,50.135,27023741000.0,361243000.0,-11378000.0,0.0,663.319,
8,RE,MRQ,2019-06-30,2019-06-30,2019-06-30,2021-09-03,-44902000.0,26387791000.0,,,,,218.104,0.0,661367000.0,661367000.0,1515580000.0,332868000.0,,1.97,633723000.0,,,633723000.0,0.0,0.0,0.0,0.022,1.4,380779000.0,380779000.0,0.19,380779000.0,380779000.0,372345000.0,8.17,8.15,8.17,8884160000.0,,8884160000.0,10118234394.0,33.0,33.406,393709000.0,9.665,1.0,493147000.0,0.246,0.0,8434000.0,26360147000.0,,0.0,19132485000.0,,,17503631000.0,,,10068540394.0,77393000.0,0.0,-7953000.0,0.0,-56999000.0,-64952000.0,-257607000.0,-257607000.0,393709000.0,6243000.0,332868000.0,332868000.0,332868000.0,0.0,0.0,0.166,112368000.0,380779000.0,346151000.0,0.171,1.133,20.117,20.08,0.0,0.0,247.18,1.307,1.307,4664238000.0,10152059000.0,2008727000.0,2008727000.0,0.0,,,,,8115000.0,112368000.0,1.0,40733637.0,40733637,,49.314,26387791000.0,358457000.0,39477000.0,0.0,647.813,
9,RE,MRQ,2019-03-31,2019-03-31,2019-03-31,2021-09-03,-216111000.0,25630507000.0,,,,,207.169,0.0,583974000.0,583974000.0,1438024000.0,354551000.0,,2.042,633668000.0,,,633668000.0,0.0,0.0,0.0,0.025,1.4,422175000.0,422175000.0,0.215,422175000.0,422175000.0,414544000.0,8.7,8.67,8.7,8426629000.0,,8426629000.0,8761738727.0,-932.0,-932.397,459802000.0,11.304,1.0,527812000.0,0.268,0.0,7631000.0,25680201000.0,,0.0,18639970000.0,,,17203878000.0,,,8784220727.0,-72121000.0,0.0,-35884000.0,0.0,-57137000.0,-93021000.0,-432750000.0,-432750000.0,459802000.0,-6152000.0,354551000.0,354551000.0,354551000.0,0.0,0.0,0.18,105637000.0,422175000.0,287807000.0,0.161,1.042,36.984,36.916,0.0,0.0,215.96,1.158,1.158,4537282000.0,9866203000.0,1965836000.0,1965836000.0,0.0,,,,,9056000.0,105637000.0,1.0,40675221.0,40675221,,48.33,25630507000.0,475851000.0,59993000.0,0.0,630.126,
10,RE,MRQ,2018-12-31,2018-12-31,2018-12-31,2021-09-03,-462557000.0,24750992000.0,,,,,193.387,0.0,656095000.0,656095000.0,2397642000.0,-385313000.0,,2.149,633613000.0,,,633613000.0,0.0,0.0,0.0,0.024,1.4,-697435000.0,-697435000.0,-0.389,-697435000.0,-697435000.0,-705419000.0,-9.43,-9.38,-9.43,7860797000.0,,7860797000.0,8845305044.0,-42.0,-41.891,66440000.0,1.635,1.0,-606066000.0,-0.338,0.0,7984000.0,24728510000.0,,0.0,17776971000.0,,,16890195000.0,,,8851508044.0,16334000.0,0.0,-2047000.0,0.0,-56878000.0,-58925000.0,-2447000.0,-2447000.0,66440000.0,11266000.0,-385313000.0,-385313000.0,-385313000.0,0.0,0.0,-0.215,91369000.0,-697435000.0,218439000.0,-0.148,1.126,99.409,99.89,0.0,0.0,217.76,1.202,1.202,4314174000.0,9531433000.0,1791576000.0,1791576000.0,0.0,,,,,6578000.0,91369000.0,1.0,40647998.0,40647998,,44.075,24750992000.0,594487000.0,-320106000.0,0.0,608.91,
11,RE,MRQ,2018-09-30,2018-09-30,2018-09-30,2021-09-03,-470317000.0,24410857000.0,,,,,203.865,0.0,639761000.0,639761000.0,1633259000.0,198381000.0,,1.931,633558000.0,,,633558000.0,0.0,0.0,0.0,0.023,1.3,197372000.0,197372000.0,0.102,197372000.0,197372000.0,189471000.0,4.87,4.84,4.87,8329013000.0,,8329013000.0,9348253834.0,8.0,7.74,410981000.0,10.059,1.0,303204000.0,0.157,0.0,7901000.0,24404654000.0,,0.0,18026137000.0,,,16081844000.0,,,9334242834.0,20268000.0,0.0,-48732000.0,0.0,-52863000.0,-101595000.0,-279348000.0,-279348000.0,410981000.0,-9770000.0,198381000.0,198381000.0,198381000.0,0.0,0.0,0.102,105832000.0,197372000.0,289961000.0,0.267,1.121,8.778,8.787,0.0,0.0,228.47,1.252,1.252,4210067000.0,10013592000.0,1936463000.0,1936463000.0,0.0,,,,,8225000.0,105832000.0,1.0,40855442.0,40855442,,47.398,24410857000.0,266464000.0,-8910000.0,0.0,597.493,
12,RE,MRQ,2018-06-30,2018-06-30,2018-06-30,2021-09-03,-445338000.0,23885885000.0,,,,,201.104,0.0,619493000.0,619493000.0,1724716000.0,69895000.0,,1.898,633504000.0,,,633504000.0,0.0,0.0,0.0,0.022,1.3,68491000.0,68491000.0,0.036,68491000.0,68491000.0,60763000.0,1.71,1.7,1.71,8241349000.0,,8241349000.0,9378043339.0,83.0,82.555,-62992000.0,-1.537,1.0,168223000.0,0.089,0.0,7728000.0,23899896000.0,,0.0,17586191000.0,,,15644536000.0,,,9445180339.0,-81093000.0,0.0,-25966000.0,0.0,-53240000.0,-79206000.0,57590000.0,57590000.0,-62992000.0,3515000.0,69895000.0,69895000.0,69895000.0,0.0,0.0,0.037,99732000.0,68491000.0,312474000.0,0.76,1.146,41.858,42.681,0.0,0.0,230.48,1.304,1.304,4109634000.0,9860842000.0,1892939000.0,1892939000.0,0.0,,,,,9230000.0,99732000.0,1.0,40980477.0,40980477,,46.191,23885885000.0,280696000.0,-9132000.0,0.0,582.86,
13,RE,MRQ,2018-03-31,2018-03-31,2018-03-31,2021-09-03,-341974000.0,23513196000.0,,,,,204.315,0.0,700586000.0,700586000.0,1414816000.0,210318000.0,,1.818,633449000.0,,,633449000.0,0.0,0.0,0.0,0.02,1.3,225061000.0,225061000.0,0.129,225061000.0,225061000.0,217643000.0,5.14,5.11,5.14,8344180000.0,,8344180000.0,10486797218.0,32.0,31.904,195640000.0,4.79,1.0,330341000.0,0.189,0.0,7418000.0,23446059000.0,,0.0,17882328000.0,,,15169016000.0,,,10488469218.0,65519000.0,0.0,-23628000.0,0.0,-53240000.0,-76868000.0,-55416000.0,-55416000.0,195640000.0,2163000.0,210318000.0,210318000.0,210318000.0,0.0,0.0,0.121,105280000.0,225061000.0,244280000.0,0.253,1.257,26.128,26.558,0.0,0.0,256.82,1.524,1.524,3584518000.0,9844187000.0,1745157000.0,1745157000.0,0.0,,,,,8336000.0,105280000.0,1.0,40839768.0,40839768,,42.732,23513196000.0,265228000.0,7325000.0,0.0,575.743,
14,RE,MRQ,2017-12-31,2017-12-31,2017-12-31,2021-09-03,-160891000.0,23591792000.0,,,,,203.781,0.0,635067000.0,635067000.0,1069061000.0,584808000.0,,1.819,633395000.0,,,633395000.0,0.0,0.0,0.0,0.023,1.3,716846000.0,716846000.0,0.381,716846000.0,716846000.0,709532000.0,14.28,14.21,14.28,8369232000.0,,8369232000.0,9135024609.0,20.0,20.254,118475000.0,2.885,1.0,812377000.0,0.432,0.0,7314000.0,23590120000.0,,0.0,17991468000.0,,,15222560000.0,,,9087079609.0,49672000.0,0.0,-62566000.0,0.0,-53355000.0,-103214000.0,31918000.0,31918000.0,118475000.0,2493000.0,584808000.0,584808000.0,584808000.0,0.0,0.0,0.311,95531000.0,716846000.0,218017000.0,0.091,1.086,18.824,18.799,0.0,0.0,221.26,1.372,1.372,3481318000.0,9685908000.0,1881438000.0,1881438000.0,0.0,,,,,7286000.0,95531000.0,1.0,41069690.0,41069690,,45.811,23591792000.0,299438000.0,124724000.0,0.0,574.433,
15,RE,MRQ,2017-09-30,2017-09-30,2017-09-30,2021-09-03,-84247000.0,23936269000.0,,,,,194.072,0.0,585395000.0,585395000.0,2543195000.0,-639374000.0,,2.004,633340000.0,,,633340000.0,0.0,0.0,0.0,0.022,1.25,-896801000.0,-896801000.0,-0.52,-896801000.0,-896801000.0,-904067000.0,-15.73,-15.73,-15.73,7969331000.0,,7969331000.0,9542633745.0,60.0,60.095,409856000.0,9.981,1.0,-817724000.0,-0.474,0.0,7266000.0,23984214000.0,,0.0,17896641000.0,,,15966938000.0,,,9378553745.0,116190000.0,0.0,197000.0,0.0,-51302000.0,-51405000.0,-235037000.0,-235037000.0,409856000.0,-7224000.0,-639374000.0,-639374000.0,-639374000.0,0.0,0.0,-0.371,79077000.0,-896801000.0,269230000.0,-0.079,1.177,34.542,35.575,0.0,0.0,228.39,1.476,1.476,3753553000.0,9166988000.0,1725471000.0,1725471000.0,0.0,,,,,7286000.0,79077000.0,1.0,41063767.0,41063767,,42.019,23936269000.0,415182000.0,-264693000.0,0.0,582.905,
16,RE,MRQ,2017-06-30,2017-06-30,2017-06-30,2021-09-03,-151972000.0,22521891000.0,,,,,209.032,0.0,469205000.0,469205000.0,1161231000.0,245674000.0,,1.623,633285000.0,,,633285000.0,0.0,0.0,0.0,0.019,1.25,283592000.0,283592000.0,0.185,283592000.0,283592000.0,275533000.0,5.98,5.95,5.98,8584798000.0,,8584798000.0,10620820523.0,8.0,7.666,252550000.0,6.149,1.0,369380000.0,0.241,0.0,8059000.0,22685971000.0,,0.0,17731996000.0,,,13937093000.0,,,10455829523.0,965000.0,0.0,782000.0,0.0,-51304000.0,-51412000.0,-195171000.0,-195171000.0,252550000.0,-5002000.0,245674000.0,245674000.0,245674000.0,0.0,0.0,0.161,85788000.0,283592000.0,262462000.0,0.209,1.218,8.668,8.701,0.0,0.0,254.59,1.703,1.703,3148863000.0,9857664000.0,1530611000.0,1530611000.0,0.0,,,,,8224000.0,85788000.0,1.0,41069286.0,41069286,,37.269,22521891000.0,167913000.0,29859000.0,0.0,548.388,
17,RE,MRQ,2017-03-31,2017-03-31,2017-03-31,2021-09-03,-185518000.0,22192953000.0,,,,,204.072,0.0,468240000.0,468240000.0,1053057000.0,291643000.0,,1.659,633231000.0,,,633231000.0,0.0,0.0,0.0,0.021,1.25,347377000.0,347377000.0,0.234,347377000.0,347377000.0,338413000.0,7.12,7.07,7.12,8347876000.0,,8347876000.0,9715587801.0,7.0,7.49,381812000.0,9.334,1.0,431721000.0,0.291,0.0,8964000.0,22357944000.0,,0.0,17655229000.0,,,13845077000.0,,,9564333801.0,-13682000.0,0.0,-6629000.0,0.0,-51281000.0,-69427000.0,-334287000.0,-334287000.0,381812000.0,8220000.0,291643000.0,291643000.0,291643000.0,0.0,0.0,0.196,84344000.0,347377000.0,207592000.0,0.176,1.146,8.568,8.666,0.0,0.0,233.81,1.584,1.584,2973521000.0,9663294000.0,1484778000.0,1484778000.0,0.0,,,,,7501000.0,84344000.0,1.0,40906436.0,40906436,,36.297,22192953000.0,135050000.0,46770000.0,0.0,542.53,
18,RE,MRQ,2016-12-31,2016-12-31,2016-12-31,2021-09-03,-216764000.0,21321504000.0,,,,,197.569,0.0,481922000.0,481922000.0,1103535000.0,373572000.0,,1.64,633176000.0,,,633176000.0,0.0,0.0,0.0,0.022,1.25,424625000.0,424625000.0,0.263,424625000.0,424625000.0,415591000.0,9.05,8.98,9.05,8075396000.0,,8075396000.0,9042417753.0,8.0,7.959,422852000.0,10.345,1.0,510425000.0,0.316,0.0,9034000.0,21472758000.0,,0.0,17001167000.0,,,13246108000.0,,,8845090753.0,46127000.0,0.0,-12219000.0,0.0,-51087000.0,-53289000.0,-326899000.0,-326899000.0,422852000.0,3463000.0,373572000.0,373572000.0,373572000.0,0.0,0.0,0.231,85800000.0,424625000.0,190986000.0,0.138,1.095,8.878,9.073,0.0,0.0,216.4,1.527,1.527,2696083000.0,9422932000.0,1613960000.0,1613960000.0,0.0,,,,,6039000.0,85800000.0,1.0,40873802.0,40873802,,39.486,21321504000.0,177704000.0,42019000.0,0.0,521.642,
19,RE,MRQ,2016-09-30,2016-09-30,2016-09-30,2021-09-03,75830000.0,21663082000.0,,,,,191.965,0.0,435795000.0,435795000.0,1095713000.0,295394000.0,,1.694,633122000.0,,,633122000.0,0.0,0.0,0.0,0.024,1.15,329780000.0,329780000.0,0.218,329780000.0,329780000.0,320887000.0,7.11,7.06,7.11,8041092000.0,,8041092000.0,8161285913.0,7.0,7.152,277182000.0,6.617,1.0,414743000.0,0.275,0.0,8893000.0,21860409000.0,,0.0,17103793000.0,,,13621990000.0,,,7957505913.0,6508000.0,47721000.0,-190239000.0,0.0,-47459000.0,-238625000.0,-34366000.0,-82087000.0,277182000.0,2317000.0,295394000.0,295394000.0,295394000.0,0.0,0.0,0.196,84963000.0,329780000.0,262662000.0,0.162,0.99,8.119,8.227,0.0,0.0,189.97,1.396,1.396,2865348000.0,9100447000.0,1510456000.0,1510456000.0,0.0,,,,,6097000.0,84963000.0,1.0,41888224.0,41888224,,36.059,21663082000.0,169867000.0,25493000.0,0.0,517.164,
20,RE,MRQ,2016-06-30,2016-06-30,2016-06-30,2021-09-03,84000000.0,21282175000.0,,,,,188.608,0.0,429287000.0,429287000.0,1153318000.0,155692000.0,,1.665,633067000.0,,,633067000.0,0.0,0.0,0.0,0.024,1.15,195372000.0,195372000.0,0.137,195372000.0,195372000.0,186299000.0,3.7,3.67,3.7,7985468000.0,,7985468000.0,8043497706.0,9.0,8.911,308090000.0,7.277,1.0,274566000.0,0.192,0.0,9073000.0,21485955000.0,,0.0,17029817000.0,,,13296707000.0,,,7734071706.0,100344000.0,0.0,-97911000.0,0.0,-48132000.0,-146802000.0,-88425000.0,-88425000.0,308090000.0,27481000.0,155692000.0,155692000.0,155692000.0,0.0,0.0,0.109,79194000.0,195372000.0,224380000.0,0.311,0.969,10.003,10.148,0.0,0.0,182.67,1.401,1.401,2630936000.0,8852512000.0,1427884000.0,1427884000.0,0.0,,,,,6221000.0,79194000.0,1.0,42339036.0,42339036,,33.725,21282175000.0,195094000.0,30607000.0,0.0,502.661,
21,RE,MRQ,2016-03-31,2016-03-31,2016-03-31,2021-09-03,-45299000.0,20855854000.0,,,,,183.638,0.0,328943000.0,328943000.0,975755000.0,171686000.0,,1.66,638369000.0,,,638369000.0,0.0,0.0,0.0,0.021,1.15,186295000.0,186295000.0,0.15,186295000.0,186295000.0,177067000.0,4.03,4.0,4.03,7840299000.0,,7840299000.0,8783856508.0,9.0,9.138,375476000.0,8.795,1.0,266291000.0,0.214,0.0,9228000.0,21165280000.0,,0.0,16742028000.0,,,13015555000.0,,,8429146508.0,45285000.0,0.0,-85763000.0,0.0,-48706000.0,-142800000.0,-208183000.0,-208183000.0,375476000.0,20792000.0,171686000.0,171686000.0,171686000.0,0.0,0.0,0.138,79996000.0,186295000.0,179072000.0,0.285,1.075,10.198,10.38,0.0,0.0,197.43,1.537,1.537,2571935000.0,8744952000.0,1242046000.0,1242046000.0,0.0,,,,,8041000.0,79996000.0,1.0,42694355.0,42694355,,29.092,20855854000.0,223507000.0,5381000.0,0.0,488.492,
22,RE,MRQ,2015-12-31,2015-12-31,2015-12-31,2021-09-03,-231755000.0,20545418000.0,,,,,176.605,0.0,283658000.0,283658000.0,1014603000.0,357281000.0,,1.7,632958000.0,,,632958000.0,0.0,0.0,0.0,0.022,1.15,429619000.0,429619000.0,0.283,429619000.0,429619000.0,420434000.0,8.25,8.18,8.25,7608585000.0,,7608585000.0,8125096517.0,7.0,7.077,306394000.0,7.112,1.0,504007000.0,0.332,0.0,9185000.0,20894718000.0,,0.0,16392747000.0,,,12936833000.0,,,7887955517.0,-117568000.0,0.0,-71377000.0,0.0,-49202000.0,-132180000.0,-312009000.0,-312009000.0,306394000.0,20227000.0,357281000.0,357281000.0,357281000.0,0.0,0.0,0.235,74388000.0,429619000.0,173087000.0,0.139,1.037,8.066,8.214,0.0,0.0,183.09,1.39,1.39,2542098000.0,8621972000.0,1518610000.0,1518610000.0,0.0,,,,,5087000.0,74388000.0,1.0,43082394.0,43082394,,35.249,20545418000.0,258541000.0,63153000.0,0.0,476.887,
23,RE,MRQ,2015-09-30,2015-09-30,2015-09-30,2021-09-03,-112231000.0,21682311000.0,,,,,169.418,0.0,401226000.0,401226000.0,1166805000.0,88553000.0,,1.796,638367000.0,,,638367000.0,0.0,0.0,0.0,0.022,0.95,91410000.0,91410000.0,0.069,91410000.0,91410000.0,82420000.0,2.02,2.0,2.02,7486320000.0,,7486320000.0,7959097337.0,7.0,7.12,270204000.0,6.115,1.0,165314000.0,0.124,0.0,8990000.0,21919452000.0,,0.0,17246001000.0,,,13443299000.0,,,7659632337.0,62325000.0,3934000.0,-195572000.0,0.0,-41698000.0,-237270000.0,50569000.0,46635000.0,270204000.0,-21178000.0,88553000.0,88553000.0,88553000.0,0.0,0.0,0.066,73904000.0,91410000.0,199528000.0,0.47,1.023,7.973,8.055,0.0,0.0,173.34,1.376,1.376,2688182000.0,8313893000.0,1332119000.0,1332119000.0,0.0,,,,,5786000.0,73904000.0,1.0,44188487.0,44188487,,30.146,21682311000.0,270607000.0,-6133000.0,0.0,490.678,
24,RE,MRQ,2015-06-30,2015-06-30,2015-06-30,2021-09-03,-14819000.0,21482896000.0,,,,,173.903,0.0,338901000.0,338901000.0,1068704000.0,209057000.0,,1.682,638366000.0,,,638366000.0,0.0,0.0,0.0,0.02,0.95,253917000.0,253917000.0,0.183,253917000.0,253917000.0,244891000.0,4.72,4.68,4.72,7726662000.0,,7726662000.0,8326640636.0,6.0,6.239,181068000.0,4.075,1.0,321744000.0,0.231,0.0,9026000.0,21782361000.0,,0.0,17663308000.0,,,12996505000.0,,,8086850636.0,-59674000.0,0.0,-44475000.0,0.0,-41955000.0,-86430000.0,-154515000.0,-154515000.0,181068000.0,203000.0,209057000.0,209057000.0,209057000.0,0.0,0.0,0.15,67827000.0,253917000.0,160248000.0,0.201,1.047,7.05,7.124,0.0,0.0,182.01,1.402,1.402,2307506000.0,8267038000.0,1390448000.0,1390448000.0,0.0,,,,,5194000.0,67827000.0,1.0,44430804.0,44430804,,31.295,21482896000.0,206400000.0,35834000.0,0.0,483.514,
25,RE,MRQ,2015-03-31,2015-03-31,2015-03-31,2021-09-03,52969000.0,21267287000.0,,,,,172.387,0.0,398575000.0,398575000.0,998249000.0,322978000.0,,1.695,638365000.0,,,638365000.0,0.0,0.0,0.0,0.02,0.95,373135000.0,373135000.0,0.26,373135000.0,373135000.0,364145000.0,7.26,7.19,7.26,7666630000.0,,7666630000.0,7939271866.0,5.0,5.499,350569000.0,7.883,1.0,437339000.0,0.305,0.0,8990000.0,21507077000.0,,0.0,17395889000.0,,,12997062000.0,,,7738381866.0,-38899000.0,0.0,-75038000.0,0.0,-42252000.0,-117290000.0,-265146000.0,-265146000.0,350569000.0,-7032000.0,322978000.0,322978000.0,322978000.0,0.0,0.0,0.225,64204000.0,373135000.0,200262000.0,0.131,1.009,6.301,6.409,0.0,0.0,174.0,1.327,1.327,2320146000.0,8099936000.0,1435588000.0,1435588000.0,0.0,,,,,5170000.0,64204000.0,1.0,44473459.0,44473459,,32.28,21267287000.0,159445000.0,41167000.0,0.0,478.202,
26,RE,MRQ,2014-12-31,2014-12-31,2014-12-31,2021-09-03,48317000.0,20817824000.0,,,,,164.677,0.0,437474000.0,437474000.0,984010000.0,297956000.0,,1.737,638364000.0,,,638364000.0,0.0,0.0,0.0,0.019,0.95,399390000.0,399390000.0,0.284,399390000.0,399390000.0,389827000.0,7.52,7.44,7.52,7451120000.0,,7451120000.0,8192116650.0,6.0,5.747,128818000.0,2.847,1.0,422781000.0,0.301,0.0,9563000.0,21018714000.0,,0.0,16998463000.0,,,12945152000.0,,,7705558650.0,35671000.0,0.0,-97708000.0,0.0,-42879000.0,-516453000.0,425473000.0,425473000.0,128818000.0,-2167000.0,340123000.0,340123000.0,340123000.0,0.0,-42167000.0,0.242,65558000.0,357223000.0,139841000.0,0.126,1.034,6.426,6.51,0.0,0.0,170.3,1.357,1.357,2223014000.0,7819210000.0,1406791000.0,1406791000.0,0.0,,,,,6477000.0,65558000.0,1.0,45246968.0,45246968,,31.091,20817824000.0,184762000.0,49704000.0,0.0,460.093,
27,RE,MRQ,2014-09-30,2014-09-30,2014-09-30,2021-09-03,185397000.0,21487213000.0,,,,,162.347,0.0,401803000.0,401803000.0,1128276000.0,301253000.0,,1.856,888361000.0,,,888361000.0,0.0,0.0,0.0,0.019,0.75,308196000.0,308196000.0,0.201,308196000.0,308196000.0,295772000.0,6.05,6.0,6.05,7382187000.0,,7382187000.0,7913635748.0,5.0,5.334,335512000.0,7.378,1.0,407604000.0,0.265,0.0,12424000.0,21973771000.0,,0.0,17196916000.0,,,13700615000.0,,,7366859748.0,60233000.0,0.0,-72669000.0,0.0,-33973000.0,-181976000.0,-104355000.0,-104355000.0,335512000.0,11052000.0,274916000.0,274916000.0,274916000.0,0.0,26337000.0,0.179,73071000.0,334533000.0,216031000.0,0.124,0.998,6.02,6.181,0.0,0.0,162.01,1.273,1.273,2662596000.0,7521966000.0,1535880000.0,1535880000.0,0.0,,,,,4952000.0,73071000.0,1.0,45471636.0,45471636,,33.777,21487213000.0,186924000.0,20856000.0,0.0,472.541,
28,RE,MRQ,2014-06-30,2014-06-30,2014-06-30,2021-09-03,299304000.0,21191644000.0,,,,,158.823,0.0,341570000.0,341570000.0,1019384000.0,297925000.0,,1.843,888346000.0,,,888346000.0,0.0,0.0,0.0,0.017,0.75,363022000.0,363022000.0,0.25,363022000.0,363022000.0,354044000.0,6.32,6.26,6.32,7322868000.0,,7322868000.0,7502647171.0,5.0,5.036,223335000.0,4.844,1.0,433076000.0,0.298,0.0,8978000.0,21738420000.0,,0.0,17299868000.0,,,13492868000.0,,,7399719171.0,-43834000.0,0.0,-63946000.0,400000000.0,-34319000.0,432235000.0,-695255000.0,-695255000.0,223335000.0,-4149000.0,290184000.0,290184000.0,290184000.0,0.0,7741000.0,0.2,62313000.0,370763000.0,217041000.0,0.119,1.01,6.252,6.417,0.0,0.0,160.49,1.309,1.309,2387464000.0,7281023000.0,1452460000.0,1452460000.0,0.0,,,,,5341000.0,62313000.0,1.0,46107042.0,46107042,,31.502,21191644000.0,141887000.0,63860000.0,0.0,459.618,
29,RE,MRQ,2014-03-31,2014-03-31,2014-03-31,2021-09-03,211207000.0,20112395000.0,,,,,148.552,0.0,385404000.0,385404000.0,865411000.0,302022000.0,,1.813,488332000.0,,,488332000.0,0.0,0.0,0.0,0.016,0.75,354733000.0,354733000.0,0.276,354733000.0,354733000.0,347165000.0,6.26,6.21,6.26,7037511000.0,,7037511000.0,7127552953.0,5.0,4.86,367097000.0,7.749,1.0,418405000.0,0.326,0.0,7568000.0,20215323000.0,,0.0,16421051000.0,,,12759716000.0,,,7250615953.0,-225978000.0,0.0,-247862000.0,0.0,-34742000.0,-211904000.0,-384435000.0,-384435000.0,367097000.0,3264000.0,293933000.0,293933000.0,293933000.0,0.0,8089000.0,0.229,55583000.0,362822000.0,116883000.0,0.12,1.03,6.203,6.301,0.0,0.0,153.05,1.305,1.305,2158585000.0,7025158000.0,1283816000.0,1283816000.0,0.0,,,,,4427000.0,55583000.0,1.0,47374165.0,47374165,,27.099,20112395000.0,136513000.0,53232000.0,0.0,424.544,
30,RE,MRQ,2013-12-31,2013-12-31,2013-12-31,2021-09-03,157728000.0,19808036000.0,,,,,145.469,0.0,611382000.0,611382000.0,979773000.0,366748000.0,,1.829,488319000.0,,,488319000.0,0.0,0.0,0.0,0.014,0.75,457646000.0,457646000.0,0.302,457646000.0,457646000.0,450008000.0,7.58,7.5,7.58,6968276000.0,,6968276000.0,7365274912.0,5.0,4.617,273297000.0,5.705,1.0,537349000.0,0.354,0.0,7638000.0,19684973000.0,,0.0,15985101000.0,,,12746382000.0,,,7466503912.0,21848000.0,0.0,-72131000.0,0.0,-35961000.0,34908000.0,-278674000.0,-278674000.0,273297000.0,-7683000.0,364638000.0,364638000.0,364638000.0,0.0,2110000.0,0.24,77593000.0,459756000.0,116387000.0,0.099,1.071,5.929,6.072,0.0,0.0,155.87,1.324,1.324,2075776000.0,6765967000.0,1517122000.0,1517122000.0,0.0,,,,,16756000.0,77593000.0,1.0,47902123.0,47902123,,31.671,19808036000.0,178334000.0,85370000.0,0.0,413.511,
31,RE,MRQ,2013-09-30,2013-09-30,2013-09-30,2021-09-03,180204000.0,20027920000.0,,,,,138.149,0.0,589534000.0,589534000.0,1018689000.0,238527000.0,,1.968,488305000.0,,,488305000.0,0.0,0.0,0.0,0.013,0.48,314423000.0,314423000.0,0.224,314423000.0,314423000.0,306786000.0,4.85,4.81,4.85,6717450000.0,,6717450000.0,7159657359.0,6.0,6.019,386022000.0,7.939,1.0,382809000.0,0.273,0.0,7637000.0,19926691000.0,,0.0,15658322000.0,,,13219202000.0,,,7070502359.0,150398000.0,0.0,-94898000.0,-40000000.0,-23174000.0,-70572000.0,-152638000.0,-152638000.0,386022000.0,-12414000.0,234759000.0,234759000.0,234759000.0,0.0,3768000.0,0.168,64618000.0,318191000.0,224873000.0,0.099,1.053,7.415,7.573,0.0,0.0,145.41,1.31,1.31,2450567000.0,6437290000.0,1401498000.0,1401498000.0,0.0,,,,,4923000.0,64618000.0,1.0,48624595.0,48624595,,28.823,20027920000.0,259720000.0,72027000.0,0.0,411.889,
32,RE,MRQ,2013-06-30,2013-06-30,2013-06-30,2021-09-03,207164000.0,19559048000.0,,,,,132.524,0.0,439136000.0,439136000.0,953657000.0,275642000.0,,1.953,528291000.0,,,528291000.0,0.0,0.0,0.0,0.015,0.48,339817000.0,339817000.0,0.251,339817000.0,339817000.0,322455000.0,5.6,5.56,5.6,6622800000.0,,6622800000.0,6703749157.0,6.0,5.551,179584000.0,3.594,1.0,400886000.0,0.296,0.0,17362000.0,19648203000.0,,0.0,15588766000.0,,,12936248000.0,,,6409711157.0,-85000000.0,0.0,-191672000.0,-289897000.0,-23315000.0,-504884000.0,255096000.0,255096000.0,179584000.0,-14796000.0,275642000.0,275642000.0,275642000.0,0.0,0.0,0.203,61069000.0,339817000.0,191931000.0,0.086,0.968,6.61,6.684,0.0,0.0,128.26,1.229,1.229,2243910000.0,6225705000.0,1354543000.0,1354543000.0,0.0,,,,,4551000.0,61069000.0,1.0,49974358.0,49974358,,27.105,19559048000.0,325432000.0,46813000.0,0.0,391.382,
33,RE,MRQ,2013-03-31,2013-03-31,2013-03-31,2021-09-03,466436000.0,19802071000.0,,,,,133.409,0.0,524136000.0,524136000.0,825690000.0,384343000.0,,1.905,818174000.0,,,818174000.0,0.0,0.0,0.0,0.015,0.48,483320000.0,483320000.0,0.353,483320000.0,483320000.0,469839000.0,7.56,7.5,7.56,6816866000.0,,6816866000.0,6916649232.0,6.0,6.173,259358000.0,5.076,1.0,541983000.0,0.396,0.0,13481000.0,20096109000.0,,0.0,16038058000.0,,,12985205000.0,,,6635538232.0,-12914000.0,0.0,-211714000.0,0.0,-24231000.0,-235945000.0,-47787000.0,-47787000.0,259358000.0,11460000.0,384343000.0,384343000.0,384343000.0,0.0,0.0,0.281,58663000.0,483320000.0,165364000.0,0.063,0.973,7.303,7.341,0.0,0.0,129.86,1.316,1.316,2071509000.0,5973378000.0,1367673000.0,1367673000.0,0.0,,,,,5614000.0,58663000.0,1.0,51097630.0,51097630,,26.766,19802071000.0,267706000.0,85496000.0,0.0,387.534,
34,RE,MRQ,2012-12-31,2012-12-31,2012-12-31,2021-09-03,537049000.0,19777907000.0,,,,,130.218,0.0,537050000.0,537050000.0,1159602000.0,58777000.0,,1.937,818161000.0,,,818161000.0,0.0,0.0,0.0,0.017,0.48,52028000.0,52028000.0,0.041,52028000.0,52028000.0,38098000.0,1.19,1.18,1.19,6733467000.0,,6733467000.0,6025010812.0,6.0,6.066,215196000.0,4.162,1.0,113048000.0,0.089,0.0,13930000.0,20059018000.0,,0.0,16039146000.0,,,13044440000.0,,,5685421812.0,58492000.0,0.0,-38358000.0,0.0,-24735000.0,-63093000.0,-96685000.0,-96685000.0,215196000.0,3074000.0,58777000.0,58777000.0,58777000.0,0.0,0.0,0.046,61020000.0,52028000.0,162778000.0,0.403,0.844,6.859,6.937,0.0,0.0,109.95,1.155,1.155,1968047000.0,5613266000.0,1272650000.0,1272650000.0,0.0,,,,,9158000.0,61020000.0,1.0,51709157.0,51709157,,24.612,19777907000.0,330466000.0,-20679000.0,0.0,382.484,
35,RE,MRQ,2012-09-30,2012-09-30,2012-09-30,2021-09-03,593796000.0,19667473000.0,,,,,130.935,0.0,478558000.0,478558000.0,824736000.0,250922000.0,,1.899,818147000.0,,,818147000.0,0.0,0.0,0.0,0.018,0.48,332536000.0,332536000.0,0.273,332536000.0,332536000.0,319205000.0,4.84,4.82,4.84,6785372000.0,,6785372000.0,5962205620.0,7.0,6.539,174926000.0,3.375,1.0,394245000.0,0.323,0.0,13331000.0,20007062000.0,,0.0,16055399000.0,,,12882101000.0,,,5542922620.0,79707000.0,0.0,-23113000.0,0.0,-24897000.0,-48010000.0,-63961000.0,-63961000.0,174926000.0,16752000.0,250922000.0,250922000.0,250922000.0,0.0,0.0,0.206,61709000.0,332536000.0,228641000.0,0.099,0.817,6.833,6.95,0.0,0.0,106.96,1.123,1.123,1954348000.0,5579224000.0,1218981000.0,1218981000.0,0.0,,,,,9452000.0,61709000.0,1.0,51822388.0,51822388,,23.522,19667473000.0,281187000.0,68283000.0,0.0,379.517,
36,RE,MRQ,2012-06-30,2012-06-30,2012-06-30,2021-09-03,438139000.0,18903251000.0,,,,,121.667,0.0,398851000.0,398851000.0,873659000.0,214551000.0,,1.946,818134000.0,,,818134000.0,0.0,0.0,0.0,0.019,0.48,252646000.0,252646000.0,0.214,252646000.0,252646000.0,239402000.0,4.1,4.08,4.1,6417351000.0,,6417351000.0,5804673161.0,10.0,9.646,138772000.0,2.631,1.0,308396000.0,0.261,0.0,13244000.0,19322534000.0,,0.0,15630968000.0,,,12485900000.0,,,5458598161.0,-73196000.0,0.0,-84656000.0,0.0,-25129000.0,-109785000.0,-97366000.0,-97366000.0,138772000.0,-4817000.0,214551000.0,214551000.0,214551000.0,0.0,0.0,0.182,55750000.0,252646000.0,78366000.0,0.117,0.851,8.757,8.838,0.0,0.0,103.49,1.151,1.151,1646581000.0,5353199000.0,1182055000.0,1182055000.0,0.0,,,,,7652000.0,55750000.0,1.0,52745175.0,52745175,,22.411,18903251000.0,334687000.0,24851000.0,0.0,358.388,
37,RE,MRQ,2012-03-31,2012-03-31,2012-03-31,2021-09-03,464201000.0,19165400000.0,,,,,117.817,0.0,472047000.0,472047000.0,839969000.0,304704000.0,,2.027,818122000.0,,,818122000.0,0.0,0.0,0.0,0.021,0.48,355999000.0,355999000.0,0.285,355999000.0,355999000.0,342821000.0,5.7,5.68,5.7,6330998000.0,,6330998000.0,5341091625.0,11.0,10.618,165738000.0,3.084,1.0,409155000.0,0.328,0.0,13178000.0,19511475000.0,,0.0,15644911000.0,,,12834402000.0,,,4971633625.0,23396000.0,0.0,-122388000.0,0.0,-25641000.0,-148029000.0,-6536000.0,-6536000.0,165738000.0,12223000.0,304704000.0,304704000.0,304704000.0,0.0,0.0,0.244,53156000.0,355999000.0,49748000.0,0.084,0.785,9.205,9.224,0.0,0.0,92.52,1.05,1.05,1700332000.0,5163777000.0,1249124000.0,1249124000.0,0.0,,,,,5722000.0,53156000.0,1.0,53735772.0,53735772,,23.246,19165400000.0,339998000.0,38117000.0,0.0,356.66,
38,RE,MRQ,2011-12-31,2011-12-31,2011-12-31,2021-09-03,366978000.0,18893555000.0,,,,,113.044,0.0,448651000.0,448651000.0,1268649000.0,41042000.0,,2.112,818109000.0,,,818109000.0,0.0,0.0,0.0,0.023,0.48,-29370000.0,-29370000.0,-0.023,-29370000.0,-29370000.0,-42490000.0,0.75,0.75,0.75,6071375000.0,,6071375000.0,4890718079.0,-27.0,-26.927,171082000.0,3.185,1.0,17282000.0,0.013,0.0,13120000.0,19263013000.0,,0.0,15348730000.0,,,12822180000.0,,,4516327079.0,4945000.0,0.0,-4490000.0,0.0,-25786000.0,-30276000.0,-112998000.0,-112998000.0,171082000.0,-22863000.0,41042000.0,41042000.0,41042000.0,0.0,0.0,0.032,46652000.0,-29370000.0,60775000.0,0.64,0.744,-56.113,-56.436,0.0,0.0,84.09,0.962,0.962,1743296000.0,4884714000.0,1285931000.0,1285931000.0,0.0,,,,,4740000.0,46652000.0,1.0,53708254.0,53708254,,23.943,18893555000.0,374406000.0,-83532000.0,0.0,351.781,
39,RE,MRQ,2011-09-30,2011-09-30,2011-09-30,2021-09-03,402946000.0,18735588000.0,,,,,112.086,0.0,443706000.0,443706000.0,948680000.0,63054000.0,,2.076,818097000.0,,,818097000.0,0.0,0.0,0.0,0.024,0.48,22473000.0,22473000.0,0.022,22473000.0,22473000.0,9388000.0,1.16,1.16,1.16,6091841000.0,,6091841000.0,4760828120.0,49.0,49.079,207910000.0,3.825,1.0,76114000.0,0.074,0.0,13085000.0,19109979000.0,,0.0,15270211000.0,,,12643747000.0,,,4314267120.0,32183000.0,0.0,-45677000.0,-40000000.0,-25936000.0,-111613000.0,-67186000.0,-67186000.0,207910000.0,3072000.0,63054000.0,63054000.0,63054000.0,0.0,0.0,0.062,53641000.0,22473000.0,32150000.0,0.414,0.708,23.835,25.2,0.0,0.0,79.38,0.925,0.925,1682927000.0,4869458000.0,1024794000.0,1024794000.0,0.0,,,,,5295000.0,53641000.0,1.0,54349548.0,54349548,,18.856,18735588000.0,345360000.0,-53666000.0,0.0,344.724,
40,RE,MRQ,2011-06-30,2011-06-30,2011-06-30,2021-09-03,460403000.0,19003917000.0,,,,,113.331,0.0,411523000.0,411523000.0,973163000.0,131312000.0,,2.089,858084000.0,,,858084000.0,0.0,0.0,0.0,0.023,0.48,153941000.0,153941000.0,0.131,153941000.0,153941000.0,140825000.0,2.42,2.41,2.42,6152558000.0,,6152558000.0,5012016679.0,17.0,17.158,150640000.0,2.775,1.0,203628000.0,0.173,0.0,13116000.0,19450478000.0,,0.0,15425096000.0,,,12851359000.0,,,4438090679.0,127376000.0,0.0,5879000.0,0.0,-26081000.0,-20202000.0,-5031000.0,-5031000.0,150640000.0,1969000.0,131312000.0,131312000.0,131312000.0,0.0,0.0,0.112,49687000.0,153941000.0,20136000.0,0.198,0.721,15.191,15.998,0.0,0.0,81.75,0.921,0.921,1796590000.0,4832340000.0,1176791000.0,1176791000.0,0.0,,,,,4212000.0,49687000.0,1.0,54288571.0,54288571,,21.677,19003917000.0,288548000.0,9513000.0,0.0,350.054,
41,RE,MRQ,2011-03-31,2011-03-31,2011-03-31,2021-09-03,337337000.0,18792434000.0,,,,,108.648,0.0,284147000.0,284147000.0,1486233000.0,-315894000.0,,2.178,858073000.0,,,858073000.0,0.0,0.0,0.0,0.022,0.48,-328672000.0,-328672000.0,-0.272,-328672000.0,-328672000.0,-341670000.0,-5.81,-5.81,-5.81,5914170000.0,,5914170000.0,5409650938.0,17.0,17.365,188106000.0,3.456,1.0,-279788000.0,-0.232,0.0,12998000.0,19366360000.0,,0.0,15081670000.0,,,12878264000.0,,,4799998938.0,25739000.0,-63100000.0,-35933000.0,-10000000.0,-26045000.0,-71978000.0,-81709000.0,-18609000.0,188106000.0,-8680000.0,-315894000.0,-315894000.0,-315894000.0,0.0,0.0,-0.262,48884000.0,-328672000.0,26818000.0,-0.083,0.812,15.118,16.36,0.0,0.0,88.18,1.012,1.012,1775710000.0,4727109000.0,1206445000.0,1206445000.0,0.0,,,,,3446000.0,48884000.0,1.0,54434100.0,54434100,,22.163,18792434000.0,341654000.0,-25776000.0,0.0,345.233,
42,RE,MRQ,2010-12-31,2010-12-31,2010-12-31,2021-09-03,332258000.0,18384198000.0,,,,,114.282,0.0,258408000.0,258408000.0,965348000.0,302533000.0,,1.926,868060000.0,,,868060000.0,0.0,0.0,0.0,0.023,0.48,249261000.0,249261000.0,0.198,249261000.0,249261000.0,236227000.0,5.38,5.37,5.38,6283517000.0,,6283517000.0,5363524668.0,8.0,8.289,127862000.0,2.326,1.0,293026000.0,0.233,0.0,13034000.0,18993850000.0,,0.0,15106611000.0,,,12100681000.0,,,4663616668.0,57268000.0,0.0,-50097000.0,-33000000.0,-26063000.0,-109160000.0,35380000.0,35380000.0,127862000.0,3186000.0,302533000.0,302533000.0,302533000.0,0.0,0.0,0.24,43765000.0,249261000.0,47519000.0,0.089,0.742,7.636,7.905,0.0,0.0,84.82,0.991,0.991,1662557000.0,5069048000.0,1258374000.0,1258374000.0,0.0,,,,,2857000.0,43765000.0,1.0,54982512.0,54982512,,22.887,18384198000.0,273316000.0,-66306000.0,0.0,334.364,
43,RE,MRQ,2010-09-30,2010-09-30,2010-09-30,2021-09-03,559591000.0,18549911000.0,,,,,111.689,0.0,201140000.0,201140000.0,912260000.0,174200000.0,,1.953,901048000.0,,,901048000.0,0.0,0.0,0.0,0.022,0.48,217576000.0,217576000.0,0.185,217576000.0,217576000.0,204438000.0,3.12,3.11,3.12,6281620000.0,,6281620000.0,5622830383.0,9.0,8.856,297771000.0,5.294,1.0,265830000.0,0.226,0.0,13138000.0,19249819000.0,,0.0,15286351000.0,,,12268291000.0,,,4863247383.0,9687000.0,0.0,-99129000.0,-50000000.0,-26574000.0,-175703000.0,-100924000.0,-100924000.0,297771000.0,-11457000.0,174200000.0,174200000.0,174200000.0,0.0,0.0,0.148,48254000.0,217576000.0,63796000.0,0.154,0.774,9.622,9.905,0.0,0.0,86.47,1.051,1.051,1732417000.0,4792578000.0,1178090000.0,1178090000.0,0.0,,,,,4799000.0,48254000.0,1.0,56242019.0,56242019,,20.947,18549911000.0,200954000.0,30238000.0,0.0,329.823,
44,RE,MRQ,2010-06-30,2010-06-30,2010-06-30,2021-09-03,366866000.0,18206876000.0,,,,,102.433,0.0,191453000.0,191453000.0,880441000.0,156673000.0,,2.017,951036000.0,,,951036000.0,0.0,0.0,0.0,0.027,0.48,173356000.0,173356000.0,0.158,173356000.0,173356000.0,160340000.0,2.7,2.7,2.7,6035599000.0,,6035599000.0,4770864361.0,7.0,6.734,221510000.0,3.759,1.0,218990000.0,0.199,0.0,13016000.0,18966459000.0,,0.0,14910663000.0,,,12171277000.0,,,4166997361.0,-22706000.0,0.0,-199951000.0,133000000.0,-27556000.0,-94507000.0,-159208000.0,-159208000.0,221510000.0,9499000.0,156673000.0,156673000.0,156673000.0,0.0,0.0,0.143,45634000.0,173356000.0,50822000.0,0.178,0.69,7.443,7.547,0.0,0.0,70.72,0.904,0.904,1739402000.0,4644952000.0,1099431000.0,1099431000.0,0.0,,,,,3589000.0,45634000.0,1.0,58922474.0,58922474,,18.659,18206876000.0,266115000.0,3667000.0,0.0,308.997,
45,RE,MRQ,2010-03-31,2010-03-31,2010-03-31,2021-09-03,300977000.0,18160085000.0,,,,,101.773,0.0,214159000.0,214159000.0,1119518000.0,-22652000.0,,2.008,818026000.0,,,818026000.0,0.0,0.0,0.0,0.024,0.48,6875000.0,6875000.0,0.006,6875000.0,6875000.0,-9767000.0,-0.38,-0.38,-0.38,6036955000.0,,6036955000.0,5570970779.0,6.0,6.44,271332000.0,4.574,1.0,50394000.0,0.043,0.0,16642000.0,18763952000.0,,0.0,14830229000.0,,,12123130000.0,,,4800584779.0,-33439000.0,0.0,-46311000.0,0.0,-28284000.0,-274595000.0,-45261000.0,-45261000.0,271332000.0,15085000.0,-22652000.0,-22652000.0,-22652000.0,0.0,0.0,-0.019,43519000.0,6875000.0,42687000.0,-1.263,0.795,7.104,7.284,0.0,0.0,80.93,1.026,1.026,1737986000.0,4515835000.0,1169912000.0,1169912000.0,0.0,,,,,3541000.0,43519000.0,1.0,59317741.0,59317741,,19.723,18160085000.0,321304000.0,12885000.0,0.0,306.149,
46,RE,MRQ,2009-12-31,2009-12-31,2009-12-31,2021-09-03,272038000.0,18001312000.0,,,,,101.052,0.0,247598000.0,247598000.0,893945000.0,197227000.0,,1.95,1017984000.0,,,1017984000.0,0.0,0.0,0.0,0.022,0.48,237135000.0,237135000.0,0.201,237135000.0,237135000.0,219688000.0,3.29,3.28,3.29,6101722000.0,,6101722000.0,5926403326.0,6.0,5.86,186068000.0,3.082,1.0,287511000.0,0.243,0.0,17447000.0,18771698000.0,,0.0,14671218000.0,,,11899590000.0,,,5173544326.0,-17477000.0,0.0,-94320000.0,0.0,-28668000.0,-122988000.0,-79657000.0,-79657000.0,186068000.0,-900000.0,197227000.0,197227000.0,197227000.0,0.0,0.0,0.167,50376000.0,237135000.0,53014000.0,0.146,0.848,6.411,6.462,0.0,0.0,85.68,1.15,1.15,1723251000.0,4566771000.0,1181456000.0,1181456000.0,0.0,,,,,3057000.0,50376000.0,1.0,60382170.0,60382170,,19.566,18001312000.0,319073000.0,22461000.0,0.0,298.123,
47,RE,MRQ,2009-09-30,2009-09-30,2009-09-30,2021-09-03,332564000.0,18128891000.0,,,,,99.993,0.0,265075000.0,265075000.0,816504000.0,228618000.0,,1.979,1017934000.0,,,1017934000.0,0.0,0.0,0.0,0.022,0.48,291067000.0,291067000.0,0.252,291067000.0,291067000.0,273691000.0,3.76,3.75,3.76,6084952000.0,,6084952000.0,5882478380.0,8.0,7.96,314743000.0,5.172,1.0,340004000.0,0.294,0.0,17376000.0,18881750000.0,,0.0,14847974000.0,,,12043939000.0,,,5336892380.0,-207225000.0,0.0,-39963000.0,0.0,-29100000.0,-69063000.0,-453521000.0,-453521000.0,314743000.0,616000.0,228618000.0,228618000.0,228618000.0,0.0,0.0,0.198,48937000.0,291067000.0,51676000.0,0.128,0.877,8.997,9.032,0.0,0.0,87.7,1.321,1.321,1708621000.0,4398212000.0,1156508000.0,1156508000.0,0.0,,,,,3534000.0,48937000.0,1.0,60853961.0,60853961,,19.005,18128891000.0,290281000.0,45073000.0,0.0,297.908,
48,RE,MRQ,2009-06-30,2009-06-30,2009-06-30,2021-09-03,-43884000.0,17326935000.0,,,,,90.108,0.0,472300000.0,472300000.0,795999000.0,272588000.0,,2.125,1017886000.0,,,1017886000.0,0.0,0.0,0.0,0.027,0.48,329983000.0,329983000.0,0.282,329983000.0,329983000.0,312867000.0,4.44,4.43,4.44,5545415000.0,,5545415000.0,4955157310.0,27.0,26.704,103421000.0,1.68,1.0,375320000.0,0.32,0.0,17116000.0,17872521000.0,,0.0,13735005000.0,,,11781520000.0,,,4404567310.0,5052000.0,0.0,-49162000.0,0.0,-29549000.0,-78711000.0,-62395000.0,-62395000.0,103421000.0,42737000.0,272588000.0,272588000.0,272588000.0,0.0,0.0,0.233,45337000.0,329983000.0,44282000.0,0.108,0.794,33.514,33.134,0.0,0.0,71.57,1.193,1.193,1712036000.0,4198694000.0,1171319000.0,1171319000.0,0.0,,,,,3620000.0,45337000.0,1.0,61542089.0,61542089,,19.033,17326935000.0,436348000.0,40279000.0,0.0,281.546,
49,RE,MRQ,2009-03-31,2009-03-31,2009-03-31,2021-09-03,-294636000.0,16724994000.0,,,,,82.224,0.0,467248000.0,467248000.0,795943000.0,108556000.0,,2.319,1017838000.0,,,1017838000.0,0.0,0.0,0.0,0.027,0.48,153217000.0,153217000.0,0.155,153217000.0,153217000.0,133075000.0,1.77,1.76,1.77,5039854000.0,,5039854000.0,5321542662.0,119.0,118.901,180506000.0,2.945,1.0,193352000.0,0.195,0.0,20142000.0,17275584000.0,,0.0,13133835000.0,,,11685140000.0,,,4348147662.0,261554000.0,0.0,132000.0,-83026000.0,-29540000.0,-112434000.0,223217000.0,223217000.0,180506000.0,-29735000.0,108556000.0,108556000.0,108556000.0,0.0,0.0,0.11,40135000.0,153217000.0,49644000.0,0.271,0.863,366.468,354.0,0.0,0.0,70.8,1.208,1.205,1663423000.0,3898343000.0,989295000.0,989295000.0,0.0,,,,,3136000.0,40135000.0,1.0,61414515.0,61294000,61433000.0,16.14,16724994000.0,462994000.0,24519000.0,0.0,272.865,
50,RE,MRQ,2008-12-31,2008-12-31,2008-12-31,2021-09-03,-291851000.0,16846590000.0,,,,,80.96,0.0,205694000.0,205694000.0,716001000.0,-16591000.0,,2.396,1179089000.0,,,1179089000.0,0.0,0.0,0.0,0.025,0.48,-35262000.0,-35262000.0,-0.049,-35262000.0,-35262000.0,-55057000.0,-0.26,-0.26,-0.26,4960355000.0,,4960355000.0,5631438946.0,-1269.0,-1269.486,55308000.0,0.903,1.0,6780000.0,0.009,0.0,19795000.0,17819985000.0,,0.0,13508586000.0,,,11886235000.0,,,4676025946.0,-17936000.0,0.0,351000.0,0.0,-29483000.0,-29132000.0,-15117000.0,-15117000.0,55308000.0,-28995000.0,-16591000.0,-16591000.0,-16591000.0,0.0,0.0,-0.023,42042000.0,-35262000.0,51138000.0,-1.846,0.943,-249.282,-253.8,0.0,0.0,76.14,1.326,1.331,1644658000.0,3819327000.0,722781000.0,722781000.0,0.0,,,,,2794000.0,42042000.0,1.0,61413527.0,61269000,61269000.0,11.797,16846590000.0,474662000.0,-38466000.0,0.0,274.961,
51,RE,MRQ,2008-09-30,2008-09-30,2008-09-30,2021-09-03,-258559000.0,17370387000.0,,,,,82.034,0.0,223630000.0,223630000.0,1031713000.0,-233127000.0,,2.449,1179043000.0,,,1179043000.0,0.0,0.0,0.0,0.022,0.48,-262376000.0,-262376000.0,-0.324,-262376000.0,-262376000.0,-282171000.0,-3.79,-3.79,-3.79,5036576000.0,,5036576000.0,6291022223.0,106.0,105.673,375399000.0,6.114,1.0,-222041000.0,-0.274,0.0,19795000.0,18325800000.0,,0.0,13895949000.0,,,12333811000.0,,,5337903223.0,-2248000.0,0.0,-22714000.0,0.0,-29463000.0,-52177000.0,-301615000.0,-301615000.0,375399000.0,-23855000.0,-233127000.0,-233127000.0,-233127000.0,0.0,0.0,-0.288,40335000.0,-262376000.0,50110000.0,-0.127,1.06,530.027,721.083,0.0,0.0,86.53,1.364,1.357,1669071000.0,3865401000.0,809672000.0,809672000.0,0.0,,,,,2941000.0,40335000.0,1.0,61688469.0,61396000,61396000.0,13.188,17370387000.0,436324000.0,-49044000.0,0.0,282.924,
52,RE,MRQ,2008-06-30,2008-06-30,2008-06-30,2021-09-03,-9895000.0,17792928000.0,,,,,90.298,0.0,225878000.0,225878000.0,849455000.0,153027000.0,,2.196,1178997000.0,,,1178997000.0,0.0,0.0,0.0,0.024,0.48,189177000.0,189177000.0,0.175,189177000.0,189177000.0,169383000.0,2.48,2.46,2.48,5567603000.0,,5567603000.0,5897383684.0,9.0,8.932,-18364000.0,-0.298,1.0,228905000.0,0.212,0.0,19794000.0,18746047000.0,,0.0,14355057000.0,,,12225325000.0,,,4936400684.0,7907000.0,0.0,-22564000.0,0.0,-29676000.0,-52240000.0,80326000.0,80326000.0,-18364000.0,-1815000.0,153027000.0,153027000.0,153027000.0,0.0,0.0,0.142,39728000.0,189177000.0,48617000.0,0.194,0.887,10.079,10.167,0.0,0.0,79.71,1.146,1.141,1706916000.0,4127991000.0,1078360000.0,1078360000.0,0.0,,,,,2891000.0,39728000.0,1.0,61929503.0,61658000,62002000.0,17.489,17792928000.0,394991000.0,16356000.0,0.0,288.575,
53,RE,MRQ,2008-03-31,2008-03-31,2008-03-31,2021-09-03,159164000.0,18046001000.0,,,,,90.305,0.0,217971000.0,217971000.0,772497000.0,77933000.0,,2.204,1178954000.0,,,1178954000.0,0.0,0.0,0.0,0.021,0.48,104025000.0,104025000.0,0.113,104025000.0,104025000.0,84238000.0,1.25,1.24,1.25,5632984000.0,,5632984000.0,6556790235.0,8.0,7.726,250652000.0,4.018,1.0,144269000.0,0.157,0.0,19787000.0,19006984000.0,,0.0,14778528000.0,,,12413017000.0,,,5628447235.0,-32596000.0,0.0,-103413000.0,0.0,-29994000.0,-133407000.0,-153618000.0,-153618000.0,250652000.0,3777000.0,77933000.0,77933000.0,77933000.0,0.0,0.0,0.085,40244000.0,104025000.0,49520000.0,0.384,0.999,9.084,9.08,0.0,0.0,89.53,1.252,1.242,1687542000.0,4004640000.0,916766000.0,916766000.0,0.0,,,,,7679000.0,40244000.0,1.0,62866606.0,62377000,62860000.0,14.697,18046001000.0,312272000.0,6305000.0,0.0,289.305,
54,RE,MRQ,2007-12-31,2007-12-31,2007-12-31,2021-09-03,163155000.0,17999482000.0,,,,,90.717,0.0,250567000.0,250567000.0,1041591000.0,12238000.0,,2.166,1178910000.0,,,1178910000.0,0.0,0.0,0.0,0.019,0.48,28707000.0,28707000.0,0.026,28707000.0,28707000.0,5685000.0,0.18,0.19,0.18,5684770000.0,,5684770000.0,7500987658.0,7.0,6.7,235740000.0,3.762,1.0,67394000.0,0.061,0.0,23022000.0,18927825000.0,,0.0,14685605000.0,,,12314712000.0,,,6311685658.0,44505000.0,0.0,2297000.0,-216496000.0,-30388000.0,-244587000.0,68906000.0,68906000.0,235740000.0,-15554000.0,12238000.0,12238000.0,12238000.0,0.0,0.0,0.011,38687000.0,28707000.0,68494000.0,2.667,1.11,7.52,7.577,0.0,0.0,100.4,1.32,1.325,1744324000.0,3956701000.0,1108985000.0,1108985000.0,0.0,,,,,3614000.0,38687000.0,1.0,62865395.0,62665000,63122000.0,17.697,17999482000.0,275193000.0,-6553000.0,0.0,287.233,
55,RE,MRQ,2007-09-30,2007-09-30,2007-09-30,2021-09-03,78490000.0,17860928000.0,,,,,89.438,0.0,206062000.0,206062000.0,823375000.0,246587000.0,,2.182,1395364000.0,,,1395364000.0,0.0,0.0,0.0,0.015,0.48,338319000.0,338319000.0,0.281,338319000.0,338319000.0,311486000.0,3.93,3.9,3.93,5612344000.0,,5612344000.0,8176116135.0,6.0,6.035,355963000.0,5.673,1.0,378635000.0,0.315,0.0,26833000.0,19050230000.0,,0.0,14682736000.0,,,12248584000.0,,,6968585135.0,18272000.0,0.0,-37008000.0,0.0,-30038000.0,-67046000.0,-267934000.0,-267934000.0,355963000.0,-2711000.0,246587000.0,246587000.0,246587000.0,0.0,0.0,0.205,40316000.0,338319000.0,29651000.0,0.122,1.242,6.743,6.784,0.0,0.0,110.24,1.438,1.427,1735747000.0,3974851000.0,1202010000.0,1202010000.0,0.0,,,,,4218000.0,40316000.0,1.0,63212855.0,62751000,63268000.0,19.155,17860928000.0,269959000.0,64899000.0,0.0,284.632,
56,RE,MRQ,2007-06-30,2007-06-30,2007-06-30,2021-09-03,-12170000.0,17484453000.0,,,,,84.862,0.0,187790000.0,187790000.0,853537000.0,282868000.0,,2.276,1395321000.0,,,1395321000.0,0.0,0.0,0.0,0.012,0.48,377660000.0,377660000.0,0.298,377660000.0,377660000.0,353417000.0,4.5,4.45,4.5,5337925000.0,,5337925000.0,7699236977.0,6.0,5.774,100427000.0,1.597,1.0,415201000.0,0.327,0.0,24243000.0,18691984000.0,,0.0,14219922000.0,,,12146528000.0,,,6863801977.0,27581000.0,0.0,-9324000.0,395637000.0,-30223000.0,356090000.0,-419251000.0,-419251000.0,100427000.0,-9685000.0,282868000.0,282868000.0,282868000.0,0.0,0.0,0.223,37541000.0,377660000.0,30618000.0,0.107,1.286,6.648,6.739,0.0,0.0,108.64,1.443,1.436,1867916000.0,3758302000.0,1268738000.0,1268738000.0,0.0,,,,,4437000.0,37541000.0,1.0,63179326.0,62901000,63518000.0,20.17,17484453000.0,243955000.0,70549000.0,0.0,277.968,
57,RE,MRQ,2007-03-31,2007-03-31,2007-03-31,2021-09-03,94546000.0,17074316000.0,,,,,80.984,0.0,160209000.0,160209000.0,791423000.0,297582000.0,,2.285,995644000.0,,,995644000.0,0.0,0.0,0.0,0.01,0.48,374831000.0,374831000.0,0.312,374831000.0,374831000.0,357368000.0,4.64,4.59,4.64,5196883000.0,,5196883000.0,6904195005.0,6.0,5.638,162301000.0,2.529,1.0,410891000.0,0.342,0.0,17463000.0,17909751000.0,,0.0,13783656000.0,,,11877433000.0,,,6158458005.0,-89659000.0,0.0,-179316000.0,0.0,-30738000.0,-210054000.0,-34737000.0,-34317000.0,162301000.0,-7169000.0,297582000.0,297582000.0,297582000.0,0.0,0.0,0.248,36060000.0,374831000.0,53524000.0,0.103,1.185,6.349,6.399,0.0,0.0,96.17,1.356,1.359,1980784000.0,3505657000.0,1202314000.0,1202314000.0,0.0,,,,,4850000.0,36060000.0,1.0,64037205.0,64172000,64763000.0,18.736,17074316000.0,204476000.0,59786000.0,59158000.0,266.071,
58,RE,MRQ,2006-12-31,2006-12-31,2006-12-31,2021-09-03,348543000.0,17107570000.0,,,,,78.783,0.0,249868000.0,249868000.0,868548000.0,206351000.0,,2.349,995605000.0,,,995605000.0,0.0,0.0,0.0,0.006,0.24,263950000.0,263950000.0,0.225,263950000.0,263950000.0,245783000.0,3.18,3.16,3.18,5107687000.0,,5107687000.0,7162987965.0,7.0,6.747,142106000.0,2.192,1.0,304446000.0,0.26,0.0,18167000.0,17853307000.0,,0.0,13707219000.0,,,11999883000.0,,,6377182965.0,40106000.0,0.0,5754000.0,0.0,-15609000.0,-9855000.0,-112200000.0,-122126000.0,142106000.0,20055000.0,206351000.0,206351000.0,206351000.0,0.0,0.0,0.176,41200000.0,263246000.0,47483000.0,0.075,1.249,7.584,7.553,0.0,0.0,98.11,1.412,1.406,1977357000.0,2987998000.0,1172994000.0,1172994000.0,0.0,,,,,5572000.0,41200000.0,1.0,65000336.0,64832000,65321000.0,18.093,17107570000.0,220047000.0,39432000.0,43002000.0,263.875,
59,RE,MRQ,2006-09-30,2006-09-30,2006-09-30,2021-09-03,266779000.0,16840756000.0,,,,,74.519,0.0,209762000.0,209762000.0,762641000.0,245678000.0,,2.491,995567000.0,,,995567000.0,0.0,0.0,0.0,0.005,0.12,316895000.0,316895000.0,0.284,316895000.0,316895000.0,299655000.0,3.8,3.76,3.8,4823856000.0,,4823856000.0,7155110120.0,12.0,12.42,180944000.0,2.795,1.0,351248000.0,0.315,0.0,17240000.0,17626561000.0,,0.0,13428308000.0,,,12016900000.0,,,6335003120.0,34339000.0,0.0,-545000.0,0.0,-7798000.0,-8343000.0,-147374000.0,-138648000.0,180944000.0,9112000.0,245678000.0,245678000.0,245678000.0,0.0,0.0,0.221,34118000.0,317130000.0,38419000.0,0.032,1.313,13.414,13.873,0.0,0.0,97.53,1.435,1.43,2041431000.0,2797256000.0,1113889000.0,1113889000.0,0.0,,,,,3205000.0,34118000.0,1.0,64954405.0,64733000,65375000.0,17.207,16840756000.0,218141000.0,53977000.0,16120000.0,260.157,
60,RE,MRQ,2006-06-30,2006-06-30,2006-06-30,2021-09-03,62529000.0,16535993000.0,,,,,67.674,0.0,175423000.0,175423000.0,750040000.0,220403000.0,,2.776,995530000.0,,,995530000.0,0.0,0.0,0.0,0.005,0.12,268809000.0,268809000.0,0.255,268809000.0,268809000.0,251562000.0,3.41,3.38,3.41,4379065000.0,,4379065000.0,6448740858.0,-33.0,-33.196,151623000.0,2.343,1.0,302688000.0,0.288,0.0,17247000.0,17356100000.0,,0.0,13012141000.0,,,12156928000.0,,,5619612858.0,9059000.0,0.0,2659000.0,0.0,-7792000.0,-5133000.0,-149798000.0,-149798000.0,151623000.0,12367000.0,220403000.0,220403000.0,220403000.0,0.0,0.0,0.209,33645000.0,269043000.0,74049000.0,0.035,1.283,-29.4,-20.711,0.0,0.0,86.57,1.276,1.272,2168775000.0,2559376000.0,1052728000.0,1052728000.0,0.0,,,,,3007000.0,33645000.0,1.0,64914091.0,64708000,65258000.0,16.269,16535993000.0,275468000.0,31159000.0,24000.0,255.548,
61,RE,MRQ,2006-03-31,2006-03-31,2006-03-31,2021-09-03,167853000.0,16593917000.0,,,,,66.016,0.0,166364000.0,166364000.0,936445000.0,168396000.0,,2.89,995492000.0,,,995492000.0,0.0,0.0,0.0,0.005,0.12,211995000.0,211995000.0,0.18,211995000.0,211995000.0,194750000.0,2.61,2.57,2.61,4266112000.0,,4266112000.0,6942485729.0,-33.0,-32.924,161642000.0,2.501,1.0,241244000.0,0.205,0.0,17245000.0,17423045000.0,,0.0,12984640000.0,,,12327805000.0,,,6054304729.0,59089000.0,0.0,15759000.0,0.0,-7787000.0,7972000.0,-118778000.0,-141956000.0,161642000.0,8253000.0,168396000.0,168396000.0,168396000.0,0.0,0.0,0.143,29014000.0,212230000.0,70795000.0,0.046,1.419,-27.853,-22.553,0.0,0.0,93.37,1.315,1.311,2297627000.0,2346765000.0,1177689000.0,1177689000.0,0.0,,,,,3343000.0,29014000.0,1.0,64842077.0,64622000,65437000.0,18.224,16593917000.0,242906000.0,26354000.0,0.0,256.784,
62,RE,MRQ,2005-12-31,2005-12-31,2005-12-31,2021-09-03,221146000.0,16474539000.0,,,,,66.958,0.0,107275000.0,107275000.0,1257018000.0,-162197000.0,,2.98,995456000.0,,,995456000.0,0.0,0.0,0.0,0.004,0.11,-221602000.0,-221602000.0,-0.207,-221602000.0,-221602000.0,-238849000.0,-2.79,-2.79,-2.79,4139694000.0,,4139694000.0,7068059978.0,-34.0,-34.059,74903000.0,1.212,1.0,-185831000.0,-0.173,0.0,17247000.0,17362720000.0,,0.0,12863522000.0,,,12334845000.0,,,6208217978.0,-28304000.0,0.0,753523000.0,0.0,-6809000.0,746714000.0,-840368000.0,-870438000.0,74903000.0,-9553000.0,-162197000.0,-162197000.0,-162197000.0,0.0,0.0,-0.151,35536000.0,-221367000.0,50354000.0,-0.039,1.5,-28.391,-26.478,0.0,0.0,100.35,1.361,1.268,2322413000.0,2186156000.0,1071187000.0,1071187000.0,0.0,,,,,2990000.0,35536000.0,1.0,61865650.0,61825000,61825000.0,17.326,16474539000.0,309584000.0,-76652000.0,0.0,266.471,
63,RE,MRQ,2005-09-30,2005-09-30,2005-09-30,2021-09-03,269686000.0,15782753000.0,,,,,63.887,0.0,135579000.0,135579000.0,1524370000.0,-417745000.0,,3.383,995421000.0,,,995421000.0,0.0,0.0,0.0,0.004,0.11,-453465000.0,-453465000.0,-0.411,-453465000.0,-453465000.0,-470736000.0,-7.41,-7.41,-7.41,3600727000.0,,3600727000.0,6404428620.0,55.0,55.253,377152000.0,6.692,1.0,-420669000.0,-0.381,0.0,17271000.0,16642595000.0,,0.0,12046271000.0,,,12182026000.0,,,5521992620.0,22630000.0,0.0,5841000.0,0.0,-6216000.0,-375000.0,-345182000.0,-244339000.0,377152000.0,-8965000.0,-417745000.0,-417745000.0,-417745000.0,0.0,0.0,-0.378,32561000.0,-453230000.0,72582000.0,-0.015,1.534,149.822,141.884,0.0,0.0,97.9,1.136,1.135,2453908000.0,2355162000.0,1103701000.0,1103701000.0,0.0,,,,,1896000.0,32561000.0,1.0,56404419.0,56361000,56361000.0,19.583,15782753000.0,221549000.0,-52991000.0,0.0,280.03,
64,RE,MRQ,2005-06-30,2005-06-30,2005-06-30,2021-09-03,334270000.0,15419669000.0,,,,,72.54,0.0,112949000.0,112949000.0,967200000.0,194180000.0,,2.778,995385000.0,,,995385000.0,0.0,0.0,0.0,0.005,0.11,252205000.0,252205000.0,0.202,252205000.0,252205000.0,235036000.0,3.45,3.4,3.45,4081535000.0,,4081535000.0,6086078087.0,10.0,10.202,292191000.0,5.193,1.0,283752000.0,0.227,0.0,17169000.0,16302105000.0,,0.0,11847652000.0,,,11338134000.0,,,5242248087.0,-38573000.0,0.0,2151000.0,0.0,-6202000.0,-4051000.0,-318662000.0,-358420000.0,292191000.0,-8051000.0,194180000.0,194180000.0,194180000.0,0.0,0.0,0.155,31312000.0,252440000.0,37049000.0,0.032,1.284,11.248,11.205,0.0,0.0,93.0,1.044,1.042,2461385000.0,2779123000.0,1250952000.0,1250952000.0,0.0,,,,,1569000.0,31312000.0,1.0,56368259.0,56266000,57128000.0,22.233,15419669000.0,165550000.0,40856000.0,0.0,274.049,
65,RE,MRQ,2005-03-31,2005-03-31,2005-03-31,2021-09-03,200112000.0,15047048000.0,,,,,66.897,0.0,151522000.0,151522000.0,890576000.0,167095000.0,,3.006,995352000.0,,,995352000.0,0.0,0.0,0.0,0.005,0.11,215335000.0,215335000.0,0.189,215335000.0,215335000.0,193628000.0,2.98,2.93,2.98,3755679000.0,,3755679000.0,5847506934.0,8.0,8.478,325217000.0,5.793,1.0,246040000.0,0.216,0.0,21707000.0,15890878000.0,,0.0,11314331000.0,,,11291369000.0,,,4787142934.0,-33408000.0,0.0,10445000.0,-250000000.0,-6198000.0,-245753000.0,-107300000.0,-107300000.0,325217000.0,-5572000.0,167095000.0,167095000.0,167095000.0,0.0,0.0,0.147,30390000.0,215650000.0,52029000.0,0.037,1.275,8.934,8.893,0.0,0.0,85.11,0.951,0.949,2559127000.0,2591145000.0,1136616000.0,1136616000.0,0.0,,,,,444000.0,30390000.0,1.0,56246539.0,56141000,57076000.0,20.246,15047048000.0,209626000.0,26533000.0,29383000.0,268.022,
66,RE,MRQ,2004-12-31,2004-12-31,2004-12-31,2021-09-03,328737000.0,15072766000.0,,,,,66.269,0.0,184930000.0,184930000.0,1230951000.0,93327000.0,,3.06,1245294000.0,,,1245294000.0,0.0,0.0,0.0,0.004,0.1,101837000.0,101837000.0,0.074,101837000.0,101837000.0,79534000.0,1.67,1.64,1.67,3712518000.0,,3712518000.0,5912957109.0,9.0,9.308,200297000.0,3.575,1.0,140082000.0,0.102,0.0,22303000.0,16133130000.0,,0.0,11345242000.0,,,11360248000.0,,,5026264109.0,5964000.0,0.0,1104000.0,176651000.0,-5616000.0,172139000.0,-394474000.0,-325978000.0,200297000.0,28002000.0,93327000.0,93327000.0,93327000.0,0.0,0.0,0.068,37174000.0,102908000.0,47462000.0,0.06,1.354,10.157,10.12,0.0,0.0,89.56,1.002,0.998,2609601000.0,2430248000.0,1371033000.0,1371033000.0,0.0,,,,,3811000.0,37174000.0,1.0,56121752.0,56022000,56910000.0,24.473,15072766000.0,159874000.0,-13793000.0,31854000.0,269.051,
67,RE,MRQ,2004-09-30,2004-09-30,2004-09-30,2021-09-03,242611000.0,14704374000.0,,,,,63.113,0.0,178966000.0,178966000.0,1210658000.0,11463000.0,,3.161,1065659000.0,,,1065659000.0,0.0,0.0,0.0,0.005,0.1,27207000.0,27207000.0,0.022,27207000.0,27207000.0,7768000.0,0.2,0.2,0.2,3533766000.0,,3533766000.0,5128370318.0,7.0,7.421,498065000.0,8.895,1.0,52936000.0,0.042,0.0,19439000.0,15591067000.0,,0.0,10848436000.0,,,11170608000.0,,,4167348318.0,74379000.0,0.0,703000.0,0.0,-5608000.0,-4905000.0,-398345000.0,-466458000.0,498065000.0,-20436000.0,11463000.0,11463000.0,11463000.0,0.0,0.0,0.009,25729000.0,27207000.0,36139000.0,0.5,1.179,7.963,7.924,0.0,0.0,74.33,0.858,0.856,2572655000.0,2342537000.0,1263594000.0,1263594000.0,0.0,,,,,301000.0,25729000.0,1.0,56065496.0,55991000,56712000.0,22.568,14704374000.0,213689000.0,-3695000.0,65030000.0,262.62,
68,RE,MRQ,2004-06-30,2004-06-30,2004-06-30,2021-09-03,80473000.0,13908857000.0,,,,,60.157,0.0,104587000.0,104587000.0,890399000.0,263967000.0,,3.134,1065609000.0,,,1065609000.0,0.0,0.0,0.0,0.005,0.1,345349000.0,345349000.0,0.273,345349000.0,345349000.0,326031000.0,4.72,4.64,4.72,3364769000.0,,3364769000.0,5460366834.0,7.0,6.911,392870000.0,7.024,1.0,373718000.0,0.296,0.0,19318000.0,14869879000.0,,0.0,10141096000.0,,,10544088000.0,,,4495997834.0,3395000.0,0.0,7986000.0,0.0,-5605000.0,2381000.0,-395150000.0,-275105000.0,392870000.0,3294000.0,263967000.0,263967000.0,263967000.0,0.0,0.0,0.209,28369000.0,345349000.0,32493000.0,0.021,1.336,7.344,7.312,0.0,0.0,80.36,0.953,0.953,2567713000.0,2336682000.0,1264117000.0,1264117000.0,0.0,,,,,286000.0,28369000.0,1.0,55948206.0,55933000,56860000.0,22.601,13908857000.0,232302000.0,62064000.0,72379000.0,248.67,
69,RE,MRQ,2004-03-31,2004-03-31,2004-03-31,2021-09-03,346940000.0,13721242000.0,,,,,60.329,0.0,101192000.0,101192000.0,934307000.0,126101000.0,,3.078,1065561000.0,,,1065561000.0,0.0,0.0,0.0,0.004,0.1,160857000.0,160857000.0,0.144,160857000.0,160857000.0,146378000.0,2.26,2.22,2.26,3364602000.0,,3364602000.0,5111871193.0,9.0,8.75,399645000.0,7.166,1.0,184455000.0,0.165,0.0,14479000.0,14685611000.0,,0.0,10081085000.0,,,10356640000.0,,,4777611193.0,-83667000.0,0.0,12044000.0,319997000.0,-5592000.0,326449000.0,-812039000.0,-812039000.0,399645000.0,2278000.0,126101000.0,126101000.0,126101000.0,0.0,0.0,0.113,23598000.0,160857000.0,35124000.0,0.044,1.42,10.437,10.294,0.0,0.0,85.44,1.085,1.082,2538972000.0,2078320000.0,1118762000.0,1118762000.0,0.0,,,,,286000.0,23598000.0,1.0,55917734.0,55771000,56834000.0,20.06,13721242000.0,135872000.0,20277000.0,35685000.0,246.028,
70,RE,MRQ,2003-12-31,2003-12-31,2003-12-31,2021-09-03,280077000.0,12689536000.0,,,,,56.974,0.0,184859000.0,184859000.0,1027600000.0,121780000.0,,3.009,735615000.0,,,735615000.0,0.0,0.0,0.0,0.004,0.09,157611000.0,157611000.0,0.13,157611000.0,157611000.0,143302000.0,2.2,2.15,2.2,3164900000.0,,3164900000.0,5296129703.0,10.0,9.656,480658000.0,8.653,1.0,185517000.0,0.153,0.0,14309000.0,13240292000.0,,0.0,9136479000.0,,,9524636000.0,,,4708693703.0,43222000.0,0.0,7781000.0,0.0,-5010000.0,2771000.0,-465733000.0,-385945000.0,480658000.0,25526000.0,121780000.0,121780000.0,121780000.0,0.0,0.0,0.1,27906000.0,157611000.0,46037000.0,0.041,1.488,11.053,10.722,0.0,0.0,84.6,1.146,1.113,2430379000.0,1957811000.0,1213117000.0,1213117000.0,0.0,,,,,286000.0,27906000.0,1.0,55658318.0,55550000,56816000.0,21.838,12689536000.0,145271000.0,21522000.0,41308000.0,228.434,
71,RE,MRQ,2003-09-30,2003-09-30,2003-09-30,2021-09-03,267086000.0,12093225000.0,,,,,54.543,0.0,141637000.0,141637000.0,970802000.0,100326000.0,,2.995,729073000.0,,,729073000.0,0.0,0.0,0.0,0.005,0.09,126334000.0,126334000.0,0.113,126334000.0,126334000.0,112025000.0,1.81,1.77,1.81,3027072000.0,,3027072000.0,4552351276.0,10.0,9.867,492282000.0,8.87,1.0,149267000.0,0.133,0.0,14309000.0,12680661000.0,,0.0,8787148000.0,,,9066153000.0,,,4168233276.0,6728000.0,0.0,3028000.0,0.0,-4996000.0,-1968000.0,-475961000.0,-475961000.0,492282000.0,-7625000.0,100326000.0,100326000.0,100326000.0,0.0,0.0,0.09,22933000.0,126334000.0,80500000.0,0.05,1.377,11.584,11.086,0.0,0.0,75.16,1.126,1.127,2225904000.0,1841041000.0,1120069000.0,1120069000.0,0.0,,,,,55000.0,22933000.0,1.0,55458133.0,55499000,56562000.0,20.182,12093225000.0,147926000.0,11699000.0,3110000.0,217.9,
72,RE,MRQ,2003-06-30,2003-06-30,2003-06-30,2021-09-03,393791000.0,11420170000.0,,,,,56.48,0.0,134909000.0,134909000.0,789451000.0,109555000.0,,2.738,519027000.0,,,519027000.0,0.0,0.0,0.0,0.004,0.09,139403000.0,139403000.0,0.146,139403000.0,139403000.0,125073000.0,2.03,1.99,2.03,3055364000.0,,3055364000.0,4471995662.0,11.0,10.63,353209000.0,6.529,1.0,163323000.0,0.171,0.0,14330000.0,11804288000.0,,0.0,8331483000.0,,,8364806000.0,,,3896734662.0,-18812000.0,0.0,319189000.0,0.0,-4990000.0,314199000.0,-698495000.0,-677310000.0,353209000.0,12275000.0,109555000.0,109555000.0,109555000.0,0.0,0.0,0.115,23920000.0,139403000.0,99971000.0,0.044,1.275,12.149,12.399,0.0,0.0,76.5,1.216,1.292,2130449000.0,1745711000.0,952774000.0,952774000.0,0.0,,,,,21000.0,23920000.0,1.0,50937708.0,54096000,55091000.0,17.613,11420170000.0,98197000.0,15518000.0,-13364000.0,211.109,
73,RE,MRQ,2003-03-31,2003-03-31,2003-03-31,2021-09-03,251530000.0,10370328000.0,,,,,48.909,0.0,153721000.0,153721000.0,676276000.0,94367000.0,,3.082,728982000.0,,,728982000.0,0.0,0.0,0.0,0.006,0.09,125153000.0,125153000.0,0.152,125153000.0,125153000.0,110813000.0,1.85,1.83,1.85,2489328000.0,,2489328000.0,3432205299.0,10.0,9.936,327655000.0,6.438,1.0,145017000.0,0.177,0.0,14340000.0,10945589000.0,,0.0,7429352000.0,,,7671000000.0,,,2912097299.0,-55109000.0,0.0,887000.0,0.0,-4581000.0,-3694000.0,-376771000.0,-340890000.0,327655000.0,-2299000.0,94367000.0,94367000.0,94367000.0,0.0,0.0,0.115,19864000.0,125153000.0,70934000.0,0.049,1.17,11.005,11.044,0.0,0.0,57.21,1.038,1.038,1988489000.0,1641146000.0,821293000.0,821293000.0,0.0,,,,,21000.0,19864000.0,1.0,50901893.0,50897000,51521000.0,16.136,10370328000.0,143409000.0,16446000.0,9607000.0,203.751,
74,RE,MRQ,2002-12-31,2002-12-31,2002-12-31,2021-09-03,221542000.0,9864603000.0,,,,,46.551,0.0,208830000.0,208830000.0,714119000.0,55565000.0,,3.165,518938000.0,,,518938000.0,0.0,0.0,0.0,0.006,0.08,70479000.0,70479000.0,0.087,70479000.0,70479000.0,57820000.0,1.09,1.07,1.09,2368646000.0,,2368646000.0,3266997384.0,11.0,10.655,287765000.0,5.655,1.0,92247000.0,0.114,0.0,12659000.0,10174711000.0,,0.0,7050303000.0,,,7495957000.0,,,2813328384.0,88604000.0,0.0,541000.0,154881000.0,-4071000.0,151351000.0,-366096000.0,-412488000.0,287765000.0,15584000.0,55565000.0,55565000.0,55565000.0,0.0,0.0,0.069,21768000.0,70479000.0,61244000.0,0.073,1.188,12.163,12.022,0.0,0.0,55.3,1.1,1.088,1853176000.0,1551360000.0,806366000.0,806366000.0,0.0,,,,,-257000.0,21768000.0,1.0,50873931.0,50883000,51634000.0,15.847,9864603000.0,139176000.0,2255000.0,-16696000.0,193.868,
75,RE,MRQ,2002-09-30,2002-09-30,2002-09-30,2021-09-03,202800000.0,9015770000.0,,,,,45.082,0.0,120226000.0,120226000.0,520038000.0,61270000.0,,2.923,573895000.0,,,573895000.0,0.0,0.0,0.0,0.006,0.08,85665000.0,85665000.0,0.138,85665000.0,85665000.0,74969000.0,1.2,1.19,1.2,2298126000.0,,2298126000.0,3219673845.0,11.0,11.221,179898000.0,3.529,1.0,102964000.0,0.165,0.0,10696000.0,9469439000.0,,0.0,6619367000.0,,,6717644000.0,,,2790751845.0,-4705000.0,0.0,-22795000.0,20000000.0,-4069000.0,-6864000.0,-180975000.0,-171743000.0,179898000.0,3236000.0,61270000.0,61270000.0,61270000.0,0.0,0.0,0.098,17299000.0,85665000.0,56897000.0,0.067,1.214,13.22,12.848,0.0,0.0,54.86,1.248,1.251,1657622000.0,1499866000.0,623002000.0,623002000.0,0.0,,,,,20000.0,17299000.0,1.0,50870431.0,50977000,51627000.0,12.221,9015770000.0,144418000.0,13699000.0,-11579000.0,176.86,
76,RE,MRQ,2002-06-30,2002-06-30,2002-06-30,2021-09-03,85082000.0,8620052000.0,,,,,41.831,0.0,124931000.0,124931000.0,473497000.0,53407000.0,,3.017,553853000.0,,,553853000.0,0.0,0.0,0.0,0.005,0.08,64133000.0,64133000.0,0.116,64133000.0,64133000.0,53552000.0,1.04,1.02,1.04,2145982000.0,,2145982000.0,3321616054.0,25.0,24.817,169579000.0,3.306,1.0,80857000.0,0.146,0.0,10581000.0,9048974000.0,,0.0,6293643000.0,,,6474070000.0,,,2869557054.0,23178000.0,0.0,1372000.0,0.0,-4105000.0,-2733000.0,-152842000.0,-202761000.0,169579000.0,9174000.0,53407000.0,53407000.0,53407000.0,0.0,0.0,0.096,16724000.0,64133000.0,53830000.0,0.077,1.337,27.055,26.392,0.0,0.0,55.95,1.41,1.41,1544006000.0,1442665000.0,554354000.0,554354000.0,0.0,,,,,12000.0,16724000.0,1.0,51287883.0,51301000,52177000.0,10.806,8620052000.0,192709000.0,145000.0,-646000.0,168.029,
77,RE,MRQ,2002-03-31,2002-03-31,2002-03-31,2021-09-03,45754000.0,8365507000.0,,,,,42.737,0.0,101753000.0,101753000.0,473515000.0,61061000.0,,3.069,553812000.0,,,553812000.0,0.0,0.0,0.0,0.004,0.08,86340000.0,86340000.0,0.15,86340000.0,86340000.0,75703000.0,1.27,1.24,1.27,2055968000.0,,2055968000.0,4038082615.0,27.0,26.719,105501000.0,2.193,1.0,100465000.0,0.175,0.0,10637000.0,8817566000.0,,0.0,6050899000.0,,,6309539000.0,,,3556189615.0,29875000.0,0.0,346613000.0,0.0,-4102000.0,342511000.0,-414158000.0,-433037000.0,105501000.0,-3979000.0,61061000.0,61061000.0,61061000.0,0.0,0.0,0.106,14125000.0,86340000.0,66506000.0,0.063,1.73,32.344,29.888,0.0,0.0,69.34,1.809,1.697,1505316000.0,1393363000.0,573980000.0,573980000.0,0.0,,,,,0.0,14125000.0,1.0,51286265.0,48108000,49087000.0,11.931,8365507000.0,177252000.0,14642000.0,-23827000.0,173.89,
78,RE,MRQ,2001-12-31,2001-12-31,2001-12-31,2021-09-03,113880000.0,7796160000.0,,,,,37.187,0.0,71878000.0,71878000.0,417403000.0,35362000.0,,3.531,553771000.0,,,553771000.0,0.0,0.0,0.0,0.004,0.07,50788000.0,50788000.0,0.105,50788000.0,50788000.0,40050000.0,0.76,0.75,0.76,1720522000.0,,1720522000.0,3773216018.0,28.0,27.674,190570000.0,4.119,1.0,66831000.0,0.138,0.0,10738000.0,8278053000.0,,0.0,5711645000.0,,,6075638000.0,,,3270199018.0,-7837000.0,0.0,997000.0,-29000000.0,-3238000.0,-31241000.0,-164221000.0,-145296000.0,190570000.0,-2945000.0,35362000.0,35362000.0,35362000.0,0.0,0.0,0.073,16043000.0,50788000.0,66462000.0,0.092,1.901,33.026,33.037,0.0,0.0,70.7,1.815,1.812,1411143000.0,1336404000.0,484234000.0,484234000.0,0.0,,,,,14000.0,16043000.0,1.0,46254583.0,46267000,47264000.0,10.466,7796160000.0,178507000.0,4688000.0,-30459000.0,168.504,
79,RE,MRQ,2001-09-30,2001-09-30,2001-09-30,2021-09-03,146749000.0,7660735000.0,,,,,37.212,0.0,79715000.0,79715000.0,474759000.0,-43765000.0,,3.453,582732000.0,,,582732000.0,0.0,0.0,0.0,0.004,0.07,-67417000.0,-67417000.0,-0.16,-67417000.0,-67417000.0,-78717000.0,-0.95,-0.95,-0.95,1720256000.0,,1720256000.0,3554763534.0,22.0,22.226,71679000.0,1.551,1.0,-52171000.0,-0.123,0.0,11300000.0,8163752000.0,,0.0,5632120000.0,,,5940479000.0,,,2990190534.0,61594000.0,0.0,1697000.0,0.0,-3236000.0,-1539000.0,-15816000.0,36253000.0,71679000.0,7270000.0,-43765000.0,-43765000.0,-43765000.0,0.0,0.0,-0.104,15246000.0,-67417000.0,71069000.0,-0.074,1.738,25.988,25.88,0.0,0.0,64.7,1.723,1.724,1301263000.0,1304280000.0,422588000.0,422588000.0,0.0,,,,,7000.0,15246000.0,1.0,46216237.0,46228000,46228000.0,9.141,7660735000.0,188983000.0,-34952000.0,-40055000.0,165.716,
80,RE,MRQ,2001-06-30,2001-06-30,2001-06-30,2021-09-03,89192000.0,7316680000.0,,,,,37.017,0.0,18121000.0,18121000.0,389069000.0,57291000.0,,3.284,582694000.0,,,582694000.0,0.0,0.0,0.0,0.003,0.07,81423000.0,81423000.0,0.168,81423000.0,81423000.0,69878000.0,1.24,1.22,1.24,1707996000.0,,1707996000.0,3960463706.0,13.0,13.232,80330000.0,1.741,1.0,95922000.0,0.198,0.0,11545000.0,7881253000.0,,0.0,5589523000.0,,,5608684000.0,,,3449829706.0,-51902000.0,0.0,4348000.0,2000000.0,-3228000.0,3120000.0,-132733000.0,-132733000.0,80330000.0,-2619000.0,57291000.0,57291000.0,57291000.0,0.0,0.0,0.118,14499000.0,81423000.0,66365000.0,0.056,2.02,16.705,16.659,0.0,0.0,74.8,2.05,2.051,1072823000.0,1351281000.0,484991000.0,484991000.0,0.0,,,,,17000.0,14499000.0,1.0,46120718.0,46141000,47088000.0,10.511,7316680000.0,200940000.0,12587000.0,-11374000.0,158.572,
81,RE,MRQ,2001-03-31,2001-03-31,2001-03-31,2021-09-03,119918000.0,7084114000.0,,,,,36.481,0.0,70023000.0,70023000.0,325083000.0,50130000.0,,3.216,580657000.0,,,580657000.0,0.0,0.0,0.0,0.003,0.07,71553000.0,71553000.0,0.175,71553000.0,71553000.0,59132000.0,1.09,1.07,1.09,1680294000.0,,1680294000.0,3673020633.0,13.0,13.28,63455000.0,1.378,1.0,84649000.0,0.207,0.0,12421000.0,7594748000.0,,0.0,5446216000.0,,,5403820000.0,,,3066224633.0,-6800000.0,0.0,2948000.0,-103000000.0,-3225000.0,-103277000.0,37605000.0,37605000.0,63455000.0,-4583000.0,50130000.0,50130000.0,50130000.0,0.0,0.0,0.122,13096000.0,71553000.0,63706000.0,0.064,1.825,16.314,16.224,0.0,0.0,66.52,1.979,1.977,995065000.0,1297218000.0,409732000.0,409732000.0,0.0,,,,,17000.0,13096000.0,1.0,46094778.0,46059000,47004000.0,8.896,7084114000.0,154084000.0,9002000.0,-5835000.0,153.805,
82,RE,MRQ,2000-12-31,2000-12-31,2000-12-31,2021-09-03,72846000.0,7013095000.0,,,,,34.46,0.0,76823000.0,76823000.0,329259000.0,51406000.0,,3.429,683619000.0,,,683619000.0,0.0,0.0,0.0,0.002,0.06,74380000.0,74380000.0,0.178,74380000.0,74380000.0,61618000.0,1.12,1.1,1.12,1583352000.0,,1583352000.0,3803338639.0,14.0,14.028,41108000.0,0.895,1.0,88471000.0,0.212,0.0,12762000.0,7619891000.0,,0.0,5416137000.0,,,5429743000.0,,,3284081639.0,10497000.0,-9613000.0,6435000.0,98000000.0,-2759000.0,101676000.0,-138876000.0,-122753000.0,41108000.0,6589000.0,51406000.0,51406000.0,51406000.0,0.0,0.0,0.123,14091000.0,74380000.0,60564000.0,0.054,2.074,17.62,17.643,0.0,0.0,71.63,2.219,2.22,961331000.0,1250313000.0,417730000.0,417730000.0,0.0,,,,,17000.0,14091000.0,1.0,45847852.0,45948000,46889000.0,9.091,7013095000.0,174482000.0,10212000.0,-8209000.0,152.631,
83,RE,MRQ,2000-09-30,2000-09-30,2000-09-30,2021-09-03,15422000.0,6508684000.0,,,,,32.09,0.0,66326000.0,66326000.0,285816000.0,47687000.0,,3.425,585583000.0,,,585583000.0,0.0,0.0,0.0,0.002,0.06,71961000.0,71961000.0,0.194,71961000.0,71961000.0,60030000.0,1.04,1.03,1.04,1470829000.0,,1470829000.0,2755933898.0,11.0,11.15,25185000.0,0.549,1.0,84787000.0,0.229,0.0,11931000.0,7027941000.0,,0.0,4995894000.0,,,5037855000.0,,,2268223898.0,-511000.0,349743000.0,756000.0,31000000.0,-2751000.0,29005000.0,-48554000.0,-391984000.0,25185000.0,-6147000.0,47687000.0,47687000.0,47687000.0,0.0,0.0,0.129,12826000.0,71961000.0,51998000.0,0.058,1.542,12.997,13.061,0.0,0.0,49.5,1.618,1.619,871589000.0,1201666000.0,370603000.0,370603000.0,0.0,,,,,-123000.0,12826000.0,1.0,45822705.0,45834000,46414000.0,8.086,6508684000.0,193253000.0,12343000.0,-11511000.0,142.006,
84,RE,MRQ,2000-06-30,2000-06-30,2000-06-30,2021-09-03,-9194000.0,6315184000.0,,,,,30.568,0.0,66837000.0,66837000.0,279941000.0,38729000.0,,3.509,554547000.0,,,554547000.0,0.0,0.0,0.0,0.004,0.0,58679000.0,58679000.0,0.167,58679000.0,58679000.0,47069000.0,0.85,0.84,0.85,1400644000.0,,1400644000.0,1994091431.0,9.0,8.915,4864000.0,0.106,1.0,71707000.0,0.204,0.0,11610000.0,6802894000.0,,0.0,4576309000.0,,,4914540000.0,,,1506600431.0,-185000.0,0.0,248000.0,0.0,-2749000.0,-2501000.0,-337000.0,36097000.0,4864000.0,-2211000.0,38729000.0,38729000.0,38729000.0,0.0,0.0,0.11,13028000.0,58679000.0,27256000.0,0.0,1.076,9.074,9.236,0.0,0.0,32.88,1.097,1.097,1119980000.0,1156730000.0,351648000.0,351648000.0,0.0,,,,,22000.0,13028000.0,1.0,45821181.0,45820000,46125000.0,7.675,6315184000.0,188013000.0,8340000.0,-14894000.0,137.826,
85,RE,MRQ,2000-03-31,2000-03-31,2000-03-31,2021-09-03,-497000.0,6320336000.0,,,,,29.922,0.0,67022000.0,67022000.0,262047000.0,48558000.0,,3.603,554513000.0,,,554513000.0,0.0,0.0,0.0,0.006,0.0,66120000.0,66120000.0,0.195,66120000.0,66120000.0,63037000.0,1.06,1.06,1.06,1373091000.0,,1373091000.0,1491869713.0,7.0,7.033,18807000.0,0.41,1.0,77796000.0,0.229,0.0,3083000.0,6807827000.0,,0.0,4642489000.0,,,4947245000.0,,,1495096713.0,4795000.0,0.0,-16427000.0,495507000.0,-2749000.0,476331000.0,-490199000.0,-490199000.0,18807000.0,-144000.0,48558000.0,48558000.0,48558000.0,0.0,0.0,0.143,11676000.0,66120000.0,18822000.0,0.0,1.089,9.041,9.35,0.0,0.0,32.63,1.106,1.107,1074046000.0,1120750000.0,339843000.0,339843000.0,0.0,,,,,23000.0,11676000.0,1.0,45819697.0,45889000,46005000.0,7.406,6320336000.0,181424000.0,14479000.0,4411000.0,137.731,
86,RE,MRQ,1999-12-31,1999-12-31,1999-12-31,2021-09-03,-16701000.0,5704302000.0,,,,,28.275,0.0,62227000.0,62227000.0,274223000.0,39545000.0,,3.297,59000000.0,,,59000000.0,0.0,0.0,0.0,0.011,0.06,50414000.0,50414000.0,0.148,50414000.0,50414000.0,49660000.0,0.84,0.84,0.84,1327482000.0,,1327482000.0,1043870897.0,5.0,5.27,74433000.0,1.585,1.0,65402000.0,0.193,0.0,754000.0,5701075000.0,,0.0,4077011000.0,,,4376820000.0,,,1047628897.0,23469000.0,0.0,-40691000.0,24000000.0,-2799000.0,-19490000.0,-30446000.0,-25435000.0,74433000.0,-1028000.0,39545000.0,39545000.0,39545000.0,0.0,0.0,0.116,14988000.0,50414000.0,13217000.0,0.071,0.789,6.628,6.844,0.0,0.0,22.31,0.802,0.828,1047036000.0,1074941000.0,339625000.0,339625000.0,0.0,,,,,22000.0,12190000.0,1.0,46957817.0,46949000,47036000.0,7.234,5704302000.0,188326000.0,10115000.0,-4475000.0,121.5,
87,RE,MRQ,1999-09-30,1999-09-30,1999-09-30,2021-09-03,29683000.0,5783051000.0,,,,,28.339,0.0,38758000.0,38758000.0,281342000.0,39209000.0,,3.197,35000000.0,,,35000000.0,0.0,0.0,0.0,0.01,0.06,48455000.0,48455000.0,0.142,48455000.0,48455000.0,48003000.0,0.81,0.8,0.81,1377789000.0,,1377789000.0,1159375741.0,6.0,5.865,24286000.0,0.5,1.0,60544000.0,0.177,0.0,452000.0,5779293000.0,,0.0,4121902000.0,,,4405262000.0,,,1158485741.0,4648000.0,0.0,-11972000.0,0.0,-2920000.0,-14892000.0,-5543000.0,3544000.0,24286000.0,797000.0,39209000.0,39209000.0,39209000.0,0.0,0.0,0.115,12089000.0,48455000.0,20327000.0,0.074,0.841,7.321,7.417,0.0,0.0,23.81,0.877,0.876,1144203000.0,1038195000.0,341886000.0,341886000.0,0.0,,,,,29000.0,12089000.0,1.0,48655428.0,48618000,48796000.0,7.032,5783051000.0,162312000.0,8794000.0,-7047000.0,118.949,
88,RE,MRQ,1999-06-30,1999-06-30,1999-06-30,2021-09-03,86997000.0,5941555000.0,,,,,28.981,0.0,34110000.0,34110000.0,271442000.0,38065000.0,,3.212,35000000.0,,,35000000.0,0.0,0.0,0.0,0.007,0.06,47123000.0,47123000.0,0.142,47123000.0,47123000.0,46840000.0,0.78,0.78,0.78,1410757000.0,,1410757000.0,1543012460.0,8.0,7.607,-4004000.0,-0.082,1.0,59580000.0,0.18,0.0,283000.0,5942445000.0,,0.0,4218600000.0,,,4530798000.0,,,1587587460.0,-10465000.0,0.0,-11032000.0,35000000.0,-2896000.0,21072000.0,-25553000.0,-19530000.0,-4004000.0,-1980000.0,38065000.0,38065000.0,38065000.0,0.0,0.0,0.115,12457000.0,47123000.0,23264000.0,0.077,1.125,9.851,10.102,0.0,0.0,32.63,1.215,1.215,1141756000.0,1001906000.0,331022000.0,331022000.0,0.0,,,,,40000.0,12457000.0,1.0,48654228.0,48679000,48897000.0,6.8,5941555000.0,124492000.0,8775000.0,-5897000.0,122.056,
89,RE,MRQ,1999-03-31,1999-03-31,1999-03-31,2021-09-03,155668000.0,5993406000.0,,,,,29.22,0.0,44575000.0,44575000.0,230520000.0,41242000.0,,3.118,0.0,,,0.0,0.0,0.0,0.0,0.007,0.06,52079000.0,52079000.0,0.177,52079000.0,52079000.0,52079000.0,0.83,0.82,0.83,1455251000.0,,1455251000.0,1509473959.0,7.0,7.096,108721000.0,2.183,1.0,63606000.0,0.216,0.0,0.0,5948831000.0,,0.0,4316708000.0,,,4538155000.0,,,1548799959.0,5249000.0,0.0,-32380000.0,0.0,-3005000.0,-35385000.0,-65706000.0,-65706000.0,108721000.0,-2381000.0,41242000.0,41242000.0,41242000.0,0.0,0.0,0.14,11527000.0,52079000.0,20603000.0,0.072,1.064,9.294,9.423,0.0,0.0,31.19,1.186,1.189,1192849000.0,966737000.0,294126000.0,294126000.0,0.0,,,,,40000.0,11527000.0,1.0,49656940.0,49803000,50026000.0,5.906,5993406000.0,85391000.0,10837000.0,12159000.0,120.342,
90,RE,MRQ,1998-12-31,1998-12-31,1998-12-31,2021-09-03,185518000.0,5996728000.0,,,,,29.542,0.0,39326000.0,39326000.0,291195000.0,39726000.0,,3.054,0.0,,,0.0,0.0,0.0,0.0,0.005,0.05,50009000.0,50009000.0,0.141,50009000.0,50009000.0,50009000.0,0.79,0.79,0.79,1479204000.0,,1479204000.0,1876274645.0,9.0,8.822,-4565000.0,-0.091,1.0,63339000.0,0.179,0.0,0.0,5957402000.0,,0.0,4286431000.0,,,4517524000.0,,,1949819645.0,-34219000.0,0.0,-9312000.0,0.0,-2504000.0,-104064000.0,80664000.0,80459000.0,-4565000.0,-6254000.0,39726000.0,39726000.0,39726000.0,0.0,0.0,0.112,13330000.0,50009000.0,18731000.0,0.063,1.318,11.803,11.872,0.0,0.0,38.94,1.483,1.491,1252039000.0,928500000.0,354534000.0,354534000.0,0.0,,,,,45000.0,13330000.0,1.0,50072410.0,50071000,50314000.0,7.081,5996728000.0,62237000.0,10283000.0,-581000.0,119.764,
91,RE,MRQ,1998-09-30,1998-09-30,1998-09-30,2021-09-03,192820000.0,5811910000.0,,,,,28.902,0.0,73545000.0,73545000.0,261719000.0,42126000.0,,2.985,0.0,,,0.0,0.0,0.0,0.0,0.005,0.05,53632000.0,53632000.0,0.164,53632000.0,53632000.0,53632000.0,0.83,0.83,0.83,1458551000.0,,1458551000.0,1832919974.0,9.0,8.622,64984000.0,1.288,1.0,65646000.0,0.201,0.0,0.0,5738365000.0,,0.0,4376642000.0,,,4353359000.0,,,1881262974.0,25202000.0,0.0,-7586000.0,0.0,-2525000.0,3265000.0,-47630000.0,-39653000.0,64984000.0,4583000.0,42126000.0,42126000.0,42126000.0,0.0,0.0,0.129,12014000.0,53632000.0,12790000.0,0.06,1.29,11.528,11.533,0.0,0.0,37.25,1.424,1.422,953150000.0,891278000.0,327365000.0,327365000.0,0.0,,,,,50000.0,12014000.0,1.0,50503704.0,50465000,50748000.0,6.487,5811910000.0,54217000.0,11506000.0,7708000.0,115.167,
92,RE,MRQ,1998-06-30,1998-06-30,1998-06-30,2021-09-03,165726000.0,5732410000.0,,,,,27.722,0.0,48343000.0,48343000.0,261020000.0,43544000.0,,3.096,0.0,,,0.0,0.0,0.0,0.0,0.005,0.05,57010000.0,57010000.0,0.173,57010000.0,57010000.0,57010000.0,0.86,0.86,0.86,1399391000.0,,1399391000.0,1901980580.0,9.0,9.067,52741000.0,1.045,1.0,69403000.0,0.21,0.0,0.0,5684067000.0,,0.0,4295118000.0,,,4333019000.0,,,1940664580.0,9659000.0,0.0,-52000.0,0.0,-2524000.0,1279000.0,-43765000.0,-22146000.0,52741000.0,-596000.0,43544000.0,43544000.0,43544000.0,0.0,0.0,0.132,12393000.0,57010000.0,11395000.0,0.058,1.387,12.167,12.165,0.0,0.0,38.44,1.464,1.463,962442000.0,851677000.0,330423000.0,330423000.0,0.0,,,,,101000.0,12393000.0,1.0,50485551.0,50480000,50799000.0,6.546,5732410000.0,76399000.0,13466000.0,15078000.0,113.558,
93,RE,MRQ,1998-03-31,1998-03-31,1998-03-31,2021-09-03,163683000.0,5685684000.0,,,,,26.867,0.0,38684000.0,38684000.0,239029000.0,39801000.0,,3.192,0.0,,,0.0,0.0,0.0,0.0,0.004,0.05,52025000.0,52025000.0,0.172,52025000.0,52025000.0,52025000.0,0.79,0.78,0.79,1356279000.0,,1356279000.0,2024760068.0,9.0,9.488,70157000.0,1.39,1.0,63849000.0,0.211,0.0,0.0,5647000000.0,,0.0,4266177000.0,,,4329405000.0,,,2076338068.0,-12894000.0,0.0,77000.0,0.0,-2524000.0,25451000.0,-110326000.0,-110326000.0,70157000.0,1824000.0,39801000.0,39801000.0,39801000.0,0.0,0.0,0.131,11824000.0,52025000.0,9208000.0,0.063,1.531,12.953,12.934,0.0,0.0,41.13,1.58,1.579,961298000.0,810657000.0,302878000.0,302878000.0,0.0,,,,,78000.0,11824000.0,1.0,50482326.0,50481000,50800000.0,6.0,5685684000.0,69726000.0,12224000.0,19532000.0,112.63,
94,RE,MRQ,1997-12-31,1997-12-31,1997-12-31,2021-09-03,152319000.0,5538020000.0,,,,,25.902,0.0,51578000.0,51578000.0,297000000.0,37721000.0,,3.236,0.0,,,0.0,0.0,0.0,0.0,0.004,0.04,49919000.0,49919000.0,0.138,49919000.0,49919000.0,49919000.0,0.75,0.74,0.75,1307483000.0,,1307483000.0,,,,94500000.0,1.872,1.0,63874000.0,0.177,0.0,0.0,5486442000.0,,0.0,4111736000.0,,,4230537000.0,,,2082395948.0,-10721000.0,0.0,30000.0,0.0,-2019000.0,45130000.0,-149743000.0,-145650000.0,94500000.0,-608000.0,37721000.0,37721000.0,37721000.0,0.0,0.0,0.105,13955000.0,49919000.0,13231000.0,0.053,1.593,13.439,13.436,0.0,0.0,41.25,1.603,1.603,957644000.0,773380000.0,360874000.0,360874000.0,0.0,,,,,78000.0,13955000.0,1.0,50482326.0,50479000,50807000.0,7.149,5538020000.0,74434000.0,12198000.0,13567000.0,109.709,
95,RE,MRQ,1997-09-30,1997-09-30,1997-09-30,2021-09-03,,,,,,,,0.0,,,268295000.0,38432000.0,,,,,,,,0.0,,0.004,0.04,50818000.0,50818000.0,0.153,50818000.0,50818000.0,50818000.0,0.76,0.76,0.76,,,,,,,74460000.0,1.475,1.0,63434000.0,0.191,,0.0,,,,,,,,,,,24319000.0,0.0,485000.0,0.0,-2019000.0,-1534000.0,-42882000.0,-20765000.0,74460000.0,-5725000.0,38432000.0,38432000.0,38432000.0,0.0,0.0,0.116,12616000.0,50818000.0,,0.053,,,,,0.0,41.0,,,,,331729000.0,331729000.0,0.0,,,,,-318000.0,12616000.0,1.0,,50466000,50791000.0,6.573,,,12386000.0,,,
96,RE,MRQ,1997-06-30,1997-06-30,1997-06-30,2021-09-03,,,,,,,,0.0,,,246066000.0,44338000.0,,,,,,,,0.0,,0.004,0.04,60638000.0,60638000.0,0.19,60638000.0,60638000.0,60638000.0,0.88,0.87,0.88,,,,,,,121335000.0,2.404,1.0,73000000.0,0.229,,0.0,,,,,,,,,,,-7303000.0,0.0,-707000.0,0.0,-2018000.0,-2725000.0,-128931000.0,-145295000.0,121335000.0,3018000.0,44338000.0,44338000.0,44338000.0,0.0,0.0,0.139,12362000.0,60638000.0,,0.045,,,,,0.0,39.63,,,,,319066000.0,319066000.0,0.0,,,,,50000.0,12362000.0,1.0,,50469000,50738000.0,6.322,,,16300000.0,,,
97,RE,MRQ,1997-03-31,1997-03-31,1997-03-31,2021-09-03,,,,,,,,0.0,,,228856000.0,34464000.0,,,,,,,,0.0,,0.004,0.04,45925000.0,45925000.0,0.16,45925000.0,45925000.0,45925000.0,0.68,0.68,0.68,,,,,,,86094000.0,1.705,1.0,58664000.0,0.204,,0.0,,,,,,,,,,,-7312000.0,0.0,6000.0,0.0,-2020000.0,-2014000.0,-84237000.0,-84237000.0,86094000.0,-7155000.0,34464000.0,34464000.0,34464000.0,0.0,0.0,0.12,12739000.0,45925000.0,,0.059,,,,,0.0,29.38,,,,,287520000.0,287520000.0,0.0,,,,,50000.0,12739000.0,1.0,,50490000,50725000.0,5.695,,,11461000.0,,,
0,RE,MRT,2021-06-30,2021-06-30,2021-06-30,2021-09-03,357178000.0,35370056000.0,32976698000.0,,,0.339,259.877,0.0,1106345000.0,1106345000.0,9015713000.0,1328503000.0,,2.395,1910762000.0,,,1910762000.0,0.0,0.0,0.0,0.025,6.2,1577913000.0,1577913000.0,0.141,1577913000.0,1577913000.0,1525180000.0,33.19,33.14,33.19,10416789000.0,9854284750.0,10416789000.0,10879366135.0,7.0,6.895,3396955000.0,84.747,1.0,2176333000.0,0.194,0.0,52733000.0,36174473000.0,33592449750.0,0.0,25949606000.0,,,24953267000.0,,,10101449135.0,183866000.0,0.0,-67883000.0,1289417000.0,-248166000.0,973409000.0,-4186970000.0,-4186970000.0,3396955000.0,472000.0,1328503000.0,1328503000.0,1328503000.0,0.0,0.0,0.119,598420000.0,1577913000.0,379524000.0,0.187,0.97,7.604,7.593,0.0,0.0,252.01,0.903,0.903,5727044000.0,11465022000.0,11192046000.0,11192046000.0,0.0,0.04,0.135,0.047,0.141,42473000.0,598420000.0,1.0,40083525.0,40083525,,279.218,35370056000.0,0.0,196677000.0,35089000.0,882.409,
1,RE,MRT,2021-03-31,2021-03-31,2021-03-31,2021-09-03,235079000.0,33595352000.0,31280382250.0,,,0.331,242.123,0.0,1132660000.0,1132660000.0,8745155000.0,839401000.0,,2.47,1910577000.0,,,1910577000.0,0.0,0.0,0.0,0.025,6.2,1046445000.0,1046445000.0,0.101,1046445000.0,1046445000.0,1002066000.0,21.0,20.96,21.0,9682882000.0,9571662250.0,9682882000.0,11019074760.0,11.0,10.53,3271956000.0,81.816,1.0,1614716000.0,0.156,0.0,44379000.0,34373269000.0,31619599750.0,0.0,24808144000.0,,,23912470000.0,,,9910333760.0,315034000.0,0.0,-49554000.0,1229968000.0,-248049000.0,932406000.0,-3880711000.0,-3880711000.0,3271956000.0,-8617000.0,839401000.0,839401000.0,839401000.0,0.0,0.0,0.081,568271000.0,1046445000.0,402379000.0,0.295,1.023,11.806,11.8,0.0,0.0,247.81,0.957,0.957,5260942000.0,10847085000.0,10359871000.0,10359871000.0,0.0,0.027,0.088,0.033,0.101,40837000.0,568271000.0,1.0,39991662.0,39991662,,259.051,33595352000.0,31738000.0,162665000.0,0.0,840.059,
2,RE,MRT,2020-12-31,2020-12-31,2020-12-31,2021-09-03,534899000.0,32788357000.0,29687203750.0,,,0.323,243.363,0.0,801651000.0,801651000.0,8424087000.0,514151000.0,,2.371,1910392000.0,,,1910392000.0,0.0,0.0,0.0,0.026,6.2,621672000.0,621672000.0,0.065,621672000.0,621672000.0,585349000.0,12.81,12.78,12.81,9726176000.0,9296177750.0,9726176000.0,9127496393.0,15.0,14.682,2873579000.0,71.901,1.0,1174027000.0,0.122,0.0,36323000.0,33897098000.0,29798082250.0,0.0,24659940000.0,,,23062181000.0,,,9355564393.0,-6385000.0,0.0,-229494000.0,1278770000.0,-249097000.0,800220000.0,-3683371000.0,-3683371000.0,2873579000.0,3187000.0,514151000.0,514151000.0,514151000.0,0.0,0.0,0.054,552355000.0,621672000.0,294347000.0,0.484,0.962,18.196,18.274,0.0,0.0,234.09,0.975,0.975,5087132000.0,10567452000.0,9598114000.0,9598114000.0,0.0,0.017,0.055,0.021,0.065,39209000.0,552355000.0,1.0,39965673.0,39965673,,240.159,32788357000.0,17253000.0,71198000.0,0.0,820.413,
3,RE,MRT,2020-09-30,2020-09-30,2020-09-30,2021-09-03,411598000.0,30153027000.0,28321127250.0,,,0.32,239.951,0.0,938881000.0,938881000.0,7792256000.0,668193000.0,,2.144,710813000.0,,,710813000.0,0.0,0.0,0.0,0.031,6.2,714229000.0,714229000.0,0.079,714229000.0,714229000.0,685031000.0,16.6,16.57,16.6,9591292000.0,9147865000.0,9591292000.0,7594308582.0,11.0,10.633,2555747000.0,63.939,1.0,1258545000.0,0.139,0.0,29198000.0,29924959000.0,28111269500.0,0.0,22165797000.0,,,20561735000.0,,,7896028582.0,221709000.0,0.0,-225387000.0,79353000.0,-250301000.0,-396334000.0,-1929964000.0,-1929964000.0,2555747000.0,-7739000.0,668193000.0,668193000.0,668193000.0,0.0,0.0,0.074,544316000.0,714229000.0,364654000.0,0.373,0.823,11.817,11.9,0.0,0.0,197.54,0.872,0.872,4990009000.0,10565792000.0,9050801000.0,9050801000.0,0.0,0.024,0.073,0.025,0.079,37969000.0,544316000.0,1.0,39971796.0,39971796,,226.43,30153027000.0,77761000.0,16838000.0,0.0,754.358,
4,RE,MRT,2020-06-30,2020-06-30,2020-06-30,2021-09-03,297137000.0,28584793000.0,27538805750.0,,,0.308,232.233,0.0,922479000.0,922479000.0,7425714000.0,529534000.0,,2.078,620759000.0,,,620759000.0,0.0,0.0,0.0,0.029,6.05,536007000.0,536007000.0,0.063,536007000.0,536007000.0,505543000.0,13.08,13.06,13.08,9286299000.0,8995856500.0,9286299000.0,8109883287.0,15.0,15.13,2103077000.0,52.594,1.0,1057423000.0,0.125,0.0,30464000.0,28283073000.0,27365116250.0,0.0,20679197000.0,,,19298494000.0,,,8245322287.0,261112000.0,0.0,-224529000.0,-10647000.0,-245391000.0,-480567000.0,-1351124000.0,-1351124000.0,2103077000.0,-10274000.0,529534000.0,529534000.0,529534000.0,0.0,0.0,0.062,521416000.0,536007000.0,369761000.0,0.463,0.888,15.571,15.765,0.0,0.0,206.2,0.972,0.972,4801364000.0,10384645000.0,8483137000.0,8483137000.0,0.0,0.019,0.059,0.02,0.063,36022000.0,521416000.0,1.0,39987014.0,39987014,,212.147,28584793000.0,294333000.0,-23991000.0,0.0,714.852,
5,RE,MRT,2020-03-31,2020-03-31,2020-03-31,2021-09-03,-269751000.0,27222638000.0,26989555250.0,,,0.306,210.248,0.0,817626000.0,817626000.0,7067962000.0,671522000.0,,2.172,682187000.0,,,682187000.0,0.0,0.0,0.0,0.031,5.9,672466000.0,672466000.0,0.082,672466000.0,672466000.0,640821000.0,16.47,16.44,16.47,8580944000.0,8895321750.0,8580944000.0,7679116585.0,11.0,11.419,1898189000.0,46.509,1.0,1179387000.0,0.143,0.0,31645000.0,27087199000.0,26884384750.0,0.0,19518956000.0,,,18641694000.0,,,7853320585.0,233652000.0,0.0,-232056000.0,48802000.0,-240462000.0,-423716000.0,-1237923000.0,-1237923000.0,1898189000.0,-2898000.0,671522000.0,671522000.0,671522000.0,0.0,0.0,0.081,506921000.0,672466000.0,369385000.0,0.358,0.915,11.695,11.683,0.0,0.0,192.42,0.952,0.952,4587301000.0,10255692000.0,8247349000.0,8247349000.0,0.0,0.025,0.075,0.025,0.082,34355000.0,506921000.0,1.0,40813432.0,40813432,,202.074,27222638000.0,406413000.0,-30701000.0,0.0,667.002,
6,RE,MRT,2019-12-31,2019-12-31,2019-12-31,2021-09-03,28152000.0,27324051000.0,26591522500.0,,,0.31,223.944,0.0,808036000.0,808036000.0,6626624000.0,1009461000.0,,1.992,633832000.0,,,633832000.0,0.0,0.0,0.0,0.021,5.75,1130680000.0,1130680000.0,0.137,1130680000.0,1130680000.0,1098987000.0,24.77,24.7,24.77,9132925000.0,8856743000.0,9132925000.0,11206729316.0,10.0,9.911,1852002000.0,45.412,1.0,1604545000.0,0.195,0.0,31693000.0,27149847000.0,26532635250.0,0.0,19940464000.0,,,18191126000.0,,,11290124316.0,151941000.0,0.0,-41365000.0,0.0,-234322000.0,-275687000.0,-1412492000.0,-1412492000.0,1852002000.0,-11882000.0,1009461000.0,1009461000.0,1009461000.0,0.0,0.0,0.123,473865000.0,1130680000.0,291660000.0,0.232,1.236,11.184,11.176,0.0,0.0,276.84,1.372,1.372,4468275000.0,10306571000.0,8231169000.0,8231169000.0,0.0,0.038,0.114,0.043,0.137,34018000.0,473865000.0,1.0,40782128.0,40782128,,201.833,27324051000.0,305711000.0,89526000.0,0.0,670.001,
7,RE,MRT,2019-09-30,2019-09-30,2019-09-30,2021-09-03,46272000.0,27023741000.0,25948257750.0,,,0.301,220.501,0.0,717172000.0,717172000.0,7166246000.0,406504000.0,,2.008,633777000.0,,,633777000.0,0.0,0.0,0.0,0.021,5.6,206446000.0,206446000.0,0.026,206446000.0,206446000.0,174490000.0,10.0,10.0,10.0,8983258000.0,8538711000.0,8983258000.0,10812917148.0,52.0,52.376,1553303000.0,38.127,1.0,642413000.0,0.082,0.0,31956000.0,26940346000.0,25927301000.0,0.0,19647421000.0,,,18040483000.0,,,10840561148.0,77411000.0,0.0,-46960000.0,0.0,-228009000.0,-274969000.0,-1214249000.0,-1214249000.0,1553303000.0,13326000.0,406504000.0,406504000.0,406504000.0,0.0,0.0,0.052,435967000.0,206446000.0,371807000.0,0.56,1.207,26.668,26.609,0.0,0.0,266.09,1.388,1.388,4695894000.0,10152118000.0,7808659000.0,7808659000.0,0.0,0.016,0.048,0.008,0.026,31964000.0,435967000.0,1.0,40740205.0,40740205,,191.67,27023741000.0,361243000.0,-232014000.0,0.0,663.319,
8,RE,MRT,2019-06-30,2019-06-30,2019-06-30,2021-09-03,-44902000.0,26387791000.0,25295036750.0,,,0.305,218.104,0.0,661367000.0,661367000.0,6984505000.0,500487000.0,,1.97,633723000.0,,,633723000.0,0.0,0.0,0.0,0.022,5.5,302891000.0,302891000.0,0.039,302891000.0,302891000.0,270941000.0,12.31,12.28,12.31,8884160000.0,8375149750.0,8884160000.0,10118234394.0,33.0,33.406,1330932000.0,32.674,1.0,718097000.0,0.093,0.0,31950000.0,26360147000.0,25293378000.0,0.0,19132485000.0,,,17503631000.0,,,10068540394.0,41874000.0,0.0,-94616000.0,0.0,-223877000.0,-318493000.0,-972152000.0,-972152000.0,1330932000.0,1587000.0,500487000.0,500487000.0,500487000.0,0.0,0.0,0.065,415206000.0,302891000.0,346151000.0,0.447,1.133,20.117,20.08,0.0,0.0,247.18,1.307,1.307,4664238000.0,10152059000.0,7702602000.0,7702602000.0,0.0,0.02,0.06,0.012,0.039,31974000.0,415206000.0,1.0,40733637.0,40733637,,189.097,26387791000.0,358457000.0,-229546000.0,0.0,647.813,
9,RE,MRT,2019-03-31,2019-03-31,2019-03-31,2021-09-03,-216111000.0,25630507000.0,24669560250.0,,,0.308,207.169,0.0,583974000.0,583974000.0,7193641000.0,237514000.0,,2.042,633668000.0,,,633668000.0,0.0,0.0,0.0,0.025,5.4,-9397000.0,-9397000.0,-0.001,-9397000.0,-9397000.0,-40641000.0,5.85,5.83,5.85,8426629000.0,8214447000.0,8426629000.0,8761738727.0,-932.0,-932.397,874231000.0,21.493,1.0,393173000.0,0.052,0.0,31244000.0,25680201000.0,24678315250.0,0.0,18639970000.0,,,17203878000.0,,,8784220727.0,-116612000.0,0.0,-112629000.0,0.0,-220118000.0,-332747000.0,-656955000.0,-656955000.0,874231000.0,-1141000.0,237514000.0,237514000.0,237514000.0,0.0,0.0,0.031,402570000.0,-9397000.0,287807000.0,0.923,1.042,36.984,36.916,0.0,0.0,215.96,1.158,1.158,4537282000.0,9866203000.0,7586814000.0,7586814000.0,0.0,0.01,0.029,0.0,-0.001,33089000.0,402570000.0,1.0,40675221.0,40675221,,186.522,25630507000.0,475851000.0,-278155000.0,0.0,630.126,
10,RE,MRT,2018-12-31,2018-12-31,2018-12-31,2021-09-03,-462557000.0,24750992000.0,24140232500.0,,,0.305,193.387,0.0,656095000.0,656095000.0,7170433000.0,89041000.0,,2.149,633613000.0,,,633613000.0,0.0,0.0,0.0,0.024,5.3,-211151000.0,-211151000.0,-0.029,-211151000.0,-211151000.0,-242182000.0,2.18,2.17,2.18,7860797000.0,8193834750.0,7860797000.0,8845305044.0,-42.0,-41.891,610069000.0,15.009,1.0,191062000.0,0.026,0.0,31031000.0,24728510000.0,24119779750.0,0.0,17776971000.0,,,16890195000.0,,,8851508044.0,21028000.0,0.0,-100373000.0,0.0,-216221000.0,-316594000.0,-279621000.0,-279621000.0,610069000.0,7174000.0,89041000.0,89041000.0,89041000.0,0.0,0.0,0.012,402213000.0,-211151000.0,218439000.0,2.431,1.126,99.409,99.89,0.0,0.0,217.76,1.202,1.202,4314174000.0,9531433000.0,7361495000.0,7361495000.0,0.0,0.004,0.011,-0.009,-0.029,32369000.0,402213000.0,1.0,40647998.0,40647998,,181.104,24750992000.0,594487000.0,-331223000.0,0.0,608.91,
11,RE,MRT,2018-09-30,2018-09-30,2018-09-30,2021-09-03,-470317000.0,24410857000.0,23850432500.0,,,0.313,203.865,0.0,639761000.0,639761000.0,5841852000.0,1063402000.0,,1.931,633558000.0,,,633558000.0,0.0,0.0,0.0,0.023,5.2,1207770000.0,1207770000.0,0.162,1207770000.0,1207770000.0,1177409000.0,26.0,25.86,26.0,8329013000.0,8320943500.0,8329013000.0,9348253834.0,8.0,7.74,662104000.0,16.206,1.0,1614145000.0,0.216,0.0,30361000.0,24404654000.0,23835182250.0,0.0,18026137000.0,,,16081844000.0,,,9334242834.0,54366000.0,0.0,-160892000.0,0.0,-212698000.0,-360883000.0,-245256000.0,-245256000.0,662104000.0,-1599000.0,1063402000.0,1063402000.0,1063402000.0,0.0,0.0,0.143,406375000.0,1207770000.0,289961000.0,0.2,1.121,8.778,8.787,0.0,0.0,228.47,1.252,1.252,4210067000.0,10013592000.0,7455997000.0,7455997000.0,0.0,0.045,0.128,0.051,0.162,33077000.0,406375000.0,1.0,40855442.0,40855442,,182.497,24410857000.0,266464000.0,114007000.0,0.0,597.493,
12,RE,MRT,2018-06-30,2018-06-30,2018-06-30,2021-09-03,-445338000.0,23885885000.0,23731785500.0,,,0.305,201.104,0.0,619493000.0,619493000.0,6751788000.0,225647000.0,,1.898,633504000.0,,,633504000.0,0.0,0.0,0.0,0.022,5.15,113597000.0,113597000.0,0.016,113597000.0,113597000.0,83871000.0,5.4,5.29,5.4,8241349000.0,8231023000.0,8241349000.0,9378043339.0,83.0,82.555,660979000.0,16.129,1.0,493217000.0,0.068,0.0,29726000.0,23899896000.0,23730072250.0,0.0,17586191000.0,,,15644536000.0,,,9445180339.0,150288000.0,0.0,-111963000.0,0.0,-211137000.0,-310693000.0,-200945000.0,-200945000.0,660979000.0,947000.0,225647000.0,225647000.0,225647000.0,0.0,0.0,0.031,379620000.0,113597000.0,312474000.0,0.954,1.146,41.858,42.681,0.0,0.0,230.48,1.304,1.304,4109634000.0,9860842000.0,7245005000.0,7245005000.0,0.0,0.01,0.027,0.005,0.016,32138000.0,379620000.0,1.0,40980477.0,40980477,,176.792,23885885000.0,280696000.0,-141776000.0,0.0,582.86,
13,RE,MRT,2018-03-31,2018-03-31,2018-03-31,2021-09-03,-341974000.0,23513196000.0,23390787000.0,,,0.294,204.315,0.0,700586000.0,700586000.0,6188303000.0,401426000.0,,1.818,633449000.0,,,633449000.0,0.0,0.0,0.0,0.02,5.1,328698000.0,328698000.0,0.048,328698000.0,328698000.0,298641000.0,9.67,9.54,9.67,8344180000.0,8316885250.0,8344180000.0,10486797218.0,32.0,31.904,976521000.0,23.911,1.0,694374000.0,0.101,0.0,30057000.0,23446059000.0,23426591000.0,0.0,17882328000.0,,,15169016000.0,,,10488469218.0,232346000.0,0.0,-85215000.0,0.0,-209201000.0,-282899000.0,-453706000.0,-453706000.0,976521000.0,-7570000.0,401426000.0,401426000.0,401426000.0,0.0,0.0,0.058,365676000.0,328698000.0,244280000.0,0.527,1.257,26.128,26.558,0.0,0.0,256.82,1.524,1.524,3584518000.0,9844187000.0,6882677000.0,6882677000.0,0.0,0.017,0.048,0.014,0.048,31132000.0,365676000.0,1.0,40839768.0,40839768,,168.529,23513196000.0,265228000.0,-102785000.0,0.0,575.743,
14,RE,MRT,2017-12-31,2017-12-31,2017-12-31,2021-09-03,-160891000.0,23591792000.0,23060726250.0,,,0.287,203.781,0.0,635067000.0,635067000.0,5826544000.0,482751000.0,,1.819,633395000.0,,,633395000.0,0.0,0.0,0.0,0.023,5.05,451014000.0,451014000.0,0.068,451014000.0,451014000.0,419411000.0,11.77,11.7,11.77,8369232000.0,8317809250.0,8369232000.0,9135024609.0,20.0,20.254,1162693000.0,28.31,1.0,795754000.0,0.12,0.0,31603000.0,23590120000.0,23154562250.0,0.0,17991468000.0,,,15222560000.0,,,9087079609.0,153145000.0,0.0,-68216000.0,0.0,-207242000.0,-275458000.0,-732577000.0,-732577000.0,1162693000.0,-1513000.0,482751000.0,482751000.0,482751000.0,0.0,0.0,0.073,344740000.0,451014000.0,218017000.0,0.429,1.086,18.824,18.799,0.0,0.0,221.26,1.372,1.372,3481318000.0,9685908000.0,6622298000.0,6622298000.0,0.0,0.021,0.058,0.019,0.068,30297000.0,344740000.0,1.0,41069690.0,41069690,,161.245,23591792000.0,299438000.0,-63340000.0,0.0,574.433,
15,RE,MRT,2017-09-30,2017-09-30,2017-09-30,2021-09-03,-84247000.0,23936269000.0,22493154250.0,,,0.283,194.072,0.0,585395000.0,585395000.0,5861018000.0,271515000.0,,2.004,633340000.0,,,633340000.0,0.0,0.0,0.0,0.022,5.0,158793000.0,158793000.0,0.025,158793000.0,158793000.0,125470000.0,6.42,6.27,6.42,7969331000.0,8244350250.0,7969331000.0,9542633745.0,60.0,60.095,1467070000.0,35.727,1.0,493802000.0,0.078,0.0,33323000.0,23984214000.0,22625221750.0,0.0,17896641000.0,,,15966938000.0,,,9378553745.0,149600000.0,0.0,-17869000.0,0.0,-204974000.0,-225533000.0,-1091394000.0,-1091394000.0,1467070000.0,-543000.0,271515000.0,271515000.0,271515000.0,0.0,0.0,0.043,335009000.0,158793000.0,269230000.0,0.779,1.177,34.542,35.575,0.0,0.0,228.39,1.476,1.476,3753553000.0,9166988000.0,6354820000.0,6354820000.0,0.0,0.012,0.033,0.007,0.025,29050000.0,335009000.0,1.0,41063767.0,41063767,,154.755,23936269000.0,415182000.0,-146045000.0,0.0,582.905,
16,RE,MRT,2017-06-30,2017-06-30,2017-06-30,2021-09-03,-151972000.0,22521891000.0,21924857500.0,,,0.28,209.032,0.0,469205000.0,469205000.0,4413536000.0,1206283000.0,,1.623,633285000.0,,,633285000.0,0.0,0.0,0.0,0.019,4.9,1385374000.0,1385374000.0,0.226,1385374000.0,1385374000.0,1350424000.0,29.26,29.06,29.26,8584798000.0,8262290500.0,8584798000.0,10620820523.0,8.0,7.666,1334396000.0,32.491,1.0,1726269000.0,0.281,0.0,34950000.0,22685971000.0,22094270500.0,0.0,17731996000.0,,,13937093000.0,,,10455829523.0,39918000.0,47721000.0,-208305000.0,0.0,-201131000.0,-412753000.0,-890723000.0,-938444000.0,1334396000.0,8998000.0,1206283000.0,1206283000.0,1206283000.0,0.0,0.0,0.196,340895000.0,1385374000.0,262462000.0,0.167,1.218,8.668,8.701,0.0,0.0,254.59,1.703,1.703,3148863000.0,9857664000.0,6139805000.0,6139805000.0,0.0,0.055,0.146,0.063,0.226,27861000.0,340895000.0,1.0,41069286.0,41069286,,149.499,22521891000.0,167913000.0,144141000.0,0.0,548.388,
17,RE,MRT,2017-03-31,2017-03-31,2017-03-31,2021-09-03,-185518000.0,22192953000.0,21614928500.0,,,0.279,204.072,0.0,468240000.0,468240000.0,4405623000.0,1116301000.0,,1.659,633231000.0,,,633231000.0,0.0,0.0,0.0,0.021,4.8,1297154000.0,1297154000.0,0.215,1297154000.0,1297154000.0,1261190000.0,26.98,26.78,26.98,8347876000.0,8112458000.0,8347876000.0,9715587801.0,7.0,7.49,1389936000.0,33.978,1.0,1631455000.0,0.27,0.0,35964000.0,22357944000.0,21794266500.0,0.0,17655229000.0,,,13845077000.0,,,9564333801.0,139297000.0,47721000.0,-306998000.0,0.0,-197959000.0,-508143000.0,-783977000.0,-831698000.0,1389936000.0,41481000.0,1116301000.0,1116301000.0,1116301000.0,0.0,0.0,0.185,334301000.0,1297154000.0,207592000.0,0.178,1.146,8.568,8.666,0.0,0.0,233.81,1.584,1.584,2973521000.0,9663294000.0,6037078000.0,6037078000.0,0.0,0.052,0.138,0.06,0.215,25858000.0,334301000.0,1.0,40906436.0,40906436,,147.583,22192953000.0,135050000.0,144889000.0,0.0,542.53,
18,RE,MRT,2016-12-31,2016-12-31,2016-12-31,2021-09-03,-216764000.0,21321504000.0,21280653750.0,,,0.272,197.569,0.0,481922000.0,481922000.0,4328321000.0,996344000.0,,1.64,633176000.0,,,633176000.0,0.0,0.0,0.0,0.022,4.7,1136072000.0,1136072000.0,0.196,1136072000.0,1136072000.0,1099844000.0,23.85,23.68,23.85,8075396000.0,7985563750.0,8075396000.0,9042417753.0,8.0,7.959,1383600000.0,33.851,1.0,1466025000.0,0.253,0.0,36228000.0,21472758000.0,21496100500.0,0.0,17001167000.0,,,13246108000.0,,,8845090753.0,198264000.0,47721000.0,-386132000.0,0.0,-195384000.0,-581516000.0,-657873000.0,-705594000.0,1383600000.0,54053000.0,996344000.0,996344000.0,996344000.0,0.0,0.0,0.172,329953000.0,1136072000.0,190986000.0,0.197,1.095,8.878,9.073,0.0,0.0,216.4,1.527,1.527,2696083000.0,9422932000.0,5794346000.0,5794346000.0,0.0,0.047,0.125,0.053,0.196,26398000.0,329953000.0,1.0,40873802.0,40873802,,141.762,21321504000.0,177704000.0,103500000.0,0.0,521.642,
19,RE,MRT,2016-09-30,2016-09-30,2016-09-30,2021-09-03,75830000.0,21663082000.0,21086632250.0,,,0.27,191.965,0.0,435795000.0,435795000.0,4239389000.0,980053000.0,,1.694,633122000.0,,,633122000.0,0.0,0.0,0.0,0.024,4.6,1141066000.0,1141066000.0,0.2,1141066000.0,1141066000.0,1104687000.0,23.09,22.91,23.09,8041092000.0,7868861000.0,8041092000.0,8161285913.0,7.0,7.152,1267142000.0,30.251,1.0,1459607000.0,0.256,0.0,36379000.0,21860409000.0,21351590500.0,0.0,17103793000.0,,,13621990000.0,,,7957505913.0,34569000.0,47721000.0,-445290000.0,0.0,-193499000.0,-660407000.0,-642983000.0,-690704000.0,1267142000.0,70817000.0,980053000.0,980053000.0,980053000.0,0.0,0.0,0.172,318541000.0,1141066000.0,262662000.0,0.199,0.99,8.119,8.227,0.0,0.0,189.97,1.396,1.396,2865348000.0,9100447000.0,5698996000.0,5698996000.0,0.0,0.046,0.125,0.053,0.2,25446000.0,318541000.0,1.0,41888224.0,41888224,,136.052,21663082000.0,169867000.0,124634000.0,0.0,517.164,
20,RE,MRT,2016-06-30,2016-06-30,2016-06-30,2021-09-03,84000000.0,21282175000.0,21091439500.0,,,0.262,188.608,0.0,429287000.0,429287000.0,4310481000.0,773212000.0,,1.665,633067000.0,,,633067000.0,0.0,0.0,0.0,0.024,4.4,902696000.0,902696000.0,0.164,902696000.0,902696000.0,866220000.0,18.0,17.85,18.0,7985468000.0,7730168000.0,7985468000.0,8043497706.0,9.0,8.911,1260164000.0,29.764,1.0,1210178000.0,0.219,0.0,36476000.0,21485955000.0,21366351250.0,0.0,17029817000.0,,,13296707000.0,,,7734071706.0,90386000.0,3934000.0,-450623000.0,0.0,-187738000.0,-659052000.0,-558048000.0,-561982000.0,1260164000.0,47322000.0,773212000.0,773212000.0,773212000.0,0.0,0.0,0.14,307482000.0,902696000.0,224380000.0,0.244,0.969,10.003,10.148,0.0,0.0,182.67,1.401,1.401,2630936000.0,8852512000.0,5520659000.0,5520659000.0,0.0,0.037,0.1,0.042,0.164,25135000.0,307482000.0,1.0,42339036.0,42339036,,130.392,21282175000.0,195094000.0,93008000.0,0.0,502.661,
21,RE,MRT,2016-03-31,2016-03-31,2016-03-31,2021-09-03,-45299000.0,20855854000.0,21141619750.0,,,0.259,183.638,0.0,328943000.0,328943000.0,4225867000.0,826577000.0,,1.66,638369000.0,,,638369000.0,0.0,0.0,0.0,0.021,4.2,961241000.0,961241000.0,0.175,961241000.0,961241000.0,924812000.0,19.02,18.86,19.02,7840299000.0,7665466500.0,7840299000.0,8783856508.0,9.0,9.138,1133142000.0,26.541,1.0,1257356000.0,0.229,0.0,36429000.0,21165280000.0,21440452750.0,0.0,16742028000.0,,,13015555000.0,,,8429146508.0,-69632000.0,3934000.0,-397187000.0,0.0,-181561000.0,-598680000.0,-624138000.0,-628072000.0,1133142000.0,20044000.0,826577000.0,826577000.0,826577000.0,0.0,0.0,0.151,296115000.0,961241000.0,179072000.0,0.221,1.075,10.198,10.38,0.0,0.0,197.43,1.537,1.537,2571935000.0,8744952000.0,5483223000.0,5483223000.0,0.0,0.039,0.108,0.045,0.175,24108000.0,296115000.0,1.0,42694355.0,42694355,,128.43,20855854000.0,223507000.0,98235000.0,0.0,488.492,
22,RE,MRT,2015-12-31,2015-12-31,2015-12-31,2021-09-03,-231755000.0,20545418000.0,21244478000.0,,,0.267,176.605,0.0,283658000.0,283658000.0,4248361000.0,977869000.0,,1.7,632958000.0,,,632958000.0,0.0,0.0,0.0,0.022,4.0,1148081000.0,1148081000.0,0.202,1148081000.0,1148081000.0,1111890000.0,22.29,22.1,22.29,7608585000.0,7622049250.0,7608585000.0,8125096517.0,7.0,7.077,1108235000.0,25.724,1.0,1428404000.0,0.252,0.0,36191000.0,20894718000.0,21525902000.0,0.0,16392747000.0,,,12936833000.0,,,7887955517.0,-153816000.0,3934000.0,-386462000.0,0.0,-175107000.0,-573170000.0,-681101000.0,-685035000.0,1108235000.0,-7780000.0,977869000.0,977869000.0,977869000.0,0.0,0.0,0.172,280323000.0,1148081000.0,173087000.0,0.179,1.037,8.066,8.214,0.0,0.0,183.09,1.39,1.39,2542098000.0,8621972000.0,5676765000.0,5676765000.0,0.0,0.046,0.128,0.053,0.202,21237000.0,280323000.0,1.0,43082394.0,43082394,,131.765,20545418000.0,258541000.0,134021000.0,0.0,476.887,
23,RE,MRT,2015-09-30,2015-09-30,2015-09-30,2021-09-03,-112231000.0,21682311000.0,21312579500.0,,,0.261,169.418,0.0,401226000.0,401226000.0,4217768000.0,918544000.0,,1.796,638367000.0,,,638367000.0,0.0,0.0,0.0,0.022,3.8,1117852000.0,1117852000.0,0.201,1117852000.0,1117852000.0,1081283000.0,21.52,21.31,21.52,7486320000.0,7582683000.0,7486320000.0,7959097337.0,7.0,7.12,930659000.0,21.061,1.0,1347178000.0,0.242,0.0,36569000.0,21919452000.0,21556901000.0,0.0,17246001000.0,,,13443299000.0,,,7659632337.0,-577000.0,3934000.0,-412793000.0,0.0,-168784000.0,-957443000.0,56381000.0,52447000.0,930659000.0,-30174000.0,960711000.0,960711000.0,960711000.0,0.0,-42167000.0,0.173,271493000.0,1075685000.0,199528000.0,0.177,1.023,7.973,8.055,0.0,0.0,173.34,1.376,1.376,2688182000.0,8313893000.0,5564946000.0,5564946000.0,0.0,0.045,0.127,0.052,0.201,22627000.0,271493000.0,1.0,44188487.0,44188487,,125.937,21682311000.0,270607000.0,120572000.0,0.0,490.678,
24,RE,MRT,2015-06-30,2015-06-30,2015-06-30,2021-09-03,-14819000.0,21482896000.0,21263805000.0,,,0.271,173.903,0.0,338901000.0,338901000.0,4179239000.0,1131244000.0,,1.682,638366000.0,,,638366000.0,0.0,0.0,0.0,0.02,3.6,1334638000.0,1334638000.0,0.231,1334638000.0,1334638000.0,1294635000.0,25.55,25.31,25.55,7726662000.0,7556649750.0,7726662000.0,8326640636.0,6.0,6.239,995967000.0,22.416,1.0,1589468000.0,0.276,0.0,40003000.0,21782361000.0,21570480750.0,0.0,17663308000.0,,,12996505000.0,,,8086850636.0,-2669000.0,0.0,-289890000.0,0.0,-161059000.0,-902149000.0,-98543000.0,-98543000.0,995967000.0,2056000.0,1147074000.0,1147074000.0,1147074000.0,0.0,-15830000.0,0.199,270660000.0,1318808000.0,160248000.0,0.141,1.047,7.05,7.124,0.0,0.0,182.01,1.402,1.402,2307506000.0,8267038000.0,5768707000.0,5768707000.0,0.0,0.054,0.152,0.062,0.231,21793000.0,270660000.0,1.0,44430804.0,44430804,,129.836,21482896000.0,206400000.0,147561000.0,0.0,483.514,
25,RE,MRT,2015-03-31,2015-03-31,2015-03-31,2021-09-03,52969000.0,21267287000.0,21190992000.0,,,0.275,172.387,0.0,398575000.0,398575000.0,4129919000.0,1220112000.0,,1.695,638365000.0,,,638365000.0,0.0,0.0,0.0,0.02,3.4,1443743000.0,1443743000.0,0.248,1443743000.0,1443743000.0,1403788000.0,27.15,26.89,27.15,7666630000.0,7455701250.0,7666630000.0,7939271866.0,5.0,5.499,1038234000.0,23.345,1.0,1700800000.0,0.292,0.0,39955000.0,21507077000.0,21559495500.0,0.0,17395889000.0,,,12997062000.0,,,7738381866.0,13171000.0,0.0,-309361000.0,400000000.0,-153423000.0,-383484000.0,-639283000.0,-639283000.0,1038234000.0,-2296000.0,1228201000.0,1228201000.0,1228201000.0,0.0,-8089000.0,0.211,265146000.0,1435654000.0,200262000.0,0.125,1.009,6.301,6.409,0.0,0.0,174.0,1.327,1.327,2320146000.0,8099936000.0,5830719000.0,5830719000.0,0.0,0.058,0.165,0.067,0.248,21940000.0,265146000.0,1.0,44473459.0,44473459,,131.106,21267287000.0,159445000.0,175587000.0,0.0,478.202,
26,RE,MRT,2014-12-31,2014-12-31,2014-12-31,2021-09-03,48317000.0,20817824000.0,20902269000.0,,,0.272,164.677,0.0,437474000.0,437474000.0,3997081000.0,1199156000.0,,1.737,638364000.0,,,638364000.0,0.0,0.0,0.0,0.019,3.2,1425341000.0,1425341000.0,0.251,1425341000.0,1425341000.0,1386808000.0,26.16,25.91,26.16,7451120000.0,7298421500.0,7451120000.0,8192116650.0,6.0,5.747,1054762000.0,23.311,1.0,1681866000.0,0.296,0.0,38533000.0,21018714000.0,21236557000.0,0.0,16998463000.0,,,12945152000.0,,,7705558650.0,-173908000.0,0.0,-482185000.0,400000000.0,-145913000.0,-478098000.0,-758572000.0,-758572000.0,1054762000.0,8000000.0,1199156000.0,1199156000.0,1199156000.0,0.0,0.0,0.211,256525000.0,1425341000.0,139841000.0,0.122,1.034,6.426,6.51,0.0,0.0,170.3,1.357,1.357,2223014000.0,7819210000.0,5678947000.0,5678947000.0,0.0,0.057,0.164,0.067,0.251,21197000.0,256525000.0,1.0,45246968.0,45246968,,125.51,20817824000.0,184762000.0,187652000.0,0.0,460.093,
27,RE,MRT,2014-09-30,2014-09-30,2014-09-30,2021-09-03,185397000.0,21487213000.0,20649822000.0,,,0.28,162.347,0.0,401803000.0,401803000.0,3992844000.0,1267948000.0,,1.856,888361000.0,,,888361000.0,0.0,0.0,0.0,0.019,3.0,1483597000.0,1483597000.0,0.256,1483597000.0,1483597000.0,1446989000.0,26.21,25.97,26.21,7382187000.0,7177710500.0,7382187000.0,7913635748.0,5.0,5.334,1199241000.0,26.373,1.0,1796434000.0,0.31,0.0,36608000.0,21973771000.0,20903121750.0,0.0,17196916000.0,,,13700615000.0,,,7366859748.0,-187731000.0,0.0,-456608000.0,400000000.0,-138995000.0,73263000.0,-1462719000.0,-1462719000.0,1199241000.0,2484000.0,1223671000.0,1223671000.0,1223671000.0,0.0,44277000.0,0.211,268560000.0,1527874000.0,216031000.0,0.114,0.998,6.02,6.181,0.0,0.0,162.01,1.273,1.273,2662596000.0,7521966000.0,5789278000.0,5789278000.0,0.0,0.059,0.17,0.071,0.256,31476000.0,268560000.0,1.0,45471636.0,45471636,,127.316,21487213000.0,186924000.0,223318000.0,0.0,472.541,
28,RE,MRT,2014-06-30,2014-06-30,2014-06-30,2021-09-03,299304000.0,21191644000.0,20284998750.0,,,0.279,158.823,0.0,341570000.0,341570000.0,3883257000.0,1205222000.0,,1.843,888346000.0,,,888346000.0,0.0,0.0,0.0,0.017,2.73,1489824000.0,1489824000.0,0.263,1489824000.0,1489824000.0,1458003000.0,25.01,24.78,25.01,7322868000.0,7011526250.0,7322868000.0,7502647171.0,5.0,5.036,1249751000.0,27.105,1.0,1771639000.0,0.313,0.0,31821000.0,21738420000.0,20391351750.0,0.0,17299868000.0,,,13492868000.0,,,7399719171.0,-97566000.0,0.0,-478837000.0,360000000.0,-128196000.0,184667000.0,-1511002000.0,-1511002000.0,1249751000.0,-20982000.0,1183514000.0,1183514000.0,1183514000.0,0.0,21708000.0,0.209,260107000.0,1511532000.0,217041000.0,0.109,1.01,6.252,6.417,0.0,0.0,160.49,1.309,1.309,2387464000.0,7281023000.0,5654896000.0,5654896000.0,0.0,0.058,0.169,0.073,0.263,31447000.0,260107000.0,1.0,46107042.0,46107042,,122.647,21191644000.0,141887000.0,274489000.0,0.0,459.618,
29,RE,MRT,2014-03-31,2014-03-31,2014-03-31,2021-09-03,211207000.0,20112395000.0,19876849750.0,,,0.28,148.552,0.0,385404000.0,385404000.0,3817530000.0,1182939000.0,,1.813,488332000.0,,,488332000.0,0.0,0.0,0.0,0.016,2.46,1466619000.0,1466619000.0,0.264,1466619000.0,1466619000.0,1426414000.0,24.29,24.08,24.29,7037511000.0,6836509250.0,7037511000.0,7127552953.0,5.0,4.86,1206000000.0,25.457,1.0,1739449000.0,0.313,0.0,40205000.0,20215323000.0,19868797500.0,0.0,16421051000.0,,,12759716000.0,,,7250615953.0,-138732000.0,0.0,-606563000.0,-329897000.0,-117192000.0,-752452000.0,-560651000.0,-560651000.0,1206000000.0,-31629000.0,1168972000.0,1168972000.0,1168972000.0,0.0,13967000.0,0.21,258863000.0,1480586000.0,116883000.0,0.101,1.03,6.203,6.301,0.0,0.0,153.05,1.305,1.305,2158585000.0,7025158000.0,5556979000.0,5556979000.0,0.0,0.059,0.171,0.074,0.264,30657000.0,258863000.0,1.0,47374165.0,47374165,,117.3,20112395000.0,136513000.0,257442000.0,0.0,424.544,
30,RE,MRT,2013-12-31,2013-12-31,2013-12-31,2021-09-03,157728000.0,19808036000.0,19799268750.0,,,0.285,145.469,0.0,611382000.0,611382000.0,3777809000.0,1265260000.0,,1.829,488319000.0,,,488319000.0,0.0,0.0,0.0,0.014,2.19,1595206000.0,1595206000.0,0.283,1595206000.0,1595206000.0,1549088000.0,25.67,25.44,25.67,6968276000.0,6781348000.0,6968276000.0,7365274912.0,5.0,4.617,1098261000.0,22.927,1.0,1863027000.0,0.33,0.0,46118000.0,19684973000.0,19838994000.0,0.0,15985101000.0,,,12746382000.0,,,7466503912.0,74332000.0,0.0,-570415000.0,-329897000.0,-106681000.0,-776493000.0,-224003000.0,-224003000.0,1098261000.0,-23433000.0,1259382000.0,1259382000.0,1259382000.0,0.0,5878000.0,0.223,261943000.0,1601084000.0,116387000.0,0.085,1.071,5.929,6.072,0.0,0.0,155.87,1.324,1.324,2075776000.0,6765967000.0,5640836000.0,5640836000.0,0.0,0.064,0.186,0.08,0.283,31844000.0,261943000.0,1.0,47902123.0,47902123,,117.758,19808036000.0,178334000.0,289706000.0,0.0,413.511,
31,RE,MRT,2013-09-30,2013-09-30,2013-09-30,2021-09-03,180204000.0,20027920000.0,19791736500.0,,,0.273,138.149,0.0,589534000.0,589534000.0,3957638000.0,957289000.0,,1.968,488305000.0,,,488305000.0,0.0,0.0,0.0,0.013,1.92,1189588000.0,1189588000.0,0.22,1189588000.0,1189588000.0,1137178000.0,19.2,19.05,19.2,6717450000.0,6722645750.0,6717450000.0,7159657359.0,6.0,6.019,1040160000.0,21.392,1.0,1438726000.0,0.267,0.0,52410000.0,19926691000.0,19932505250.0,0.0,15658322000.0,,,13219202000.0,,,7070502359.0,110976000.0,0.0,-536642000.0,-329897000.0,-95455000.0,-874494000.0,-42014000.0,-42014000.0,1040160000.0,-12676000.0,953521000.0,953521000.0,953521000.0,0.0,3768000.0,0.177,245370000.0,1193356000.0,224873000.0,0.1,1.053,7.415,7.573,0.0,0.0,145.41,1.31,1.31,2450567000.0,6437290000.0,5396364000.0,5396364000.0,0.0,0.048,0.142,0.06,0.22,24246000.0,245370000.0,1.0,48624595.0,48624595,,110.98,20027920000.0,259720000.0,183657000.0,0.0,411.889,
32,RE,MRT,2013-06-30,2013-06-30,2013-06-30,2021-09-03,207164000.0,19559048000.0,19701624750.0,,,0.265,132.524,0.0,439136000.0,439136000.0,3763685000.0,969684000.0,,1.953,528291000.0,,,528291000.0,0.0,0.0,0.0,0.015,1.92,1207701000.0,1207701000.0,0.232,1207701000.0,1207701000.0,1149597000.0,19.19,19.06,19.19,6622800000.0,6739626250.0,6622800000.0,6703749157.0,6.0,5.551,829064000.0,16.59,1.0,1450162000.0,0.278,0.0,58104000.0,19648203000.0,19952598000.0,0.0,15588766000.0,,,12936248000.0,,,6409711157.0,40285000.0,0.0,-464857000.0,-289897000.0,-97178000.0,-851932000.0,46663000.0,46663000.0,829064000.0,16490000.0,969684000.0,969684000.0,969684000.0,0.0,0.0,0.186,242461000.0,1207701000.0,191931000.0,0.1,0.968,6.61,6.684,0.0,0.0,128.26,1.229,1.229,2243910000.0,6225705000.0,5213847000.0,5213847000.0,0.0,0.049,0.144,0.061,0.232,28775000.0,242461000.0,1.0,49974358.0,49974358,,104.33,19559048000.0,325432000.0,179913000.0,0.0,391.382,
33,RE,MRT,2013-03-31,2013-03-31,2013-03-31,2021-09-03,466436000.0,19802071000.0,19537675500.0,,,0.258,133.409,0.0,524136000.0,524136000.0,3683687000.0,908593000.0,,1.905,818174000.0,,,818174000.0,0.0,0.0,0.0,0.015,1.92,1120530000.0,1120530000.0,0.222,1120530000.0,1120530000.0,1066544000.0,17.69,17.58,17.69,6816866000.0,6688264000.0,6816866000.0,6916649232.0,6.0,6.173,788252000.0,15.426,1.0,1357672000.0,0.269,0.0,53986000.0,20096109000.0,19871180750.0,0.0,16038058000.0,,,12985205000.0,,,6635538232.0,52089000.0,0.0,-357841000.0,0.0,-98992000.0,-456833000.0,-305799000.0,-305799000.0,788252000.0,26469000.0,908593000.0,908593000.0,908593000.0,0.0,0.0,0.18,237142000.0,1120530000.0,165364000.0,0.109,0.973,7.303,7.341,0.0,0.0,129.86,1.316,1.316,2071509000.0,5973378000.0,5041359000.0,5041359000.0,0.0,0.047,0.136,0.056,0.222,31876000.0,237142000.0,1.0,51097630.0,51097630,,98.661,19802071000.0,267706000.0,157951000.0,0.0,387.534,
34,RE,MRT,2012-12-31,2012-12-31,2012-12-31,2021-09-03,537049000.0,19777907000.0,19378507750.0,,,0.254,130.218,0.0,537050000.0,537050000.0,3697966000.0,828954000.0,,1.937,818161000.0,,,818161000.0,0.0,0.0,0.0,0.017,1.92,993209000.0,993209000.0,0.202,993209000.0,993209000.0,939526000.0,15.85,15.79,15.85,6733467000.0,6566797000.0,6733467000.0,6025010812.0,6.0,6.066,694632000.0,13.433,1.0,1224844000.0,0.249,0.0,53683000.0,20059018000.0,19725022250.0,0.0,16039146000.0,,,13044440000.0,,,5685421812.0,88399000.0,0.0,-268515000.0,0.0,-100402000.0,-368917000.0,-264548000.0,-264548000.0,694632000.0,27232000.0,828954000.0,828954000.0,828954000.0,0.0,0.0,0.168,231635000.0,993209000.0,162778000.0,0.121,0.844,6.859,6.937,0.0,0.0,109.95,1.155,1.155,1968047000.0,5613266000.0,4922810000.0,4922810000.0,0.0,0.043,0.126,0.05,0.202,31984000.0,231635000.0,1.0,51709157.0,51709157,,95.202,19777907000.0,330466000.0,110572000.0,0.0,382.484,
35,RE,MRT,2012-09-30,2012-09-30,2012-09-30,2021-09-03,593796000.0,19667473000.0,19157419750.0,,,0.258,130.935,0.0,478558000.0,478558000.0,3807013000.0,811219000.0,,1.899,818147000.0,,,818147000.0,0.0,0.0,0.0,0.018,1.92,911811000.0,911811000.0,0.185,911811000.0,911811000.0,858938000.0,15.39,15.33,15.39,6785372000.0,6401274000.0,6785372000.0,5962205620.0,7.0,6.539,650518000.0,12.553,1.0,1129078000.0,0.229,0.0,52873000.0,20007062000.0,19526021000.0,0.0,16055399000.0,,,12882101000.0,,,5542922620.0,34852000.0,0.0,-234647000.0,0.0,-101453000.0,-336100000.0,-280861000.0,-280861000.0,650518000.0,1295000.0,811219000.0,811219000.0,811219000.0,0.0,0.0,0.164,217267000.0,911811000.0,228641000.0,0.125,0.817,6.833,6.95,0.0,0.0,106.96,1.123,1.123,1954348000.0,5579224000.0,4936091000.0,4936091000.0,0.0,0.042,0.127,0.047,0.185,27566000.0,217267000.0,1.0,51822388.0,51822388,,95.25,19667473000.0,281187000.0,47719000.0,0.0,379.517,
36,RE,MRT,2012-06-30,2012-06-30,2012-06-30,2021-09-03,438139000.0,18903251000.0,18924448500.0,,,0.251,121.667,0.0,398851000.0,398851000.0,3930957000.0,623351000.0,,1.946,818134000.0,,,818134000.0,0.0,0.0,0.0,0.019,1.92,601748000.0,601748000.0,0.127,601748000.0,601748000.0,549121000.0,11.71,11.67,11.71,6417351000.0,6227891250.0,6417351000.0,5804673161.0,10.0,9.646,683502000.0,12.959,1.0,810947000.0,0.171,0.0,52627000.0,19322534000.0,19301750250.0,0.0,15630968000.0,,,12485900000.0,,,5458598161.0,-12672000.0,0.0,-257211000.0,-40000000.0,-102492000.0,-399703000.0,-284086000.0,-284086000.0,683502000.0,-12385000.0,623351000.0,623351000.0,623351000.0,0.0,0.0,0.131,209199000.0,601748000.0,78366000.0,0.164,0.851,8.757,8.838,0.0,0.0,103.49,1.151,1.151,1646581000.0,5353199000.0,4741904000.0,4741904000.0,0.0,0.033,0.1,0.031,0.127,23409000.0,209199000.0,1.0,52745175.0,52745175,,89.902,18903251000.0,334687000.0,-74230000.0,0.0,358.388,
37,RE,MRT,2012-03-31,2012-03-31,2012-03-31,2021-09-03,464201000.0,19165400000.0,18949615000.0,,,0.25,117.817,0.0,472047000.0,472047000.0,4030461000.0,540112000.0,,2.027,818122000.0,,,818122000.0,0.0,0.0,0.0,0.021,1.92,503043000.0,503043000.0,0.106,503043000.0,503043000.0,450544000.0,10.03,10.0,10.03,6330998000.0,6161693000.0,6330998000.0,5341091625.0,11.0,10.618,695370000.0,12.941,1.0,706179000.0,0.149,0.0,52499000.0,19511475000.0,19333736250.0,0.0,15644911000.0,,,12834402000.0,,,4971633625.0,187900000.0,0.0,-166676000.0,-40000000.0,-103444000.0,-310120000.0,-191751000.0,-191751000.0,695370000.0,-5599000.0,540112000.0,540112000.0,540112000.0,0.0,0.0,0.114,203136000.0,503043000.0,49748000.0,0.191,0.785,9.205,9.224,0.0,0.0,92.52,1.05,1.05,1700332000.0,5163777000.0,4736640000.0,4736640000.0,0.0,0.029,0.088,0.026,0.106,19969000.0,203136000.0,1.0,53735772.0,53735772,,88.147,19165400000.0,339998000.0,-89568000.0,0.0,356.66,
38,RE,MRT,2011-12-31,2011-12-31,2011-12-31,2021-09-03,366978000.0,18893555000.0,18856373500.0,,,0.249,113.044,0.0,448651000.0,448651000.0,4676725000.0,-80486000.0,,2.112,818109000.0,,,818109000.0,0.0,0.0,0.0,0.023,1.92,-181628000.0,-181628000.0,-0.039,-181628000.0,-181628000.0,-233947000.0,-1.49,-1.49,-1.49,6071375000.0,6057486000.0,6071375000.0,4890718079.0,-27.0,-26.927,717738000.0,13.364,1.0,17236000.0,0.004,0.0,52319000.0,19263013000.0,19297457500.0,0.0,15348730000.0,,,12822180000.0,,,4516327079.0,190243000.0,-63100000.0,-80221000.0,-50000000.0,-103848000.0,-234069000.0,-266924000.0,-203824000.0,717738000.0,-26502000.0,-80486000.0,-80486000.0,-80486000.0,0.0,0.0,-0.017,198864000.0,-181628000.0,60775000.0,-1.289,0.744,-56.113,-56.436,0.0,0.0,84.09,0.962,0.962,1743296000.0,4884714000.0,4693961000.0,4693961000.0,0.0,-0.004,-0.013,-0.009,-0.039,17693000.0,198864000.0,1.0,53708254.0,53708254,,87.397,18893555000.0,374406000.0,-153461000.0,0.0,351.781,
39,RE,MRT,2011-09-30,2011-09-30,2011-09-30,2021-09-03,402946000.0,18735588000.0,18729034250.0,,,0.249,112.086,0.0,443706000.0,443706000.0,4373424000.0,181005000.0,,2.076,818097000.0,,,818097000.0,0.0,0.0,0.0,0.024,1.92,97003000.0,97003000.0,0.021,97003000.0,97003000.0,44770000.0,3.15,3.13,3.15,6091841000.0,6110521500.0,6091841000.0,4760828120.0,49.0,49.079,674518000.0,12.411,1.0,292980000.0,0.063,0.0,52233000.0,19109979000.0,19230166750.0,0.0,15270211000.0,,,12643747000.0,,,4314267120.0,242566000.0,-63100000.0,-125828000.0,-83000000.0,-104125000.0,-312953000.0,-118546000.0,-55446000.0,674518000.0,-453000.0,181005000.0,181005000.0,181005000.0,0.0,0.0,0.039,195977000.0,97003000.0,32150000.0,0.61,0.708,23.835,25.2,0.0,0.0,79.38,0.925,0.925,1682927000.0,4869458000.0,4666404000.0,4666404000.0,0.0,0.01,0.03,0.005,0.021,15810000.0,195977000.0,1.0,54349548.0,54349548,,85.859,18735588000.0,345360000.0,-136235000.0,0.0,344.724,
40,RE,MRT,2011-06-30,2011-06-30,2011-06-30,2021-09-03,460403000.0,19003917000.0,18682615000.0,,,0.258,113.331,0.0,411523000.0,411523000.0,4337004000.0,292151000.0,,2.089,858084000.0,,,858084000.0,0.0,0.0,0.0,0.023,1.92,292106000.0,292106000.0,0.061,292106000.0,292106000.0,239820000.0,5.11,5.08,5.11,6152558000.0,6157966250.0,6152558000.0,5012016679.0,17.0,17.158,764379000.0,14.08,1.0,482696000.0,0.1,0.0,52286000.0,19450478000.0,19265126750.0,0.0,15425096000.0,,,12851359000.0,,,4438090679.0,220070000.0,-63100000.0,-179280000.0,-93000000.0,-104763000.0,-377043000.0,-152284000.0,-89184000.0,764379000.0,-14982000.0,292151000.0,292151000.0,292151000.0,0.0,0.0,0.061,190590000.0,292106000.0,20136000.0,0.376,0.721,15.191,15.998,0.0,0.0,81.75,0.921,0.921,1796590000.0,4832340000.0,4819700000.0,4819700000.0,0.0,0.016,0.047,0.015,0.061,15314000.0,190590000.0,1.0,54288571.0,54288571,,88.779,19003917000.0,288548000.0,-52331000.0,0.0,350.054,
41,RE,MRT,2011-03-31,2011-03-31,2011-03-31,2021-09-03,337337000.0,18792434000.0,18483354750.0,,,0.257,108.648,0.0,284147000.0,284147000.0,4244282000.0,317512000.0,,2.178,858073000.0,,,858073000.0,0.0,0.0,0.0,0.022,1.92,311521000.0,311521000.0,0.066,311521000.0,311521000.0,259335000.0,5.39,5.37,5.39,5914170000.0,6128726500.0,5914170000.0,5409650938.0,17.0,17.365,835249000.0,15.344,1.0,498058000.0,0.105,0.0,52186000.0,19366360000.0,19144122000.0,0.0,15081670000.0,,,12878264000.0,,,4799998938.0,69988000.0,-63100000.0,-385110000.0,40000000.0,-106238000.0,-451348000.0,-306461000.0,-243361000.0,835249000.0,-7452000.0,317512000.0,317512000.0,317512000.0,0.0,0.0,0.067,186537000.0,311521000.0,26818000.0,0.356,0.812,15.118,16.36,0.0,0.0,88.18,1.012,1.012,1775710000.0,4727109000.0,4742340000.0,4742340000.0,0.0,0.017,0.052,0.016,0.066,14691000.0,186537000.0,1.0,54434100.0,54434100,,87.121,18792434000.0,341654000.0,-58177000.0,0.0,345.233,
42,RE,MRT,2010-12-31,2010-12-31,2010-12-31,2021-09-03,332258000.0,18384198000.0,18325267500.0,,,0.257,114.282,0.0,258408000.0,258408000.0,3877567000.0,610754000.0,,1.926,868060000.0,,,868060000.0,0.0,0.0,0.0,0.023,1.92,647068000.0,647068000.0,0.138,647068000.0,647068000.0,591238000.0,10.73,10.7,10.73,6283517000.0,6159422750.0,6283517000.0,5363524668.0,8.0,8.289,918475000.0,16.705,1.0,828240000.0,0.176,0.0,55830000.0,18993850000.0,18993520000.0,0.0,15106611000.0,,,12100681000.0,,,4663616668.0,10810000.0,0.0,-395488000.0,50000000.0,-108477000.0,-653965000.0,-270013000.0,-270013000.0,918475000.0,16313000.0,610754000.0,610754000.0,610754000.0,0.0,0.0,0.13,181172000.0,647068000.0,47519000.0,0.179,0.742,7.636,7.905,0.0,0.0,84.82,0.991,0.991,1662557000.0,5069048000.0,4705807000.0,4705807000.0,0.0,0.033,0.099,0.034,0.138,14786000.0,181172000.0,1.0,54982512.0,54982512,,85.587,18384198000.0,273316000.0,-19516000.0,0.0,334.364,
43,RE,MRT,2010-09-30,2010-09-30,2010-09-30,2021-09-03,559591000.0,18549911000.0,18229546000.0,,,0.254,111.689,0.0,201140000.0,201140000.0,3806164000.0,505448000.0,,1.953,901048000.0,,,901048000.0,0.0,0.0,0.0,0.022,1.92,634942000.0,634942000.0,0.137,634942000.0,634942000.0,574699000.0,8.73,8.71,8.73,6281620000.0,6113974000.0,6281620000.0,5622830383.0,9.0,8.856,976681000.0,17.366,1.0,822725000.0,0.178,0.0,60243000.0,19249819000.0,18937982000.0,0.0,15286351000.0,,,12268291000.0,,,4863247383.0,-63935000.0,0.0,-439711000.0,83000000.0,-111082000.0,-667793000.0,-385050000.0,-385050000.0,976681000.0,12227000.0,505448000.0,505448000.0,505448000.0,0.0,0.0,0.109,187783000.0,634942000.0,63796000.0,0.22,0.774,9.622,9.905,0.0,0.0,86.47,1.051,1.051,1732417000.0,4792578000.0,4628889000.0,4628889000.0,0.0,0.028,0.083,0.034,0.137,14986000.0,187783000.0,1.0,56242019.0,56242019,,82.303,18549911000.0,200954000.0,69251000.0,0.0,329.823,
44,RE,MRT,2010-06-30,2010-06-30,2010-06-30,2021-09-03,366866000.0,18206876000.0,18124291000.0,,,0.254,102.433,0.0,191453000.0,191453000.0,3710408000.0,559866000.0,,2.017,951036000.0,,,951036000.0,0.0,0.0,0.0,0.027,1.92,708433000.0,708433000.0,0.154,708433000.0,708433000.0,643952000.0,9.37,9.35,9.37,6035599000.0,6064807000.0,6035599000.0,4770864361.0,7.0,6.734,993653000.0,16.864,1.0,896899000.0,0.195,0.0,64481000.0,18966459000.0,18845964750.0,0.0,14910663000.0,,,12171277000.0,,,4166997361.0,-280847000.0,0.0,-380545000.0,133000000.0,-113608000.0,-561153000.0,-737647000.0,-737647000.0,993653000.0,24300000.0,559866000.0,559866000.0,559866000.0,0.0,0.0,0.122,188466000.0,708433000.0,50822000.0,0.205,0.69,7.443,7.547,0.0,0.0,70.72,0.904,0.904,1739402000.0,4644952000.0,4607307000.0,4607307000.0,0.0,0.031,0.092,0.038,0.154,13721000.0,188466000.0,1.0,58922474.0,58922474,,78.193,18206876000.0,266115000.0,84086000.0,0.0,308.997,
45,RE,MRT,2010-03-31,2010-03-31,2010-03-31,2021-09-03,300977000.0,18160085000.0,17904305750.0,,,0.261,101.773,0.0,214159000.0,214159000.0,3625966000.0,675781000.0,,2.008,818026000.0,,,818026000.0,0.0,0.0,0.0,0.024,1.92,865060000.0,865060000.0,0.185,865060000.0,865060000.0,796479000.0,11.11,11.08,11.11,6036955000.0,5942261000.0,6036955000.0,5570970779.0,6.0,6.44,875564000.0,14.761,1.0,1053229000.0,0.225,0.0,68581000.0,18763952000.0,18572480250.0,0.0,14830229000.0,,,12123130000.0,,,4800584779.0,-253089000.0,0.0,-229756000.0,0.0,-115601000.0,-545357000.0,-640834000.0,-640834000.0,875564000.0,57538000.0,675781000.0,675781000.0,675781000.0,0.0,0.0,0.144,188169000.0,865060000.0,42687000.0,0.173,0.795,7.104,7.284,0.0,0.0,80.93,1.026,1.026,1737986000.0,4515835000.0,4679195000.0,4679195000.0,0.0,0.038,0.114,0.047,0.185,13752000.0,188169000.0,1.0,59317741.0,59317741,,78.884,18160085000.0,321304000.0,120698000.0,0.0,306.149,
46,RE,MRT,2009-12-31,2009-12-31,2009-12-31,2021-09-03,272038000.0,18001312000.0,17545533000.0,,,0.256,101.052,0.0,247598000.0,247598000.0,3302391000.0,806989000.0,,1.95,1017984000.0,,,1017984000.0,0.0,0.0,0.0,0.022,1.92,1011402000.0,1011402000.0,0.225,1011402000.0,1011402000.0,939321000.0,13.26,13.22,13.26,6101722000.0,5692985750.0,6101722000.0,5926403326.0,6.0,5.86,784738000.0,12.996,1.0,1196187000.0,0.266,0.0,72081000.0,18771698000.0,18200388250.0,0.0,14671218000.0,,,11899590000.0,,,5173544326.0,41904000.0,0.0,-183313000.0,-83026000.0,-116857000.0,-383196000.0,-372356000.0,-372356000.0,784738000.0,12718000.0,806989000.0,806989000.0,806989000.0,0.0,0.0,0.179,184785000.0,1011402000.0,53014000.0,0.145,0.848,6.411,6.462,0.0,0.0,85.68,1.15,1.15,1723251000.0,4566771000.0,4498578000.0,4498578000.0,0.0,0.046,0.142,0.056,0.225,13347000.0,184785000.0,1.0,60382170.0,60382170,,74.502,18001312000.0,319073000.0,132332000.0,0.0,298.123,
47,RE,MRT,2009-09-30,2009-09-30,2009-09-30,2021-09-03,332564000.0,18128891000.0,17256852500.0,,,0.234,99.993,0.0,265075000.0,265075000.0,3124447000.0,593171000.0,,1.979,1017934000.0,,,1017934000.0,0.0,0.0,0.0,0.022,1.92,739005000.0,739005000.0,0.183,739005000.0,739005000.0,664576000.0,9.71,9.68,9.71,6084952000.0,5407644000.0,6084952000.0,5882478380.0,8.0,7.96,653978000.0,10.747,1.0,915456000.0,0.227,0.0,74429000.0,18881750000.0,17962460000.0,0.0,14847974000.0,,,12043939000.0,,,5336892380.0,41445000.0,0.0,-88642000.0,-83026000.0,-117672000.0,-289340000.0,-307816000.0,-307816000.0,653978000.0,-15377000.0,593171000.0,593171000.0,593171000.0,0.0,0.0,0.147,176451000.0,739005000.0,51676000.0,0.198,0.877,8.997,9.032,0.0,0.0,87.7,1.321,1.321,1708621000.0,4398212000.0,4039903000.0,4039903000.0,0.0,0.034,0.11,0.041,0.183,13084000.0,176451000.0,1.0,60853961.0,60853961,,66.387,18128891000.0,290281000.0,71405000.0,0.0,297.908,
48,RE,MRT,2009-06-30,2009-06-30,2009-06-30,2021-09-03,-43884000.0,17326935000.0,17067226500.0,,,0.216,90.108,0.0,472300000.0,472300000.0,3339656000.0,131426000.0,,2.125,1017886000.0,,,1017886000.0,0.0,0.0,0.0,0.027,1.92,185562000.0,185562000.0,0.05,185562000.0,185562000.0,108714000.0,2.16,2.14,2.16,5545415000.0,5145550000.0,5545415000.0,4955157310.0,27.0,26.704,714634000.0,11.612,1.0,353411000.0,0.096,0.0,76848000.0,17872521000.0,17823472500.0,0.0,13735005000.0,,,11781520000.0,,,4404567310.0,246422000.0,0.0,-71393000.0,-83026000.0,-118035000.0,-272454000.0,-155910000.0,-155910000.0,714634000.0,-39848000.0,131426000.0,131426000.0,131426000.0,0.0,0.0,0.036,167849000.0,185562000.0,44282000.0,0.889,0.794,33.514,33.134,0.0,0.0,71.57,1.193,1.193,1712036000.0,4198694000.0,3693067000.0,3693067000.0,0.0,0.008,0.026,0.01,0.05,12491000.0,167849000.0,1.0,61542089.0,61542089,,60.009,17326935000.0,436348000.0,-22712000.0,0.0,281.546,
49,RE,MRT,2009-03-31,2009-03-31,2009-03-31,2021-09-03,-294636000.0,16724994000.0,17183724750.0,,,0.21,82.224,0.0,467248000.0,467248000.0,3393112000.0,11865000.0,,2.319,1017838000.0,,,1017838000.0,0.0,0.0,0.0,0.027,1.92,44756000.0,44756000.0,0.012,44756000.0,44756000.0,-34770000.0,0.2,0.17,0.2,5039854000.0,5151097000.0,5039854000.0,5321542662.0,119.0,118.901,592849000.0,9.672,1.0,206996000.0,0.057,0.0,79526000.0,17275584000.0,18041854000.0,0.0,13133835000.0,,,11685140000.0,,,4348147662.0,249277000.0,0.0,-44795000.0,-83026000.0,-118162000.0,-245983000.0,-13189000.0,-13189000.0,592849000.0,-84400000.0,11865000.0,11865000.0,11865000.0,0.0,0.0,0.003,162240000.0,44756000.0,49644000.0,9.6,0.863,366.468,354.0,0.0,0.0,70.8,1.208,1.205,1663423000.0,3898343000.0,3600108000.0,3600108000.0,0.0,0.001,0.002,0.002,0.012,11762000.0,162240000.0,1.0,61414515.0,61294000,61433000.0,58.735,16724994000.0,462994000.0,-46635000.0,0.0,272.865,
50,RE,MRT,2008-12-31,2008-12-31,2008-12-31,2021-09-03,-291851000.0,16846590000.0,17513976500.0,,,0.201,80.429,0.0,205694000.0,205694000.0,3369666000.0,-18758000.0,,2.396,1179089000.0,,,1179089000.0,0.0,0.0,0.0,0.025,1.92,-4436000.0,-4436000.0,-0.001,-4436000.0,-4436000.0,-83607000.0,-0.3,-0.3,-0.3,4960355000.0,5299379500.0,4960355000.0,5631438946.0,-1269.0,-1269.486,662995000.0,10.75,1.0,157913000.0,0.045,0.0,79171000.0,17819985000.0,18474704000.0,0.0,13508586000.0,,,11886235000.0,,,4676025946.0,-44873000.0,0.0,-148340000.0,0.0,-118616000.0,-266956000.0,-390024000.0,-390024000.0,662995000.0,-50888000.0,-18758000.0,-18758000.0,-18758000.0,0.0,0.0,-0.005,162349000.0,-4436000.0,51138000.0,-6.4,0.943,-249.282,-253.8,0.0,0.0,76.14,1.326,1.331,1644658000.0,3819327000.0,3527579000.0,3527579000.0,0.0,-0.001,-0.004,0.0,-0.001,16305000.0,162349000.0,1.0,61413527.0,61674000,61674000.0,57.197,16846590000.0,474662000.0,-64849000.0,0.0,273.155,
51,RE,MRT,2008-09-30,2008-09-30,2008-09-30,2021-09-03,-258559000.0,17370387000.0,17802199500.0,,,0.22,82.034,0.0,223630000.0,223630000.0,3695256000.0,10071000.0,,2.449,1179043000.0,,,1179043000.0,0.0,0.0,0.0,0.022,1.92,59533000.0,59533000.0,0.015,59533000.0,59533000.0,-22865000.0,0.12,0.1,0.12,5036576000.0,5480483250.0,5036576000.0,6291022223.0,106.0,105.673,843427000.0,13.737,1.0,218527000.0,0.056,0.0,82398000.0,18325800000.0,18751664000.0,0.0,13895949000.0,,,12333811000.0,,,5337903223.0,17568000.0,0.0,-146394000.0,-216496000.0,-119521000.0,-482411000.0,-306001000.0,-306001000.0,843427000.0,-37447000.0,10071000.0,10071000.0,10071000.0,0.0,0.0,0.003,158994000.0,59533000.0,50110000.0,16.0,1.06,530.027,721.083,0.0,0.0,86.53,1.364,1.357,1669071000.0,3865401000.0,3913783000.0,3913783000.0,0.0,0.001,0.002,0.003,0.015,17125000.0,158994000.0,1.0,61688469.0,61396000,61396000.0,63.747,17370387000.0,436324000.0,-32936000.0,0.0,282.924,
52,RE,MRT,2008-06-30,2008-06-30,2008-06-30,2021-09-03,-9895000.0,17792928000.0,17924834750.0,,,0.24,90.298,0.0,225878000.0,225878000.0,3486918000.0,489785000.0,,2.196,1178997000.0,,,1178997000.0,0.0,0.0,0.0,0.024,1.92,660228000.0,660228000.0,0.153,660228000.0,660228000.0,570792000.0,7.84,7.79,7.84,5567603000.0,5624425250.0,5567603000.0,5897383684.0,9.0,8.932,823991000.0,13.364,1.0,819203000.0,0.19,0.0,89436000.0,18746047000.0,18932771500.0,0.0,14355057000.0,,,12225325000.0,,,4936400684.0,38088000.0,0.0,-160688000.0,-216496000.0,-120096000.0,-497280000.0,-272320000.0,-272320000.0,823991000.0,-16303000.0,489785000.0,489785000.0,489785000.0,0.0,0.0,0.114,158975000.0,660228000.0,48617000.0,0.245,0.887,10.079,10.167,0.0,0.0,79.71,1.146,1.141,1706916000.0,4127991000.0,4306121000.0,4306121000.0,0.0,0.027,0.087,0.035,0.153,18402000.0,158975000.0,1.0,61929503.0,61658000,62002000.0,69.839,17792928000.0,394991000.0,81007000.0,0.0,288.575,
53,RE,MRT,2008-03-31,2008-03-31,2008-03-31,2021-09-03,159164000.0,18046001000.0,17847716000.0,,,0.252,90.305,0.0,217971000.0,217971000.0,3491000000.0,619626000.0,,2.204,1178954000.0,,,1178954000.0,0.0,0.0,0.0,0.021,1.92,848711000.0,848711000.0,0.189,848711000.0,848711000.0,754826000.0,9.86,9.78,9.86,5632984000.0,5567005750.0,5632984000.0,6556790235.0,8.0,7.726,942782000.0,15.114,1.0,1005499000.0,0.224,0.0,93885000.0,19006984000.0,18919255750.0,0.0,14778528000.0,,,12413017000.0,,,5628447235.0,57762000.0,0.0,-147448000.0,179141000.0,-120643000.0,-88950000.0,-771897000.0,-771897000.0,942782000.0,-24173000.0,619626000.0,619626000.0,619626000.0,0.0,0.0,0.138,156788000.0,848711000.0,49520000.0,0.195,0.999,9.084,9.08,0.0,0.0,89.53,1.252,1.242,1687542000.0,4004640000.0,4496499000.0,4496499000.0,0.0,0.035,0.111,0.045,0.189,19948000.0,156788000.0,1.0,62866606.0,62377000,62860000.0,72.086,18046001000.0,312272000.0,135200000.0,0.0,289.305,
54,RE,MRT,2007-12-31,2007-12-31,2007-12-31,2021-09-03,163155000.0,17999482000.0,17604794750.0,,,0.272,90.066,0.0,250567000.0,250567000.0,3509926000.0,839275000.0,,2.166,1178910000.0,,,1178910000.0,0.0,0.0,0.0,0.019,1.92,1119517000.0,1119517000.0,0.234,1119517000.0,1119517000.0,1027956000.0,13.25,13.15,13.25,5684770000.0,5457980500.0,5684770000.0,7500987658.0,7.0,6.7,854431000.0,13.537,1.0,1272121000.0,0.266,0.0,91561000.0,18927825000.0,18644947500.0,0.0,14685605000.0,,,12314712000.0,,,6311685658.0,699000.0,0.0,-223351000.0,179141000.0,-121387000.0,-165597000.0,-653016000.0,-653016000.0,854431000.0,-35119000.0,839275000.0,839275000.0,839275000.0,0.0,0.0,0.176,152604000.0,1119517000.0,68494000.0,0.145,1.11,7.52,7.577,0.0,0.0,100.4,1.32,1.325,1744324000.0,3956701000.0,4782047000.0,4782047000.0,0.0,0.048,0.154,0.06,0.234,17119000.0,152604000.0,1.0,62865395.0,63118000,63629000.0,75.764,17999482000.0,275193000.0,188681000.0,0.0,285.172,
55,RE,MRT,2007-09-30,2007-09-30,2007-09-30,2021-09-03,78490000.0,17860928000.0,17381816750.0,,,0.279,89.438,0.0,206062000.0,206062000.0,3336883000.0,1033388000.0,,2.182,1395364000.0,,,1395364000.0,0.0,0.0,0.0,0.015,1.68,1354760000.0,1354760000.0,0.28,1354760000.0,1354760000.0,1268054000.0,16.25,16.1,16.25,5612344000.0,5313709750.0,5612344000.0,8176116135.0,6.0,6.035,760797000.0,12.124,1.0,1509173000.0,0.311,0.0,86706000.0,19050230000.0,18376318000.0,0.0,14682736000.0,,,12248584000.0,,,6968585135.0,-3700000.0,0.0,-219894000.0,395637000.0,-106608000.0,69135000.0,-834122000.0,-843628000.0,760797000.0,490000.0,1033388000.0,1033388000.0,1033388000.0,0.0,0.0,0.213,155117000.0,1354056000.0,29651000.0,0.103,1.242,6.743,6.784,0.0,0.0,110.24,1.438,1.427,1735747000.0,3974851000.0,4846056000.0,4846056000.0,0.0,0.059,0.194,0.074,0.28,19077000.0,155117000.0,1.0,63212855.0,62751000,63268000.0,77.227,17860928000.0,269959000.0,234666000.0,0.0,284.632,
56,RE,MRT,2007-06-30,2007-06-30,2007-06-30,2021-09-03,-12170000.0,17484453000.0,17126773750.0,,,0.278,84.862,0.0,187790000.0,187790000.0,3276149000.0,1032479000.0,,2.276,1395321000.0,,,1395321000.0,0.0,0.0,0.0,0.012,1.32,1333336000.0,1333336000.0,0.28,1333336000.0,1333336000.0,1256223000.0,16.12,15.96,16.12,5337925000.0,5116587750.0,5337925000.0,7699236977.0,6.0,5.774,585778000.0,9.313,1.0,1481786000.0,0.311,0.0,77113000.0,18691984000.0,18020400750.0,0.0,14219922000.0,,,12146528000.0,,,6863801977.0,12367000.0,0.0,-183431000.0,395637000.0,-84368000.0,127838000.0,-713562000.0,-714342000.0,585778000.0,12313000.0,1032479000.0,1032479000.0,1032479000.0,0.0,0.0,0.217,148919000.0,1332867000.0,30618000.0,0.082,1.286,6.648,6.739,0.0,0.0,108.64,1.443,1.436,1867916000.0,3758302000.0,4757935000.0,4757935000.0,0.0,0.06,0.202,0.074,0.28,18064000.0,148919000.0,1.0,63179326.0,62901000,63518000.0,75.642,17484453000.0,243955000.0,223744000.0,0.0,277.968,
57,RE,MRT,2007-03-31,2007-03-31,2007-03-31,2021-09-03,94546000.0,17074316000.0,16889658750.0,,,0.269,80.984,0.0,160209000.0,160209000.0,3172652000.0,970014000.0,,2.285,995644000.0,,,995644000.0,0.0,0.0,0.0,0.01,0.96,1224485000.0,1224485000.0,0.27,1224485000.0,1224485000.0,1154368000.0,15.03,14.89,15.03,5196883000.0,4876872750.0,5196883000.0,6904195005.0,6.0,5.638,636974000.0,9.926,1.0,1369273000.0,0.301,0.0,70117000.0,17909751000.0,17686429750.0,0.0,13783656000.0,,,11877433000.0,,,6158458005.0,-6155000.0,0.0,-171448000.0,0.0,-61937000.0,-233385000.0,-444109000.0,-444889000.0,636974000.0,34365000.0,970014000.0,970014000.0,970014000.0,0.0,0.0,0.214,145023000.0,1224250000.0,53524000.0,0.064,1.185,6.349,6.399,0.0,0.0,96.17,1.356,1.359,1980784000.0,3505657000.0,4541925000.0,4541925000.0,0.0,0.057,0.199,0.069,0.27,16634000.0,145023000.0,1.0,64037205.0,64172000,64763000.0,70.777,17074316000.0,204476000.0,184354000.0,59158000.0,266.071,
58,RE,MRT,2006-12-31,2006-12-31,2006-12-31,2021-09-03,348543000.0,17107570000.0,16769559000.0,,,0.269,78.915,0.0,249868000.0,249868000.0,3317674000.0,840828000.0,,2.349,995605000.0,,,995605000.0,0.0,0.0,0.0,0.006,0.6,1061649000.0,1061649000.0,0.235,1061649000.0,1061649000.0,991750000.0,12.99,12.87,12.99,5107687000.0,4644180000.0,5107687000.0,7162987965.0,7.0,6.747,636315000.0,9.831,1.0,1199626000.0,0.266,0.0,69899000.0,17853307000.0,17564753250.0,0.0,13707219000.0,,,11999883000.0,,,6377182965.0,142593000.0,0.0,23627000.0,0.0,-38986000.0,-15359000.0,-528150000.0,-528150000.0,636315000.0,49787000.0,840828000.0,840828000.0,840828000.0,0.0,0.0,0.186,137977000.0,1061649000.0,47483000.0,0.046,1.249,7.584,7.553,0.0,0.0,98.11,1.412,1.406,1977357000.0,2987998000.0,4517300000.0,4517300000.0,0.0,0.05,0.181,0.06,0.235,15127000.0,137977000.0,1.0,65000336.0,64724000,65324000.0,69.793,17107570000.0,220047000.0,150922000.0,43002000.0,264.316,
59,RE,MRT,2006-09-30,2006-09-30,2006-09-30,2021-09-03,266779000.0,16840756000.0,16611301250.0,,,0.266,74.519,0.0,209762000.0,209762000.0,3706144000.0,472280000.0,,2.491,995567000.0,,,995567000.0,0.0,0.0,0.0,0.005,0.47,576097000.0,576097000.0,0.13,576097000.0,576097000.0,507118000.0,7.03,6.92,7.03,4823856000.0,4402181750.0,4823856000.0,7155110120.0,12.0,12.42,569112000.0,8.792,1.0,709349000.0,0.161,0.0,68979000.0,17626561000.0,17442106500.0,0.0,13428308000.0,,,12016900000.0,,,6335003120.0,74183000.0,0.0,771396000.0,0.0,-30186000.0,741210000.0,-1256318000.0,-1300840000.0,569112000.0,20179000.0,472280000.0,472280000.0,472280000.0,0.0,0.0,0.107,132313000.0,577036000.0,38419000.0,0.067,1.313,13.414,13.873,0.0,0.0,97.53,1.435,1.43,2041431000.0,2797256000.0,4415493000.0,4415493000.0,0.0,0.028,0.107,0.033,0.13,12545000.0,132313000.0,1.0,64954405.0,64733000,65375000.0,68.211,16840756000.0,218141000.0,34838000.0,16120000.0,260.157,
60,RE,MRT,2006-06-30,2006-06-30,2006-06-30,2021-09-03,62529000.0,16535993000.0,16346800500.0,,,0.269,67.674,0.0,175423000.0,175423000.0,4467873000.0,-191143000.0,,2.776,995530000.0,,,995530000.0,0.0,0.0,0.0,0.005,0.46,-194263000.0,-194263000.0,-0.044,-194263000.0,-194263000.0,-263273000.0,-4.18,-4.25,-4.18,4379065000.0,4096399500.0,4379065000.0,6448740858.0,-33.0,-33.196,765320000.0,11.827,1.0,-62568000.0,-0.014,0.0,69010000.0,17356100000.0,17196115000.0,0.0,13012141000.0,,,12156928000.0,,,5619612858.0,62474000.0,0.0,777782000.0,0.0,-28604000.0,749178000.0,-1454126000.0,-1406531000.0,765320000.0,2102000.0,-191143000.0,-191143000.0,-191143000.0,0.0,0.0,-0.043,130756000.0,-193324000.0,74049000.0,-0.11,1.283,-29.4,-20.711,0.0,0.0,86.57,1.276,1.272,2168775000.0,2559376000.0,4405305000.0,4405305000.0,0.0,-0.012,-0.047,-0.011,-0.044,11236000.0,130756000.0,1.0,64914091.0,64708000,65258000.0,68.08,16535993000.0,275468000.0,-72130000.0,24000.0,255.548,
61,RE,MRT,2006-03-31,2006-03-31,2006-03-31,2021-09-03,167853000.0,16593917000.0,16067719500.0,,,0.287,66.016,0.0,166364000.0,166364000.0,4685033000.0,-217366000.0,,2.89,995492000.0,,,995492000.0,0.0,0.0,0.0,0.005,0.45,-210867000.0,-210867000.0,-0.046,-210867000.0,-210867000.0,-279799000.0,-4.14,-4.23,-4.14,4266112000.0,4022017000.0,4266112000.0,6942485729.0,-33.0,-32.924,905888000.0,14.018,1.0,-81504000.0,-0.018,0.0,68932000.0,17423045000.0,16932616250.0,0.0,12984640000.0,,,12327805000.0,,,6054304729.0,14842000.0,0.0,777274000.0,0.0,-27014000.0,750260000.0,-1622990000.0,-1615153000.0,905888000.0,-18316000.0,-217366000.0,-217366000.0,-217366000.0,0.0,0.0,-0.047,128423000.0,-209927000.0,70795000.0,-0.109,1.419,-27.853,-22.553,0.0,0.0,93.37,1.315,1.311,2297627000.0,2346765000.0,4603529000.0,4603529000.0,0.0,-0.014,-0.054,-0.012,-0.046,9798000.0,128423000.0,1.0,64842077.0,64622000,65437000.0,71.238,16593917000.0,242906000.0,-62433000.0,0.0,256.784,
62,RE,MRT,2005-12-31,2005-12-31,2005-12-31,2021-09-03,221146000.0,16474539000.0,15681002250.0,,,0.291,71.809,0.0,107275000.0,107275000.0,4639164000.0,-218667000.0,,2.98,995456000.0,,,995456000.0,0.0,0.0,0.0,0.004,0.44,-207527000.0,-207527000.0,-0.045,-207527000.0,-207527000.0,-280921000.0,-3.79,-3.79,-3.79,4139694000.0,3894408750.0,4139694000.0,7068059978.0,-34.0,-34.059,1070567000.0,18.57,1.0,-76708000.0,-0.017,0.0,73394000.0,17362720000.0,16549574500.0,0.0,12863522000.0,,,12334845000.0,,,6208217978.0,-77655000.0,0.0,770856000.0,-250000000.0,-25425000.0,495431000.0,-1611512000.0,-1611671000.0,1070567000.0,-32141000.0,-218667000.0,-218667000.0,-218667000.0,0.0,0.0,-0.048,129800000.0,-206508000.0,50354000.0,-0.116,1.5,-28.391,-26.478,0.0,0.0,100.35,1.361,1.268,2322413000.0,2186156000.0,4562456000.0,4562456000.0,0.0,-0.014,-0.056,-0.013,-0.045,8003000.0,129800000.0,1.0,61865650.0,57649000,57649000.0,79.142,16474539000.0,309584000.0,-62254000.0,0.0,285.773,
63,RE,MRT,2005-09-30,2005-09-30,2005-09-30,2021-09-03,269686000.0,15782753000.0,15330559000.0,,,0.317,63.887,0.0,135579000.0,135579000.0,4613097000.0,36857000.0,,3.383,995421000.0,,,995421000.0,0.0,0.0,0.0,0.004,0.43,115912000.0,115912000.0,0.024,115912000.0,115912000.0,37462000.0,0.69,0.56,0.69,3600727000.0,3787614750.0,3600727000.0,6404428620.0,55.0,55.253,1194857000.0,21.2,1.0,249205000.0,0.051,0.0,78450000.0,16642595000.0,16242177000.0,0.0,12046271000.0,,,12182026000.0,,,5521992620.0,-43387000.0,0.0,19541000.0,-73349000.0,-24232000.0,-78040000.0,-1165618000.0,-1036037000.0,1194857000.0,5414000.0,36857000.0,36857000.0,36857000.0,0.0,0.0,0.008,131437000.0,117768000.0,72582000.0,0.623,1.534,149.822,141.884,0.0,0.0,97.9,1.136,1.135,2453908000.0,2355162000.0,4862302000.0,4862302000.0,0.0,0.002,0.01,0.007,0.024,7720000.0,131437000.0,1.0,56404419.0,56361000,56361000.0,86.271,15782753000.0,221549000.0,605000.0,0.0,280.03,
64,RE,MRT,2005-06-30,2005-06-30,2005-06-30,2021-09-03,334270000.0,15419669000.0,15060964250.0,,,0.333,72.54,0.0,112949000.0,112949000.0,4299385000.0,466065000.0,,2.778,995385000.0,,,995385000.0,0.0,0.0,0.0,0.005,0.42,596584000.0,596584000.0,0.119,596584000.0,596584000.0,515966000.0,8.3,8.17,8.3,4081535000.0,3770874500.0,4081535000.0,6086078087.0,10.0,10.202,1315770000.0,23.385,1.0,722810000.0,0.144,0.0,80618000.0,16302105000.0,15979295000.0,0.0,11847652000.0,,,11338134000.0,,,5242248087.0,8362000.0,0.0,14403000.0,-73349000.0,-23624000.0,-82570000.0,-1218781000.0,-1258156000.0,1315770000.0,-6057000.0,466065000.0,466065000.0,466065000.0,0.0,0.0,0.093,124605000.0,598205000.0,37049000.0,0.051,1.284,11.248,11.205,0.0,0.0,93.0,1.044,1.042,2461385000.0,2779123000.0,5022195000.0,5022195000.0,0.0,0.031,0.124,0.037,0.119,6125000.0,124605000.0,1.0,56368259.0,56266000,57128000.0,89.258,15419669000.0,165550000.0,49901000.0,0.0,274.049,
65,RE,MRT,2005-03-31,2005-03-31,2005-03-31,2021-09-03,200112000.0,15047048000.0,14683261250.0,,,0.343,66.897,0.0,151522000.0,151522000.0,4222584000.0,535852000.0,,3.006,995352000.0,,,995352000.0,0.0,0.0,0.0,0.005,0.41,689728000.0,689728000.0,0.137,689728000.0,689728000.0,606961000.0,9.57,9.41,9.57,3755679000.0,3591683000.0,3755679000.0,5847506934.0,8.0,8.478,1416449000.0,25.23,1.0,812776000.0,0.161,0.0,82767000.0,15890878000.0,15621238500.0,0.0,11314331000.0,,,11291369000.0,,,4787142934.0,50330000.0,0.0,20238000.0,-73349000.0,-23027000.0,-76138000.0,-1295269000.0,-1174841000.0,1416449000.0,5288000.0,535852000.0,535852000.0,535852000.0,0.0,0.0,0.106,121662000.0,691114000.0,52029000.0,0.043,1.275,8.934,8.893,0.0,0.0,85.11,0.951,0.949,2559127000.0,2591145000.0,5035360000.0,5035360000.0,0.0,0.036,0.149,0.044,0.137,4842000.0,121662000.0,1.0,56246539.0,56141000,57076000.0,89.691,15047048000.0,209626000.0,71109000.0,29383000.0,268.022,
66,RE,MRT,2004-12-31,2004-12-31,2004-12-31,2021-09-03,328737000.0,15072766000.0,14351809750.0,,,0.35,66.379,0.0,184930000.0,184930000.0,4266315000.0,494858000.0,,3.06,1245294000.0,,,1245294000.0,0.0,0.0,0.0,0.004,0.4,635250000.0,635250000.0,0.127,635250000.0,635250000.0,559711000.0,8.85,8.71,8.85,3712518000.0,3493913750.0,3712518000.0,5912957109.0,9.0,9.308,1490877000.0,26.657,1.0,751191000.0,0.15,0.0,75539000.0,16133130000.0,15319921750.0,0.0,11345242000.0,,,11360248000.0,,,5026264109.0,71000.0,0.0,21837000.0,496648000.0,-22421000.0,496064000.0,-2000008000.0,-1980735000.0,1490877000.0,13138000.0,494858000.0,494858000.0,494858000.0,0.0,0.0,0.099,114870000.0,636321000.0,47462000.0,0.045,1.354,10.157,10.12,0.0,0.0,89.56,1.002,0.998,2609601000.0,2430248000.0,5017506000.0,5017506000.0,0.0,0.034,0.142,0.041,0.127,4684000.0,114870000.0,1.0,56121752.0,55929000,56826000.0,89.712,15072766000.0,159874000.0,64853000.0,31854000.0,269.498,
67,RE,MRT,2004-09-30,2004-09-30,2004-09-30,2021-09-03,242611000.0,14704374000.0,13756002250.0,,,0.353,63.113,0.0,178966000.0,178966000.0,4062964000.0,523311000.0,,3.161,1065659000.0,,,1065659000.0,0.0,0.0,0.0,0.005,0.39,691024000.0,691024000.0,0.142,691024000.0,691024000.0,623479000.0,9.38,9.21,9.38,3533766000.0,3357009250.0,3533766000.0,5128370318.0,7.0,7.421,1771238000.0,31.634,1.0,796626000.0,0.164,0.0,67545000.0,15591067000.0,14596712250.0,0.0,10848436000.0,,,11170608000.0,,,4167348318.0,37329000.0,0.0,28514000.0,319997000.0,-21815000.0,326696000.0,-2071267000.0,-1939547000.0,1771238000.0,10662000.0,523311000.0,523311000.0,523311000.0,0.0,0.0,0.108,105602000.0,691024000.0,36139000.0,0.042,1.179,7.963,7.924,0.0,0.0,74.33,0.858,0.856,2572655000.0,2342537000.0,4859590000.0,4859590000.0,0.0,0.038,0.156,0.047,0.142,1159000.0,105602000.0,1.0,56065496.0,55991000,56712000.0,86.792,14704374000.0,213689000.0,100168000.0,65030000.0,262.62,
68,RE,MRT,2004-06-30,2004-06-30,2004-06-30,2021-09-03,80473000.0,13908857000.0,13103215000.0,,,0.36,60.157,0.0,104587000.0,104587000.0,3823108000.0,612174000.0,,3.134,1065609000.0,,,1065609000.0,0.0,0.0,0.0,0.005,0.38,790151000.0,790151000.0,0.168,790151000.0,790151000.0,727736000.0,10.99,10.78,10.99,3364769000.0,3230335750.0,3364769000.0,5460366834.0,7.0,6.911,1765455000.0,31.564,1.0,892957000.0,0.189,0.0,62415000.0,14869879000.0,13869110750.0,0.0,10141096000.0,,,10544088000.0,,,4495997834.0,-30322000.0,0.0,30839000.0,319997000.0,-21203000.0,329633000.0,-2148883000.0,-1949050000.0,1765455000.0,23473000.0,612174000.0,612174000.0,612174000.0,0.0,0.0,0.13,102806000.0,790151000.0,32493000.0,0.035,1.336,7.344,7.312,0.0,0.0,80.36,0.953,0.953,2567713000.0,2336682000.0,4716065000.0,4716065000.0,0.0,0.047,0.19,0.057,0.168,913000.0,102806000.0,1.0,55948206.0,55933000,56860000.0,84.316,13908857000.0,232302000.0,115562000.0,72379000.0,248.67,
69,RE,MRT,2004-03-31,2004-03-31,2004-03-31,2021-09-03,346940000.0,13721242000.0,12481043250.0,,,0.353,60.329,0.0,101192000.0,101192000.0,3722160000.0,457762000.0,,3.078,1065561000.0,,,1065561000.0,0.0,0.0,0.0,0.004,0.37,584205000.0,584205000.0,0.133,584205000.0,584205000.0,526778000.0,8.3,8.13,8.3,3364602000.0,3152984500.0,3364602000.0,5111871193.0,9.0,8.75,1725794000.0,30.944,1.0,682562000.0,0.155,0.0,57427000.0,14685611000.0,13102713000.0,0.0,10081085000.0,,,10356640000.0,,,4777611193.0,-52529000.0,0.0,342042000.0,319997000.0,-20588000.0,641451000.0,-2452228000.0,-2351255000.0,1725794000.0,32454000.0,457762000.0,457762000.0,457762000.0,0.0,0.0,0.104,98357000.0,584205000.0,35124000.0,0.045,1.42,10.437,10.294,0.0,0.0,85.44,1.085,1.082,2538972000.0,2078320000.0,4404722000.0,4404722000.0,0.0,0.037,0.145,0.045,0.133,648000.0,98357000.0,1.0,55917734.0,55771000,56834000.0,78.979,13721242000.0,135872000.0,69016000.0,35685000.0,246.028,
70,RE,MRT,2003-12-31,2003-12-31,2003-12-31,2021-09-03,280077000.0,12689536000.0,11643314750.0,,,0.353,58.584,0.0,184859000.0,184859000.0,3464129000.0,426028000.0,,3.009,735615000.0,,,735615000.0,0.0,0.0,0.0,0.004,0.36,548501000.0,548501000.0,0.134,548501000.0,548501000.0,491213000.0,7.89,7.74,7.89,3164900000.0,2934166000.0,3164900000.0,5296129703.0,10.0,9.656,1653805000.0,30.613,1.0,643124000.0,0.157,0.0,57288000.0,13240292000.0,12167707500.0,0.0,9136479000.0,,,9524636000.0,,,4708693703.0,-23971000.0,0.0,330885000.0,0.0,-19577000.0,311308000.0,-2016960000.0,-1937172000.0,1653805000.0,27876000.0,426028000.0,426028000.0,426028000.0,0.0,0.0,0.104,94623000.0,548501000.0,46037000.0,0.046,1.488,11.053,10.722,0.0,0.0,84.6,1.146,1.113,2430379000.0,1957811000.0,4107253000.0,4107253000.0,0.0,0.037,0.145,0.045,0.134,383000.0,94623000.0,1.0,55658318.0,54023000,55010000.0,76.028,12689536000.0,145271000.0,65185000.0,41308000.0,234.891,
71,RE,MRT,2003-09-30,2003-09-30,2003-09-30,2021-09-03,267086000.0,12093225000.0,10937081500.0,,,0.338,54.543,0.0,141637000.0,141637000.0,3150648000.0,359813000.0,,2.995,729073000.0,,,729073000.0,0.0,0.0,0.0,0.005,0.35,461369000.0,461369000.0,0.125,461369000.0,461369000.0,405731000.0,6.78,6.66,6.78,3027072000.0,2735102500.0,3027072000.0,4552351276.0,10.0,9.867,1460911000.0,26.323,1.0,549854000.0,0.149,0.0,55638000.0,12680661000.0,11401312250.0,0.0,8787148000.0,,,9066153000.0,,,4168233276.0,21411000.0,0.0,323645000.0,154881000.0,-18638000.0,459888000.0,-1917323000.0,-1906649000.0,1460911000.0,17935000.0,359813000.0,359813000.0,359813000.0,0.0,0.0,0.097,88485000.0,461369000.0,80500000.0,0.052,1.377,11.584,11.086,0.0,0.0,75.16,1.126,1.127,2225904000.0,1841041000.0,3700502000.0,3700502000.0,0.0,0.033,0.132,0.04,0.125,-160000.0,88485000.0,1.0,55458133.0,55499000,56562000.0,66.677,12093225000.0,147926000.0,45918000.0,3110000.0,217.9,
72,RE,MRT,2003-06-30,2003-06-30,2003-06-30,2021-09-03,393791000.0,11420170000.0,10167717750.0,,,0.315,56.48,0.0,134909000.0,134909000.0,2699884000.0,320757000.0,,2.738,519027000.0,,,519027000.0,0.0,0.0,0.0,0.004,0.34,420700000.0,420700000.0,0.131,420700000.0,420700000.0,368675000.0,6.17,6.08,6.17,3055364000.0,2552866000.0,3055364000.0,4471995662.0,11.0,10.63,1148527000.0,21.231,1.0,503551000.0,0.157,0.0,52025000.0,11804288000.0,10598506750.0,0.0,8331483000.0,,,8364806000.0,,,3896734662.0,9978000.0,0.0,297822000.0,174881000.0,-17711000.0,454992000.0,-1622337000.0,-1602431000.0,1148527000.0,28796000.0,320757000.0,320757000.0,320757000.0,0.0,0.0,0.1,82851000.0,420700000.0,99971000.0,0.055,1.275,12.149,12.399,0.0,0.0,76.5,1.216,1.292,2130449000.0,1745711000.0,3203435000.0,3203435000.0,0.0,0.032,0.126,0.04,0.131,-195000.0,82851000.0,1.0,50937708.0,54096000,55091000.0,59.218,11420170000.0,98197000.0,47918000.0,-13364000.0,211.109,
73,RE,MRT,2003-03-31,2003-03-31,2003-03-31,2021-09-03,251530000.0,10370328000.0,9467688250.0,,,0.296,48.909,0.0,153721000.0,153721000.0,2383930000.0,264609000.0,,3.082,728982000.0,,,728982000.0,0.0,0.0,0.0,0.006,0.33,345430000.0,345430000.0,0.123,345430000.0,345430000.0,297154000.0,5.18,5.11,5.18,2489328000.0,2325520500.0,2489328000.0,3432205299.0,10.0,9.936,964897000.0,18.958,1.0,421085000.0,0.15,0.0,48276000.0,10945589000.0,9909678250.0,0.0,7429352000.0,,,7671000000.0,,,2912097299.0,51968000.0,0.0,-19995000.0,174881000.0,-16826000.0,138060000.0,-1076684000.0,-1127882000.0,964897000.0,25695000.0,264609000.0,264609000.0,264609000.0,0.0,0.0,0.094,75655000.0,345430000.0,70934000.0,0.064,1.17,11.005,11.044,0.0,0.0,57.21,1.038,1.038,1988489000.0,1641146000.0,2805015000.0,2805015000.0,0.0,0.028,0.114,0.035,0.123,-204000.0,75655000.0,1.0,50901893.0,50897000,51521000.0,55.112,10370328000.0,143409000.0,32545000.0,9607000.0,203.751,
74,RE,MRT,2002-12-31,2002-12-31,2002-12-31,2021-09-03,221542000.0,9864603000.0,8966483000.0,,,0.285,47.067,0.0,208830000.0,208830000.0,2181169000.0,231303000.0,,3.165,518938000.0,,,518938000.0,0.0,0.0,0.0,0.006,0.32,306617000.0,306617000.0,0.12,306617000.0,306617000.0,262044000.0,4.6,4.52,4.6,2368646000.0,2217180500.0,2368646000.0,3266997384.0,11.0,10.655,742743000.0,14.759,1.0,376533000.0,0.147,0.0,44573000.0,10174711000.0,9377672500.0,0.0,7050303000.0,,,7495957000.0,,,2813328384.0,136952000.0,0.0,325731000.0,174881000.0,-16347000.0,484265000.0,-1114071000.0,-1220029000.0,742743000.0,24015000.0,231303000.0,231303000.0,231303000.0,0.0,0.0,0.09,69916000.0,306617000.0,61244000.0,0.07,1.188,12.163,12.022,0.0,0.0,55.3,1.1,1.088,1853176000.0,1551360000.0,2557702000.0,2557702000.0,0.0,0.026,0.104,0.033,0.12,-225000.0,69916000.0,1.0,50873931.0,50325000,51139000.0,50.824,9864603000.0,139176000.0,30741000.0,-16696000.0,196.018,
75,RE,MRT,2002-09-30,2002-09-30,2002-09-30,2021-09-03,202800000.0,9015770000.0,8449372250.0,,,0.265,45.082,0.0,120226000.0,120226000.0,1884453000.0,211100000.0,,2.923,573895000.0,,,573895000.0,0.0,0.0,0.0,0.006,0.31,286926000.0,286926000.0,0.128,286926000.0,286926000.0,244274000.0,4.27,4.2,4.27,2298126000.0,2055149500.0,2298126000.0,3219673845.0,11.0,11.221,645548000.0,12.664,1.0,351117000.0,0.157,0.0,42652000.0,9469439000.0,8903508000.0,0.0,6619367000.0,,,6717644000.0,,,2790751845.0,40511000.0,0.0,326187000.0,-9000000.0,-15514000.0,301673000.0,-912196000.0,-952837000.0,645548000.0,5486000.0,211100000.0,211100000.0,211100000.0,0.0,0.0,0.094,64191000.0,286926000.0,56897000.0,0.073,1.214,13.22,12.848,0.0,0.0,54.86,1.248,1.251,1657622000.0,1499866000.0,2235570000.0,2235570000.0,0.0,0.025,0.103,0.032,0.128,46000.0,64191000.0,1.0,50870431.0,50977000,51627000.0,43.854,9015770000.0,144418000.0,33174000.0,-11579000.0,176.86,
76,RE,MRT,2002-06-30,2002-06-30,2002-06-30,2021-09-03,85082000.0,8620052000.0,8110613500.0,,,0.251,41.831,0.0,124931000.0,124931000.0,1839174000.0,106065000.0,,3.017,553853000.0,,,553853000.0,0.0,0.0,0.0,0.005,0.3,133844000.0,133844000.0,0.066,133844000.0,133844000.0,90588000.0,2.12,2.06,2.12,2145982000.0,1910682000.0,2145982000.0,3321616054.0,25.0,24.817,537329000.0,10.474,1.0,195982000.0,0.096,0.0,43256000.0,9048974000.0,8577086250.0,0.0,6293643000.0,,,6474070000.0,,,2869557054.0,106810000.0,0.0,350679000.0,-29000000.0,-14681000.0,306998000.0,-747037000.0,-744841000.0,537329000.0,9520000.0,106065000.0,106065000.0,106065000.0,0.0,0.0,0.052,62138000.0,133844000.0,53830000.0,0.142,1.337,27.055,26.392,0.0,0.0,55.95,1.41,1.41,1544006000.0,1442665000.0,2035156000.0,2035156000.0,0.0,0.013,0.056,0.016,0.066,33000.0,62138000.0,1.0,51287883.0,51301000,52177000.0,39.671,8620052000.0,192709000.0,-15477000.0,-646000.0,168.029,
77,RE,MRT,2002-03-31,2002-03-31,2002-03-31,2021-09-03,45754000.0,8365507000.0,7784770500.0,,,0.253,42.737,0.0,101753000.0,101753000.0,1754746000.0,109949000.0,,3.069,553812000.0,,,553812000.0,0.0,0.0,0.0,0.004,0.29,151134000.0,151134000.0,0.077,151134000.0,151134000.0,106914000.0,2.32,2.26,2.32,2055968000.0,1801185500.0,2055968000.0,4038082615.0,27.0,26.719,448080000.0,9.314,1.0,211047000.0,0.107,0.0,44220000.0,8817566000.0,8285156000.0,0.0,6050899000.0,,,6309539000.0,,,3556189615.0,31730000.0,0.0,353655000.0,-27000000.0,-13804000.0,312851000.0,-726928000.0,-674813000.0,448080000.0,-2273000.0,109949000.0,109949000.0,109949000.0,0.0,0.0,0.056,59913000.0,151134000.0,66506000.0,0.125,1.73,32.344,29.888,0.0,0.0,69.34,1.809,1.697,1505316000.0,1393363000.0,1965793000.0,1965793000.0,0.0,0.014,0.061,0.018,0.077,38000.0,59913000.0,1.0,51286265.0,48108000,49087000.0,40.862,8365507000.0,177252000.0,-3035000.0,-23827000.0,173.89,
78,RE,MRT,2001-12-31,2001-12-31,2001-12-31,2021-09-03,113880000.0,7796160000.0,7464422250.0,,,0.241,37.262,0.0,71878000.0,71878000.0,1606314000.0,99018000.0,,3.531,553771000.0,,,553771000.0,0.0,0.0,0.0,0.004,0.28,136347000.0,136347000.0,0.076,136347000.0,136347000.0,90343000.0,2.14,2.1,2.14,1720522000.0,1707267000.0,1720522000.0,3773216018.0,28.0,27.674,406034000.0,8.794,1.0,195231000.0,0.108,0.0,46004000.0,8278053000.0,7979451500.0,0.0,5711645000.0,,,6075638000.0,,,3270199018.0,-4945000.0,0.0,9990000.0,-130000000.0,-12927000.0,-132937000.0,-275165000.0,-276997000.0,406034000.0,-2877000.0,99018000.0,99018000.0,99018000.0,0.0,0.0,0.055,58884000.0,136347000.0,66462000.0,0.131,1.901,33.026,33.037,0.0,0.0,70.7,1.815,1.812,1411143000.0,1336404000.0,1801545000.0,1801545000.0,0.0,0.013,0.058,0.017,0.076,55000.0,58884000.0,1.0,46254583.0,46174000,47114000.0,39.016,7796160000.0,178507000.0,-8675000.0,-30459000.0,168.843,
79,RE,MRT,2001-09-30,2001-09-30,2001-09-30,2021-09-03,146749000.0,7660735000.0,7268656000.0,,,0.239,37.212,0.0,79715000.0,79715000.0,1518170000.0,115062000.0,,3.453,582732000.0,,,582732000.0,0.0,0.0,0.0,0.004,0.27,159939000.0,159939000.0,0.092,159939000.0,159939000.0,111911000.0,2.5,2.44,2.5,1720256000.0,1672974500.0,1720256000.0,3554763534.0,22.0,22.226,256572000.0,5.55,1.0,216871000.0,0.125,0.0,48028000.0,8163752000.0,7814911000.0,0.0,5632120000.0,,,5940479000.0,,,2990190534.0,13389000.0,-9613000.0,15428000.0,-3000000.0,-12448000.0,-20000.0,-249820000.0,-181628000.0,256572000.0,6657000.0,115062000.0,115062000.0,115062000.0,0.0,0.0,0.066,56932000.0,159939000.0,71069000.0,0.108,1.738,25.988,25.88,0.0,0.0,64.7,1.723,1.724,1301263000.0,1304280000.0,1735041000.0,1735041000.0,0.0,0.016,0.069,0.02,0.092,58000.0,56932000.0,1.0,46216237.0,46228000,46228000.0,37.532,7660735000.0,188983000.0,-3151000.0,-40055000.0,165.716,
80,RE,MRT,2001-06-30,2001-06-30,2001-06-30,2021-09-03,89192000.0,7316680000.0,6980643250.0,,,0.241,37.017,0.0,18121000.0,18121000.0,1329227000.0,206514000.0,,3.284,582694000.0,,,582694000.0,0.0,0.0,0.0,0.003,0.26,299317000.0,299317000.0,0.178,299317000.0,299317000.0,250658000.0,4.49,4.42,4.49,1707996000.0,1610617750.0,1707996000.0,3960463706.0,13.0,13.232,210078000.0,4.553,1.0,353829000.0,0.21,0.0,48659000.0,7881253000.0,7530958250.0,0.0,5589523000.0,,,5608684000.0,,,3449829706.0,-48716000.0,340130000.0,14487000.0,28000000.0,-11963000.0,30524000.0,-282558000.0,-609865000.0,210078000.0,-6760000.0,206514000.0,206514000.0,206514000.0,0.0,0.0,0.123,54512000.0,299317000.0,66365000.0,0.058,2.02,16.705,16.659,0.0,0.0,74.8,2.05,2.051,1072823000.0,1351281000.0,1683056000.0,1683056000.0,0.0,0.03,0.128,0.04,0.178,-72000.0,54512000.0,1.0,46120718.0,46141000,47088000.0,36.476,7316680000.0,200940000.0,44144000.0,-11374000.0,158.572,
81,RE,MRT,2001-03-31,2001-03-31,2001-03-31,2021-09-03,119918000.0,7084114000.0,6730269250.0,,,0.23,36.481,0.0,70023000.0,70023000.0,1220099000.0,187952000.0,,3.216,580657000.0,,,580657000.0,0.0,0.0,0.0,0.003,0.19,276573000.0,276573000.0,0.178,276573000.0,276573000.0,227849000.0,4.1,4.04,4.1,1680294000.0,1533779750.0,1680294000.0,3673020633.0,13.0,13.28,134612000.0,2.923,1.0,329614000.0,0.213,0.0,48724000.0,7594748000.0,7261368500.0,0.0,5446216000.0,,,5403820000.0,,,3066224633.0,3001000.0,340130000.0,10387000.0,26000000.0,-11484000.0,24903000.0,-150162000.0,-441035000.0,134612000.0,-6352000.0,187952000.0,187952000.0,187952000.0,0.0,0.0,0.121,53041000.0,276573000.0,63706000.0,0.046,1.825,16.314,16.224,0.0,0.0,66.52,1.979,1.977,995065000.0,1297218000.0,1549713000.0,1549713000.0,0.0,0.028,0.123,0.038,0.178,-67000.0,53041000.0,1.0,46094778.0,46059000,47004000.0,33.646,7084114000.0,154084000.0,39897000.0,-5835000.0,153.805,
82,RE,MRT,2000-12-31,2000-12-31,2000-12-31,2021-09-03,72846000.0,7013095000.0,6539324750.0,,,0.226,34.516,0.0,76823000.0,76823000.0,1157063000.0,186380000.0,,3.429,683619000.0,,,683619000.0,0.0,0.0,0.0,0.002,0.12,271128000.0,271128000.0,0.183,271128000.0,271128000.0,231742000.0,4.06,4.02,4.06,1583352000.0,1456979000.0,1583352000.0,3803338639.0,14.0,14.028,89964000.0,1.961,1.0,322761000.0,0.218,0.0,39386000.0,7619891000.0,7064638250.0,0.0,5416137000.0,,,5429743000.0,,,3284081639.0,14596000.0,340130000.0,-8988000.0,624507000.0,-11008000.0,604511000.0,-677966000.0,-1017141000.0,89964000.0,-1913000.0,186380000.0,186380000.0,186380000.0,0.0,0.0,0.126,51633000.0,271128000.0,60564000.0,0.03,2.074,17.62,17.643,0.0,0.0,71.63,2.219,2.22,961331000.0,1250313000.0,1479824000.0,1479824000.0,0.0,0.029,0.128,0.038,0.183,-61000.0,51633000.0,1.0,45847852.0,45873000,46358000.0,32.259,7013095000.0,174482000.0,45362000.0,-8209000.0,152.881,
83,RE,MRT,2000-09-30,2000-09-30,2000-09-30,2021-09-03,15422000.0,6508684000.0,6212126500.0,,,0.226,32.09,0.0,66326000.0,66326000.0,1102027000.0,174519000.0,,3.425,585583000.0,,,585583000.0,0.0,0.0,0.0,0.002,0.12,247174000.0,247174000.0,0.176,247174000.0,247174000.0,219796000.0,3.79,3.77,3.79,1470829000.0,1393011500.0,1470829000.0,2755933898.0,11.0,11.15,123289000.0,2.69,1.0,299692000.0,0.214,0.0,27378000.0,7027941000.0,6584934250.0,0.0,4995894000.0,,,5037855000.0,,,2268223898.0,27568000.0,349743000.0,-56114000.0,550507000.0,-11048000.0,483345000.0,-569536000.0,-871521000.0,123289000.0,-9530000.0,174519000.0,174519000.0,174519000.0,0.0,0.0,0.125,52518000.0,247174000.0,51998000.0,0.032,1.542,12.997,13.061,0.0,0.0,49.5,1.618,1.619,871589000.0,1201666000.0,1401719000.0,1401719000.0,0.0,0.028,0.125,0.038,0.176,-56000.0,49720000.0,1.0,45822705.0,45834000,46414000.0,30.583,6508684000.0,193253000.0,45277000.0,-11511000.0,142.006,
84,RE,MRT,2000-06-30,2000-06-30,2000-06-30,2021-09-03,-9194000.0,6315184000.0,6030718250.0,,,0.228,30.568,0.0,66837000.0,66837000.0,1097553000.0,166041000.0,,3.509,554547000.0,,,554547000.0,0.0,0.0,0.0,0.004,0.12,223668000.0,223668000.0,0.163,223668000.0,223668000.0,207769000.0,3.56,3.54,3.56,1400644000.0,1369751500.0,1400644000.0,1994091431.0,9.0,8.915,122390000.0,2.671,1.0,275449000.0,0.201,0.0,15899000.0,6802894000.0,6272772250.0,0.0,4576309000.0,,,4914540000.0,,,1506600431.0,32727000.0,0.0,-68842000.0,519507000.0,-11217000.0,439448000.0,-526525000.0,-475993000.0,122390000.0,-2586000.0,166041000.0,166041000.0,166041000.0,0.0,0.0,0.121,51781000.0,223668000.0,27256000.0,0.034,1.076,9.074,9.236,0.0,0.0,32.88,1.097,1.097,1119980000.0,1156730000.0,1373002000.0,1373002000.0,0.0,0.028,0.121,0.036,0.163,96000.0,48983000.0,1.0,45821181.0,45820000,46125000.0,29.965,6315184000.0,188013000.0,41728000.0,-14894000.0,137.826,
85,RE,MRT,2000-03-31,2000-03-31,2000-03-31,2021-09-03,-497000.0,6320336000.0,5937311000.0,,,0.228,29.922,0.0,67022000.0,67022000.0,1089054000.0,165377000.0,,3.603,554513000.0,,,554513000.0,0.0,0.0,0.0,0.006,0.18,212112000.0,212112000.0,0.157,212112000.0,212112000.0,207540000.0,3.49,3.48,3.49,1373091000.0,1372279750.0,1373091000.0,1491869713.0,7.0,7.033,113522000.0,2.474,1.0,263322000.0,0.195,0.0,4572000.0,6807827000.0,6057660000.0,0.0,4642489000.0,,,4947245000.0,,,1495096713.0,22447000.0,0.0,-80122000.0,554507000.0,-11364000.0,463021000.0,-551741000.0,-531620000.0,113522000.0,-2355000.0,165377000.0,165377000.0,165377000.0,0.0,0.0,0.122,51210000.0,212112000.0,18822000.0,0.052,1.089,9.041,9.35,0.0,0.0,32.63,1.106,1.107,1074046000.0,1120750000.0,1352376000.0,1352376000.0,0.0,0.028,0.121,0.035,0.157,114000.0,48412000.0,1.0,45819697.0,45889000,46005000.0,29.471,6320336000.0,181424000.0,42163000.0,4411000.0,137.731,
86,RE,MRT,1999-12-31,1999-12-31,1999-12-31,2021-09-03,-16701000.0,5704302000.0,5855578500.0,,,0.223,27.366,0.0,62227000.0,62227000.0,1057527000.0,158061000.0,,3.297,59000000.0,,,59000000.0,0.0,0.0,0.0,0.011,0.24,198072000.0,198072000.0,0.152,198072000.0,198072000.0,196582000.0,3.26,3.25,3.26,1327482000.0,1392819750.0,1327482000.0,1043870897.0,5.0,5.27,203436000.0,4.194,1.0,249133000.0,0.191,0.0,1490000.0,5701075000.0,5842911000.0,0.0,4077011000.0,,,4376820000.0,,,1047628897.0,22901000.0,0.0,-96075000.0,59000000.0,-11620000.0,-48695000.0,-127248000.0,-127201000.0,203436000.0,-4592000.0,158061000.0,158061000.0,158061000.0,0.0,0.0,0.121,51061000.0,198072000.0,13217000.0,0.074,0.789,6.628,6.844,0.0,0.0,22.31,0.802,0.828,1047036000.0,1074941000.0,1306660000.0,1306660000.0,0.0,0.027,0.113,0.034,0.152,131000.0,48263000.0,1.0,46957817.0,48509000,48686000.0,26.936,5704302000.0,188326000.0,38521000.0,-4475000.0,117.593,
87,RE,MRT,1999-09-30,1999-09-30,1999-09-30,2021-09-03,29683000.0,5783051000.0,5928685000.0,,,0.223,28.339,0.0,38758000.0,38758000.0,1074499000.0,158242000.0,,3.197,35000000.0,,,35000000.0,0.0,0.0,0.0,0.01,0.23,197666000.0,197666000.0,0.15,197666000.0,197666000.0,196931000.0,3.21,3.19,3.21,1377789000.0,1430750250.0,1377789000.0,1159375741.0,6.0,5.865,124438000.0,2.56,1.0,247069000.0,0.187,0.0,735000.0,5779293000.0,5906992750.0,0.0,4121902000.0,,,4405262000.0,,,1158485741.0,-34787000.0,0.0,-64696000.0,35000000.0,-11325000.0,-133269000.0,-16138000.0,-1233000.0,124438000.0,-9818000.0,158242000.0,158242000.0,158242000.0,0.0,0.0,0.12,49403000.0,197666000.0,20327000.0,0.072,0.841,7.321,7.417,0.0,0.0,23.81,0.877,0.876,1144203000.0,1038195000.0,1321568000.0,1321568000.0,0.0,0.027,0.111,0.033,0.15,154000.0,49403000.0,1.0,48655428.0,48618000,48796000.0,27.183,5783051000.0,162312000.0,38689000.0,-7047000.0,118.949,
88,RE,MRT,1999-06-30,1999-06-30,1999-06-30,2021-09-03,86997000.0,5941555000.0,5935899750.0,,,0.22,28.981,0.0,34110000.0,34110000.0,1054876000.0,161159000.0,,3.212,35000000.0,,,35000000.0,0.0,0.0,0.0,0.007,0.22,202843000.0,202843000.0,0.155,202843000.0,202843000.0,202560000.0,3.23,3.22,3.23,1410757000.0,1450940750.0,1410757000.0,1543012460.0,8.0,7.607,165136000.0,3.392,1.0,252171000.0,0.193,0.0,283000.0,5942445000.0,5896760750.0,0.0,4218600000.0,,,4530798000.0,,,1587587460.0,-14233000.0,0.0,-60310000.0,35000000.0,-10930000.0,-115112000.0,-58225000.0,-44430000.0,165136000.0,-6032000.0,161159000.0,161159000.0,161159000.0,0.0,0.0,0.123,49328000.0,202843000.0,23264000.0,0.068,1.125,9.851,10.102,0.0,0.0,32.63,1.215,1.215,1141756000.0,1001906000.0,1307047000.0,1307047000.0,0.0,0.027,0.111,0.034,0.155,175000.0,49328000.0,1.0,48654228.0,48679000,48897000.0,26.85,5941555000.0,124492000.0,41401000.0,-5897000.0,122.056,
89,RE,MRT,1999-03-31,1999-03-31,1999-03-31,2021-09-03,155668000.0,5993406000.0,5883613500.0,,,0.222,29.22,0.0,44575000.0,44575000.0,1044454000.0,166638000.0,,3.118,0.0,,,0.0,0.0,0.0,0.0,0.007,0.21,212730000.0,212730000.0,0.163,212730000.0,212730000.0,212730000.0,3.31,3.3,3.31,1455251000.0,1448099250.0,1455251000.0,1509473959.0,7.0,7.096,221881000.0,4.455,1.0,261994000.0,0.201,0.0,0.0,5948831000.0,5832166250.0,0.0,4316708000.0,,,4538155000.0,,,1548799959.0,5891000.0,0.0,-49330000.0,0.0,-10558000.0,-134905000.0,-76437000.0,-47046000.0,221881000.0,-4648000.0,166638000.0,166638000.0,166638000.0,0.0,0.0,0.128,49264000.0,212730000.0,20603000.0,0.063,1.064,9.294,9.423,0.0,0.0,31.19,1.186,1.189,1192849000.0,966737000.0,1306448000.0,1306448000.0,0.0,0.028,0.115,0.036,0.163,236000.0,49264000.0,1.0,49656940.0,49803000,50026000.0,26.232,5993406000.0,85391000.0,46092000.0,12159000.0,120.342,
90,RE,MRT,1998-12-31,1998-12-31,1998-12-31,2021-09-03,185518000.0,5996728000.0,5806683000.0,,,0.226,29.364,0.0,39326000.0,39326000.0,1052963000.0,165197000.0,,3.054,0.0,,,0.0,0.0,0.0,0.0,0.005,0.2,212676000.0,212676000.0,0.162,212676000.0,212676000.0,212676000.0,3.28,3.26,3.28,1479204000.0,1423356250.0,1479204000.0,1876274645.0,9.0,8.822,183317000.0,3.639,1.0,262237000.0,0.199,0.0,0.0,5957402000.0,5756708500.0,0.0,4286431000.0,,,4517524000.0,,,1949819645.0,-12252000.0,0.0,-16873000.0,0.0,-10077000.0,-74069000.0,-121057000.0,-120558000.0,183317000.0,-443000.0,165197000.0,165197000.0,165197000.0,0.0,0.0,0.126,49561000.0,212676000.0,18731000.0,0.061,1.318,11.803,11.872,0.0,0.0,38.94,1.483,1.491,1252039000.0,928500000.0,1315200000.0,1315200000.0,0.0,0.028,0.116,0.037,0.162,274000.0,49561000.0,1.0,50072410.0,50374000,50665000.0,26.109,5996728000.0,62237000.0,47479000.0,-581000.0,119.044,
91,RE,MRT,1998-09-30,1998-09-30,1998-09-30,2021-09-03,192820000.0,5811910000.0,5692006000.0,,,0.232,28.902,0.0,73545000.0,73545000.0,1058768000.0,163192000.0,,2.985,0.0,,,0.0,0.0,0.0,0.0,0.005,0.19,212586000.0,212586000.0,0.161,212586000.0,212586000.0,212586000.0,3.23,3.21,3.23,1458551000.0,1380426000.0,1458551000.0,1832919974.0,9.0,8.622,282382000.0,5.596,1.0,262772000.0,0.199,0.0,0.0,5738365000.0,5638968500.0,0.0,4376642000.0,,,4353359000.0,,,1881262974.0,11246000.0,0.0,-7531000.0,0.0,-9592000.0,75125000.0,-351464000.0,-317775000.0,282382000.0,5203000.0,163192000.0,163192000.0,163192000.0,0.0,0.0,0.123,50186000.0,212586000.0,12790000.0,0.059,1.29,11.528,11.533,0.0,0.0,37.25,1.424,1.422,953150000.0,891278000.0,1321540000.0,1321540000.0,0.0,0.029,0.118,0.038,0.161,307000.0,50186000.0,1.0,50503704.0,50465000,50748000.0,26.187,5811910000.0,54217000.0,49394000.0,7708000.0,115.167,
92,RE,MRT,1998-06-30,1998-06-30,1998-06-30,2021-09-03,165726000.0,5732410000.0,,,,,27.722,0.0,48343000.0,48343000.0,1065344000.0,159498000.0,,3.096,0.0,,,0.0,0.0,0.0,0.0,0.005,0.18,209772000.0,209772000.0,0.158,209772000.0,209772000.0,209772000.0,3.16,3.14,3.16,1399391000.0,,1399391000.0,1901980580.0,9.0,9.067,291858000.0,5.782,1.0,260560000.0,0.197,0.0,0.0,5684067000.0,,0.0,4295118000.0,,,4333019000.0,,,1940664580.0,10363000.0,0.0,540000.0,0.0,-9086000.0,70326000.0,-346716000.0,-298887000.0,291858000.0,-5105000.0,159498000.0,159498000.0,159498000.0,0.0,0.0,0.12,50788000.0,209772000.0,11395000.0,0.057,1.387,12.167,12.165,0.0,0.0,38.44,1.464,1.463,962442000.0,851677000.0,1325904000.0,1325904000.0,0.0,,,,0.158,-61000.0,50788000.0,1.0,50485551.0,50480000,50799000.0,26.266,5732410000.0,76399000.0,50274000.0,15078000.0,113.558,
93,RE,MRT,1998-03-31,1998-03-31,1998-03-31,2021-09-03,163683000.0,5685684000.0,,,,,26.867,0.0,38684000.0,38684000.0,1050390000.0,160292000.0,,3.192,0.0,,,0.0,0.0,0.0,0.0,0.004,0.17,213400000.0,213400000.0,0.162,213400000.0,213400000.0,213400000.0,3.18,3.15,3.18,1356279000.0,,1356279000.0,2024760068.0,9.0,9.488,360452000.0,7.14,1.0,264157000.0,0.201,0.0,0.0,5647000000.0,,0.0,4266177000.0,,,4329405000.0,,,2076338068.0,-6599000.0,0.0,-115000.0,0.0,-8580000.0,66322000.0,-431882000.0,-422036000.0,360452000.0,-1491000.0,160292000.0,160292000.0,160292000.0,0.0,0.0,0.122,50757000.0,213400000.0,9208000.0,0.053,1.531,12.953,12.934,0.0,0.0,41.13,1.58,1.579,961298000.0,810657000.0,1314547000.0,1314547000.0,0.0,,,,0.162,-112000.0,50757000.0,1.0,50482326.0,50481000,50800000.0,26.04,5685684000.0,69726000.0,53108000.0,19532000.0,112.63,
94,RE,MRT,1997-12-31,1997-12-31,1997-12-31,2021-09-03,152319000.0,5538020000.0,,,,,25.903,0.0,51578000.0,51578000.0,1040217000.0,154955000.0,,3.236,0.0,,,0.0,0.0,0.0,0.0,0.004,0.16,207300000.0,207300000.0,0.16,207300000.0,207300000.0,207300000.0,3.07,3.05,3.07,1307483000.0,,1307483000.0,,,,376389000.0,7.457,1.0,258972000.0,0.199,0.0,0.0,5486442000.0,,0.0,4111736000.0,,,4230537000.0,,,2082395948.0,-1017000.0,0.0,-186000.0,0.0,-8076000.0,38857000.0,-405793000.0,-407326000.0,376389000.0,-10470000.0,154955000.0,154955000.0,154955000.0,0.0,0.0,0.119,51672000.0,207300000.0,13231000.0,0.052,1.593,13.439,13.436,0.0,0.0,41.25,1.603,1.603,957644000.0,773380000.0,1299189000.0,1299189000.0,0.0,,,,0.16,-140000.0,51672000.0,1.0,50482326.0,50476000,50765000.0,25.739,5538020000.0,74434000.0,52345000.0,13567000.0,109.716,
95,RE,MRT,1997-09-30,1997-09-30,1997-09-30,2021-09-03,,,,,,,,,,,,,,,,,,,,,,0.004,0.15,,,,,,,,,,,,,,,,,,1.0,,,,,,,,,,,,,,,,,,,,,,,,,,,,,,,,,,,,,,,,41.0,,,,,,,,,,,,,,1.0,,50466000,,,,,,,,
96,RE,MRT,1997-06-30,1997-06-30,1997-06-30,2021-09-03,,,,,,,,,,,,,,,,,,,,,,0.004,0.14,,,,,,,,,,,,,,,,,,1.0,,,,,,,,,,,,,,,,,,,,,,,,,,,,,,,,,,,,,,,,39.63,,,,,,,,,,,,,,1.0,,50469000,,,,,,,,
97,RE,MRT,1997-03-31,1997-03-31,1997-03-31,2021-09-03,,,,,,,,,,,,,,,,,,,,,,0.004,0.13,,,,,,,,,,,,,,,,,,1.0,,,,,,,,,,,,,,,,,,,,,,,,,,,,,,,,,,,,,,,,29.38,,,,,,,,,,,,,,1.0,,50490000,,,,,,,,
98,RE,MRT,1996-12-31,1996-12-31,1996-12-31,2021-09-03,,,,,,,,0.0,,,970631000.0,112027000.0,,,,,,,,0.0,,0.004,0.12,143839000.0,143839000.0,0.123,143839000.0,143839000.0,143839000.0,2.22,2.21,2.22,,,,,,,413953000.0,8.186,1.0,198709000.0,0.17,,0.0,,,,,,,,,,,1683000.0,0.0,-5373000.0,0.0,-6067000.0,-31337000.0,-381966000.0,-378800000.0,413953000.0,1033000.0,112027000.0,112027000.0,112027000.0,0.0,0.0,0.096,54870000.0,143839000.0,,0.054,,,12.95,,0.0,28.75,,1.243,,,1169340000.0,1169340000.0,0.0,,,,0.123,318000.0,54870000.0,1.0,,50567000,50711000.0,23.125,,,31812000.0,,,
99,RE,MRT,1995-12-31,1995-12-31,1995-12-31,2021-09-03,,,,,,,,0.0,,,902072000.0,747000.0,,,,,,,,0.0,,0.001,0.03,-26568000.0,-26568000.0,-0.028,-26568000.0,-26568000.0,-26568000.0,0.01,0.01,0.01,,,,,,,306863000.0,6.114,1.0,46792000.0,0.049,,0.0,,,,,,,,,,,6504000.0,0.0,91000000.0,0.0,-7024000.0,96348000.0,-393663000.0,-395189000.0,306863000.0,-3044000.0,747000.0,747000.0,747000.0,0.0,0.0,0.001,73360000.0,-26568000.0,,3.0,,,2338.0,,0.0,23.38,,1.237,,,948864000.0,948864000.0,0.0,,,,-0.028,12589000.0,60017000.0,1.0,,50189000,50209000.0,18.906,,,-27315000.0,,,
