None,ticker,dimension,calendardate,datekey,reportperiod,lastupdated,accoci,assets,assetsavg,assetsc,assetsnc,assetturnover,bvps,capex,cashneq,cashnequsd,cor,consolinc,currentratio,de,debt,debtc,debtnc,debtusd,deferredrev,depamor,deposits,divyield,dps,ebit,ebitda,ebitdamargin,ebitdausd,ebitusd,ebt,eps,epsdil,epsusd,equity,equityavg,equityusd,ev,evebit,evebitda,fcf,fcfps,fxusd,gp,grossmargin,intangibles,intexp,invcap,invcapavg,inventory,investments,investmentsc,investmentsnc,liabilities,liabilitiesc,liabilitiesnc,marketcap,ncf,ncfbus,ncfcommon,ncfdebt,ncfdiv,ncff,ncfi,ncfinv,ncfo,ncfx,netinc,netinccmn,netinccmnusd,netincdis,netincnci,netmargin,opex,opinc,payables,payoutratio,pb,pe,pe1,ppnenet,prefdivis,price,ps,ps1,receivables,retearn,revenue,revenueusd,rnd,roa,roe,roic,ros,sbcomp,sgna,sharefactor,sharesbas,shareswa,shareswadil,sps,tangibles,taxassets,taxexp,taxliabilities,tbvps,workingcapital
0,MHK,MRY,2020-12-31,2020-12-31,2020-12-31,2021-08-02,-695145000.0,14327751000.0,13684577750.0,5363654000.0,8964097000.0,0.698,119.84,-425557000.0,768625000.0,768625000.0,7121507000.0,515727000.0,2.262,0.678,3066910000.0,475297000.0,2591613000.0,3066910000.0,0.0,607507000.0,0.0,0.0,0.0,636621000.0,1244128000.0,0.13,1244128000.0,636621000.0,584242000.0,7.24,7.22,7.24,8534316000.0,8113788250.0,8534316000.0,12205550489.0,19.0,9.811,1344282000.0,18.877,1.0,2430690000.0,0.254,3602438000.0,52379000.0,10652350000.0,10213702250.0,1913020000.0,571741000.0,571741000.0,0.0,5786593000.0,2371248000.0,3415345000.0,10035445489.0,633840000.0,0.0,-188625000.0,3979000.0,0.0,-188185000.0,-954798000.0,-529241000.0,1769839000.0,6984000.0,515595000.0,515595000.0,515595000.0,0.0,132000.0,0.054,1794688000.0,636002000.0,1895951000.0,0.0,1.176,19.464,19.468,4914367000.0,0.0,140.95,1.051,1.051,1709493000.0,7559191000.0,9552197000.0,9552197000.0,0.0,0.038,0.064,0.062,0.067,19697000.0,1794688000.0,1.0,71198620.0,71214000,71401000.0,134.134,10725313000.0,447292000.0,68647000.0,493668000.0,150.607,2992406000.0
1,MHK,MRY,2019-12-31,2019-12-31,2019-12-31,2021-08-02,-765824000.0,13386680000.0,13547654750.0,4429457000.0,8957223000.0,0.736,112.798,-545462000.0,134785000.0,134785000.0,7294629000.0,744571000.0,1.633,0.648,2899986000.0,1153443000.0,1746543000.0,2899986000.0,0.0,576452000.0,0.0,0.0,0.0,790457000.0,1366909000.0,0.137,1366909000.0,790457000.0,749185000.0,10.34,10.3,10.34,8119841000.0,7816120750.0,8119841000.0,12754518409.0,16.0,9.331,873299000.0,12.132,1.0,2676043000.0,0.268,3498906000.0,41272000.0,9940392000.0,9947547000.0,2282328000.0,42500000.0,42500000.0,0.0,5260232000.0,2712583000.0,2547649000.0,9767840409.0,15735000.0,-81082000.0,-100080000.0,-681020000.0,0.0,-789877000.0,-616044000.0,10500000.0,1418761000.0,2895000.0,744211000.0,744211000.0,744211000.0,0.0,360000.0,0.075,1848819000.0,827224000.0,1559140000.0,0.0,1.203,13.125,13.19,5021920000.0,0.0,136.38,0.98,0.985,1526619000.0,7232337000.0,9970672000.0,9970672000.0,0.0,0.055,0.095,0.079,0.079,23620000.0,1848819000.0,1.0,71622235.0,71986000,72264000.0,138.508,9887774000.0,436397000.0,4974000.0,473886000.0,137.357,1716874000.0
2,MHK,MRY,2018-12-31,2018-12-31,2018-12-31,2021-08-02,-791608000.0,13099123000.0,12888615000.0,4509296000.0,8589827000.0,0.775,99.899,-794110000.0,119050000.0,119050000.0,7145564000.0,864855000.0,1.381,0.761,3257974000.0,1742373000.0,1515601000.0,3257974000.0,0.0,521765000.0,0.0,0.0,0.0,1084877000.0,1606642000.0,0.161,1606642000.0,1084877000.0,1046050000.0,11.53,11.47,11.53,7433814000.0,7425266750.0,7433814000.0,11449361607.0,11.0,7.126,387234000.0,5.204,1.0,2838070000.0,0.284,3482776000.0,38827000.0,9489032000.0,9339055000.0,2287615000.0,0.0,0.0,0.0,5659064000.0,3266239000.0,2392825000.0,8678308607.0,34166000.0,-568960000.0,-274144000.0,517042000.0,0.0,198029000.0,-1332203000.0,30867000.0,1181344000.0,-13004000.0,861704000.0,861704000.0,861704000.0,0.0,3151000.0,0.086,1742744000.0,1095326000.0,1523866000.0,0.0,1.167,10.071,10.144,4699902000.0,0.0,116.96,0.869,0.872,1606159000.0,6588197000.0,9983634000.0,9983634000.0,0.0,0.067,0.116,0.116,0.109,31382000.0,1742744000.0,1.0,74198945.0,74413000,74773000.0,134.165,9616347000.0,407149000.0,184346000.0,413740000.0,129.229,1243057000.0
3,MHK,MRY,2017-12-31,2017-12-31,2017-12-31,2021-08-02,-558527000.0,12094853000.0,11558668500.0,4072967000.0,8021886000.0,0.821,94.936,-905998000.0,84884000.0,84884000.0,6494876000.0,974692000.0,1.534,0.708,2763578000.0,1203683000.0,1559895000.0,2763578000.0,0.0,446672000.0,0.0,0.0,0.0,1345914000.0,1792586000.0,0.189,1792586000.0,1345914000.0,1314803000.0,13.07,12.98,13.07,7059162000.0,6588026000.0,7059162000.0,23142847034.0,17.0,12.91,287597000.0,3.868,1.0,2996414000.0,0.316,3363226000.0,31111000.0,8754966000.0,8063215750.0,1948663000.0,0.0,0.0,0.0,4998381000.0,2655355000.0,2343026000.0,20509903034.0,-36781000.0,-250799000.0,1845000.0,5062000.0,0.0,-6995000.0,-1240701000.0,-83904000.0,1193595000.0,17320000.0,971638000.0,971638000.0,971638000.0,0.0,3054000.0,0.102,1647446000.0,1348968000.0,1451672000.0,0.0,2.905,21.109,21.109,4270790000.0,0.0,275.9,2.161,2.161,1558159000.0,6004506000.0,9491290000.0,9491290000.0,0.0,0.084,0.147,0.167,0.142,36322000.0,1642241000.0,1.0,74338177.0,74357000,74839000.0,127.645,8731627000.0,387870000.0,343165000.0,328103000.0,117.428,1417612000.0
4,MHK,MRY,2016-12-31,2016-12-31,2016-12-31,2021-08-02,-833027000.0,10230596000.0,10314083750.0,3471512000.0,6759084000.0,0.869,77.951,-672125000.0,121665000.0,121665000.0,6146262000.0,933566000.0,1.277,0.766,2511485000.0,1382738000.0,1128747000.0,2511485000.0,0.0,409467000.0,0.0,0.0,0.0,1278468000.0,1687935000.0,0.188,1687935000.0,1278468000.0,1237921000.0,12.55,12.48,12.55,5776451000.0,5492515000.0,5776451000.0,17411050499.0,14.0,10.315,673164000.0,9.084,1.0,2812825000.0,0.314,3109032000.0,40547000.0,6793064000.0,6806855000.0,1675751000.0,0.0,0.0,0.0,4423413000.0,2718320000.0,1705093000.0,14809330499.0,39973000.0,0.0,4583000.0,-633180000.0,0.0,-641636000.0,-672125000.0,0.0,1345289000.0,8445000.0,930362000.0,930362000.0,930362000.0,0.0,3204000.0,0.104,1532882000.0,1279943000.0,1335582000.0,0.0,2.564,15.918,15.911,3370348000.0,0.0,199.68,1.653,1.652,1376151000.0,5032914000.0,8959087000.0,8959087000.0,0.0,0.09,0.169,0.188,0.143,35059000.0,1532882000.0,1.0,74165317.0,74104000,74568000.0,120.899,7121564000.0,279704000.0,307559000.0,361416000.0,96.102,753192000.0
5,MHK,MRY,2015-12-31,2015-12-31,2015-12-31,2021-08-02,-793568000.0,9934400000.0,9612293500.0,3249972000.0,6684428000.0,0.84,66.029,-503657000.0,81692000.0,81692000.0,5660877000.0,616986000.0,0.997,1.041,3191967000.0,2003003000.0,1188964000.0,3191967000.0,0.0,362647000.0,0.0,0.0,0.0,818263000.0,1180910000.0,0.146,1180910000.0,818263000.0,747177000.0,8.37,8.31,8.37,4854173000.0,4607855750.0,4854173000.0,17081264834.0,21.0,14.464,425495000.0,5.788,1.0,2410686000.0,0.299,3229906000.0,71086000.0,6555741000.0,6481901500.0,1607256000.0,0.0,0.0,0.0,5051585000.0,3259028000.0,1792557000.0,14000989834.0,-16185000.0,-1370567000.0,4843000.0,953550000.0,0.0,946804000.0,-1874224000.0,0.0,929152000.0,-17917000.0,615302000.0,615302000.0,615302000.0,0.0,1684000.0,0.076,1573120000.0,837566000.0,1256025000.0,0.0,2.884,22.755,22.627,3147118000.0,0.0,189.39,1.735,1.725,1257505000.0,4102707000.0,8071563000.0,8071563000.0,0.0,0.064,0.134,0.126,0.101,32552000.0,1573120000.0,1.0,73926764.0,73516000,74043000.0,109.793,6704494000.0,307404000.0,131875000.0,388130000.0,91.198,-9056000.0
6,MHK,MRY,2014-12-31,2014-12-31,2014-12-31,2021-08-02,-429321000.0,8285544000.0,8637543250.0,2980486000.0,5305058000.0,0.903,60.656,-561804000.0,97877000.0,97877000.0,5649254000.0,532254000.0,1.531,0.874,2253440000.0,851305000.0,1402135000.0,2253440000.0,0.0,345570000.0,0.0,0.0,0.0,761809000.0,1107379000.0,0.142,1107379000.0,761809000.0,663602000.0,7.3,7.25,7.3,4418006000.0,4534570000.0,4418006000.0,13610009539.0,18.0,12.29,100384000.0,1.378,1.0,2154192000.0,0.276,2306361000.0,98207000.0,6188022000.0,6621082500.0,1543313000.0,0.0,0.0,0.0,3862731000.0,1946724000.0,1916007000.0,11325262539.0,43811000.0,-3848000.0,12828000.0,-37291000.0,0.0,-25550000.0,-565652000.0,0.0,662188000.0,-27175000.0,531965000.0,531965000.0,531965000.0,0.0,289000.0,0.068,1381396000.0,772796000.0,1095419000.0,0.0,2.563,21.289,21.282,2703210000.0,0.0,155.36,1.451,1.45,1081963000.0,3487079000.0,7803446000.0,7803446000.0,0.0,0.062,0.117,0.115,0.098,27961000.0,1381396000.0,1.0,72896901.0,72837000,73363000.0,107.136,5979183000.0,295487000.0,131637000.0,410764000.0,82.09,1033762000.0
7,MHK,MRY,2013-12-31,2013-12-31,2013-12-31,2021-08-02,178689000.0,8494177000.0,8207285750.0,3085718000.0,5408459000.0,0.895,62.155,-366550000.0,54066000.0,54066000.0,5427945000.0,349291000.0,2.336,0.902,2260008000.0,127218000.0,2132790000.0,2260008000.0,0.0,308871000.0,0.0,0.0,0.0,519417000.0,828288000.0,0.113,828288000.0,519417000.0,427171000.0,4.86,4.82,4.86,4461057000.0,4151102500.0,4461057000.0,13096681123.0,25.0,15.812,158613000.0,2.21,1.0,1920809000.0,0.261,2547694000.0,92246000.0,6831614000.0,6603349250.0,1572325000.0,0.0,0.0,0.0,4023871000.0,1320811000.0,2703060000.0,10813839123.0,-423606000.0,-443466000.0,46776000.0,-153549000.0,0.0,-106773000.0,-810016000.0,0.0,525163000.0,-31980000.0,348786000.0,348786000.0,348786000.0,17895000.0,505000.0,0.047,1382992000.0,537817000.0,1193593000.0,0.0,2.424,31.004,30.638,2701743000.0,0.0,148.9,1.472,1.454,1062875000.0,2953809000.0,7348754000.0,7348754000.0,0.0,0.042,0.084,0.079,0.071,18311000.0,1373878000.0,1.0,72624843.0,71773000,72301000.0,102.389,5946483000.0,306556000.0,78385000.0,445823000.0,82.851,1764907000.0
8,MHK,MRY,2012-12-31,2012-12-31,2012-12-31,2021-08-02,159733000.0,6303684000.0,6317566750.0,2550046000.0,3753638000.0,0.916,53.917,-208294000.0,477672000.0,477672000.0,4297922000.0,250893000.0,3.077,0.695,1382942000.0,55213000.0,1327729000.0,1382942000.0,0.0,280293000.0,0.0,0.0,0.0,378570000.0,658863000.0,0.114,658863000.0,378570000.0,303857000.0,3.63,3.61,3.63,3719617000.0,3577541750.0,3719617000.0,7391995564.0,20.0,11.219,379296000.0,5.498,1.0,1490058000.0,0.257,1939570000.0,74713000.0,4440735000.0,4755521000.0,1133736000.0,0.0,0.0,0.0,2584067000.0,828649000.0,1755418000.0,6247895564.0,165727000.0,-7007000.0,16153000.0,-197561000.0,0.0,-216831000.0,-215301000.0,0.0,587590000.0,10269000.0,250258000.0,250258000.0,250258000.0,0.0,635000.0,0.043,1110853000.0,379205000.0,773436000.0,0.0,1.68,24.966,24.923,1692852000.0,0.0,90.47,1.079,1.078,679473000.0,2605023000.0,5787980000.0,5787980000.0,0.0,0.04,0.07,0.08,0.065,14082000.0,1110550000.0,1.0,69060413.0,68988000,69306000.0,83.898,4364114000.0,232801000.0,53599000.0,329810000.0,63.259,1721397000.0
9,MHK,MRY,2011-12-31,2011-12-31,2011-12-31,2021-08-02,135639000.0,6206228000.0,6284757250.0,2398164000.0,3808064000.0,0.898,49.694,-275573000.0,311945000.0,311945000.0,4225379000.0,178225000.0,2.177,0.807,1586439000.0,386255000.0,1200184000.0,1586439000.0,0.0,297734000.0,0.0,0.0,0.0,297188000.0,594922000.0,0.105,594922000.0,297188000.0,195571000.0,2.53,2.52,2.53,3415785000.0,3441202750.0,3415785000.0,5450782991.0,18.0,9.162,25420000.0,0.37,1.0,1416879000.0,0.251,1980275000.0,101617000.0,4399101000.0,4478357250.0,1113630000.0,0.0,0.0,0.0,2756720000.0,1101346000.0,1655374000.0,4115600991.0,-42272000.0,-24097000.0,3787000.0,-60101000.0,0.0,-33124000.0,-299670000.0,0.0,300993000.0,-10471000.0,173922000.0,173922000.0,173922000.0,0.0,4303000.0,0.031,1115388000.0,301491000.0,715091000.0,0.0,1.205,23.663,23.656,1712154000.0,0.0,59.85,0.729,0.729,686165000.0,2354765000.0,5642258000.0,5642258000.0,0.0,0.028,0.051,0.066,0.053,10159000.0,1101337000.0,1.0,68765263.0,68736000,68964000.0,82.086,4225953000.0,266545000.0,21649000.0,355653000.0,61.481,1296818000.0
10,MHK,MRY,2010-12-31,2010-12-31,2010-12-31,2021-08-02,178097000.0,6098926000.0,6153413000.0,2248613000.0,3850313000.0,0.864,47.689,-156180000.0,382171000.0,382171000.0,3916472000.0,189935000.0,2.144,0.853,1653582000.0,350588000.0,1302994000.0,1653582000.0,0.0,296773000.0,0.0,0.0,0.0,321335000.0,618108000.0,0.116,618108000.0,321335000.0,188184000.0,2.66,2.65,2.66,3271556000.0,3189152750.0,3271556000.0,5182607588.0,16.0,8.385,163532000.0,2.384,1.0,1402600000.0,0.264,2046521000.0,133151000.0,4274902000.0,4212520750.0,1007503000.0,0.0,0.0,0.0,2791929000.0,1048914000.0,1743015000.0,3893805588.0,-177241000.0,-79917000.0,2445000.0,-226218000.0,0.0,-255199000.0,-231482000.0,0.0,319712000.0,-10272000.0,185471000.0,185471000.0,185471000.0,0.0,4464000.0,0.035,1088431000.0,314169000.0,698326000.0,0.0,1.19,20.994,21.338,1687124000.0,0.0,56.76,0.732,0.732,614473000.0,2180843000.0,5319072000.0,5319072000.0,0.0,0.03,0.058,0.076,0.06,6888000.0,1088431000.0,1.0,68601226.0,68601226,,77.536,4052405000.0,249972000.0,2713000.0,346503000.0,59.072,1199699000.0
11,MHK,MRY,2009-12-31,2009-12-31,2009-12-31,2021-08-02,296917000.0,6391446000.0,6380806500.0,2359000000.0,4032446000.0,0.838,46.76,-108925000.0,531458000.0,531458000.0,4111794000.0,-1019000.0,2.668,0.986,1854479000.0,52907000.0,1801572000.0,1854479000.0,0.0,303004000.0,0.0,0.0,0.0,44838000.0,347842000.0,0.065,347842000.0,44838000.0,-82193000.0,-0.08,-0.08,-0.08,3200823000.0,3119193500.0,3200823000.0,4808165018.0,107.0,13.823,563280000.0,8.229,1.0,1232230000.0,0.231,2196470000.0,127031000.0,4633975000.0,4835965500.0,892981000.0,0.0,0.0,0.0,3157164000.0,884022000.0,2273142000.0,3259009018.0,437939000.0,-5924000.0,884000.0,-121984000.0,0.0,-125844000.0,-114849000.0,0.0,672205000.0,6427000.0,-5499000.0,-5499000.0,-5499000.0,0.0,4480000.0,-0.001,1188500000.0,43730000.0,831115000.0,0.0,1.018,-592.655,-595.0,1791412000.0,0.0,47.6,0.61,0.61,673931000.0,1998616000.0,5344024000.0,5344024000.0,0.0,-0.001,-0.002,0.009,0.008,9995000.0,1188500000.0,1.0,68466576.0,68452000,68452000.0,78.07,4194976000.0,175554000.0,-76694000.0,370903000.0,61.283,1474978000.0
12,MHK,MRY,2008-12-31,2008-12-31,2008-12-31,2021-08-02,254535000.0,6446175000.0,7848889500.0,2246249000.0,4199926000.0,0.87,46.108,-217824000.0,93519000.0,93519000.0,5088584000.0,-1452534000.0,2.562,1.034,1954786000.0,94785000.0,1860001000.0,1954786000.0,0.0,295054000.0,0.0,0.0,0.0,-1151116000.0,-856062000.0,-0.125,-856062000.0,-1151116000.0,-1278166000.0,-21.32,-21.32,-21.32,3153803000.0,4122956250.0,3153803000.0,4934089877.0,-4.0,-5.764,358262000.0,5.238,1.0,1737764000.0,0.255,2247284000.0,127050000.0,5183242000.0,5559474500.0,1168272000.0,0.0,0.0,0.0,3261242000.0,876916000.0,2384326000.0,2939753877.0,3915000.0,-8276000.0,1915000.0,-345119000.0,0.0,-348922000.0,-226100000.0,0.0,576086000.0,2851000.0,-1458228000.0,-1458228000.0,-1458228000.0,0.0,5694000.0,-0.214,2861898000.0,-1124134000.0,782131000.0,0.0,0.932,-2.016,-2.015,1925742000.0,0.0,42.97,0.431,0.431,696284000.0,2004115000.0,6826348000.0,6826348000.0,0.0,-0.186,-0.354,-0.207,-0.169,11657000.0,1318501000.0,1.0,68414100.0,68401000,68401000.0,99.799,4198891000.0,176103000.0,180062000.0,419985000.0,61.386,1369333000.0
13,MHK,MRY,2007-12-31,2007-12-31,2007-12-31,2021-08-02,363981000.0,8680050000.0,8458078000.0,2449720000.0,6230330000.0,0.897,69.051,-163076000.0,89604000.0,89604000.0,5471234000.0,714413000.0,2.022,0.844,2281834000.0,260439000.0,2021395000.0,2281834000.0,0.0,306437000.0,0.0,0.0,0.0,758586000.0,1065023000.0,0.14,1065023000.0,758586000.0,604117000.0,10.37,10.32,10.37,4707357000.0,4204129000.0,4707357000.0,7467130086.0,10.0,7.011,717319000.0,10.522,1.0,2114784000.0,0.279,3969208000.0,154469000.0,5691572000.0,5590478000.0,1276568000.0,0.0,0.0,0.0,3972693000.0,1211500000.0,2761193000.0,5084507086.0,26112000.0,-147097000.0,30875000.0,-577721000.0,0.0,-545336000.0,-310173000.0,0.0,880395000.0,1226000.0,706814000.0,706814000.0,706814000.0,0.0,7599000.0,0.093,1364678000.0,750106000.0,951061000.0,0.0,1.08,7.194,7.175,1975721000.0,0.0,74.4,0.67,0.669,821113000.0,3462343000.0,7586018000.0,7586018000.0,0.0,0.084,0.168,0.136,0.1,6766000.0,1364678000.0,1.0,68340149.0,68172000,68492000.0,111.278,4710842000.0,424441000.0,-102697000.0,614619000.0,69.102,1238220000.0
14,MHK,MRY,2006-12-31,2006-12-31,2006-12-31,2021-08-02,130372000.0,8212209000.0,8213848500.0,2412726000.0,5799483000.0,0.963,54.899,-165769000.0,63492000.0,63492000.0,5674531000.0,455833000.0,1.481,1.21,2783681000.0,576134000.0,2207547000.0,2783681000.0,0.0,274952000.0,0.0,0.0,0.0,850008000.0,1124960000.0,0.142,1124960000.0,850008000.0,676311000.0,6.74,6.7,6.74,3715263000.0,3454033000.0,3715263000.0,7947910255.0,9.0,7.065,616276000.0,9.107,1.0,2231311000.0,0.282,3879733000.0,173697000.0,5423087000.0,5790233500.0,1225874000.0,0.0,0.0,0.0,4496946000.0,1629578000.0,2867368000.0,5069757255.0,-71093000.0,-70907000.0,7489000.0,-631909000.0,0.0,-620842000.0,-236676000.0,0.0,782045000.0,4380000.0,455833000.0,455833000.0,455833000.0,0.0,0.0,0.058,1392251000.0,839060000.0,1053444000.0,0.0,1.365,11.122,11.107,1888088000.0,0.0,74.86,0.641,0.641,910021000.0,2755529000.0,7905842000.0,7905842000.0,0.0,0.055,0.132,0.147,0.108,8347000.0,1392251000.0,1.0,67723180.0,67674000,68056000.0,116.822,4332476000.0,130913000.0,220478000.0,628311000.0,64.02,783148000.0
15,MHK,MRY,2005-12-31,2005-12-31,2005-12-31,2021-08-02,-47433000.0,8040037000.0,5519772000.0,2389001000.0,5651036000.0,1.199,45.692,-247306000.0,134585000.0,134585000.0,4851853000.0,387138000.0,2.149,1.629,3308370000.0,113809000.0,3194561000.0,3308370000.0,0.0,150657000.0,0.0,0.0,0.0,668924000.0,819581000.0,0.124,819581000.0,668924000.0,602133000.0,5.78,5.72,5.78,3058238000.0,2892864500.0,3058238000.0,6586917587.0,10.0,8.037,314238000.0,4.695,1.0,1768246000.0,0.267,3796060000.0,66791000.0,6305848000.0,3764627500.0,1215427000.0,0.0,0.0,0.0,4981799000.0,1111914000.0,3869885000.0,5818238587.0,134585000.0,-2613529000.0,42988000.0,2397679000.0,0.0,2440667000.0,-2860835000.0,0.0,561544000.0,-6791000.0,387138000.0,387138000.0,387138000.0,0.0,0.0,0.058,1095862000.0,672384000.0,998105000.0,0.0,1.902,15.029,15.048,1810728000.0,0.0,86.98,0.879,0.879,848666000.0,2299696000.0,6620099000.0,6620099000.0,0.0,0.07,0.134,0.178,0.101,5238000.0,1095862000.0,1.0,66891683.0,66932000,67644000.0,98.908,4243977000.0,49534000.0,214995000.0,643283000.0,63.407,1277087000.0
16,MHK,MRY,2004-12-31,2004-12-31,2004-12-31,2021-08-02,-2441000.0,4403118000.0,4383151500.0,1783325000.0,2619793000.0,1.342,39.986,-106601000.0,0.0,0.0,4256129000.0,370797000.0,2.19,0.651,891341000.0,191341000.0,700000000.0,891341000.0,0.0,123088000.0,0.0,0.0,0.0,634183000.0,757271000.0,0.129,757271000.0,634183000.0,580791000.0,5.56,5.49,5.56,2666337000.0,2513605500.0,2666337000.0,6991541029.0,11.0,9.233,136236000.0,2.043,1.0,1624243000.0,0.276,1699995000.0,53392000.0,2780062000.0,2694863250.0,1017983000.0,0.0,0.0,0.0,1736781000.0,814402000.0,922379000.0,6084217029.0,0.0,-14998000.0,-3456000.0,-117782000.0,0.0,-121238000.0,-121599000.0,0.0,242837000.0,0.0,370797000.0,370797000.0,370797000.0,0.0,0.0,0.063,985251000.0,638992000.0,623061000.0,0.0,2.282,16.408,16.412,905332000.0,0.0,91.25,1.035,1.035,660650000.0,1910383000.0,5880372000.0,5880372000.0,0.0,0.085,0.148,0.235,0.108,7545000.0,985251000.0,1.0,66676351.0,66682000,67557000.0,88.185,2703123000.0,55311000.0,209994000.0,191761000.0,40.538,968923000.0
17,MHK,MRY,2003-12-31,2003-12-31,2003-12-31,2021-08-02,2313000.0,4163575000.0,3887988750.0,1533218000.0,2630357000.0,1.286,34.683,-114631000.0,0.0,0.0,3605579000.0,310149000.0,1.63,0.812,1012413000.0,302968000.0,709445000.0,1012413000.0,0.0,106615000.0,0.0,0.0,0.0,544009000.0,650624000.0,0.13,650624000.0,544009000.0,488434000.0,4.68,4.62,4.68,2297801000.0,2143008000.0,2297801000.0,5462252456.0,10.0,8.395,194759000.0,2.94,1.0,1393802000.0,0.279,1694039000.0,55575000.0,2541041000.0,2467292500.0,832415000.0,0.0,0.0,0.0,1865774000.0,940908000.0,924866000.0,4689813456.0,0.0,-384121000.0,-9549000.0,198911000.0,0.0,189362000.0,-498752000.0,0.0,309390000.0,0.0,310149000.0,310149000.0,310149000.0,0.0,0.0,0.062,851773000.0,542029000.0,637940000.0,0.0,2.041,15.121,15.073,919085000.0,0.0,70.54,0.938,0.935,573500000.0,1541761000.0,4999381000.0,4999381000.0,0.0,0.08,0.145,0.22,0.109,8757000.0,851773000.0,1.0,66484455.0,66251000,67121000.0,75.461,2469536000.0,84260000.0,178285000.0,183669000.0,37.275,592310000.0
18,MHK,MRY,2002-12-31,2002-12-31,2002-12-31,2021-08-02,1126000.0,3596743000.0,3674390000.0,1298579000.0,2298164000.0,1.229,31.117,-111934000.0,0.0,0.0,3247865000.0,284489000.0,1.974,0.814,820427000.0,27427000.0,793000000.0,820427000.0,0.0,101942000.0,0.0,0.0,0.0,512601000.0,614543000.0,0.136,614543000.0,512601000.0,443629000.0,4.46,4.39,4.46,1982879000.0,1884115500.0,1982879000.0,4723756814.0,9.0,7.687,437576000.0,6.867,1.0,1269092000.0,0.281,1424153000.0,68972000.0,2335284000.0,2493829750.0,678008000.0,0.0,0.0,0.0,1613864000.0,657733000.0,956131000.0,3778286814.0,0.0,-717638000.0,-13849000.0,293911000.0,0.0,280062000.0,-829572000.0,0.0,549510000.0,0.0,284489000.0,284489000.0,284489000.0,0.0,0.0,0.063,747027000.0,522065000.0,630306000.0,0.0,1.905,13.281,12.769,855324000.0,0.0,56.95,0.836,0.803,501129000.0,1231612000.0,4516957000.0,4516957000.0,0.0,0.077,0.151,0.206,0.113,5463000.0,747027000.0,1.0,66343930.0,63723000,64861000.0,70.884,2172590000.0,82074000.0,159140000.0,145973000.0,34.094,640846000.0
19,MHK,MRY,2001-12-31,2001-12-31,2001-12-31,2021-08-02,-2837000.0,1768485000.0,1827429250.0,1031222000.0,737263000.0,1.886,18.096,-52913000.0,0.0,0.0,2613043000.0,188592000.0,1.772,0.864,308433000.0,158366000.0,150067000.0,308433000.0,0.0,84167000.0,0.0,0.0,0.0,321203000.0,405370000.0,0.118,405370000.0,321203000.0,291416000.0,3.6,3.55,3.6,948551000.0,858427000.0,948551000.0,3345154018.0,10.0,8.252,278334000.0,5.31,1.0,832902000.0,0.242,109167000.0,29787000.0,1385890000.0,1654267000.0,531405000.0,0.0,0.0,0.0,819934000.0,581861000.0,238073000.0,2887368018.0,0.0,0.0,944000.0,-279278000.0,0.0,-278334000.0,-52913000.0,0.0,331247000.0,0.0,188592000.0,188592000.0,188592000.0,0.0,0.0,0.055,505745000.0,327157000.0,423495000.0,0.0,3.044,15.31,15.244,619703000.0,0.0,54.88,0.838,0.835,404875000.0,947123000.0,3445945000.0,3445945000.0,0.0,0.103,0.22,0.194,0.093,4847000.0,505745000.0,1.0,52612391.0,52418000,53141000.0,65.74,1659318000.0,70058000.0,102824000.0,84955000.0,31.656,449361000.0
20,MHK,MRY,2000-12-31,2000-12-31,2000-12-31,2021-08-02,0.0,1795378000.0,1795873500.0,1026851000.0,768527000.0,1.895,3.498,-73475000.0,0.0,0.0,2581185000.0,162599000.0,1.712,5.535,589828000.0,224391000.0,365437000.0,589828000.0,0.0,82346000.0,0.0,0.0,0.0,305673000.0,388019000.0,0.114,388019000.0,305673000.0,267629000.0,3.02,3.0,3.02,188082000.0,572812500.0,188082000.0,2067480248.0,7.0,5.328,146851000.0,2.731,1.0,822849000.0,0.242,112376000.0,38044000.0,1673171000.0,1882349750.0,574595000.0,0.0,0.0,0.0,1041018000.0,599659000.0,441359000.0,1440859248.0,0.0,-36844000.0,-104292000.0,-5715000.0,0.0,-110007000.0,-110319000.0,0.0,220326000.0,0.0,162599000.0,162599000.0,162599000.0,0.0,0.0,0.048,512734000.0,310115000.0,375268000.0,0.0,7.661,8.861,9.066,650053000.0,0.0,27.38,0.423,0.432,358809000.0,758531000.0,3404034000.0,3404034000.0,0.0,0.091,0.284,0.162,0.09,914000.0,505734000.0,1.0,52624516.0,53769000,54255000.0,63.308,1683002000.0,66474000.0,105030000.0,75808000.0,31.301,427192000.0
21,MHK,MRY,1999-12-31,1999-12-31,1999-12-31,2021-08-02,0.0,1682873000.0,1675393500.0,934410000.0,748463000.0,1.917,11.595,-145621000.0,0.0,0.0,2434716000.0,157239000.0,2.496,1.43,596065000.0,33961000.0,562104000.0,596065000.0,0.0,105297000.0,0.0,0.0,0.0,292531000.0,397828000.0,0.124,397828000.0,292531000.0,259899000.0,2.63,2.61,2.63,692546000.0,687790250.0,692546000.0,2159551102.0,7.0,5.428,28533000.0,0.478,1.0,776859000.0,0.242,0.0,32632000.0,1904585000.0,1709817750.0,494774000.0,0.0,0.0,0.0,990327000.0,374353000.0,615974000.0,1599286102.0,-2384000.0,-162463000.0,-78538000.0,210084000.0,0.0,131546000.0,-308084000.0,0.0,174154000.0,0.0,157239000.0,157239000.0,157239000.0,0.0,0.0,0.049,482062000.0,294797000.0,340392000.0,0.0,2.309,10.171,10.03,624814000.0,0.0,26.38,0.498,0.491,337824000.0,595932000.0,3211575000.0,3211575000.0,0.0,0.094,0.229,0.171,0.091,836000.0,482062000.0,1.0,60624947.0,59730000,60349000.0,53.768,1682873000.0,76628000.0,102660000.0,53783000.0,28.175,560057000.0
22,MHK,MRY,1998-12-31,1998-12-31,1998-12-31,2021-08-02,0.0,1405486000.0,1139429500.0,846935000.0,558551000.0,2.409,10.118,-83180000.0,2384000.0,2384000.0,2063333000.0,115254000.0,2.073,1.3,377089000.0,44424000.0,332665000.0,377089000.0,0.0,72591000.0,0.0,0.0,0.0,225829000.0,298420000.0,0.109,298420000.0,225829000.0,194806000.0,1.91,1.89,1.91,611059000.0,493715750.0,611059000.0,2505728319.0,11.0,8.397,89028000.0,1.474,1.0,681287000.0,0.248,0.0,31023000.0,1371730000.0,1099648500.0,423837000.0,0.0,0.0,0.0,794427000.0,408461000.0,385966000.0,2205154319.0,2164000.0,-36574000.0,1988000.0,-52254000.0,-24000.0,-50290000.0,-119754000.0,0.0,172208000.0,0.0,115254000.0,115254000.0,115254000.0,0.0,0.0,0.042,452791000.0,228496000.0,364037000.0,0.0,3.609,19.133,22.021,454867000.0,0.0,42.06,0.803,0.925,331928000.0,438408000.0,2744620000.0,2744620000.0,0.0,0.101,0.233,0.205,0.082,0.0,432191000.0,1.0,52428776.0,60393000,61134000.0,45.446,1405486000.0,69464000.0,79552000.0,47921000.0,23.272,438474000.0
23,MHK,MRY,1997-12-31,1997-12-31,1997-12-31,2021-08-02,0.0,1176557000.0,1065453000.0,708721000.0,467836000.0,2.28,7.957,-45457000.0,145000.0,145000.0,1869221000.0,79563000.0,2.17,1.466,377738000.0,41529000.0,336209000.0,377738000.0,0.0,72893000.0,0.0,0.0,0.0,167903000.0,240796000.0,0.099,240796000.0,167903000.0,131429000.0,1.33,1.32,1.33,477133000.0,405166000.0,477133000.0,,,,138759000.0,2.314,1.0,559864000.0,0.23,0.0,36474000.0,1227537000.0,1163159500.0,367076000.0,0.0,0.0,0.0,699424000.0,326613000.0,372811000.0,1146513029.0,-884000.0,-34141000.0,4686000.0,-111059000.0,-24000.0,-106397000.0,-78703000.0,0.0,184216000.0,0.0,79563000.0,79563000.0,79563000.0,0.0,0.0,0.033,391623000.0,168241000.0,285084000.0,0.0,2.403,14.41,16.496,391101000.0,0.0,21.94,0.472,0.542,286871000.0,312422000.0,2429085000.0,2429085000.0,0.0,0.075,0.196,0.144,0.069,2600000.0,383523000.0,1.0,52256747.0,59962000,60453000.0,40.51,1176557000.0,39082000.0,51866000.0,30311000.0,19.622,382108000.0
24,MHK,MRY,1996-12-31,1996-12-31,1996-12-31,2021-08-02,0.0,954349000.0,,554845000.0,399504000.0,,5.933,-46701000.0,0.0,0.0,1675221000.0,53378000.0,2.282,1.864,387580000.0,41832000.0,345748000.0,387580000.0,0.0,62281000.0,0.0,0.0,0.0,129185000.0,191466000.0,0.089,191466000.0,129185000.0,91663000.0,0.95,0.94,0.95,333199000.0,,333199000.0,,,,9595000.0,0.171,1.0,477795000.0,0.222,0.0,37522000.0,1098782000.0,,302767000.0,0.0,0.0,0.0,621150000.0,243147000.0,378003000.0,,211000.0,-2122000.0,9246000.0,-16643000.0,-24000.0,-7421000.0,-48664000.0,0.0,56296000.0,0.0,53378000.0,53378000.0,53378000.0,0.0,0.0,0.025,344530000.0,133265000.0,201315000.0,0.0,,,15.439,324698000.0,0.0,14.667,,0.383,215594000.0,201294000.0,2153016000.0,2153016000.0,0.0,,,,0.06,0.0,340770000.0,1.0,,56160000,56749000.0,38.337,954349000.0,18186000.0,38285000.0,27530000.0,16.993,311698000.0
25,MHK,MRY,1995-12-31,1995-12-31,1995-12-31,2021-08-02,,,,,,,,-32501000.0,,,1281887000.0,6412000.0,,,,,,,,52560000.0,,0.0,0.0,45459000.0,98019000.0,0.059,98019000.0,45459000.0,10461000.0,0.13,0.13,0.13,,,,,,,78416000.0,1.594,1.0,366630000.0,0.222,,34998000.0,,,,,,,,,,,0.0,-42232000.0,4472000.0,-40656000.0,0.0,-36184000.0,-74733000.0,0.0,110917000.0,,6412000.0,6412000.0,6412000.0,0.0,0.0,0.004,318601000.0,48029000.0,,0.0,,,80.154,,0.0,10.42,,0.311,,,1648517000.0,1648517000.0,0.0,,,,0.028,4000000.0,282451000.0,1.0,,49185000,50435000.0,33.517,,,4049000.0,,,
0,MHK,MRQ,2021-06-30,2021-07-03,2021-07-03,2021-08-02,-781506000.0,14792793000.0,,5950556000.0,8842237000.0,,126.269,-112704000.0,753677000.0,753677000.0,2051626000.0,336453000.0,1.872,0.687,3075127000.0,1059732000.0,2015395000.0,3075127000.0,0.0,148465000.0,0.0,0.0,0.0,415424000.0,563889000.0,0.191,563889000.0,415424000.0,400530000.0,4.84,4.82,4.84,8767118000.0,,8767118000.0,16061407810.0,12.0,8.475,225687000.0,3.25,1.0,902207000.0,0.305,3531873000.0,14894000.0,10403484000.0,,2081967000.0,662358000.0,662358000.0,0.0,6018851000.0,3178886000.0,2839965000.0,13598637810.0,196415000.0,0.0,-141625000.0,-6513000.0,0.0,-155609000.0,4773000.0,117477000.0,338391000.0,8860000.0,336285000.0,336285000.0,336285000.0,0.0,168000.0,0.114,497783000.0,404424000.0,2119154000.0,0.0,1.551,13.248,13.389,4842723000.0,0.0,195.08,1.255,1.25,2017622000.0,7867795000.0,2953833000.0,2953833000.0,0.0,,,,,6018000.0,497783000.0,1.0,69708006.0,69432000,69745000.0,42.543,11260920000.0,467641000.0,64245000.0,454671000.0,162.186,2771670000.0
1,MHK,MRQ,2021-03-31,2021-04-03,2021-04-03,2021-08-02,-855455000.0,14290073000.0,,5566012000.0,8724061000.0,,121.011,-114735000.0,557262000.0,557262000.0,1877257000.0,236811000.0,1.851,0.682,3020032000.0,1052895000.0,1967137000.0,3020032000.0,0.0,151216000.0,0.0,0.0,0.0,319738000.0,470954000.0,0.176,470954000.0,319738000.0,304497000.0,3.37,3.36,3.37,8492433000.0,,8492433000.0,16222766471.0,20.0,11.395,144870000.0,2.064,1.0,791769000.0,0.297,3516573000.0,15241000.0,10228979000.0,,1996628000.0,782267000.0,782267000.0,0.0,5791041000.0,3007291000.0,2783750000.0,13924481471.0,-211363000.0,-6338000.0,-122876000.0,1841000.0,0.0,-120183000.0,-333282000.0,-212209000.0,259605000.0,-17503000.0,236807000.0,236807000.0,236807000.0,0.0,4000.0,0.089,474254000.0,317515000.0,1954396000.0,0.0,1.64,21.693,21.909,4769877000.0,0.0,198.28,1.401,1.401,1813858000.0,7673129000.0,2669026000.0,2669026000.0,0.0,,,,,5968000.0,474254000.0,1.0,70226354.0,70179000,70474000.0,38.032,10773500000.0,437611000.0,67690000.0,485435000.0,153.515,2558721000.0
2,MHK,MRQ,2020-12-31,2020-12-31,2020-12-31,2021-08-02,-695145000.0,14327751000.0,,5363654000.0,8964097000.0,,119.719,-160143000.0,768625000.0,768625000.0,1903680000.0,248397000.0,2.262,0.678,3066910000.0,475297000.0,2591613000.0,3066910000.0,0.0,156555000.0,0.0,0.0,0.0,289299000.0,445854000.0,0.169,445854000.0,289299000.0,273401000.0,3.48,3.47,3.48,8534316000.0,,8534316000.0,12205550489.0,19.0,9.811,247702000.0,3.475,1.0,738084000.0,0.279,3602438000.0,15898000.0,10652350000.0,,1913020000.0,571741000.0,571741000.0,0.0,5786593000.0,2371248000.0,3415345000.0,10035445489.0,-12613000.0,0.0,-119985000.0,839000.0,0.0,-119146000.0,-324100000.0,-163957000.0,407845000.0,22788000.0,248221000.0,248221000.0,248221000.0,0.0,176000.0,0.094,455350000.0,282734000.0,1895951000.0,0.0,1.176,19.464,19.468,4914367000.0,0.0,140.95,1.051,1.051,1709493000.0,7559191000.0,2641764000.0,2641764000.0,0.0,,,,,5138000.0,455350000.0,1.0,71198620.0,71286000,71518000.0,37.059,10725313000.0,447292000.0,25180000.0,493668000.0,150.455,2992406000.0
3,MHK,MRQ,2020-09-30,2020-09-26,2020-09-26,2021-08-02,-935423000.0,13784214000.0,,5151987000.0,8632227000.0,,114.621,-69143000.0,781238000.0,781238000.0,1868671000.0,205453000.0,2.158,0.688,2951343000.0,453908000.0,2497435000.0,2951343000.0,0.0,151342000.0,0.0,0.0,0.0,263134000.0,414476000.0,0.161,414476000.0,263134000.0,248280000.0,2.88,2.87,2.88,8160657000.0,,8160657000.0,9025065041.0,18.0,8.084,529356000.0,7.435,1.0,706199000.0,0.274,3493419000.0,14854000.0,10073786000.0,,1841973000.0,407784000.0,407784000.0,0.0,5617145000.0,2387114000.0,3230031000.0,6709421041.0,43526000.0,0.0,-1000.0,-131885000.0,0.0,-132008000.0,-420227000.0,-351084000.0,598499000.0,-2738000.0,205117000.0,205117000.0,205117000.0,0.0,336000.0,0.08,443455000.0,262744000.0,1933206000.0,0.0,0.822,12.611,12.65,4708293000.0,0.0,94.24,0.719,0.719,1710961000.0,7430945000.0,2574870000.0,2574870000.0,0.0,,,,,4883000.0,443455000.0,1.0,71195045.0,71197000,71378000.0,36.165,10290795000.0,430515000.0,43163000.0,411287000.0,144.54,2764873000.0
4,MHK,MRQ,2020-06-30,2020-06-27,2020-06-27,2021-08-02,-966776000.0,13369404000.0,,4745998000.0,8623406000.0,,111.241,-80639000.0,737712000.0,737712000.0,1679833000.0,-48588000.0,2.535,0.688,3053356000.0,253646000.0,2799710000.0,3053356000.0,0.0,154094000.0,0.0,0.0,0.0,-61664000.0,92430000.0,0.045,92430000.0,-61664000.0,-74620000.0,-0.68,-0.68,-0.68,7918812000.0,,7918812000.0,9620006092.0,22.0,9.302,487882000.0,6.854,1.0,369967000.0,0.18,3452744000.0,12956000.0,10360074000.0,,1922048000.0,0.0,0.0,0.0,5444540000.0,1872230000.0,3572310000.0,6813064092.0,474626000.0,0.0,0.0,-22728000.0,0.0,-24232000.0,-77039000.0,3600000.0,568521000.0,7376000.0,-48257000.0,-48257000.0,-48257000.0,0.0,-331000.0,-0.024,430925000.0,-60958000.0,1618584000.0,0.0,0.86,14.122,14.221,4752591000.0,0.0,95.71,0.734,0.734,1586398000.0,7225828000.0,2049800000.0,2049800000.0,0.0,,,,,4635000.0,430925000.0,1.0,71184454.0,71186000,71186000.0,28.795,9916660000.0,418071000.0,-26363000.0,434264000.0,139.306,2873768000.0
5,MHK,MRQ,2020-03-31,2020-03-28,2020-03-28,2021-08-02,-1087852000.0,13256942000.0,,4613031000.0,8643911000.0,,109.597,-115632000.0,263086000.0,263086000.0,1669323000.0,110465000.0,1.607,0.69,3070028000.0,1317198000.0,1752830000.0,3070028000.0,0.0,145516000.0,0.0,0.0,0.0,145853000.0,291369000.0,0.127,291369000.0,145853000.0,137182000.0,1.54,1.54,1.54,7841368000.0,,7841368000.0,8358544127.0,11.0,6.183,79342000.0,1.109,1.0,616440000.0,0.27,3424002000.0,8671000.0,9768599000.0,,2195434000.0,0.0,0.0,0.0,5409299000.0,2871283000.0,2538016000.0,5593343127.0,128301000.0,0.0,-68640000.0,160044000.0,0.0,87201000.0,-133432000.0,-17800000.0,194974000.0,-20442000.0,110514000.0,110514000.0,110514000.0,0.0,-49000.0,0.048,464957000.0,151483000.0,1554085000.0,0.0,0.713,7.629,7.643,4804242000.0,0.0,78.04,0.57,0.569,1644750000.0,7274085000.0,2285763000.0,2285763000.0,0.0,,,,,5041000.0,464957000.0,1.0,71672772.0,71547000,71777000.0,31.948,9832940000.0,415667000.0,26668000.0,480035000.0,137.433,1741748000.0
6,MHK,MRQ,2019-12-31,2019-12-31,2019-12-31,2021-08-02,-765824000.0,13386680000.0,,4429457000.0,8957223000.0,,114.303,-139848000.0,134785000.0,134785000.0,1801705000.0,264673000.0,1.633,0.648,2899986000.0,1153443000.0,1746543000.0,2899986000.0,0.0,153759000.0,0.0,0.0,0.0,164330000.0,318089000.0,0.131,318089000.0,164330000.0,153368000.0,3.71,3.69,3.71,8119841000.0,,8119841000.0,12754518409.0,16.0,9.331,300827000.0,4.235,1.0,622807000.0,0.257,3498906000.0,10962000.0,9940392000.0,,2282328000.0,42500000.0,42500000.0,0.0,5260232000.0,2712583000.0,2547649000.0,9767840409.0,23482000.0,-4235000.0,-23409000.0,-252095000.0,0.0,-279570000.0,-141583000.0,2500000.0,440675000.0,3960000.0,264667000.0,264667000.0,264667000.0,0.0,6000.0,0.109,467993000.0,154814000.0,1559140000.0,0.0,1.203,13.125,13.19,5021920000.0,0.0,136.38,0.98,0.985,1526619000.0,7232337000.0,2424512000.0,2424512000.0,0.0,,,,,6392000.0,467993000.0,1.0,71622235.0,71038000,71322000.0,34.13,9887774000.0,436397000.0,-111299000.0,473886000.0,139.19,1716874000.0
7,MHK,MRQ,2019-09-30,2019-09-28,2019-09-28,2021-08-02,-882287000.0,13392762000.0,,4727780000.0,8664982000.0,,107.602,-124555000.0,111303000.0,111303000.0,1827494000.0,155669000.0,1.518,0.725,3097981000.0,1375840000.0,1722141000.0,3097981000.0,0.0,144920000.0,0.0,0.0,0.0,187356000.0,332276000.0,0.132,332276000.0,187356000.0,178040000.0,2.16,2.15,2.16,7758768000.0,,7758768000.0,12199704152.0,15.0,8.714,287204000.0,3.983,1.0,691691000.0,0.275,3436167000.0,9316000.0,9828574000.0,,2337952000.0,0.0,0.0,0.0,5627483000.0,3114699000.0,2512784000.0,8916610152.0,-16793000.0,0.0,-67709000.0,-237162000.0,0.0,-304871000.0,-120555000.0,4000000.0,411759000.0,-3126000.0,155518000.0,155518000.0,155518000.0,0.0,151000.0,0.062,451471000.0,240220000.0,1738859000.0,0.0,1.149,12.578,12.727,4934713000.0,0.0,123.58,0.892,0.892,1787158000.0,6991076000.0,2519185000.0,2519185000.0,0.0,,,,,5651000.0,451471000.0,1.0,72152534.0,72106000,72392000.0,34.937,9956595000.0,294102000.0,22522000.0,434912000.0,138.083,1613081000.0
8,MHK,MRQ,2019-06-30,2019-06-29,2019-06-29,2021-08-02,-732521000.0,13806102000.0,,4808317000.0,8997785000.0,,107.94,-144111000.0,128096000.0,128096000.0,1847867000.0,202654000.0,1.298,0.766,3411190000.0,1991857000.0,1419333000.0,3411190000.0,0.0,140482000.0,0.0,0.0,0.0,269695000.0,410177000.0,0.159,410177000.0,269695000.0,259174000.0,2.8,2.79,2.8,7815073000.0,,7815073000.0,14162833756.0,15.0,9.529,252079000.0,3.482,1.0,736618000.0,0.285,3516326000.0,10521000.0,9867079000.0,,2367631000.0,0.0,0.0,0.0,5984511000.0,3705791000.0,2278720000.0,10679957756.0,22428000.0,0.0,-8963000.0,-223231000.0,0.0,-232236000.0,-142111000.0,2000000.0,396190000.0,585000.0,202441000.0,202441000.0,202441000.0,0.0,213000.0,0.078,469758000.0,266860000.0,1713934000.0,0.0,1.367,13.686,13.939,5058022000.0,0.0,147.47,1.066,1.065,1819474000.0,6903261000.0,2584485000.0,2584485000.0,0.0,,,,,5788000.0,469758000.0,1.0,72421223.0,72402000,72680000.0,35.696,10289776000.0,423437000.0,56733000.0,422544000.0,142.12,1102526000.0
9,MHK,MRQ,2019-03-31,2019-03-30,2019-03-30,2021-08-02,-777547000.0,13605075000.0,,4688965000.0,8916110000.0,,104.653,-136948000.0,105668000.0,105668000.0,1817563000.0,121575000.0,1.365,0.796,3588544000.0,1862974000.0,1725570000.0,3588544000.0,0.0,137291000.0,0.0,0.0,0.0,169076000.0,306367000.0,0.125,306367000.0,169076000.0,158603000.0,1.68,1.67,1.68,7570801000.0,,7570801000.0,12260817507.0,12.0,8.032,33189000.0,0.459,1.0,624927000.0,0.256,3499561000.0,10473000.0,10154143000.0,,2338125000.0,0.0,0.0,0.0,6028030000.0,3434247000.0,2593783000.0,9121893507.0,-13382000.0,-76847000.0,1000.0,31468000.0,0.0,26800000.0,-211795000.0,2000000.0,170137000.0,1476000.0,121585000.0,121585000.0,121585000.0,0.0,-10000.0,0.05,459597000.0,165330000.0,1571273000.0,0.0,1.205,11.777,12.107,4995235000.0,0.0,126.15,0.911,0.911,1743581000.0,6709782000.0,2442490000.0,2442490000.0,0.0,,,,,5789000.0,459597000.0,1.0,72309897.0,72342000,72646000.0,33.763,10105514000.0,421314000.0,37018000.0,422772000.0,139.691,1254718000.0
10,MHK,MRQ,2018-12-31,2018-12-31,2018-12-31,2021-08-02,-791608000.0,13099123000.0,,4509296000.0,8589827000.0,,100.654,-151161000.0,119050000.0,119050000.0,1802228000.0,230043000.0,1.381,0.761,3257974000.0,1742373000.0,1515601000.0,3257974000.0,0.0,139092000.0,0.0,0.0,0.0,212168000.0,351260000.0,0.143,351260000.0,212168000.0,197757000.0,3.07,3.05,3.07,7433814000.0,,7433814000.0,11449361607.0,11.0,7.126,135698000.0,1.837,1.0,646390000.0,0.264,3482776000.0,14411000.0,9489032000.0,,2287615000.0,0.0,0.0,0.0,5659064000.0,3266239000.0,2392825000.0,8678308607.0,27699000.0,-143656000.0,-274146000.0,356311000.0,0.0,46484000.0,-303854000.0,-9037000.0,286859000.0,-1790000.0,229339000.0,229339000.0,229339000.0,0.0,704000.0,0.094,433014000.0,213376000.0,1523866000.0,0.0,1.167,10.071,10.144,4699902000.0,0.0,116.96,0.869,0.872,1606159000.0,6588197000.0,2448618000.0,2448618000.0,0.0,,,,,4685000.0,433014000.0,1.0,74198945.0,73855000,74161000.0,33.154,9616347000.0,407149000.0,-31582000.0,413740000.0,130.206,1243057000.0
11,MHK,MRQ,2018-09-30,2018-09-29,2018-09-29,2021-08-02,-704379000.0,13000926000.0,,4548470000.0,8452456000.0,,101.387,-144595000.0,91351000.0,91351000.0,1825367000.0,228026000.0,1.538,0.714,2862404000.0,1333853000.0,1528551000.0,2862404000.0,0.0,132971000.0,0.0,0.0,0.0,285525000.0,418496000.0,0.164,418496000.0,285525000.0,276500000.0,3.03,3.02,3.03,7563756000.0,,7563756000.0,15593924937.0,13.0,9.103,128904000.0,1.728,1.0,720433000.0,0.283,3466800000.0,9025000.0,9347908000.0,,2214295000.0,0.0,0.0,0.0,5397922000.0,2957271000.0,2440651000.0,13081616937.0,-426875000.0,-400894000.0,0.0,-156484000.0,0.0,-156484000.0,-542489000.0,3000000.0,273499000.0,-1401000.0,227013000.0,227013000.0,227013000.0,0.0,1013000.0,0.089,433189000.0,287244000.0,1623418000.0,0.0,1.73,14.989,14.987,4586236000.0,0.0,175.35,1.321,1.321,1755710000.0,6635896000.0,2545800000.0,2545800000.0,0.0,,,,,5104000.0,433189000.0,1.0,74602891.0,74603000,74945000.0,34.125,9534126000.0,399420000.0,49487000.0,400693000.0,127.798,1591199000.0
12,MHK,MRQ,2018-06-30,2018-06-30,2018-06-30,2021-08-02,-671133000.0,12894039000.0,,4773680000.0,8120359000.0,,98.738,-247418000.0,518226000.0,518226000.0,1810459000.0,197545000.0,1.745,0.745,3030534000.0,1146511000.0,1884023000.0,3030534000.0,0.0,127048000.0,0.0,0.0,0.0,323258000.0,450306000.0,0.175,450306000.0,323258000.0,315395000.0,2.64,2.62,2.64,7365554000.0,,7365554000.0,18786985663.0,14.0,10.52,190340000.0,2.552,1.0,766555000.0,0.297,3305578000.0,7863000.0,9364697000.0,,2061204000.0,0.0,0.0,0.0,5490562000.0,2736072000.0,2754490000.0,15984260663.0,403383000.0,0.0,1000.0,221473000.0,0.0,221430000.0,-244418000.0,3000000.0,437758000.0,-11387000.0,196586000.0,196586000.0,196586000.0,0.0,959000.0,0.076,440248000.0,326307000.0,1589561000.0,0.0,2.17,17.455,17.42,4421073000.0,0.0,214.27,1.63,1.63,1737935000.0,6409552000.0,2577014000.0,2577014000.0,0.0,,,,,13645000.0,440248000.0,1.0,74598687.0,74597000,74937000.0,34.546,9588461000.0,393708000.0,118809000.0,365379000.0,128.537,2037608000.0
13,MHK,MRQ,2018-03-31,2018-03-31,2018-03-31,2021-08-02,-487168000.0,12560372000.0,,4297039000.0,8263333000.0,,98.558,-250936000.0,114843000.0,114843000.0,1707510000.0,209241000.0,1.537,0.706,2917568000.0,1331917000.0,1585651000.0,2917568000.0,0.0,122654000.0,0.0,0.0,0.0,263926000.0,386580000.0,0.16,386580000.0,263926000.0,256398000.0,2.8,2.78,2.8,7337943000.0,,7337943000.0,19961775947.0,15.0,11.108,-67708000.0,-0.909,1.0,704692000.0,0.292,3412604000.0,7528000.0,9154583000.0,,2044962000.0,0.0,0.0,0.0,5183439000.0,2795910000.0,2387529000.0,17283081947.0,29959000.0,-24410000.0,1000.0,95742000.0,0.0,86599000.0,-241442000.0,33904000.0,183228000.0,1574000.0,208766000.0,208766000.0,208766000.0,0.0,475000.0,0.087,436293000.0,268399000.0,1463993000.0,0.0,2.355,17.638,17.632,4460793000.0,0.0,232.22,1.785,1.786,1689912000.0,6212966000.0,2412202000.0,2412202000.0,0.0,,,,,7948000.0,436293000.0,1.0,74425467.0,74453000,74929000.0,32.399,9147768000.0,389936000.0,47632000.0,339656000.0,122.866,1501129000.0
14,MHK,MRQ,2017-12-31,2017-12-31,2017-12-31,2021-08-02,-558527000.0,12094853000.0,,4072967000.0,8021886000.0,,94.833,-251368000.0,84884000.0,84884000.0,1615473000.0,240866000.0,1.534,0.708,2763578000.0,1203683000.0,1559895000.0,2763578000.0,0.0,118372000.0,0.0,0.0,0.0,339228000.0,457600000.0,0.193,457600000.0,339228000.0,331971000.0,3.23,3.21,3.23,7059162000.0,,7059162000.0,23142847034.0,17.0,12.91,68005000.0,0.914,1.0,753624000.0,0.318,3363226000.0,7257000.0,8754966000.0,,1948663000.0,0.0,0.0,0.0,4998381000.0,2655355000.0,2343026000.0,20509903034.0,382000.0,-33000.0,641000.0,17348000.0,0.0,16342000.0,-335305000.0,-83904000.0,319373000.0,-28000.0,240378000.0,240378000.0,240378000.0,0.0,488000.0,0.101,415363000.0,338261000.0,1451672000.0,0.0,2.905,21.109,21.109,4270790000.0,0.0,275.9,2.161,2.161,1558159000.0,6004506000.0,2369097000.0,2369097000.0,0.0,,,,,5715000.0,410158000.0,1.0,74338177.0,74438000,74866000.0,31.826,8731627000.0,387870000.0,91593000.0,328103000.0,117.301,1417612000.0
15,MHK,MRQ,2017-09-30,2017-09-30,2017-09-30,2021-08-02,-571369000.0,11822813000.0,,3997110000.0,7825703000.0,,91.327,-229207000.0,84502000.0,84502000.0,1665209000.0,271022000.0,1.482,0.736,2717446000.0,1172781000.0,1544665000.0,2717446000.0,0.0,113515000.0,0.0,0.0,0.0,377816000.0,491331000.0,0.201,491331000.0,377816000.0,370557000.0,3.63,3.61,3.63,6789052000.0,,6789052000.0,21197721189.0,16.0,12.133,231137000.0,3.109,1.0,783301000.0,0.32,3344658000.0,7259000.0,8414081000.0,,1911029000.0,0.0,0.0,0.0,4996703000.0,2697018000.0,2299685000.0,18399442189.0,-45736000.0,-298000.0,2000.0,-280647000.0,0.0,-280645000.0,-229505000.0,0.0,460344000.0,4070000.0,270025000.0,270025000.0,270025000.0,0.0,997000.0,0.11,403203000.0,380098000.0,1524237000.0,0.0,2.71,19.067,19.054,4090099000.0,0.0,247.51,1.977,1.977,1656064000.0,5764128000.0,2448510000.0,2448510000.0,0.0,,,,,7177000.0,403203000.0,1.0,74338177.0,74338000,74841000.0,32.938,8478155000.0,390946000.0,100532000.0,421103000.0,114.049,1300092000.0
16,MHK,MRQ,2017-06-30,2017-07-01,2017-07-01,2021-08-02,-636787000.0,11589491000.0,,4010723000.0,7578768000.0,,86.731,-224153000.0,130238000.0,130238000.0,1673902000.0,261748000.0,1.245,0.792,2928517000.0,1754077000.0,1174440000.0,2928517000.0,0.0,109761000.0,0.0,0.0,0.0,351756000.0,461517000.0,0.188,461517000.0,351756000.0,343363000.0,3.51,3.48,3.51,6446478000.0,,6446478000.0,20404227017.0,16.0,11.774,23843000.0,0.321,1.0,779136000.0,0.318,3295359000.0,8393000.0,7871676000.0,,1865941000.0,0.0,0.0,0.0,5108285000.0,3220735000.0,1887550000.0,17962409017.0,-58198000.0,-249641000.0,1189000.0,165251000.0,0.0,166440000.0,-473794000.0,0.0,247996000.0,1160000.0,260681000.0,260681000.0,260681000.0,0.0,1067000.0,0.106,423311000.0,355825000.0,1466658000.0,0.0,2.786,18.617,18.592,3892251000.0,0.0,241.69,1.963,1.963,1639614000.0,5494149000.0,2453038000.0,2453038000.0,0.0,,,,,13963000.0,423311000.0,1.0,74320034.0,74327000,74801000.0,33.003,8294132000.0,391158000.0,82682000.0,389259000.0,111.59,789988000.0
17,MHK,MRQ,2017-03-31,2017-04-01,2017-04-01,2021-08-02,-749986000.0,10727517000.0,,3734982000.0,6992535000.0,,81.623,-201270000.0,188436000.0,188436000.0,1540292000.0,201056000.0,1.321,0.766,2630254000.0,1497986000.0,1132268000.0,2630254000.0,0.0,105024000.0,0.0,0.0,0.0,277114000.0,382138000.0,0.172,382138000.0,277114000.0,268912000.0,2.7,2.68,2.7,6057412000.0,,6057412000.0,19414437428.0,15.0,11.234,-35388000.0,-0.477,1.0,680353000.0,0.306,3128868000.0,8202000.0,7212140000.0,,1740880000.0,0.0,0.0,0.0,4638492000.0,2828327000.0,1810165000.0,17024617428.0,66771000.0,-827000.0,13000.0,103110000.0,0.0,90868000.0,-202097000.0,0.0,165882000.0,12118000.0,200554000.0,200554000.0,200554000.0,0.0,502000.0,0.09,405569000.0,274784000.0,1330341000.0,0.0,2.811,17.746,17.749,3506154000.0,0.0,229.49,1.89,1.891,1497908000.0,5233468000.0,2220645000.0,2220645000.0,0.0,,,,,9467000.0,405569000.0,1.0,74184572.0,74212000,74754000.0,29.923,7598649000.0,357513000.0,68358000.0,385398000.0,102.391,906655000.0
18,MHK,MRQ,2016-12-31,2016-12-31,2016-12-31,2021-08-02,-833027000.0,10230596000.0,,3471512000.0,6759084000.0,,77.888,-211365000.0,121665000.0,121665000.0,1491567000.0,234508000.0,1.277,0.766,2511485000.0,1382738000.0,1128747000.0,2511485000.0,0.0,104379000.0,0.0,0.0,0.0,307702000.0,412081000.0,0.189,412081000.0,307702000.0,299217000.0,3.15,3.14,3.15,5776451000.0,,5776451000.0,17411050499.0,14.0,10.315,133582000.0,1.801,1.0,690999000.0,0.317,3109032000.0,8485000.0,6793064000.0,,1675751000.0,0.0,0.0,0.0,4423413000.0,2718320000.0,1705093000.0,14809330499.0,9557000.0,0.0,216000.0,-123810000.0,0.0,-124754000.0,-211365000.0,0.0,344947000.0,729000.0,233748000.0,233748000.0,233748000.0,0.0,760000.0,0.107,385727000.0,305272000.0,1335582000.0,0.0,2.564,15.918,15.911,3370348000.0,0.0,199.68,1.653,1.652,1376151000.0,5032914000.0,2182566000.0,2182566000.0,0.0,,,,,6218000.0,385727000.0,1.0,74165317.0,74164000,74619000.0,29.429,7121564000.0,279704000.0,65469000.0,361416000.0,96.025,753192000.0
19,MHK,MRQ,2016-09-30,2016-10-01,2016-10-01,2021-08-02,-704120000.0,10420593000.0,,3576314000.0,6844279000.0,,76.401,-183846000.0,112108000.0,112108000.0,1567580000.0,270827000.0,1.199,0.834,2713828000.0,1548251000.0,1165577000.0,2713828000.0,0.0,103680000.0,0.0,0.0,0.0,373519000.0,477199000.0,0.208,477199000.0,373519000.0,364109000.0,3.64,3.62,3.64,5665442000.0,,5665442000.0,17700127156.0,15.0,11.013,251757000.0,3.395,1.0,726559000.0,0.317,3208536000.0,9410000.0,6830457000.0,,1673242000.0,0.0,0.0,0.0,4723164000.0,2983320000.0,1739844000.0,14855892156.0,59000.0,0.0,234000.0,-252241000.0,0.0,-252215000.0,-183846000.0,0.0,435603000.0,517000.0,269878000.0,269878000.0,269878000.0,0.0,949000.0,0.118,348252000.0,378307000.0,1435069000.0,0.0,2.622,16.726,16.695,3340893000.0,0.0,200.34,1.693,1.693,1506316000.0,4799187000.0,2294139000.0,2294139000.0,0.0,,,,,5294000.0,348252000.0,1.0,74153400.0,74154000,74613000.0,30.937,7212057000.0,294850000.0,94231000.0,360509000.0,97.258,592994000.0
20,MHK,MRQ,2016-06-30,2016-07-02,2016-07-02,2021-08-02,-715861000.0,10312831000.0,,3519203000.0,6793628000.0,,72.562,-136081000.0,112049000.0,112049000.0,1554748000.0,256114000.0,1.124,0.912,2956284000.0,1795584000.0,1160700000.0,2956284000.0,0.0,101214000.0,0.0,0.0,0.0,355573000.0,456787000.0,0.198,456787000.0,355573000.0,345222000.0,3.44,3.42,3.44,5378542000.0,,5378542000.0,17182143102.0,15.0,11.39,276787000.0,3.734,1.0,755588000.0,0.327,3253058000.0,10351000.0,6774274000.0,,1660131000.0,0.0,0.0,0.0,4903565000.0,3129734000.0,1773831000.0,14030669102.0,13744000.0,0.0,3343000.0,-266511000.0,0.0,-264437000.0,-136081000.0,0.0,412868000.0,1394000.0,255188000.0,255188000.0,255188000.0,0.0,926000.0,0.11,404896000.0,350692000.0,1334150000.0,0.0,2.609,16.839,16.803,3243838000.0,0.0,189.37,1.626,1.626,1448898000.0,4529441000.0,2310336000.0,2310336000.0,0.0,,,,,14488000.0,404896000.0,1.0,74091298.0,74123000,74574000.0,31.169,7059773000.0,296732000.0,90034000.0,402632000.0,95.244,389469000.0
21,MHK,MRQ,2016-03-31,2016-04-02,2016-04-02,2021-08-02,-672820000.0,10292315000.0,,3470551000.0,6821764000.0,,69.612,-140833000.0,98305000.0,98305000.0,1532367000.0,172117000.0,1.044,0.993,3249779000.0,2076179000.0,1173600000.0,3249779000.0,0.0,100194000.0,0.0,0.0,0.0,241674000.0,341868000.0,0.157,341868000.0,241674000.0,229373000.0,2.32,2.3,2.32,5149625000.0,,5149625000.0,17348258999.0,17.0,12.459,11038000.0,0.149,1.0,639679000.0,0.295,3290496000.0,12301000.0,6829625000.0,,1652030000.0,0.0,0.0,0.0,5112305000.0,3323668000.0,1788637000.0,14230019999.0,16613000.0,0.0,790000.0,9382000.0,0.0,-230000.0,-140833000.0,0.0,151871000.0,5805000.0,171548000.0,171548000.0,171548000.0,0.0,569000.0,0.079,394007000.0,245672000.0,1247489000.0,0.0,2.763,18.613,18.554,3224327000.0,0.0,192.41,1.702,1.702,1406725000.0,4274254000.0,2172046000.0,2172046000.0,0.0,,,,,9059000.0,394007000.0,1.0,73956759.0,73976000,74490000.0,29.361,7001819000.0,306941000.0,57825000.0,393145000.0,94.65,146883000.0
22,MHK,MRQ,2015-12-31,2015-12-31,2015-12-31,2021-08-02,-793568000.0,9934400000.0,,3249972000.0,6684428000.0,,65.675,-151587000.0,81692000.0,81692000.0,1375787000.0,192005000.0,0.997,1.041,3191967000.0,2003003000.0,1188964000.0,3191967000.0,0.0,94025000.0,0.0,0.0,0.0,237271000.0,331296000.0,0.166,331296000.0,237271000.0,218791000.0,2.6,2.58,2.6,4854173000.0,,4854173000.0,17081264834.0,21.0,14.464,120613000.0,1.632,1.0,622210000.0,0.311,3229906000.0,18480000.0,6555741000.0,,1607256000.0,0.0,0.0,0.0,5051585000.0,3259028000.0,1792557000.0,14000989834.0,-29024000.0,-158852000.0,-4955000.0,32842000.0,0.0,16298000.0,-310439000.0,0.0,272200000.0,-7083000.0,191559000.0,191559000.0,191559000.0,0.0,446000.0,0.096,372968000.0,249242000.0,1256025000.0,0.0,2.884,22.755,22.627,3147118000.0,0.0,189.39,1.735,1.725,1257505000.0,4102707000.0,1997997000.0,1997997000.0,0.0,,,,,8064000.0,372968000.0,1.0,73926764.0,73912000,74451000.0,27.032,6704494000.0,307404000.0,27232000.0,388130000.0,90.709,-9056000.0
23,MHK,MRQ,2015-09-30,2015-10-03,2015-10-03,2021-08-02,-698300000.0,10064482000.0,,3499194000.0,6565288000.0,,64.251,-123648000.0,110716000.0,110716000.0,1489252000.0,215703000.0,1.06,1.113,3190991000.0,1927815000.0,1263176000.0,3190991000.0,0.0,94955000.0,0.0,0.0,0.0,283687000.0,378642000.0,0.176,378642000.0,283687000.0,264368000.0,2.91,2.89,2.91,4749085000.0,,4749085000.0,17272210969.0,22.0,15.132,265785000.0,3.596,1.0,661404000.0,0.308,3199377000.0,19319000.0,6645596000.0,,1621154000.0,0.0,0.0,0.0,5286449000.0,3299784000.0,1986665000.0,13967425969.0,-60371000.0,-20432000.0,289000.0,-298923000.0,0.0,-298634000.0,-144080000.0,0.0,389433000.0,-7090000.0,214905000.0,214905000.0,214905000.0,0.0,798000.0,0.1,372670000.0,288734000.0,1371969000.0,0.0,2.941,24.478,24.32,3046491000.0,0.0,188.97,1.74,1.741,1340650000.0,3911148000.0,2150656000.0,2150656000.0,0.0,,,,,8292000.0,372670000.0,1.0,73913457.0,73915000,74438000.0,29.096,6865105000.0,472319000.0,49463000.0,485043000.0,92.878,199410000.0
24,MHK,MRQ,2015-06-30,2015-07-04,2015-07-04,2021-08-02,-625572000.0,10165670000.0,,3608622000.0,6557048000.0,,62.899,-122628000.0,171087000.0,171087000.0,1426604000.0,186774000.0,1.202,1.2,3475872000.0,1698044000.0,1777828000.0,3475872000.0,0.0,88011000.0,0.0,0.0,0.0,252606000.0,340617000.0,0.167,340617000.0,252606000.0,235768000.0,2.54,2.53,2.54,4608234000.0,,4608234000.0,16451890727.0,23.0,15.462,194537000.0,2.655,1.0,615129000.0,0.301,3225510000.0,16838000.0,7243414000.0,,1592403000.0,0.0,0.0,0.0,5529484000.0,3001531000.0,2527953000.0,14146676727.0,64046000.0,-1187955000.0,1284000.0,1052552000.0,0.0,1053836000.0,-1310583000.0,0.0,317165000.0,3628000.0,186492000.0,186492000.0,186492000.0,0.0,282000.0,0.091,359313000.0,255816000.0,1303487000.0,0.0,3.07,27.904,27.889,3014751000.0,0.0,193.55,1.799,1.803,1387687000.0,3696272000.0,2041733000.0,2041733000.0,0.0,,,,,7760000.0,359313000.0,1.0,73090554.0,73264000,73756000.0,27.868,6940160000.0,470361000.0,49276000.0,518065000.0,94.728,607091000.0
25,MHK,MRQ,2015-03-31,2015-04-04,2015-04-04,2021-08-02,-655394000.0,8284622000.0,,3203819000.0,5080803000.0,,57.817,-105794000.0,107041000.0,107041000.0,1369234000.0,22504000.0,1.108,0.962,2412255000.0,1806175000.0,606080000.0,2412255000.0,0.0,85656000.0,0.0,0.0,0.0,44699000.0,130355000.0,0.069,130355000.0,44699000.0,28250000.0,0.31,0.3,0.31,4219931000.0,,4219931000.0,15682699238.0,23.0,15.213,-155440000.0,-2.13,1.0,511943000.0,0.272,2215001000.0,16449000.0,5482855000.0,,1505632000.0,0.0,0.0,0.0,4060827000.0,2891980000.0,1168847000.0,13527136238.0,9164000.0,-3328000.0,8225000.0,167079000.0,0.0,175304000.0,-109122000.0,0.0,-49646000.0,-7372000.0,22346000.0,22346000.0,22346000.0,0.0,158000.0,0.012,468169000.0,43774000.0,1085805000.0,0.0,3.206,28.585,28.505,2618633000.0,0.0,185.28,1.718,1.718,1158858000.0,3509814000.0,1881177000.0,1881177000.0,0.0,,,,,8436000.0,468169000.0,1.0,73009155.0,72988000,73530000.0,25.774,6069621000.0,394196000.0,5904000.0,394312000.0,83.159,311839000.0
26,MHK,MRQ,2014-12-31,2014-12-31,2014-12-31,2021-08-02,-429321000.0,8285544000.0,,2980486000.0,5305058000.0,,60.599,-170224000.0,97877000.0,97877000.0,1409843000.0,147080000.0,1.531,0.874,2253440000.0,851305000.0,1402135000.0,2253440000.0,0.0,95665000.0,0.0,0.0,0.0,196171000.0,291836000.0,0.15,291836000.0,196171000.0,175548000.0,2.01,2.0,2.01,4418006000.0,,4418006000.0,13610009539.0,18.0,12.29,168541000.0,2.312,1.0,541603000.0,0.278,2306361000.0,20623000.0,6188022000.0,,1543313000.0,0.0,0.0,0.0,3862731000.0,1946724000.0,1916007000.0,11325262539.0,-7692000.0,-3867000.0,1278000.0,-152328000.0,0.0,-152137000.0,-174091000.0,0.0,338765000.0,-20229000.0,146868000.0,146868000.0,146868000.0,0.0,212000.0,0.075,335483000.0,206120000.0,1095419000.0,0.0,2.563,21.289,21.282,2703210000.0,0.0,155.36,1.451,1.45,1081963000.0,3487079000.0,1951446000.0,1951446000.0,0.0,,,,,6464000.0,335483000.0,1.0,72896901.0,72906000,73456000.0,26.767,5979183000.0,295487000.0,28680000.0,410764000.0,82.012,1033762000.0
27,MHK,MRQ,2014-09-30,2014-09-27,2014-09-27,2021-08-02,-122885000.0,8701460000.0,,3368814000.0,5332646000.0,,62.73,-141883000.0,105569000.0,105569000.0,1434236000.0,151260000.0,1.84,0.902,2390316000.0,583495000.0,1806821000.0,2390316000.0,0.0,85167000.0,0.0,0.0,0.0,216073000.0,301240000.0,0.151,301240000.0,216073000.0,181287000.0,2.08,2.06,2.08,4570725000.0,,4570725000.0,12304793746.0,18.0,11.899,83666000.0,1.148,1.0,556422000.0,0.28,2414824000.0,34786000.0,6740026000.0,,1640487000.0,0.0,0.0,0.0,4124942000.0,1831357000.0,2293585000.0,9947999746.0,35525000.0,0.0,4728000.0,-46504000.0,0.0,-41776000.0,-141883000.0,0.0,225549000.0,-6365000.0,151266000.0,151266000.0,151266000.0,0.0,-6000.0,0.076,342729000.0,213693000.0,1247862000.0,0.0,2.176,20.736,20.725,2772722000.0,0.0,136.58,1.279,1.28,1209557000.0,3340211000.0,1990658000.0,1990658000.0,0.0,,,,,7300000.0,342729000.0,1.0,72836431.0,72864000,73376000.0,27.32,6286636000.0,282320000.0,30021000.0,374947000.0,86.279,1537457000.0
28,MHK,MRQ,2014-06-30,2014-06-28,2014-06-28,2021-08-02,135379000.0,8881681000.0,,3379089000.0,5502592000.0,,64.046,-127616000.0,70044000.0,70044000.0,1473435000.0,152861000.0,1.805,0.902,2426838000.0,619229000.0,1807609000.0,2426838000.0,0.0,83754000.0,0.0,0.0,0.0,223692000.0,307446000.0,0.15,307446000.0,223692000.0,202990000.0,2.1,2.08,2.1,4664609000.0,,4664609000.0,12362846741.0,19.0,12.512,41264000.0,0.567,1.0,574812000.0,0.281,2522973000.0,20702000.0,6842982000.0,,1644768000.0,0.0,0.0,0.0,4208381000.0,1872520000.0,2335861000.0,9968831741.0,-2601000.0,0.0,546000.0,-45226000.0,0.0,-44680000.0,-127616000.0,0.0,168880000.0,815000.0,152750000.0,152750000.0,152750000.0,0.0,111000.0,0.075,352564000.0,222248000.0,1253291000.0,0.0,2.137,22.274,22.257,2830202000.0,0.0,136.88,1.287,1.287,1261808000.0,3187640000.0,2048247000.0,2048247000.0,0.0,,,,,6583000.0,352564000.0,1.0,72828987.0,72832000,73297000.0,28.123,6358708000.0,284676000.0,50240000.0,409332000.0,87.307,1506569000.0
29,MHK,MRQ,2014-03-31,2014-03-29,2014-03-29,2021-08-02,115609000.0,8681488000.0,,3263274000.0,5418214000.0,,61.655,-122081000.0,72645000.0,72645000.0,1331740000.0,81053000.0,1.77,0.934,2466660000.0,654871000.0,1811789000.0,2466660000.0,0.0,80984000.0,0.0,0.0,0.0,125873000.0,206857000.0,0.114,206857000.0,125873000.0,103777000.0,1.11,1.11,1.11,4484940000.0,,4484940000.0,12001462533.0,21.0,13.418,-193087000.0,-2.654,1.0,481355000.0,0.265,2518688000.0,22096000.0,6713300000.0,,1632236000.0,0.0,0.0,0.0,4188044000.0,1843515000.0,2344529000.0,9795520533.0,18579000.0,19000.0,6276000.0,206767000.0,0.0,213043000.0,-122062000.0,0.0,-71006000.0,-1396000.0,81081000.0,81081000.0,81081000.0,0.0,-28000.0,0.045,350620000.0,130735000.0,1188644000.0,0.0,2.184,25.82,25.81,2745057000.0,0.0,134.73,1.276,1.277,1174895000.0,3034890000.0,1813095000.0,1813095000.0,0.0,,,,,7614000.0,350620000.0,1.0,72704821.0,72742000,73282000.0,24.925,6162800000.0,288277000.0,22696000.0,423034000.0,84.721,1419759000.0
30,MHK,MRQ,2013-12-31,2013-12-31,2013-12-31,2021-08-02,178689000.0,8494177000.0,,3085718000.0,5408459000.0,,61.37,-111027000.0,54066000.0,54066000.0,1411307000.0,94783000.0,2.336,0.902,2260008000.0,127218000.0,2132790000.0,2260008000.0,0.0,86329000.0,0.0,0.0,0.0,132219000.0,218548000.0,0.114,218548000.0,132219000.0,110071000.0,1.3,1.29,1.3,4461057000.0,,4461057000.0,13096681123.0,25.0,15.812,87163000.0,1.199,1.0,512797000.0,0.267,2547694000.0,22148000.0,6831614000.0,,1572325000.0,0.0,0.0,0.0,4023871000.0,1320811000.0,2703060000.0,10813839123.0,-9514000.0,6000000.0,8143000.0,-111033000.0,0.0,-102890000.0,-105027000.0,0.0,198190000.0,213000.0,94651000.0,94651000.0,94651000.0,15981000.0,132000.0,0.049,370923000.0,141874000.0,1193593000.0,0.0,2.424,31.004,30.638,2701743000.0,0.0,148.9,1.472,1.454,1062875000.0,2953809000.0,1924104000.0,1924104000.0,0.0,,,,,4477000.0,361809000.0,1.0,72624843.0,72691000,73279000.0,26.47,5946483000.0,306556000.0,15420000.0,445823000.0,81.805,1764907000.0
31,MHK,MRQ,2013-09-30,2013-09-28,2013-09-28,2021-08-02,146225000.0,8564157000.0,,3188463000.0,5375694000.0,,59.586,-109426000.0,63580000.0,63580000.0,1444646000.0,119559000.0,2.302,0.978,2346422000.0,89031000.0,2257391000.0,2346422000.0,0.0,81550000.0,0.0,0.0,0.0,173691000.0,255241000.0,0.13,255241000.0,173691000.0,148061000.0,1.64,1.63,1.64,4324485000.0,,4324485000.0,11798664703.0,24.0,15.361,103633000.0,1.428,1.0,516890000.0,0.264,2524999000.0,25630000.0,6936777000.0,,1612696000.0,0.0,0.0,0.0,4230524000.0,1385223000.0,2845301000.0,9433654703.0,-105165000.0,-2000.0,8774000.0,-220303000.0,0.0,-211529000.0,-109428000.0,0.0,213059000.0,2733000.0,119068000.0,119068000.0,119068000.0,553000.0,491000.0,0.061,340987000.0,175903000.0,1296192000.0,0.0,2.181,29.432,28.909,2683984000.0,0.0,130.09,1.375,1.376,1154368000.0,2859158000.0,1961536000.0,1961536000.0,0.0,,,,,4336000.0,340987000.0,1.0,72516371.0,72575000,73087000.0,27.028,6039158000.0,302763000.0,28993000.0,452588000.0,83.213,1803240000.0
32,MHK,MRQ,2013-06-30,2013-06-29,2013-06-29,2021-08-02,49806000.0,8508964000.0,,3270195000.0,5238769000.0,,56.565,-82815000.0,168745000.0,168745000.0,1462243000.0,84382000.0,2.431,1.075,2533755000.0,83171000.0,2450584000.0,2533755000.0,0.0,80643000.0,0.0,0.0,0.0,133124000.0,213767000.0,0.108,213767000.0,133124000.0,107812000.0,1.17,1.16,1.17,4095650000.0,,4095650000.0,9340505447.0,23.0,13.58,70043000.0,0.967,1.0,514056000.0,0.26,2491151000.0,25312000.0,7037861000.0,,1591552000.0,0.0,0.0,0.0,4404671000.0,1344962000.0,3059709000.0,8154156447.0,-951422000.0,-301695000.0,2240000.0,-732569000.0,0.0,-730329000.0,-384510000.0,0.0,152858000.0,10559000.0,84572000.0,84572000.0,84572000.0,1361000.0,-190000.0,0.043,380858000.0,133198000.0,1261791000.0,0.0,1.991,30.005,28.992,2594256000.0,0.0,112.49,1.28,1.278,1145550000.0,2740090000.0,1976299000.0,1976299000.0,0.0,,,,,3994000.0,380858000.0,1.0,72487834.0,72406000,72867000.0,27.295,6017813000.0,287851000.0,23240000.0,452822000.0,83.112,1925233000.0
33,MHK,MRQ,2013-03-31,2013-03-30,2013-03-30,2021-08-02,82242000.0,7261845000.0,,3446606000.0,3815239000.0,,53.668,-63282000.0,1120167000.0,1120167000.0,1109749000.0,50567000.0,3.927,0.95,2306516000.0,53496000.0,2253020000.0,2306516000.0,0.0,60349000.0,0.0,0.0,0.0,80383000.0,140732000.0,0.095,140732000.0,80383000.0,61227000.0,0.73,0.72,0.73,3723218000.0,,3723218000.0,8747477911.0,23.0,13.393,-102226000.0,-1.474,1.0,377066000.0,0.254,1963418000.0,19156000.0,5607145000.0,,1230250000.0,0.0,0.0,0.0,3537261000.0,877631000.0,2659630000.0,7842207911.0,642495000.0,-147769000.0,27619000.0,910356000.0,0.0,937975000.0,-211051000.0,0.0,-38944000.0,-45485000.0,50495000.0,50495000.0,50495000.0,0.0,72000.0,0.034,296611000.0,80455000.0,824135000.0,0.0,2.106,30.119,30.005,1729916000.0,0.0,113.12,1.337,1.338,825659000.0,2655518000.0,1486815000.0,1486815000.0,0.0,,,,,5504000.0,290224000.0,1.0,69326449.0,69375000,69897000.0,21.432,5298427000.0,235424000.0,10732000.0,319290000.0,76.374,2568975000.0
34,MHK,MRQ,2012-12-31,2012-12-31,2012-12-31,2021-08-02,159733000.0,6303684000.0,,2550046000.0,3753638000.0,,53.917,-73296000.0,477672000.0,477672000.0,1066328000.0,66389000.0,3.077,0.695,1382942000.0,55213000.0,1327729000.0,1382942000.0,0.0,63878000.0,0.0,0.0,0.0,94494000.0,158372000.0,0.11,158372000.0,94494000.0,79092000.0,0.96,0.96,0.96,3719617000.0,,3719617000.0,7391995564.0,20.0,11.219,215747000.0,3.127,1.0,369331000.0,0.257,1939570000.0,15402000.0,4440735000.0,,1133736000.0,0.0,0.0,0.0,2584067000.0,828649000.0,1755418000.0,6247895564.0,96830000.0,0.0,6797000.0,-135936000.0,0.0,-129139000.0,-73296000.0,0.0,289043000.0,10222000.0,66389000.0,66389000.0,66389000.0,0.0,0.0,0.046,273452000.0,95879000.0,773436000.0,0.0,1.68,24.966,24.923,1692852000.0,0.0,90.47,1.079,1.078,679473000.0,2605023000.0,1435659000.0,1435659000.0,0.0,,,,,2872000.0,273471000.0,1.0,69060413.0,68988000,69306000.0,20.81,4364114000.0,232801000.0,12703000.0,329810000.0,63.259,1721397000.0
35,MHK,MRQ,2012-09-30,2012-09-29,2012-09-29,2021-08-02,112854000.0,6302612000.0,,2596729000.0,3705883000.0,,52.093,-47311000.0,380842000.0,380842000.0,1100656000.0,70304000.0,3.171,0.753,1524942000.0,57673000.0,1467269000.0,1524942000.0,0.0,71298000.0,0.0,0.0,0.0,103632000.0,174930000.0,0.119,174930000.0,103632000.0,85663000.0,1.02,1.01,1.02,3594935000.0,,3594935000.0,6829297803.0,20.0,10.663,155660000.0,2.256,1.0,372837000.0,0.253,1925751000.0,17969000.0,4702102000.0,,1139403000.0,0.0,0.0,0.0,2707677000.0,818859000.0,1888818000.0,5521072803.0,61379000.0,0.0,2744000.0,-103619000.0,0.0,-100875000.0,-47311000.0,0.0,202971000.0,6594000.0,70304000.0,70304000.0,70304000.0,0.0,0.0,0.048,269205000.0,103632000.0,761186000.0,0.0,1.536,24.343,24.322,1657226000.0,0.0,80.02,0.963,0.964,817214000.0,2538634000.0,1473493000.0,1473493000.0,0.0,,,,,2811000.0,268883000.0,1.0,68996161.0,69010000,69337000.0,21.352,4376861000.0,235901000.0,15359000.0,329190000.0,63.424,1777870000.0
36,MHK,MRQ,2012-06-30,2012-06-30,2012-06-30,2021-08-02,70464000.0,6264777000.0,,2534186000.0,3730591000.0,,50.393,-44436000.0,319463000.0,319463000.0,1081329000.0,73188000.0,3.206,0.802,1627688000.0,57158000.0,1570530000.0,1627688000.0,0.0,71831000.0,0.0,0.0,0.0,107278000.0,179109000.0,0.122,179109000.0,107278000.0,88434000.0,1.06,1.06,1.06,3476318000.0,,3476318000.0,6211240526.0,19.0,10.071,95610000.0,1.386,1.0,388464000.0,0.264,1928304000.0,18844000.0,4854129000.0,,1161073000.0,0.0,0.0,0.0,2788459000.0,790569000.0,1997890000.0,4816287526.0,14688000.0,-7007000.0,1073000.0,-59849000.0,0.0,-58776000.0,-51443000.0,0.0,140046000.0,-15139000.0,73188000.0,73188000.0,73188000.0,0.0,0.0,0.05,280746000.0,107718000.0,733411000.0,0.0,1.385,23.709,23.671,1652444000.0,0.0,69.83,0.845,0.845,782122000.0,2468330000.0,1469793000.0,1469793000.0,0.0,,,,,2828000.0,280746000.0,1.0,68971610.0,68984000,69259000.0,21.306,4336473000.0,276456000.0,15246000.0,334070000.0,62.862,1743617000.0
37,MHK,MRQ,2012-03-31,2012-03-31,2012-03-31,2021-08-02,190617000.0,6399194000.0,,2544628000.0,3854566000.0,,51.107,-43251000.0,304775000.0,304775000.0,1049609000.0,41012000.0,3.268,0.818,1699728000.0,57309000.0,1642419000.0,1699728000.0,0.0,73286000.0,0.0,0.0,0.0,73166000.0,146452000.0,0.104,146452000.0,73166000.0,50668000.0,0.59,0.58,0.59,3519297000.0,,3519297000.0,5851588558.0,19.0,9.56,-87721000.0,-1.274,1.0,359426000.0,0.255,1990337000.0,22498000.0,5025118000.0,,1164991000.0,0.0,0.0,0.0,2879897000.0,778692000.0,2101205000.0,4577094558.0,-7170000.0,0.0,5539000.0,101843000.0,0.0,71959000.0,-43251000.0,0.0,-44470000.0,8592000.0,40377000.0,40377000.0,40377000.0,0.0,635000.0,0.029,287450000.0,71976000.0,721383000.0,0.0,1.301,23.982,23.924,1718396000.0,0.0,66.51,0.802,0.802,782000000.0,2395142000.0,1409035000.0,1409035000.0,0.0,,,,,5571000.0,287450000.0,1.0,68818141.0,68862000,69141000.0,20.462,4408857000.0,301943000.0,10291000.0,362948000.0,64.025,1765936000.0
38,MHK,MRQ,2011-12-31,2011-12-31,2011-12-31,2021-08-02,135639000.0,6206228000.0,,2398164000.0,3808064000.0,,49.694,-93313000.0,311945000.0,311945000.0,1042880000.0,43897000.0,2.177,0.807,1586439000.0,386255000.0,1200184000.0,1586439000.0,0.0,74930000.0,0.0,0.0,0.0,65071000.0,140001000.0,0.102,140001000.0,65071000.0,40941000.0,0.62,0.62,0.62,3415785000.0,,3415785000.0,5450782991.0,18.0,9.162,69492000.0,1.011,1.0,335417000.0,0.243,1980275000.0,24130000.0,4399101000.0,,1113630000.0,0.0,0.0,0.0,2756720000.0,1101346000.0,1655374000.0,4115600991.0,35789000.0,0.0,1084000.0,-26238000.0,0.0,-25155000.0,-93313000.0,0.0,162805000.0,-8548000.0,42931000.0,42931000.0,42931000.0,0.0,966000.0,0.031,269365000.0,66052000.0,715091000.0,0.0,1.205,23.663,23.656,1712154000.0,0.0,59.85,0.729,0.729,686165000.0,2354765000.0,1378297000.0,1378297000.0,0.0,,,,,2030000.0,269123000.0,1.0,68765263.0,68736000,68964000.0,20.052,4225953000.0,266545000.0,-1990000.0,355653000.0,61.481,1296818000.0
39,MHK,MRQ,2011-09-30,2011-10-01,2011-10-01,2021-08-02,184631000.0,6277568000.0,,2440588000.0,3836980000.0,,49.721,-69741000.0,276156000.0,276156000.0,1084889000.0,47696000.0,2.012,0.827,1611338000.0,438300000.0,1173038000.0,1611338000.0,0.0,74207000.0,0.0,0.0,0.0,77001000.0,151208000.0,0.105,151208000.0,77001000.0,51869000.0,0.68,0.68,0.68,3418735000.0,,3418735000.0,4273349375.0,13.0,6.933,39857000.0,0.58,1.0,357623000.0,0.248,2023594000.0,25132000.0,4375917000.0,,1132073000.0,0.0,0.0,0.0,2826075000.0,1213239000.0,1612836000.0,2950436375.0,-9266000.0,-24097000.0,57000.0,-5278000.0,0.0,-4556000.0,-93838000.0,0.0,109598000.0,-20470000.0,46646000.0,46646000.0,46646000.0,0.0,1050000.0,0.032,279572000.0,78051000.0,774939000.0,0.0,0.863,16.693,16.632,1696182000.0,0.0,42.91,0.534,0.534,775421000.0,2311834000.0,1442512000.0,1442512000.0,0.0,,,,,2091000.0,266159000.0,1.0,68758713.0,68759000,68954000.0,20.979,4253974000.0,249135000.0,5223000.0,343870000.0,61.868,1227349000.0
40,MHK,MRQ,2011-06-30,2011-07-02,2011-07-02,2021-08-02,331558000.0,6389000000.0,,2447237000.0,3941763000.0,,51.16,-59708000.0,285422000.0,285422000.0,1095607000.0,62094000.0,1.999,0.807,1608335000.0,453185000.0,1155150000.0,1608335000.0,0.0,74344000.0,0.0,0.0,0.0,100113000.0,174457000.0,0.118,174457000.0,100113000.0,74353000.0,0.89,0.88,0.89,3516959000.0,,3516959000.0,5607743743.0,17.0,8.947,36295000.0,0.528,1.0,382247000.0,0.259,2100008000.0,25760000.0,4387423000.0,,1102769000.0,0.0,0.0,0.0,2839741000.0,1224482000.0,1615259000.0,4234080743.0,29191000.0,0.0,1579000.0,-11239000.0,0.0,-11805000.0,-59708000.0,0.0,96003000.0,4701000.0,60903000.0,60903000.0,60903000.0,0.0,1191000.0,0.041,280943000.0,101304000.0,771297000.0,0.0,1.204,23.367,23.333,1730914000.0,0.0,61.6,0.785,0.785,797893000.0,2265188000.0,1477854000.0,1477854000.0,0.0,,,,,2177000.0,280547000.0,1.0,68735077.0,68744000,68981000.0,21.498,4288992000.0,246179000.0,13450000.0,366610000.0,62.391,1222755000.0
41,MHK,MRQ,2011-03-31,2011-04-02,2011-04-02,2021-08-02,292828000.0,6266233000.0,,2339675000.0,3926558000.0,,49.703,-52811000.0,256231000.0,256231000.0,1002003000.0,24538000.0,2.952,0.826,1629894000.0,52706000.0,1577188000.0,1629894000.0,0.0,74253000.0,0.0,0.0,0.0,55003000.0,129256000.0,0.096,129256000.0,55003000.0,28408000.0,0.34,0.34,0.34,3413332000.0,,3413332000.0,5561734750.0,17.0,9.071,-120224000.0,-1.751,1.0,341592000.0,0.254,2096434000.0,26595000.0,4750988000.0,,1075613000.0,0.0,0.0,0.0,2819646000.0,792474000.0,2027172000.0,4290323750.0,-97986000.0,0.0,1067000.0,-17346000.0,0.0,8392000.0,-52811000.0,0.0,-67413000.0,13846000.0,23442000.0,23442000.0,23442000.0,0.0,1096000.0,0.017,285508000.0,56084000.0,739768000.0,0.0,1.257,22.775,23.148,1715895000.0,0.0,62.5,0.807,0.807,754826000.0,2204285000.0,1343595000.0,1343595000.0,0.0,,,,,3861000.0,285508000.0,1.0,68645180.0,68674000,68904000.0,19.565,4169799000.0,247716000.0,4966000.0,355342000.0,60.719,1547201000.0
42,MHK,MRQ,2010-12-31,2010-12-31,2010-12-31,2021-08-02,178097000.0,6098926000.0,,2248613000.0,3850313000.0,,47.689,-69940000.0,382171000.0,382171000.0,920532000.0,47436000.0,2.144,0.853,1653582000.0,350588000.0,1302994000.0,1653582000.0,0.0,74522000.0,0.0,0.0,0.0,86964000.0,161486000.0,0.128,161486000.0,86964000.0,56798000.0,0.67,0.66,0.67,3271556000.0,,3271556000.0,5182607588.0,16.0,8.385,39378000.0,0.574,1.0,341666000.0,0.271,2046521000.0,30166000.0,4274902000.0,,1007503000.0,0.0,0.0,0.0,2791929000.0,1048914000.0,1743015000.0,3893805588.0,-11618000.0,0.0,1319000.0,-16773000.0,0.0,-43896000.0,-69939000.0,0.0,109318000.0,-7101000.0,45758000.0,45758000.0,45758000.0,0.0,1678000.0,0.036,256026000.0,85640000.0,698326000.0,0.0,1.19,20.994,21.338,1687124000.0,0.0,56.76,0.732,0.732,614473000.0,2180843000.0,1262198000.0,1262198000.0,0.0,,,,,1664000.0,256026000.0,1.0,68601226.0,68601226,,18.399,4052405000.0,249972000.0,11040000.0,346503000.0,59.072,1199699000.0
43,MHK,MRQ,2010-09-30,2010-10-02,2010-10-02,2021-08-02,236377000.0,6191910000.0,,2294202000.0,3897708000.0,,47.884,-39101000.0,365835000.0,365835000.0,964620000.0,52264000.0,2.028,0.876,1654637000.0,351486000.0,1303151000.0,1654637000.0,0.0,72956000.0,0.0,0.0,0.0,88653000.0,161609000.0,0.123,161609000.0,88653000.0,58607000.0,0.74,0.74,0.74,3284494000.0,,3284494000.0,5015763804.0,18.0,8.592,82316000.0,1.2,1.0,344932000.0,0.263,2099991000.0,30046000.0,4249410000.0,,996271000.0,0.0,0.0,0.0,2876410000.0,1131311000.0,1745099000.0,3703974804.0,23162000.0,-79917000.0,113000.0,1102000.0,0.0,737000.0,-114404000.0,0.0,121417000.0,15412000.0,51094000.0,51094000.0,51094000.0,0.0,1170000.0,0.039,259750000.0,85182000.0,779825000.0,0.0,1.128,23.224,23.684,1680541000.0,0.0,54.0,0.685,0.685,697491000.0,2138329000.0,1309552000.0,1309552000.0,0.0,,,,,1902000.0,259750000.0,1.0,68592126.0,68593000,68773000.0,19.092,4091919000.0,236905000.0,7513000.0,352228000.0,59.655,1162891000.0
44,MHK,MRQ,2010-06-30,2010-07-03,2010-07-03,2021-08-02,83804000.0,6003916000.0,,2284860000.0,3719056000.0,,44.892,-23830000.0,342673000.0,342673000.0,1025330000.0,68965000.0,1.969,0.94,1654462000.0,351307000.0,1303155000.0,1654462000.0,0.0,72497000.0,0.0,0.0,0.0,88298000.0,160795000.0,0.115,160795000.0,88298000.0,49267000.0,0.95,0.95,0.95,3078938000.0,,3078938000.0,4432760253.0,17.0,7.814,111339000.0,1.623,1.0,374756000.0,0.268,2026159000.0,39031000.0,4129330000.0,,965778000.0,0.0,0.0,0.0,2894726000.0,1160216000.0,1734510000.0,3030232253.0,-109662000.0,0.0,619000.0,-210154000.0,0.0,-209998000.0,-23830000.0,0.0,135169000.0,-11003000.0,68081000.0,68081000.0,68081000.0,0.0,884000.0,0.049,285030000.0,89726000.0,808909000.0,0.0,0.984,21.228,21.662,1654161000.0,0.0,44.19,0.553,0.553,703458000.0,2087235000.0,1400086000.0,1400086000.0,0.0,,,,,1492000.0,285030000.0,1.0,68572805.0,68585000,68789000.0,20.414,3977757000.0,174349000.0,-18814000.0,340773000.0,57.997,1124644000.0
45,MHK,MRQ,2010-03-31,2010-04-03,2010-04-03,2021-08-02,196930000.0,6318900000.0,,2443458000.0,3875442000.0,,45.556,-23309000.0,452335000.0,452335000.0,1005990000.0,21270000.0,1.732,1.015,1854863000.0,551426000.0,1303437000.0,1854863000.0,0.0,76798000.0,0.0,0.0,0.0,57420000.0,134218000.0,0.1,134218000.0,57420000.0,23512000.0,0.3,0.3,0.3,3121623000.0,,3121623000.0,5071690013.0,20.0,9.01,-69501000.0,-1.014,1.0,341246000.0,0.253,2113871000.0,33908000.0,4196441000.0,,932785000.0,0.0,0.0,0.0,3167411000.0,1411116000.0,1756295000.0,3748669013.0,-79123000.0,0.0,394000.0,-393000.0,0.0,-2042000.0,-23309000.0,0.0,-46192000.0,-7580000.0,20538000.0,20538000.0,20538000.0,0.0,732000.0,0.015,287625000.0,53621000.0,859690000.0,0.0,1.201,31.0,30.921,1719051000.0,0.0,54.73,0.684,0.684,788124000.0,2019154000.0,1347236000.0,1347236000.0,0.0,,,,,1830000.0,287625000.0,1.0,68493861.0,68523000,68730000.0,19.661,4205029000.0,179035000.0,2974000.0,353766000.0,61.367,1032342000.0
46,MHK,MRQ,2009-12-31,2009-12-31,2009-12-31,2021-08-02,296917000.0,6391446000.0,,2359000000.0,4032446000.0,,46.76,-37644000.0,531458000.0,531458000.0,1005414000.0,21288000.0,2.668,0.986,1854479000.0,52907000.0,1801572000.0,1854479000.0,0.0,81827000.0,0.0,0.0,0.0,45356000.0,127183000.0,0.094,127183000.0,45356000.0,10829000.0,0.29,0.3,0.29,3200823000.0,,3200823000.0,4808165018.0,107.0,13.823,221841000.0,3.241,1.0,341694000.0,0.254,2196470000.0,34527000.0,4633975000.0,,892981000.0,0.0,0.0,0.0,3157164000.0,884022000.0,2273142000.0,3259009018.0,225313000.0,0.0,545000.0,7417000.0,0.0,7095000.0,-37644000.0,0.0,259485000.0,-3623000.0,19779000.0,19779000.0,19779000.0,0.0,1509000.0,0.015,294829000.0,46865000.0,831115000.0,0.0,1.018,-592.655,-595.0,1791412000.0,0.0,47.6,0.61,0.61,673931000.0,1998616000.0,1347108000.0,1347108000.0,0.0,,,,,3255000.0,294829000.0,1.0,68466576.0,68452000,68452000.0,19.68,4194976000.0,175554000.0,-8950000.0,370903000.0,61.283,1474978000.0
47,MHK,MRQ,2009-09-30,2009-09-26,2009-09-26,2021-08-02,334728000.0,6488455000.0,,2359111000.0,4129344000.0,,46.977,-18358000.0,306145000.0,306145000.0,1013106000.0,35395000.0,2.537,1.008,1855301000.0,53163000.0,1802138000.0,1855301000.0,0.0,76435000.0,0.0,0.0,0.0,68681000.0,145116000.0,0.105,145116000.0,68681000.0,36363000.0,0.5,0.5,0.5,3215865000.0,,3215865000.0,4887026037.0,-44.0,27.467,124816000.0,1.823,1.0,369459000.0,0.267,2241977000.0,32318000.0,4865892000.0,,939478000.0,0.0,0.0,0.0,3242366000.0,929742000.0,2312624000.0,3254148037.0,79602000.0,-5924000.0,258000.0,-45809000.0,0.0,-45926000.0,-24282000.0,0.0,143174000.0,6636000.0,34348000.0,34348000.0,34348000.0,0.0,1047000.0,0.025,301388000.0,68071000.0,876579000.0,0.0,1.012,-21.284,-21.129,1841779000.0,0.0,47.54,0.594,0.594,832105000.0,1978837000.0,1382565000.0,1382565000.0,0.0,,,,,2109000.0,301388000.0,1.0,68450737.0,68456000,68653000.0,20.196,4246478000.0,209604000.0,2015000.0,402535000.0,62.032,1429369000.0
48,MHK,MRQ,2009-06-30,2009-06-27,2009-06-27,2021-08-02,256477000.0,6355689000.0,,2255773000.0,4099916000.0,,45.3,-25830000.0,226543000.0,226543000.0,1038624000.0,47207000.0,2.423,1.04,1859421000.0,55335000.0,1804086000.0,1859421000.0,0.0,77062000.0,0.0,0.0,0.0,79300000.0,156362000.0,0.111,156362000.0,79300000.0,49298000.0,0.68,0.67,0.68,3100772000.0,,3100772000.0,4270351741.0,-3.0,-3.574,205797000.0,3.007,1.0,367388000.0,0.261,2211467000.0,30002000.0,4846175000.0,,936336000.0,0.0,0.0,0.0,3225366000.0,930925000.0,2294441000.0,2425790741.0,89991000.0,0.0,72000.0,-117558000.0,0.0,-120991000.0,-25830000.0,0.0,231627000.0,5185000.0,46261000.0,46261000.0,46261000.0,0.0,946000.0,0.033,292710000.0,74678000.0,875590000.0,0.0,0.782,-1.451,-1.449,1864301000.0,0.0,35.44,0.414,0.414,778456000.0,1944489000.0,1406012000.0,1406012000.0,0.0,,,,,2115000.0,292710000.0,1.0,68447820.0,68449000,68613000.0,20.541,4144222000.0,210720000.0,3037000.0,383139000.0,60.545,1324848000.0
49,MHK,MRQ,2009-03-31,2009-03-28,2009-03-28,2021-08-02,163420000.0,6287636000.0,,2226621000.0,4061015000.0,,43.244,-27093000.0,136552000.0,136552000.0,1054650000.0,-104909000.0,2.305,1.114,1981113000.0,137501000.0,1843612000.0,1981113000.0,0.0,67680000.0,0.0,0.0,0.0,-148499000.0,-80819000.0,-0.067,-80819000.0,-148499000.0,-178683000.0,-1.55,-1.55,-1.55,2959314000.0,,2959314000.0,4091150300.0,-3.0,-3.615,10826000.0,0.158,1.0,153689000.0,0.127,2168479000.0,30184000.0,4997820000.0,,985463000.0,0.0,0.0,0.0,3296214000.0,965898000.0,2330316000.0,2229883300.0,43033000.0,0.0,9000.0,33966000.0,0.0,33978000.0,-27093000.0,0.0,37919000.0,-1771000.0,-105887000.0,-105887000.0,-105887000.0,0.0,978000.0,-0.088,299573000.0,-145884000.0,828397000.0,0.0,0.754,-1.368,-1.367,1867072000.0,0.0,32.58,0.354,0.354,784677000.0,1898228000.0,1208339000.0,1208339000.0,0.0,,,,,2516000.0,299573000.0,1.0,68443318.0,68433000,68433000.0,17.657,4119157000.0,216980000.0,-72796000.0,381994000.0,60.193,1260723000.0
50,MHK,MRQ,2008-12-31,2008-12-31,2008-12-31,2021-08-02,254535000.0,6446175000.0,,2246249000.0,4199926000.0,,46.108,-62502000.0,93519000.0,93519000.0,1129210000.0,-126422000.0,2.562,1.034,1954786000.0,94785000.0,1860001000.0,1954786000.0,0.0,69034000.0,0.0,0.0,0.0,-111767000.0,-42733000.0,-0.029,-42733000.0,-111767000.0,-141768000.0,-1.88,-1.86,-1.88,3153803000.0,,3153803000.0,4934089877.0,-4.0,-5.764,136605000.0,1.997,1.0,355962000.0,0.24,2247284000.0,30001000.0,5183242000.0,,1168272000.0,0.0,0.0,0.0,3261242000.0,876916000.0,2384326000.0,2939753877.0,31494000.0,70000.0,258000.0,-107737000.0,0.0,-108064000.0,-62432000.0,0.0,199107000.0,2883000.0,-127615000.0,-127615000.0,-127615000.0,0.0,1193000.0,-0.086,449377000.0,-93415000.0,782131000.0,0.0,0.932,-2.016,-2.015,1925742000.0,0.0,42.97,0.431,0.431,696284000.0,2004115000.0,1485172000.0,1485172000.0,0.0,,,,,2898000.0,324892000.0,1.0,68414100.0,68401000,68401000.0,21.713,4198891000.0,176103000.0,-14153000.0,419985000.0,61.386,1369333000.0
51,MHK,MRQ,2008-09-30,2008-09-27,2008-09-27,2021-08-02,322450000.0,6972432000.0,,2504086000.0,4468346000.0,,48.912,-49512000.0,62025000.0,62025000.0,1323963000.0,-1483257000.0,2.251,1.084,2056361000.0,131663000.0,1924698000.0,2056361000.0,0.0,77712000.0,0.0,0.0,0.0,-1305301000.0,-1227589000.0,-0.696,-1227589000.0,-1305301000.0,-1335841000.0,-21.7,-21.7,-21.7,3346145000.0,,3346145000.0,6904895192.0,-8.0,-12.525,140775000.0,2.058,1.0,439071000.0,0.249,2484147000.0,30540000.0,5370040000.0,,1234696000.0,0.0,0.0,0.0,3626287000.0,1112581000.0,2513706000.0,4781899192.0,-2013000.0,-8346000.0,100000.0,-128855000.0,0.0,-133624000.0,-57858000.0,0.0,190287000.0,-818000.0,-1484781000.0,-1484781000.0,-1484781000.0,0.0,1524000.0,-0.842,1740171000.0,-1301100000.0,980918000.0,0.0,1.429,-5.026,-5.036,1963939000.0,0.0,69.9,0.669,0.669,933741000.0,2131731000.0,1763034000.0,1763034000.0,0.0,,,,,1956000.0,321259000.0,1.0,68410575.0,68411000,68411000.0,25.771,4488285000.0,171420000.0,148940000.0,469533000.0,65.608,1391505000.0
52,MHK,MRQ,2008-06-30,2008-06-28,2008-06-28,2021-08-02,537113000.0,8959532000.0,,2566266000.0,6393266000.0,,73.723,-49839000.0,64038000.0,64038000.0,1357153000.0,90416000.0,2.043,0.777,2187034000.0,290392000.0,1896642000.0,2187034000.0,0.0,75052000.0,0.0,0.0,0.0,144413000.0,219465000.0,0.119,219465000.0,144413000.0,111671000.0,1.3,1.29,1.3,5042897000.0,,5042897000.0,6730672886.0,10.0,7.059,217032000.0,3.173,1.0,482892000.0,0.262,4066881000.0,32742000.0,5759512000.0,,1250300000.0,0.0,0.0,0.0,3916635000.0,1256135000.0,2660500000.0,4433163886.0,-9251000.0,0.0,703000.0,-226543000.0,0.0,-226242000.0,-49839000.0,0.0,266871000.0,-41000.0,88778000.0,88778000.0,88778000.0,0.0,1638000.0,0.048,336829000.0,146063000.0,965743000.0,0.0,0.879,6.765,6.744,2018813000.0,0.0,64.81,0.605,0.605,982378000.0,3616512000.0,1840045000.0,1840045000.0,0.0,,,,,4396000.0,336829000.0,1.0,68402467.0,68403000,68617000.0,26.9,4892651000.0,445904000.0,22893000.0,638685000.0,71.527,1310131000.0
53,MHK,MRQ,2008-03-31,2008-03-29,2008-03-29,2021-08-02,536779000.0,9017419000.0,,2595874000.0,6421545000.0,,72.38,-55971000.0,73289000.0,73289000.0,1278258000.0,66729000.0,1.996,0.822,2370798000.0,367785000.0,2003013000.0,2370798000.0,0.0,73256000.0,0.0,0.0,0.0,121539000.0,194795000.0,0.112,194795000.0,121539000.0,87772000.0,0.96,0.95,0.96,4948980000.0,,4948980000.0,7081629199.0,10.0,7.008,-136150000.0,-1.991,1.0,459839000.0,0.265,4089183000.0,33767000.0,5925104000.0,,1296424000.0,0.0,0.0,0.0,4068439000.0,1300641000.0,2767798000.0,4889399199.0,-16315000.0,0.0,854000.0,118016000.0,0.0,119008000.0,-55971000.0,0.0,-80179000.0,827000.0,65390000.0,65390000.0,65390000.0,0.0,1339000.0,0.038,335521000.0,124318000.0,932856000.0,0.0,0.988,7.171,7.149,2026058000.0,0.0,71.49,0.655,0.655,955325000.0,3527733000.0,1738097000.0,1738097000.0,0.0,,,,,2407000.0,335521000.0,1.0,68392771.0,68375000,68579000.0,25.42,4928236000.0,441711000.0,22382000.0,639209000.0,72.077,1295233000.0
54,MHK,MRQ,2007-12-31,2007-12-31,2007-12-31,2021-08-02,363981000.0,8680050000.0,,2449720000.0,6230330000.0,,69.051,-65244000.0,89604000.0,89604000.0,1318005000.0,386713000.0,2.022,0.844,2281834000.0,260439000.0,2021395000.0,2281834000.0,0.0,81573000.0,0.0,0.0,0.0,180470000.0,262043000.0,0.145,262043000.0,180470000.0,144236000.0,5.56,5.54,5.56,4707357000.0,,4707357000.0,7467130086.0,10.0,7.011,213314000.0,3.129,1.0,489263000.0,0.271,3969208000.0,36234000.0,5691572000.0,,1276568000.0,0.0,0.0,0.0,3972693000.0,1211500000.0,2761193000.0,5084507086.0,7940000.0,-4325000.0,2331000.0,-198695000.0,0.0,-201190000.0,-69569000.0,0.0,278558000.0,141000.0,379114000.0,379114000.0,379114000.0,0.0,7599000.0,0.21,308796000.0,180467000.0,951061000.0,0.0,1.08,7.194,7.175,1975721000.0,0.0,74.4,0.67,0.669,821113000.0,3462343000.0,1807268000.0,1807268000.0,0.0,,,,,2467000.0,308796000.0,1.0,68340149.0,68172000,68492000.0,26.51,4710842000.0,424441000.0,-234878000.0,614619000.0,69.102,1238220000.0
55,MHK,MRQ,2007-09-30,2007-09-29,2007-09-29,2021-08-02,289250000.0,8527170000.0,,2607375000.0,5919795000.0,,62.21,-37448000.0,81664000.0,81664000.0,1392294000.0,122054000.0,1.918,1.007,2464287000.0,337351000.0,2126936000.0,2464287000.0,0.0,75636000.0,0.0,0.0,0.0,201613000.0,277249000.0,0.143,277249000.0,201613000.0,164095000.0,1.79,1.78,1.79,4247732000.0,,4247732000.0,7993121497.0,10.0,7.221,249937000.0,3.66,1.0,545383000.0,0.281,3956225000.0,37518000.0,5594103000.0,,1297605000.0,0.0,0.0,0.0,4279438000.0,1359465000.0,2919973000.0,5549421497.0,23901000.0,-142772000.0,3162000.0,-81955000.0,0.0,-78341000.0,-180220000.0,0.0,287385000.0,-4923000.0,122054000.0,122054000.0,122054000.0,0.0,0.0,0.063,344569000.0,200814000.0,1022114000.0,0.0,1.306,12.138,12.098,1936598000.0,0.0,81.3,0.723,0.723,958947000.0,3083230000.0,1937677000.0,1937677000.0,0.0,,,,,2619000.0,344569000.0,1.0,68258567.0,68281000,68597000.0,28.378,4570945000.0,157665000.0,42041000.0,641163000.0,66.943,1247910000.0
56,MHK,MRQ,2007-06-30,2007-06-30,2007-06-30,2021-08-02,179086000.0,8309808000.0,,2550069000.0,5759739000.0,,58.809,-35428000.0,57763000.0,57763000.0,1420512000.0,115268000.0,1.828,1.073,2501463000.0,364114000.0,2137349000.0,2501463000.0,0.0,75382000.0,0.0,0.0,0.0,201031000.0,276413000.0,0.14,276413000.0,201031000.0,161893000.0,1.69,1.68,1.69,4008830000.0,,4008830000.0,9519186911.0,11.0,8.43,190257000.0,2.791,1.0,556698000.0,0.282,3873485000.0,39138000.0,5484672000.0,,1229326000.0,0.0,0.0,0.0,4300978000.0,1395351000.0,2905627000.0,6868150911.0,4165000.0,0.0,10949000.0,-204180000.0,0.0,-190926000.0,-35428000.0,0.0,225685000.0,4834000.0,115268000.0,115268000.0,115268000.0,0.0,0.0,0.058,358450000.0,198248000.0,1031237000.0,0.0,1.713,14.839,14.779,1858282000.0,0.0,100.79,0.885,0.885,968103000.0,2961175000.0,1977210000.0,1977210000.0,0.0,,,,,868000.0,358450000.0,1.0,68143178.0,68167000,68533000.0,29.005,4436323000.0,173252000.0,46625000.0,619488000.0,65.08,1154718000.0
57,MHK,MRQ,2007-03-31,2007-03-31,2007-03-31,2021-08-02,154548000.0,8315284000.0,,2543697000.0,5771587000.0,,56.734,-24956000.0,53598000.0,53598000.0,1340423000.0,90378000.0,1.699,1.158,2704634000.0,514772000.0,2189862000.0,2704634000.0,0.0,73846000.0,0.0,0.0,0.0,175472000.0,249318000.0,0.134,249318000.0,175472000.0,133893000.0,1.33,1.32,1.33,3852597000.0,,3852597000.0,8297684784.0,10.0,7.226,63811000.0,0.94,1.0,523440000.0,0.281,3877447000.0,41579000.0,5591565000.0,,1245073000.0,0.0,0.0,0.0,4462687000.0,1497308000.0,2965379000.0,5577495784.0,-9894000.0,0.0,14433000.0,-92891000.0,0.0,-74879000.0,-24956000.0,0.0,88767000.0,1174000.0,90378000.0,90378000.0,90378000.0,0.0,0.0,0.048,352863000.0,170577000.0,982536000.0,0.0,1.448,11.941,11.891,1864999000.0,0.0,82.05,0.711,0.71,948767000.0,2845908000.0,1863863000.0,1863863000.0,0.0,,,,,812000.0,352863000.0,1.0,67976792.0,67906000,68255000.0,27.448,4437837000.0,176444000.0,43515000.0,624708000.0,65.353,1046389000.0
58,MHK,MRQ,2006-12-31,2006-12-31,2006-12-31,2021-08-02,130372000.0,8212209000.0,,2412726000.0,5799483000.0,,54.899,-41721000.0,63492000.0,63492000.0,1344516000.0,129491000.0,1.481,1.21,2783681000.0,576134000.0,2207547000.0,2783681000.0,0.0,72278000.0,0.0,0.0,0.0,231636000.0,303914000.0,0.16,303914000.0,231636000.0,189052000.0,1.91,1.9,1.91,3715263000.0,,3715263000.0,7947910255.0,9.0,7.065,194083000.0,2.868,1.0,554078000.0,0.292,3879733000.0,42584000.0,5423087000.0,,1225874000.0,0.0,0.0,0.0,4496946000.0,1629578000.0,2867368000.0,5069757255.0,-6238000.0,0.0,3164000.0,-204672000.0,0.0,-200952000.0,-41721000.0,0.0,235804000.0,631000.0,129491000.0,129491000.0,129491000.0,0.0,0.0,0.068,324704000.0,229374000.0,1053444000.0,0.0,1.365,11.122,11.107,1888088000.0,0.0,74.86,0.641,0.641,910021000.0,2755529000.0,1898594000.0,1898594000.0,0.0,,,,,2341000.0,324704000.0,1.0,67723180.0,67674000,68056000.0,28.055,4332476000.0,130913000.0,59561000.0,628311000.0,64.02,783148000.0
59,MHK,MRQ,2006-09-30,2006-09-30,2006-09-30,2021-08-02,81718000.0,8234641000.0,,2485604000.0,5749037000.0,,52.146,-41389000.0,69730000.0,69730000.0,1455508000.0,127708000.0,1.521,1.332,2947883000.0,509151000.0,2438732000.0,2947883000.0,0.0,68040000.0,0.0,0.0,0.0,231519000.0,299559000.0,0.148,299559000.0,231519000.0,186864000.0,1.89,1.88,1.89,3530501000.0,,3530501000.0,8095504112.0,10.0,7.576,162145000.0,2.395,1.0,568511000.0,0.281,3853831000.0,44655000.0,5624838000.0,,1275435000.0,0.0,0.0,0.0,4704140000.0,1634125000.0,3070015000.0,5041864112.0,-3668000.0,2335000.0,-3313000.0,-165329000.0,0.0,-167986000.0,-39054000.0,0.0,203534000.0,-162000.0,127708000.0,127708000.0,127708000.0,0.0,0.0,0.063,345771000.0,222740000.0,1124974000.0,0.0,1.428,11.736,11.706,1869273000.0,0.0,74.45,0.645,0.645,958416000.0,2626039000.0,2024019000.0,2024019000.0,0.0,,,,,2263000.0,345771000.0,1.0,67721479.0,67704000,68021000.0,29.895,4380810000.0,55128000.0,59156000.0,591273000.0,64.705,851479000.0
60,MHK,MRQ,2006-06-30,2006-07-01,2006-07-01,2021-08-02,98725000.0,8347811000.0,,2520469000.0,5827342000.0,,50.515,-37027000.0,73398000.0,73398000.0,1465745000.0,119513000.0,1.502,1.441,3127038000.0,530626000.0,2596412000.0,3127038000.0,0.0,69781000.0,0.0,0.0,0.0,225679000.0,295460000.0,0.144,295460000.0,225679000.0,179556000.0,1.77,1.76,1.77,3419537000.0,,3419537000.0,7928096753.0,10.0,8.013,201154000.0,2.972,1.0,592378000.0,0.288,3888220000.0,46123000.0,5835701000.0,,1283931000.0,0.0,0.0,0.0,4928274000.0,1677530000.0,3250744000.0,4762114753.0,-8776000.0,-73242000.0,1359000.0,-141213000.0,0.0,-139241000.0,-110269000.0,0.0,238181000.0,2553000.0,119513000.0,119513000.0,119513000.0,0.0,0.0,0.058,369333000.0,223045000.0,1146904000.0,0.0,1.393,11.402,11.347,1904803000.0,0.0,70.35,0.636,0.636,987626000.0,2498330000.0,2058123000.0,2058123000.0,0.0,,,,,2746000.0,369333000.0,1.0,67691752.0,67693000,68067000.0,30.404,4459591000.0,41427000.0,60043000.0,617780000.0,65.88,842939000.0
61,MHK,MRQ,2006-03-31,2006-04-01,2006-04-01,2021-08-02,-6019000.0,8060733000.0,,2392080000.0,5668653000.0,,46.635,-45632000.0,82174000.0,82174000.0,1408762000.0,79121000.0,2.11,1.558,3248156000.0,100156000.0,3148000000.0,3248156000.0,0.0,64853000.0,0.0,0.0,0.0,161174000.0,226027000.0,0.117,226027000.0,161174000.0,120839000.0,1.17,1.16,1.17,3150831000.0,,3150831000.0,8632172623.0,12.0,9.68,58894000.0,0.872,1.0,516344000.0,0.268,3815525000.0,40335000.0,6277308000.0,,1186626000.0,0.0,0.0,0.0,4909902000.0,1133882000.0,3776020000.0,5458387623.0,-52411000.0,0.0,6279000.0,-120695000.0,0.0,-112663000.0,-45632000.0,0.0,104526000.0,1358000.0,79121000.0,79121000.0,79121000.0,0.0,0.0,0.041,352443000.0,163901000.0,1033726000.0,0.0,1.732,13.775,13.681,1822424000.0,0.0,80.72,0.774,0.773,948229000.0,2339698000.0,1925106000.0,1925106000.0,0.0,,,,,997000.0,352443000.0,1.0,67621254.0,67564000,68079000.0,28.493,4245208000.0,34857000.0,41718000.0,594489000.0,62.832,1258198000.0
62,MHK,MRQ,2005-12-31,2005-12-31,2005-12-31,2021-08-02,-47433000.0,8040037000.0,,2389001000.0,5651036000.0,,45.692,-96505000.0,134585000.0,134585000.0,1322126000.0,103275000.0,2.149,1.629,3308370000.0,113809000.0,3194561000.0,3308370000.0,0.0,55757000.0,0.0,0.0,0.0,191773000.0,247530000.0,0.137,247530000.0,191773000.0,160148000.0,1.53,1.53,1.53,3058238000.0,,3058238000.0,6586917587.0,10.0,8.037,137006000.0,2.047,1.0,482425000.0,0.267,3796060000.0,31625000.0,6305848000.0,,1215427000.0,0.0,0.0,0.0,4981799000.0,1111914000.0,3869885000.0,5818238587.0,134585000.0,-2562923000.0,49458000.0,2517835000.0,0.0,2567293000.0,-2659428000.0,0.0,233511000.0,-6791000.0,103275000.0,103275000.0,103275000.0,0.0,0.0,0.057,289718000.0,192707000.0,998105000.0,0.0,1.902,15.029,15.048,1810728000.0,0.0,86.98,0.879,0.879,848666000.0,2299696000.0,1804551000.0,1804551000.0,0.0,,,,,489000.0,289718000.0,1.0,66891683.0,66932000,67644000.0,26.961,4243977000.0,49534000.0,56873000.0,643283000.0,63.407,1277087000.0
63,MHK,MRQ,2005-09-30,2005-10-01,2005-10-01,2021-08-02,1940000.0,4707774000.0,,2001069000.0,2706705000.0,,43.996,-51448000.0,0.0,0.0,1234680000.0,115763000.0,2.368,0.6,768679000.0,68679000.0,700000000.0,768679000.0,0.0,31138000.0,0.0,0.0,0.0,189302000.0,220440000.0,0.13,220440000.0,189302000.0,178527000.0,1.73,1.71,1.73,2941762000.0,,2941762000.0,6250030520.0,10.0,8.03,121805000.0,1.822,1.0,462954000.0,0.273,1698493000.0,10775000.0,2933082000.0,,1089970000.0,0.0,0.0,0.0,1766012000.0,844878000.0,921134000.0,5366195520.0,0.0,0.0,1570000.0,-123375000.0,0.0,-121805000.0,-51448000.0,0.0,173253000.0,0.0,115763000.0,115763000.0,115763000.0,0.0,0.0,0.068,274052000.0,188902000.0,776199000.0,0.0,1.824,13.812,13.812,995205000.0,0.0,80.25,0.853,0.853,811628000.0,2182866000.0,1697634000.0,1697634000.0,0.0,,,,,921000.0,274052000.0,1.0,66868480.0,66865000,67519000.0,25.389,3009281000.0,55311000.0,62764000.0,191761000.0,45.005,1156191000.0
64,MHK,MRQ,2005-06-30,2005-07-02,2005-07-02,2021-08-02,-1322000.0,4690249000.0,,2005573000.0,2684676000.0,,42.319,-64832000.0,0.0,0.0,1186527000.0,98080000.0,2.13,0.659,883835000.0,183835000.0,700000000.0,883835000.0,0.0,31497000.0,0.0,0.0,0.0,166223000.0,197720000.0,0.122,197720000.0,166223000.0,153708000.0,1.47,1.45,1.47,2827357000.0,,2827357000.0,6410356322.0,10.0,8.213,39247000.0,0.587,1.0,438165000.0,0.27,1697994000.0,12515000.0,2934442000.0,,1125145000.0,0.0,0.0,0.0,1862892000.0,941648000.0,921244000.0,5491855322.0,0.0,0.0,-12599000.0,-26648000.0,0.0,-39247000.0,-64832000.0,0.0,104079000.0,0.0,98080000.0,98080000.0,98080000.0,0.0,0.0,0.06,271020000.0,167145000.0,757813000.0,0.0,1.942,14.249,14.246,973627000.0,0.0,82.2,0.897,0.897,775992000.0,2074214000.0,1624692000.0,1624692000.0,0.0,,,,,1929000.0,271020000.0,1.0,66810892.0,66811000,67504000.0,24.318,2992255000.0,55311000.0,55628000.0,191761000.0,44.787,1063925000.0
65,MHK,MRQ,2005-03-31,2005-04-02,2005-04-02,2021-08-02,-1436000.0,4641028000.0,,1987275000.0,2653753000.0,,41.077,-34521000.0,0.0,0.0,1108520000.0,70020000.0,2.037,0.691,918501000.0,218501000.0,700000000.0,918501000.0,0.0,32265000.0,0.0,0.0,0.0,121626000.0,153891000.0,0.103,153891000.0,121626000.0,109750000.0,1.05,1.03,1.05,2744101000.0,,2744101000.0,6439317472.0,10.0,8.445,16180000.0,0.242,1.0,384702000.0,0.258,1698995000.0,11876000.0,2885138000.0,,1145747000.0,0.0,0.0,0.0,1896927000.0,975396000.0,921531000.0,5547976472.0,0.0,-50606000.0,4559000.0,29867000.0,0.0,34426000.0,-85127000.0,0.0,50701000.0,0.0,70020000.0,70020000.0,70020000.0,0.0,0.0,0.047,261072000.0,123630000.0,756895000.0,0.0,2.022,14.814,14.802,940086000.0,0.0,83.04,0.927,0.927,739789000.0,1980403000.0,1493222000.0,1493222000.0,0.0,,,,,1899000.0,261072000.0,1.0,66810892.0,66804000,67692000.0,22.352,2942033000.0,55311000.0,39730000.0,191761000.0,44.04,1011879000.0
66,MHK,MRQ,2004-12-31,2004-12-31,2004-12-31,2021-08-02,-2441000.0,4403118000.0,,1783325000.0,2619793000.0,,39.986,-36219000.0,0.0,0.0,1055774000.0,104645000.0,2.19,0.651,891341000.0,191341000.0,700000000.0,891341000.0,0.0,30014000.0,0.0,0.0,0.0,176293000.0,206307000.0,0.14,206307000.0,176293000.0,163985000.0,1.56,1.55,1.56,2666337000.0,,2666337000.0,6991541029.0,11.0,9.233,10580000.0,0.159,1.0,419325000.0,0.284,1699995000.0,12308000.0,2780062000.0,,1017983000.0,0.0,0.0,0.0,1736781000.0,814402000.0,922379000.0,6084217029.0,0.0,0.0,4148000.0,-14728000.0,0.0,-10580000.0,-36219000.0,0.0,46799000.0,0.0,104645000.0,104645000.0,104645000.0,0.0,0.0,0.071,243103000.0,176222000.0,623061000.0,0.0,2.282,16.408,16.412,905332000.0,0.0,91.25,1.035,1.035,660650000.0,1910383000.0,1475099000.0,1475099000.0,0.0,,,,,2311000.0,243103000.0,1.0,66676351.0,66682000,67557000.0,22.121,2703123000.0,55311000.0,59340000.0,191761000.0,40.538,968923000.0
67,MHK,MRQ,2004-09-30,2004-10-02,2004-10-02,2021-08-02,-751000.0,4459170000.0,,1844061000.0,2615109000.0,,38.385,-31708000.0,0.0,0.0,1093598000.0,112687000.0,1.869,0.742,907324000.0,207315000.0,700009000.0,907324000.0,0.0,31964000.0,0.0,0.0,0.0,190591000.0,222555000.0,0.145,222555000.0,190591000.0,176673000.0,1.69,1.67,1.69,2559098000.0,,2559098000.0,6344894093.0,10.0,8.401,106648000.0,1.6,1.0,436053000.0,0.285,1701528000.0,13918000.0,2678571000.0,,1000802000.0,0.0,0.0,0.0,1900072000.0,986395000.0,913677000.0,5361010093.0,0.0,0.0,-8874000.0,-97774000.0,0.0,-106648000.0,-31708000.0,0.0,138356000.0,0.0,112687000.0,112687000.0,112687000.0,0.0,0.0,0.074,242995000.0,193058000.0,779080000.0,0.0,2.095,14.556,14.53,898824000.0,0.0,80.35,0.929,0.928,718006000.0,1807913000.0,1529651000.0,1529651000.0,0.0,,,,,904000.0,242995000.0,1.0,66720723.0,66669000,67468000.0,22.944,2757642000.0,84260000.0,63986000.0,183669000.0,41.363,857666000.0
68,MHK,MRQ,2004-06-30,2004-07-03,2004-07-03,2021-08-02,69000.0,4368070000.0,,1752944000.0,2615126000.0,,36.786,-25507000.0,0.0,0.0,1082578000.0,87158000.0,1.771,0.779,983884000.0,274459000.0,709425000.0,983884000.0,0.0,30100000.0,0.0,0.0,0.0,149682000.0,179782000.0,0.121,179782000.0,149682000.0,136470000.0,1.31,1.29,1.31,2455200000.0,,2455200000.0,5806317224.0,10.0,8.101,28914000.0,0.433,1.0,403319000.0,0.271,1701029000.0,13212000.0,2661392000.0,,926396000.0,0.0,0.0,0.0,1912870000.0,989533000.0,923337000.0,4806624224.0,0.0,-14998000.0,-5983000.0,-7933000.0,0.0,-13916000.0,-40505000.0,0.0,54421000.0,0.0,87158000.0,87158000.0,87158000.0,0.0,0.0,0.059,252646000.0,150673000.0,715074000.0,0.0,1.958,13.852,13.789,899458000.0,0.0,71.98,0.867,0.867,698852000.0,1695225000.0,1485897000.0,1485897000.0,0.0,,,,,668000.0,252646000.0,1.0,66777219.0,66742000,67564000.0,22.263,2667041000.0,84260000.0,49312000.0,183669000.0,39.96,763411000.0
69,MHK,MRQ,2004-03-31,2004-04-03,2004-04-03,2021-08-02,499000.0,4302248000.0,,1692483000.0,2609765000.0,,35.627,-13167000.0,0.0,0.0,1024179000.0,66307000.0,1.783,0.812,999693000.0,236088000.0,763605000.0,999693000.0,0.0,31010000.0,0.0,0.0,0.0,117617000.0,148627000.0,0.107,148627000.0,117617000.0,103663000.0,1.0,0.98,1.0,2373787000.0,,2373787000.0,6503458360.0,11.0,9.35,-9906000.0,-0.149,1.0,365546000.0,0.263,1693183000.0,13954000.0,2659428000.0,,897470000.0,0.0,0.0,0.0,1928461000.0,949330000.0,979131000.0,5491045360.0,0.0,0.0,7253000.0,2653000.0,0.0,9906000.0,-13167000.0,0.0,3261000.0,0.0,66307000.0,66307000.0,66307000.0,0.0,0.0,0.048,246507000.0,119039000.0,713242000.0,0.0,2.313,16.4,16.317,902436000.0,0.0,82.4,1.035,1.035,664040000.0,1608068000.0,1389725000.0,1389725000.0,0.0,,,,,3662000.0,246507000.0,1.0,66638900.0,66629000,67599000.0,20.858,2609065000.0,84260000.0,37356000.0,183669000.0,39.158,743153000.0
70,MHK,MRQ,2003-12-31,2003-12-31,2003-12-31,2021-08-02,2313000.0,4163575000.0,,1533218000.0,2630357000.0,,34.683,-34308000.0,0.0,0.0,950302000.0,102142000.0,1.63,0.812,1012413000.0,302968000.0,709445000.0,1012413000.0,0.0,29171000.0,0.0,0.0,0.0,175092000.0,204263000.0,0.15,204263000.0,175092000.0,160864000.0,1.53,1.52,1.53,2297801000.0,,2297801000.0,5462252456.0,10.0,8.395,122639000.0,1.851,1.0,414017000.0,0.303,1694039000.0,14228000.0,2541041000.0,,832415000.0,0.0,0.0,0.0,1865774000.0,940908000.0,924866000.0,4689813456.0,-16360000.0,-354813000.0,2280000.0,213534000.0,0.0,215814000.0,-389121000.0,0.0,156947000.0,0.0,102142000.0,102142000.0,102142000.0,0.0,0.0,0.075,239653000.0,174364000.0,637940000.0,0.0,2.041,15.121,15.073,919085000.0,0.0,70.54,0.938,0.935,573500000.0,1541761000.0,1364319000.0,1364319000.0,0.0,,,,,1261000.0,239653000.0,1.0,66484455.0,66251000,67121000.0,20.593,2469536000.0,84260000.0,58722000.0,183669000.0,37.275,592310000.0
71,MHK,MRQ,2003-09-30,2003-09-27,2003-09-27,2021-08-02,791000.0,3878435000.0,,1561378000.0,2317057000.0,,33.061,-10690000.0,16360000.0,16360000.0,938280000.0,91382000.0,2.184,0.77,788799000.0,25998000.0,762801000.0,788799000.0,0.0,26006000.0,0.0,0.0,0.0,158071000.0,184077000.0,0.141,184077000.0,158071000.0,143909000.0,1.38,1.36,1.38,2190596000.0,,2190596000.0,5670107163.0,11.0,9.013,90621000.0,1.368,1.0,364886000.0,0.28,1437599000.0,14162000.0,2498282000.0,,830291000.0,0.0,0.0,0.0,1687839000.0,714993000.0,972846000.0,4825359163.0,16360000.0,-29308000.0,11691000.0,-56644000.0,0.0,-44953000.0,-39998000.0,0.0,101311000.0,0.0,91382000.0,91382000.0,91382000.0,0.0,0.0,0.07,205482000.0,159404000.0,688995000.0,0.0,2.203,16.513,16.275,859066000.0,0.0,72.75,0.998,0.997,602867000.0,1439620000.0,1303166000.0,1303166000.0,0.0,,,,,5579000.0,205482000.0,1.0,66327961.0,66260000,67222000.0,19.667,2440836000.0,82074000.0,52527000.0,186996000.0,36.837,846385000.0
72,MHK,MRQ,2003-06-30,2003-06-28,2003-06-28,2021-08-02,2249000.0,3797286000.0,,1496975000.0,2300311000.0,,31.56,-44969000.0,0.0,0.0,907078000.0,74985000.0,1.93,0.826,844748000.0,110904000.0,733844000.0,844748000.0,0.0,26389000.0,0.0,0.0,0.0,132173000.0,158562000.0,0.127,158562000.0,132173000.0,118086000.0,1.14,1.12,1.14,2079331000.0,,2079331000.0,4547763569.0,9.0,7.431,-20565000.0,-0.312,1.0,340103000.0,0.273,1429677000.0,14087000.0,2436577000.0,,803154000.0,0.0,0.0,0.0,1717955000.0,775780000.0,942175000.0,3730908569.0,0.0,0.0,-1833000.0,22227000.0,0.0,20565000.0,-44969000.0,0.0,24404000.0,0.0,74985000.0,74985000.0,74985000.0,0.0,0.0,0.06,210035000.0,130068000.0,664876000.0,0.0,1.794,13.212,13.123,855010000.0,0.0,56.56,0.785,0.784,580118000.0,1348237000.0,1247181000.0,1247181000.0,0.0,,,,,1367000.0,210035000.0,1.0,65963730.0,65886000,66709000.0,18.929,2367609000.0,82074000.0,43101000.0,186996000.0,35.935,721195000.0
73,MHK,MRQ,2003-03-31,2003-03-29,2003-03-29,2021-08-02,1742000.0,3712659000.0,,1421682000.0,2290977000.0,,30.206,-24664000.0,0.0,0.0,809919000.0,41640000.0,1.996,0.852,816855000.0,27427000.0,789428000.0,816855000.0,0.0,25049000.0,0.0,0.0,0.0,78673000.0,103722000.0,0.096,103722000.0,78673000.0,65575000.0,0.63,0.62,0.63,2004304000.0,,2004304000.0,4070258042.0,8.0,6.549,2064000.0,0.031,1.0,274796000.0,0.253,1424153000.0,13098000.0,2393270000.0,,761647000.0,0.0,0.0,0.0,1708355000.0,712091000.0,996264000.0,3249831042.0,0.0,0.0,-21687000.0,19794000.0,0.0,-2064000.0,-24664000.0,0.0,26728000.0,0.0,41640000.0,41640000.0,41640000.0,0.0,0.0,0.038,196603000.0,78193000.0,684664000.0,0.0,1.621,11.487,11.408,851471000.0,0.0,48.94,0.686,0.686,540717000.0,1273252000.0,1084715000.0,1084715000.0,0.0,,,,,550000.0,196603000.0,1.0,66404394.0,66355000,67119000.0,16.347,2288506000.0,82074000.0,23935000.0,188311000.0,34.489,709591000.0
74,MHK,MRQ,2002-12-31,2002-12-31,2002-12-31,2021-08-02,1126000.0,3596743000.0,,1298579000.0,2298164000.0,,31.117,-37862000.0,0.0,0.0,825690000.0,84201000.0,1.974,0.814,820427000.0,27427000.0,793000000.0,820427000.0,0.0,26442000.0,0.0,0.0,0.0,156283000.0,182725000.0,0.153,182725000.0,156283000.0,129688000.0,1.32,1.31,1.32,1982879000.0,,1982879000.0,4723756814.0,9.0,7.687,156660000.0,2.458,1.0,372407000.0,0.311,1424153000.0,26595000.0,2335284000.0,,678008000.0,0.0,0.0,0.0,1613864000.0,657733000.0,956131000.0,3778286814.0,0.0,0.0,-5620000.0,-152043000.0,0.0,-156660000.0,-37862000.0,0.0,194522000.0,0.0,84201000.0,84201000.0,84201000.0,0.0,0.0,0.07,208798000.0,163609000.0,630306000.0,0.0,1.905,13.281,12.769,855324000.0,0.0,56.95,0.836,0.803,501129000.0,1231612000.0,1198097000.0,1198097000.0,0.0,,,,,881000.0,208798000.0,1.0,66343930.0,63723000,64861000.0,18.802,2172590000.0,82074000.0,45487000.0,145973000.0,34.094,640846000.0
75,MHK,MRQ,2002-09-30,2002-09-28,2002-09-28,2021-08-02,-5855000.0,3705153000.0,,1418002000.0,2287151000.0,,28.395,-26830000.0,0.0,0.0,883000000.0,81560000.0,1.959,0.953,945470000.0,42366000.0,903104000.0,945470000.0,0.0,25024000.0,0.0,0.0,0.0,141990000.0,167014000.0,0.136,167014000.0,141990000.0,125564000.0,1.22,1.21,1.22,1897494000.0,,1897494000.0,4364522082.0,10.0,7.95,136235000.0,2.039,1.0,341403000.0,0.279,1424153000.0,16426000.0,2502805000.0,,742647000.0,0.0,0.0,0.0,1807659000.0,723665000.0,1083994000.0,3343772082.0,0.0,0.0,-51455000.0,-84484000.0,0.0,-136235000.0,-26830000.0,0.0,163065000.0,0.0,81560000.0,81560000.0,81560000.0,0.0,0.0,0.067,197779000.0,143624000.0,681299000.0,0.0,1.762,12.886,11.721,843782000.0,0.0,50.05,0.793,0.794,569567000.0,1147412000.0,1224403000.0,1224403000.0,0.0,,,,,245000.0,197779000.0,1.0,66808633.0,66824000,67683000.0,18.323,2281000000.0,83056000.0,44004000.0,164572000.0,34.134,694337000.0
76,MHK,MRQ,2002-06-30,2002-06-29,2002-06-29,2021-08-02,-4381000.0,3698625000.0,,1413324000.0,2285301000.0,,27.685,-31214000.0,0.0,0.0,887842000.0,75518000.0,1.903,0.98,1020750000.0,108366000.0,912384000.0,1020750000.0,0.0,28868000.0,0.0,0.0,0.0,139217000.0,168085000.0,0.137,168085000.0,139217000.0,119790000.0,1.12,1.1,1.12,1868342000.0,,1868342000.0,5300631790.0,13.0,10.729,98999000.0,1.467,1.0,339905000.0,0.277,1424153000.0,19427000.0,2552649000.0,,727088000.0,0.0,0.0,0.0,1830283000.0,742573000.0,1087710000.0,4149434790.0,0.0,0.0,1849000.0,-100559000.0,0.0,-98999000.0,-31214000.0,0.0,130213000.0,0.0,75518000.0,75518000.0,75518000.0,0.0,0.0,0.062,200123000.0,139782000.0,634207000.0,0.0,2.221,17.759,14.971,841651000.0,0.0,61.53,1.064,1.065,580924000.0,1065851000.0,1227747000.0,1227747000.0,0.0,,,,,2727000.0,200123000.0,1.0,67437588.0,67485000,68618000.0,18.193,2274472000.0,83056000.0,44272000.0,164572000.0,33.703,670751000.0
77,MHK,MRQ,2002-03-31,2002-03-30,2002-03-30,2021-08-02,-2135000.0,3697039000.0,,1420774000.0,2276265000.0,,32.95,-16028000.0,0.0,0.0,651333000.0,43210000.0,1.693,1.068,1151197000.0,253366000.0,897831000.0,1151197000.0,0.0,21608000.0,0.0,0.0,0.0,75111000.0,96719000.0,0.112,96719000.0,75111000.0,68587000.0,0.8,0.77,0.8,1787747000.0,,1787747000.0,3483930272.0,10.0,8.121,45682000.0,0.842,1.0,215377000.0,0.248,1424449000.0,6524000.0,2584581000.0,,699789000.0,0.0,0.0,0.0,1909292000.0,839206000.0,1070086000.0,3175497272.0,0.0,-717638000.0,41377000.0,630997000.0,0.0,671956000.0,-733666000.0,0.0,61710000.0,0.0,43210000.0,43210000.0,43210000.0,0.0,0.0,0.05,140327000.0,75050000.0,585840000.0,0.0,1.776,15.521,15.487,837167000.0,0.0,60.09,0.898,0.922,619270000.0,990334000.0,866710000.0,866710000.0,0.0,,,,,1610000.0,140327000.0,1.0,52845686.0,54256000,55956000.0,15.974,2272590000.0,70058000.0,25377000.0,165606000.0,41.886,581568000.0
78,MHK,MRQ,2001-12-31,2001-12-31,2001-12-31,2021-08-02,-2837000.0,1768485000.0,,1031222000.0,737263000.0,,18.096,-11960000.0,0.0,0.0,675796000.0,59193000.0,1.772,0.864,308433000.0,158366000.0,150067000.0,308433000.0,0.0,21471000.0,0.0,0.0,0.0,95723000.0,117194000.0,0.131,117194000.0,95723000.0,89989000.0,1.13,1.11,1.13,948551000.0,,948551000.0,3345154018.0,10.0,8.252,136114000.0,2.597,1.0,220002000.0,0.246,109167000.0,5734000.0,1385890000.0,,531405000.0,0.0,0.0,0.0,819934000.0,581861000.0,238073000.0,2887368018.0,0.0,0.0,2049000.0,-139081000.0,0.0,-136114000.0,-11960000.0,0.0,148074000.0,0.0,59193000.0,59193000.0,59193000.0,0.0,0.0,0.066,122419000.0,97583000.0,423495000.0,0.0,3.044,15.31,15.244,619703000.0,0.0,54.88,0.838,0.835,404875000.0,947123000.0,895798000.0,895798000.0,0.0,,,,,1475000.0,122419000.0,1.0,52612391.0,52418000,53141000.0,17.09,1659318000.0,70058000.0,30796000.0,84955000.0,31.656,449361000.0
79,MHK,MRQ,2001-09-30,2001-09-29,2001-09-29,2021-08-02,-4617000.0,1834529000.0,,1088680000.0,745849000.0,,16.867,-14306000.0,0.0,0.0,688426000.0,55727000.0,1.674,1.075,457786000.0,238215000.0,219571000.0,457786000.0,0.0,20677000.0,0.0,0.0,0.0,91357000.0,112034000.0,0.123,112034000.0,91357000.0,84488000.0,1.06,1.05,1.06,884054000.0,,884054000.0,2481549313.0,8.0,6.48,90690000.0,1.73,1.0,219424000.0,0.242,0.0,6869000.0,1642025000.0,,576218000.0,0.0,0.0,0.0,950475000.0,650290000.0,300185000.0,1925745313.0,0.0,0.0,4082000.0,-94472000.0,0.0,-90690000.0,-14306000.0,0.0,104996000.0,0.0,55727000.0,55727000.0,55727000.0,0.0,0.0,0.061,127016000.0,92408000.0,412075000.0,0.0,2.178,11.418,11.449,630049000.0,0.0,36.75,0.551,0.551,432651000.0,887930000.0,907850000.0,907850000.0,0.0,,,,,2131000.0,127016000.0,1.0,52401233.0,52412000,53211000.0,17.321,1834529000.0,66474000.0,28761000.0,75808000.0,35.002,438390000.0
80,MHK,MRQ,2001-06-30,2001-06-30,2001-06-30,2021-08-02,-617000.0,1848422000.0,,1096076000.0,752346000.0,,15.755,-14950000.0,0.0,0.0,648804000.0,46466000.0,1.743,1.245,555804000.0,236348000.0,319456000.0,555804000.0,0.0,21076000.0,0.0,0.0,0.0,81987000.0,103063000.0,0.119,103063000.0,81987000.0,73755000.0,0.89,0.88,0.89,823469000.0,,823469000.0,2422422056.0,8.0,6.552,31027000.0,0.594,1.0,216154000.0,0.25,0.0,8232000.0,1775318000.0,,619177000.0,0.0,0.0,0.0,1024953000.0,628908000.0,396045000.0,1840477056.0,0.0,0.0,-1875000.0,-28860000.0,0.0,-31027000.0,-14950000.0,0.0,45977000.0,0.0,46466000.0,46466000.0,46466000.0,0.0,0.0,0.054,132593000.0,83561000.0,392560000.0,0.0,2.235,11.869,11.973,635558000.0,0.0,35.2,0.537,0.537,392552000.0,832203000.0,864958000.0,864958000.0,0.0,,,,,463000.0,132593000.0,1.0,52286280.0,52266000,52882000.0,16.549,1848422000.0,66474000.0,27289000.0,75808000.0,35.366,467168000.0
81,MHK,MRQ,2001-03-31,2001-03-31,2001-03-31,2021-08-02,-1398000.0,1858281000.0,,1098642000.0,759639000.0,,14.851,-11697000.0,0.0,0.0,600017000.0,27206000.0,1.754,1.39,581945000.0,203635000.0,378310000.0,581945000.0,0.0,20943000.0,0.0,0.0,0.0,52136000.0,73079000.0,0.094,73079000.0,52136000.0,43184000.0,0.52,0.51,0.52,777634000.0,,777634000.0,2061034447.0,7.0,5.492,20503000.0,0.392,1.0,177322000.0,0.228,0.0,8952000.0,1813835000.0,,621308000.0,0.0,0.0,0.0,1080647000.0,626391000.0,454256000.0,1471206447.0,0.0,0.0,-3312000.0,-16865000.0,0.0,-20503000.0,-11697000.0,0.0,32200000.0,0.0,27206000.0,27206000.0,27206000.0,0.0,0.0,0.035,123717000.0,53605000.0,422756000.0,0.0,1.892,9.442,9.584,641669000.0,0.0,28.08,0.431,0.43,389042000.0,785737000.0,777339000.0,777339000.0,0.0,,,,,778000.0,123717000.0,1.0,52393392.0,52361000,52970000.0,14.846,1858281000.0,66474000.0,15978000.0,75808000.0,35.49,472251000.0
82,MHK,MRQ,2000-12-31,2000-12-31,2000-12-31,2021-08-02,0.0,1795378000.0,,1026851000.0,768527000.0,,3.498,-19937000.0,0.0,0.0,745445000.0,39262000.0,1.712,5.535,589828000.0,224391000.0,365437000.0,589828000.0,0.0,20935000.0,0.0,0.0,0.0,73821000.0,94756000.0,0.1,94756000.0,73821000.0,64364000.0,0.74,0.73,0.74,188082000.0,,188082000.0,2067480248.0,7.0,5.328,84404000.0,1.57,1.0,202184000.0,0.213,112376000.0,9457000.0,1673171000.0,,574595000.0,0.0,0.0,0.0,1041018000.0,599659000.0,441359000.0,1440859248.0,0.0,-36844000.0,-18732000.0,-25528000.0,0.0,-47560000.0,-56781000.0,0.0,104341000.0,,39262000.0,39262000.0,39262000.0,0.0,0.0,0.041,126755000.0,75429000.0,375268000.0,0.0,7.661,8.861,9.066,650053000.0,0.0,27.38,0.423,0.432,358809000.0,758531000.0,947629000.0,947629000.0,0.0,,,,,914000.0,126755000.0,1.0,52624516.0,53769000,54255000.0,17.624,1683002000.0,66474000.0,25102000.0,75808000.0,31.301,427192000.0
83,MHK,MRQ,2000-09-30,2000-09-30,2000-09-30,2021-08-02,0.0,1822859000.0,,1080443000.0,742416000.0,,13.755,-18696000.0,0.0,0.0,624294000.0,42137000.0,2.426,1.496,626621000.0,33874000.0,592747000.0,626621000.0,0.0,19592000.0,0.0,0.0,0.0,79223000.0,98815000.0,0.118,98815000.0,79223000.0,69050000.0,0.79,0.79,0.79,730323000.0,,730323000.0,1772694577.0,6.0,4.459,15782000.0,0.297,1.0,214220000.0,0.255,0.0,10173000.0,2004066000.0,,592828000.0,0.0,0.0,0.0,1092536000.0,445414000.0,647122000.0,1159198577.0,0.0,0.0,-3328000.0,-13821000.0,0.0,-15782000.0,-18696000.0,0.0,34478000.0,,42137000.0,42137000.0,42137000.0,0.0,0.0,0.05,134151000.0,80069000.0,411540000.0,0.0,1.587,7.089,7.319,622872000.0,0.0,21.81,0.345,0.345,394896000.0,719269000.0,838514000.0,838514000.0,0.0,,,,,0.0,127151000.0,1.0,53149866.0,53097000,53634000.0,15.792,1822859000.0,76628000.0,26913000.0,53783000.0,34.331,635029000.0
84,MHK,MRQ,2000-06-30,2000-07-01,2000-07-01,2021-08-02,0.0,1803557000.0,,1062324000.0,741233000.0,,12.845,-16783000.0,0.0,0.0,636926000.0,47203000.0,2.221,1.608,613496000.0,33893000.0,579603000.0,613496000.0,0.0,20944000.0,0.0,0.0,0.0,87696000.0,108640000.0,0.127,108640000.0,87696000.0,78022000.0,0.88,0.87,0.88,691514000.0,,691514000.0,1782603660.0,6.0,4.386,1886000.0,0.035,1.0,215882000.0,0.253,0.0,9674000.0,1938788000.0,,576653000.0,0.0,0.0,0.0,1112043000.0,478265000.0,633778000.0,1176609660.0,0.0,0.0,-37020000.0,35606000.0,0.0,-1886000.0,-16783000.0,0.0,18669000.0,,47203000.0,47203000.0,47203000.0,0.0,0.0,0.055,126971000.0,88911000.0,444372000.0,0.0,1.701,7.069,7.416,622902000.0,0.0,21.73,0.353,0.351,396223000.0,677132000.0,852808000.0,852808000.0,0.0,,,,,0.0,126971000.0,1.0,54146786.0,53836000,54336000.0,15.841,1803557000.0,76628000.0,30819000.0,53783000.0,33.501,584059000.0
85,MHK,MRQ,2000-03-31,2000-04-01,2000-04-01,2021-08-02,0.0,1761700000.0,,1016209000.0,745491000.0,,12.252,-18059000.0,0.0,0.0,574520000.0,33997000.0,2.237,1.586,605994000.0,33920000.0,572074000.0,605994000.0,0.0,20875000.0,0.0,0.0,0.0,64933000.0,85808000.0,0.112,85808000.0,64933000.0,56193000.0,0.61,0.61,0.61,681331000.0,,681331000.0,1827996651.0,6.0,4.5,44779000.0,0.805,1.0,190563000.0,0.249,0.0,8740000.0,1913374000.0,,553267000.0,0.0,0.0,0.0,1080369000.0,454320000.0,626049000.0,1231931651.0,0.0,0.0,-45212000.0,-1972000.0,0.0,-44779000.0,-18059000.0,0.0,62838000.0,,33997000.0,33997000.0,33997000.0,0.0,0.0,0.044,124857000.0,65706000.0,420400000.0,0.0,1.808,7.542,8.05,626276000.0,0.0,22.38,0.377,0.381,371329000.0,629929000.0,765083000.0,765083000.0,0.0,,,,,0.0,124857000.0,1.0,55046097.0,55611000,56097000.0,13.758,1761700000.0,76628000.0,22196000.0,53783000.0,31.679,561889000.0
86,MHK,MRQ,1999-12-31,1999-12-31,1999-12-31,2021-08-02,0.0,1682873000.0,,934410000.0,748463000.0,,11.595,-30405000.0,0.0,0.0,709485000.0,40175000.0,2.496,1.43,596065000.0,33961000.0,562104000.0,596065000.0,0.0,29198000.0,0.0,0.0,0.0,75095000.0,104293000.0,0.115,104293000.0,75095000.0,66405000.0,0.7,0.69,0.7,692546000.0,,692546000.0,2159551102.0,7.0,5.428,62808000.0,1.052,1.0,194373000.0,0.215,0.0,8690000.0,1904585000.0,,494774000.0,0.0,0.0,0.0,990327000.0,374353000.0,615974000.0,1599286102.0,0.0,0.0,-72630000.0,9822000.0,0.0,-62808000.0,-30405000.0,0.0,93213000.0,0.0,40175000.0,40175000.0,40175000.0,0.0,0.0,0.044,120142000.0,74231000.0,340392000.0,0.0,2.309,10.171,10.03,624814000.0,0.0,26.38,0.498,0.491,337824000.0,595932000.0,903858000.0,903858000.0,0.0,,,,,836000.0,120142000.0,1.0,60624947.0,59730000,60349000.0,15.132,1682873000.0,76628000.0,26230000.0,53783000.0,28.175,560057000.0
87,MHK,MRQ,1999-09-30,1999-10-02,1999-10-02,2021-08-02,0.0,1716238000.0,,988935000.0,727303000.0,,11.918,-40747000.0,0.0,0.0,606687000.0,45079000.0,1.651,1.376,560265000.0,197013000.0,363252000.0,560265000.0,0.0,24846000.0,0.0,0.0,0.0,82846000.0,107692000.0,0.133,107692000.0,82846000.0,74511000.0,0.74,0.74,0.74,722215000.0,,722215000.0,1768026421.0,7.0,4.929,-3187000.0,-0.053,1.0,203246000.0,0.251,0.0,8335000.0,1677621000.0,,537579000.0,0.0,0.0,0.0,994023000.0,598882000.0,395141000.0,1205009421.0,0.0,0.0,-13557000.0,16744000.0,0.0,3187000.0,-40747000.0,0.0,37560000.0,0.0,45079000.0,45079000.0,45079000.0,0.0,0.0,0.056,119258000.0,83988000.0,401869000.0,0.0,1.668,8.475,8.46,619993000.0,0.0,19.88,0.394,0.394,385344000.0,555757000.0,809933000.0,809933000.0,0.0,,,,,0.0,119258000.0,1.0,60614156.0,60600000,61114000.0,13.365,1716238000.0,52568000.0,29432000.0,31025000.0,28.321,390053000.0
88,MHK,MRQ,1999-06-30,1999-07-03,1999-07-03,2021-08-02,0.0,1678794000.0,,964502000.0,714292000.0,,11.399,-44020000.0,0.0,0.0,589706000.0,44093000.0,1.634,1.431,563017000.0,197038000.0,365979000.0,563017000.0,0.0,27780000.0,0.0,0.0,0.0,80634000.0,108414000.0,0.137,108414000.0,80634000.0,72881000.0,0.73,0.72,0.73,690693000.0,,690693000.0,2393575084.0,9.0,7.055,-11678000.0,-0.193,1.0,200911000.0,0.254,0.0,7753000.0,1651583000.0,,528555000.0,0.0,0.0,0.0,988101000.0,590228000.0,397873000.0,1833119084.0,0.0,0.0,893000.0,10785000.0,0.0,11678000.0,-44020000.0,0.0,32342000.0,0.0,44093000.0,44093000.0,44093000.0,0.0,0.0,0.056,119997000.0,80914000.0,393190000.0,0.0,2.654,13.664,13.626,605567000.0,0.0,30.25,0.619,0.619,372670000.0,510678000.0,790617000.0,790617000.0,0.0,,,,,0.0,119997000.0,1.0,60598978.0,60593000,61257000.0,13.048,1678794000.0,52304000.0,28788000.0,31025000.0,27.706,374274000.0
89,MHK,MRQ,1999-03-31,1999-04-03,1999-04-03,2021-08-02,0.0,1623669000.0,,920632000.0,703037000.0,,10.661,-30449000.0,0.0,0.0,528838000.0,27892000.0,1.591,1.515,560456000.0,197087000.0,363369000.0,560456000.0,0.0,23473000.0,0.0,0.0,0.0,53956000.0,77429000.0,0.109,77429000.0,53956000.0,46102000.0,0.46,0.46,0.46,645707000.0,,645707000.0,2082451460.0,9.0,6.547,-19410000.0,-0.32,1.0,178329000.0,0.252,0.0,7854000.0,1605482000.0,,499003000.0,0.0,0.0,0.0,977962000.0,578643000.0,399319000.0,1726483460.0,-2384000.0,-162463000.0,6756000.0,172733000.0,0.0,179489000.0,-192912000.0,0.0,11039000.0,0.0,27892000.0,27892000.0,27892000.0,0.0,0.0,0.039,122665000.0,55664000.0,381556000.0,0.0,2.674,13.701,13.636,591626000.0,0.0,28.5,0.603,0.603,360676000.0,466667000.0,707167000.0,707167000.0,0.0,,,,,0.0,122665000.0,1.0,60578367.0,60565000,61285000.0,11.676,1623669000.0,52304000.0,18210000.0,31045000.0,26.809,341989000.0
90,MHK,MRQ,1998-12-31,1998-12-31,1998-12-31,2021-08-02,0.0,1405486000.0,,846935000.0,558551000.0,,10.118,17223000.0,2384000.0,2384000.0,558109000.0,25112000.0,2.073,1.3,377089000.0,44424000.0,332665000.0,377089000.0,0.0,13393000.0,0.0,0.0,0.0,51798000.0,65191000.0,0.087,65191000.0,51798000.0,44111000.0,0.42,0.41,0.42,611059000.0,,611059000.0,2505728319.0,11.0,8.397,74719000.0,1.237,1.0,188849000.0,0.253,0.0,7687000.0,1371730000.0,,423837000.0,0.0,0.0,0.0,794427000.0,408461000.0,385966000.0,2205154319.0,2292000.0,-36599000.0,-1538000.0,-34266000.0,-24000.0,-35828000.0,-19376000.0,0.0,57496000.0,0.0,25112000.0,25112000.0,25112000.0,0.0,0.0,0.034,136008000.0,52841000.0,364037000.0,0.0,3.609,19.133,22.021,454867000.0,0.0,42.06,0.803,0.925,331928000.0,438408000.0,746958000.0,746958000.0,0.0,,,,,0.0,115408000.0,1.0,52428776.0,60393000,61134000.0,12.368,1405486000.0,69464000.0,18999000.0,47921000.0,23.272,438474000.0
91,MHK,MRQ,1998-09-30,1998-09-26,1998-09-26,2021-08-02,0.0,1127119000.0,,695826000.0,431293000.0,,8.063,-61992000.0,0.0,0.0,541010000.0,37060000.0,2.06,1.313,300574000.0,32209000.0,268365000.0,300574000.0,0.0,19539000.0,0.0,0.0,0.0,68678000.0,88217000.0,0.123,88217000.0,68678000.0,61433000.0,0.61,0.61,0.61,487270000.0,,487270000.0,1728600106.0,7.0,5.292,-31507000.0,-0.521,1.0,177762000.0,0.247,0.0,7245000.0,1089963000.0,,356266000.0,0.0,0.0,0.0,639849000.0,337730000.0,302119000.0,1479585106.0,-73000.0,0.0,745000.0,30689000.0,0.0,31434000.0,-61992000.0,0.0,30485000.0,0.0,37060000.0,37060000.0,37060000.0,0.0,0.0,0.052,108279000.0,69483000.0,305521000.0,0.0,3.036,12.228,15.027,340892000.0,0.0,28.25,0.486,0.561,307069000.0,347153000.0,718772000.0,718772000.0,0.0,,,,,0.0,108279000.0,1.0,52374694.0,60435000,61169000.0,11.893,1127119000.0,27670000.0,24373000.0,28391000.0,18.65,358096000.0
92,MHK,MRQ,1998-06-30,1998-06-27,1998-06-27,2021-08-02,0.0,1021154000.0,,637851000.0,383303000.0,,7.52,-23984000.0,0.0,0.0,511436000.0,35947000.0,2.016,1.249,249015000.0,32209000.0,216806000.0,249015000.0,0.0,20200000.0,0.0,0.0,0.0,67018000.0,87218000.0,0.127,87218000.0,67018000.0,58917000.0,0.6,0.59,0.6,454058000.0,,454058000.0,1860777847.0,9.0,6.309,33272000.0,0.551,1.0,177933000.0,0.258,0.0,8101000.0,953758000.0,,329162000.0,0.0,0.0,0.0,567096000.0,316411000.0,250685000.0,1579584847.0,65000.0,0.0,957000.0,-34164000.0,0.0,-33207000.0,-23984000.0,0.0,57256000.0,0.0,35947000.0,35947000.0,35947000.0,0.0,0.0,0.052,110040000.0,67893000.0,284202000.0,0.0,3.479,15.074,18.078,315925000.0,0.0,30.19,0.559,0.646,276133000.0,314686000.0,689369000.0,689369000.0,0.0,,,,,0.0,110040000.0,1.0,52321459.0,60377000,61174000.0,11.418,1021154000.0,27670000.0,22970000.0,28391000.0,16.913,321440000.0
93,MHK,MRQ,1998-03-31,1998-03-28,1998-03-28,2021-08-02,0.0,1003959000.0,,621716000.0,382243000.0,,7.01,-14427000.0,0.0,0.0,452778000.0,17135000.0,2.059,1.376,281193000.0,35959000.0,245234000.0,281193000.0,0.0,19459000.0,0.0,0.0,0.0,38335000.0,57794000.0,0.098,57794000.0,38335000.0,30345000.0,0.28,0.28,0.28,422476000.0,,422476000.0,1955484122.0,11.0,7.464,12544000.0,0.208,1.0,136743000.0,0.232,0.0,7990000.0,983143000.0,,316688000.0,0.0,0.0,0.0,581483000.0,302009000.0,279474000.0,1662287122.0,-120000.0,25000.0,1824000.0,-14513000.0,0.0,-12689000.0,-14402000.0,0.0,26971000.0,0.0,17135000.0,17135000.0,17135000.0,0.0,0.0,0.029,98464000.0,38279000.0,266050000.0,0.0,3.935,18.857,22.09,314845000.0,0.0,31.81,0.637,0.735,268160000.0,284061000.0,589521000.0,589521000.0,0.0,,,,,0.0,98464000.0,1.0,52256747.0,60266000,60977000.0,9.782,1003959000.0,27670000.0,13210000.0,28391000.0,16.659,319707000.0
94,MHK,MRQ,1997-12-31,1997-12-31,1997-12-31,2021-08-02,0.0,1176557000.0,,708721000.0,467836000.0,,7.957,-25863000.0,145000.0,145000.0,801222000.0,30856000.0,2.17,1.466,377738000.0,41529000.0,336209000.0,377738000.0,0.0,27550000.0,0.0,0.0,0.0,65852000.0,93402000.0,0.089,93402000.0,65852000.0,50921000.0,0.39,0.39,0.39,477133000.0,,477133000.0,,,,32695000.0,0.545,1.0,242629000.0,0.232,0.0,14931000.0,1227537000.0,,367076000.0,0.0,0.0,0.0,699424000.0,326613000.0,372811000.0,1146513029.0,0.0,1859000.0,1646000.0,-37955000.0,-24000.0,-36333000.0,-23109000.0,0.0,58558000.0,,30856000.0,30856000.0,30856000.0,0.0,0.0,0.03,178695000.0,63934000.0,285084000.0,0.0,2.403,14.41,16.496,391101000.0,0.0,21.94,0.472,0.542,286871000.0,312422000.0,1043851000.0,1043851000.0,0.0,,,,,2600000.0,170595000.0,1.0,52256747.0,59962000,60453000.0,17.409,1176557000.0,39082000.0,20065000.0,30311000.0,19.622,382108000.0
95,MHK,MRQ,1997-09-30,1997-09-27,1997-09-27,2021-08-02,,,,,,,,-7061000.0,,,384338000.0,20853000.0,,,,,,,,15350000.0,,0.0,0.0,41168000.0,56518000.0,0.113,56518000.0,41168000.0,34479000.0,0.4,0.4,0.4,,,,,,,69793000.0,1.344,1.0,116480000.0,0.233,,6689000.0,,,,,,,,,,,0.0,0.0,2207000.0,-36000000.0,0.0,-33793000.0,-43061000.0,0.0,76854000.0,,20853000.0,20853000.0,20853000.0,0.0,0.0,0.042,74441000.0,42039000.0,,0.0,,,,,0.0,17.92,,,,,500818000.0,500818000.0,0.0,,,,,0.0,74441000.0,1.0,,51935000,52454000.0,9.643,,,13626000.0,,,
96,MHK,MRQ,1997-06-30,1997-06-28,1997-06-28,2021-08-02,,,,,,,,-5687000.0,,,364119000.0,19307000.0,,,,,,,,14919000.0,,0.0,0.0,39362000.0,54281000.0,0.114,54281000.0,39362000.0,31904000.0,0.37,0.37,0.37,,,,,,,26618000.0,0.514,1.0,111008000.0,0.234,,7458000.0,,,,,,,,,,,0.0,0.0,332000.0,-26950000.0,0.0,-26618000.0,-5687000.0,0.0,32305000.0,,19307000.0,19307000.0,19307000.0,0.0,0.0,0.041,70648000.0,40360000.0,,0.0,,,,,0.0,14.833,,,,,475127000.0,475127000.0,0.0,,,,,0.0,70648000.0,1.0,,51807000,52178000.0,9.171,,,12597000.0,,,
97,MHK,MRQ,1997-03-31,1997-03-29,1997-03-29,2021-08-02,,,,,,,,-6846000.0,,,319542000.0,8547000.0,,,,,,,,15074000.0,,0.0,0.0,21521000.0,36595000.0,0.089,36595000.0,21521000.0,14125000.0,0.17,0.16,0.17,,,,,,,9653000.0,0.186,1.0,89747000.0,0.219,,7396000.0,,,,,,,,,,,0.0,0.0,501000.0,-10154000.0,0.0,-9653000.0,-6846000.0,0.0,16499000.0,,8547000.0,8547000.0,8547000.0,0.0,0.0,0.021,67839000.0,21908000.0,,0.0,,,,,0.0,14.253,,,,,409289000.0,409289000.0,0.0,,,,,0.0,67839000.0,1.0,,51779000,52314000.0,7.905,,,5578000.0,,,
98,MHK,MRQ,1996-12-31,1996-12-31,1996-12-31,2021-08-02,0.0,954349000.0,,554845000.0,399504000.0,,5.933,,0.0,0.0,,,2.282,1.864,387580000.0,41832000.0,345748000.0,387580000.0,0.0,,0.0,0.0,0.0,,,,,,,,,,333199000.0,,333199000.0,,,,,,1.0,,,0.0,,1098782000.0,,302767000.0,0.0,0.0,0.0,621150000.0,243147000.0,378003000.0,,,,,,,,,,,,,,,,,,,,201315000.0,,,,15.439,324698000.0,,14.667,,0.383,215594000.0,201294000.0,,,,,,,,,,1.0,,56160000,,,954349000.0,18186000.0,,27530000.0,16.993,311698000.0
0,MHK,MRT,2021-06-30,2021-07-03,2021-07-03,2021-08-02,-781506000.0,14792793000.0,14298707750.0,5950556000.0,8842237000.0,0.758,126.269,-456725000.0,753677000.0,753677000.0,7701234000.0,1027114000.0,1.872,0.687,3075127000.0,1059732000.0,2015395000.0,3075127000.0,0.0,607578000.0,0.0,0.0,0.0,1287595000.0,1895173000.0,0.175,1895173000.0,1287595000.0,1226708000.0,14.57,14.52,14.57,8767118000.0,8488631000.0,8767118000.0,16061407810.0,12.0,8.475,1147615000.0,16.529,1.0,3138259000.0,0.29,3531873000.0,60887000.0,10403484000.0,10339649750.0,2081967000.0,662358000.0,662358000.0,0.0,6018851000.0,3178886000.0,2839965000.0,13598637810.0,15965000.0,-6338000.0,-384487000.0,-135718000.0,0.0,-526946000.0,-1072836000.0,-609773000.0,1604340000.0,11407000.0,1026430000.0,1026430000.0,1026430000.0,0.0,684000.0,0.095,1870842000.0,1267417000.0,2119154000.0,0.0,1.551,13.248,13.389,4842723000.0,0.0,195.08,1.255,1.25,2017622000.0,7867795000.0,10839493000.0,10839493000.0,0.0,0.072,0.121,0.125,0.119,22007000.0,1870842000.0,1.0,69708006.0,69432000,69745000.0,156.117,11260920000.0,467641000.0,200278000.0,454671000.0,162.186,2771670000.0
1,MHK,MRT,2021-03-31,2021-04-03,2021-04-03,2021-08-02,-855455000.0,14290073000.0,13942860500.0,5566012000.0,8724061000.0,0.713,121.011,-424660000.0,557262000.0,557262000.0,7329441000.0,642073000.0,1.851,0.682,3020032000.0,1052895000.0,1967137000.0,3020032000.0,0.0,613207000.0,0.0,0.0,0.0,810507000.0,1423714000.0,0.143,1423714000.0,810507000.0,751558000.0,9.05,9.02,9.05,8492433000.0,8276554500.0,8492433000.0,16222766471.0,20.0,11.395,1409810000.0,20.089,1.0,2606019000.0,0.262,3516573000.0,58949000.0,10228979000.0,10328797250.0,1996628000.0,782267000.0,782267000.0,0.0,5791041000.0,3007291000.0,2783750000.0,13924481471.0,294176000.0,-6338000.0,-242862000.0,-151933000.0,0.0,-395569000.0,-1154648000.0,-723650000.0,1834470000.0,9923000.0,641888000.0,641888000.0,641888000.0,0.0,185000.0,0.065,1803984000.0,802035000.0,1954396000.0,0.0,1.64,21.693,21.909,4769877000.0,0.0,198.28,1.401,1.401,1813858000.0,7673129000.0,9935460000.0,9935460000.0,0.0,0.046,0.078,0.078,0.082,20624000.0,1803984000.0,1.0,70226354.0,70179000,70474000.0,141.573,10773500000.0,437611000.0,109670000.0,485435000.0,153.515,2558721000.0
2,MHK,MRT,2020-12-31,2020-12-31,2020-12-31,2021-08-02,-695145000.0,14327751000.0,13684577750.0,5363654000.0,8964097000.0,0.698,119.84,-425557000.0,768625000.0,768625000.0,7121507000.0,515727000.0,2.262,0.678,3066910000.0,475297000.0,2591613000.0,3066910000.0,0.0,607507000.0,0.0,0.0,0.0,636621000.0,1244128000.0,0.13,1244128000.0,636621000.0,584242000.0,7.24,7.22,7.24,8534316000.0,8113788250.0,8534316000.0,12205550489.0,19.0,9.811,1344282000.0,18.877,1.0,2430690000.0,0.254,3602438000.0,52379000.0,10652350000.0,10213702250.0,1913020000.0,571741000.0,571741000.0,0.0,5786593000.0,2371248000.0,3415345000.0,10035445489.0,633840000.0,0.0,-188625000.0,3979000.0,0.0,-188185000.0,-954798000.0,-529241000.0,1769839000.0,6984000.0,515595000.0,515595000.0,515595000.0,0.0,132000.0,0.054,1794688000.0,636002000.0,1895951000.0,0.0,1.176,19.464,19.468,4914367000.0,0.0,140.95,1.051,1.051,1709493000.0,7559191000.0,9552197000.0,9552197000.0,0.0,0.038,0.064,0.062,0.067,19697000.0,1794688000.0,1.0,71198620.0,71214000,71401000.0,134.134,10725313000.0,447292000.0,68647000.0,493668000.0,150.607,2992406000.0
3,MHK,MRT,2020-09-30,2020-09-26,2020-09-26,2021-08-02,-935423000.0,13784214000.0,13449310000.0,5151987000.0,8632227000.0,0.694,114.621,-405262000.0,781238000.0,781238000.0,7019532000.0,532003000.0,2.158,0.688,2951343000.0,453908000.0,2497435000.0,2951343000.0,0.0,604711000.0,0.0,0.0,0.0,511653000.0,1116364000.0,0.12,1116364000.0,511653000.0,464210000.0,7.45,7.42,7.45,8160657000.0,8010169500.0,8160657000.0,9025065041.0,18.0,8.084,1397407000.0,19.627,1.0,2315413000.0,0.248,3493419000.0,47443000.0,10073786000.0,10035712750.0,1841973000.0,407784000.0,407784000.0,0.0,5617145000.0,2387114000.0,3230031000.0,6709421041.0,669935000.0,-4235000.0,-92050000.0,-246664000.0,0.0,-348609000.0,-772281000.0,-362784000.0,1802669000.0,-11844000.0,532041000.0,532041000.0,532041000.0,0.0,-38000.0,0.057,1807330000.0,508083000.0,1933206000.0,0.0,0.822,12.611,12.65,4708293000.0,0.0,94.24,0.719,0.719,1710961000.0,7430945000.0,9334945000.0,9334945000.0,0.0,0.04,0.066,0.051,0.055,20951000.0,1807330000.0,1.0,71195045.0,71197000,71378000.0,131.114,10290795000.0,430515000.0,-67831000.0,411287000.0,144.54,2764873000.0
4,MHK,MRT,2020-06-30,2020-06-27,2020-06-27,2021-08-02,-966776000.0,13369404000.0,13351447000.0,4745998000.0,8623406000.0,0.695,111.241,-460674000.0,737712000.0,737712000.0,6978355000.0,482219000.0,2.535,0.688,3053356000.0,253646000.0,2799710000.0,3053356000.0,0.0,598289000.0,0.0,0.0,0.0,435875000.0,1034164000.0,0.111,1034164000.0,435875000.0,393970000.0,6.73,6.7,6.73,7918812000.0,7909697250.0,7918812000.0,9620006092.0,22.0,9.302,1155255000.0,16.229,1.0,2300905000.0,0.248,3452744000.0,41905000.0,10360074000.0,9974409750.0,1922048000.0,0.0,0.0,0.0,5444540000.0,1872230000.0,3572310000.0,6813064092.0,609616000.0,-4235000.0,-159758000.0,-351941000.0,0.0,-521472000.0,-472609000.0,-7700000.0,1615929000.0,-12232000.0,482442000.0,482442000.0,482442000.0,0.0,-223000.0,0.052,1815346000.0,485559000.0,1618584000.0,0.0,0.86,14.122,14.221,4752591000.0,0.0,95.71,0.734,0.734,1586398000.0,7225828000.0,9279260000.0,9279260000.0,0.0,0.036,0.061,0.044,0.047,21719000.0,1815346000.0,1.0,71184454.0,71186000,71186000.0,130.352,9916660000.0,418071000.0,-88472000.0,434264000.0,139.306,2873768000.0
5,MHK,MRT,2020-03-31,2020-03-28,2020-03-28,2021-08-02,-1087852000.0,13256942000.0,13460621500.0,4613031000.0,8643911000.0,0.729,109.597,-524146000.0,263086000.0,263086000.0,7146389000.0,733461000.0,1.607,0.69,3070028000.0,1317198000.0,1752830000.0,3070028000.0,0.0,584677000.0,0.0,0.0,0.0,767234000.0,1351911000.0,0.138,1351911000.0,767234000.0,727764000.0,10.21,10.17,10.21,7841368000.0,7883762500.0,7841368000.0,8358544127.0,11.0,6.183,919452000.0,12.851,1.0,2667556000.0,0.272,3424002000.0,39470000.0,9768599000.0,9851161000.0,2195434000.0,0.0,0.0,0.0,5409299000.0,2871283000.0,2538016000.0,5593343127.0,157418000.0,-4235000.0,-168721000.0,-552444000.0,0.0,-729476000.0,-537681000.0,-9300000.0,1443598000.0,-19023000.0,733140000.0,733140000.0,733140000.0,0.0,321000.0,0.075,1854179000.0,813377000.0,1554085000.0,0.0,0.713,7.629,7.643,4804242000.0,0.0,78.04,0.57,0.569,1644750000.0,7274085000.0,9813945000.0,9813945000.0,0.0,0.054,0.093,0.078,0.078,22872000.0,1854179000.0,1.0,71672772.0,71547000,71777000.0,137.168,9832940000.0,415667000.0,-5376000.0,480035000.0,137.433,1741748000.0
6,MHK,MRT,2019-12-31,2019-12-31,2019-12-31,2021-08-02,-765824000.0,13386680000.0,13547654750.0,4429457000.0,8957223000.0,0.736,112.798,-545462000.0,134785000.0,134785000.0,7294629000.0,744571000.0,1.633,0.648,2899986000.0,1153443000.0,1746543000.0,2899986000.0,0.0,576452000.0,0.0,0.0,0.0,790457000.0,1366909000.0,0.137,1366909000.0,790457000.0,749185000.0,10.34,10.3,10.34,8119841000.0,7816120750.0,8119841000.0,12754518409.0,16.0,9.331,873299000.0,12.132,1.0,2676043000.0,0.268,3498906000.0,41272000.0,9940392000.0,9947547000.0,2282328000.0,42500000.0,42500000.0,0.0,5260232000.0,2712583000.0,2547649000.0,9767840409.0,15735000.0,-81082000.0,-100080000.0,-681020000.0,0.0,-789877000.0,-616044000.0,10500000.0,1418761000.0,2895000.0,744211000.0,744211000.0,744211000.0,0.0,360000.0,0.075,1848819000.0,827224000.0,1559140000.0,0.0,1.203,13.125,13.19,5021920000.0,0.0,136.38,0.98,0.985,1526619000.0,7232337000.0,9970672000.0,9970672000.0,0.0,0.055,0.095,0.079,0.079,23620000.0,1848819000.0,1.0,71622235.0,71986000,72264000.0,138.508,9887774000.0,436397000.0,4974000.0,473886000.0,137.357,1716874000.0
7,MHK,MRT,2019-09-30,2019-09-28,2019-09-28,2021-08-02,-882287000.0,13392762000.0,13475765500.0,4727780000.0,8664982000.0,0.742,107.602,-556775000.0,111303000.0,111303000.0,7295152000.0,709941000.0,1.518,0.725,3097981000.0,1375840000.0,1722141000.0,3097981000.0,0.0,561785000.0,0.0,0.0,0.0,838295000.0,1400080000.0,0.14,1400080000.0,838295000.0,793574000.0,9.71,9.66,9.71,7758768000.0,7644614000.0,7758768000.0,12199704152.0,15.0,8.714,708170000.0,9.821,1.0,2699626000.0,0.27,3436167000.0,44721000.0,9828574000.0,9834707000.0,2337952000.0,0.0,0.0,0.0,5627483000.0,3114699000.0,2512784000.0,8916610152.0,19952000.0,-220503000.0,-350817000.0,-72614000.0,0.0,-463823000.0,-778315000.0,-1037000.0,1264945000.0,-2855000.0,708883000.0,708883000.0,708883000.0,0.0,1058000.0,0.071,1813840000.0,885786000.0,1738859000.0,0.0,1.149,12.578,12.727,4934713000.0,0.0,123.58,0.892,0.892,1787158000.0,6991076000.0,9994778000.0,9994778000.0,0.0,0.053,0.093,0.085,0.084,21913000.0,1813840000.0,1.0,72152534.0,72106000,72392000.0,138.612,9956595000.0,294102000.0,84691000.0,434912000.0,138.083,1613081000.0
8,MHK,MRT,2019-06-30,2019-06-29,2019-06-29,2021-08-02,-732521000.0,13806102000.0,13377806500.0,4808317000.0,8997785000.0,0.749,107.94,-576815000.0,128096000.0,128096000.0,7293025000.0,782298000.0,1.298,0.766,3411190000.0,1991857000.0,1419333000.0,3411190000.0,0.0,549836000.0,0.0,0.0,0.0,936464000.0,1486300000.0,0.148,1486300000.0,936464000.0,892034000.0,10.58,10.53,10.58,7815073000.0,7595861000.0,7815073000.0,14162833756.0,15.0,9.529,549870000.0,7.595,1.0,2728368000.0,0.272,3516326000.0,44430000.0,9867079000.0,9714540500.0,2367631000.0,0.0,0.0,0.0,5984511000.0,3705791000.0,2278720000.0,10679957756.0,-390130000.0,-621397000.0,-283108000.0,8064000.0,0.0,-315436000.0,-1200249000.0,-2037000.0,1126685000.0,-1130000.0,780378000.0,780378000.0,780378000.0,0.0,1920000.0,0.078,1795558000.0,932810000.0,1713934000.0,0.0,1.367,13.686,13.939,5058022000.0,0.0,147.47,1.066,1.065,1819474000.0,6903261000.0,10021393000.0,10021393000.0,0.0,0.058,0.103,0.096,0.093,21366000.0,1795558000.0,1.0,72421223.0,72402000,72680000.0,138.413,10289776000.0,423437000.0,111656000.0,422544000.0,142.12,1102526000.0
9,MHK,MRT,2019-03-31,2019-03-30,2019-03-30,2021-08-02,-777547000.0,13605075000.0,13149790750.0,4688965000.0,8916110000.0,0.762,104.653,-680122000.0,105668000.0,105668000.0,7255617000.0,777189000.0,1.365,0.796,3588544000.0,1862974000.0,1725570000.0,3588544000.0,0.0,536402000.0,0.0,0.0,0.0,990027000.0,1526429000.0,0.152,1526429000.0,990027000.0,948255000.0,10.42,10.36,10.42,7570801000.0,7483481250.0,7570801000.0,12260817507.0,12.0,8.032,488131000.0,6.748,1.0,2758305000.0,0.275,3499561000.0,41772000.0,10154143000.0,9588945000.0,2338125000.0,0.0,0.0,0.0,6028030000.0,3434247000.0,2593783000.0,9121893507.0,-9175000.0,-621397000.0,-274144000.0,452768000.0,0.0,138230000.0,-1302556000.0,-1037000.0,1168253000.0,-13102000.0,774523000.0,774523000.0,774523000.0,0.0,2666000.0,0.077,1766048000.0,992257000.0,1571273000.0,0.0,1.205,11.777,12.107,4995235000.0,0.0,126.15,0.911,0.911,1743581000.0,6709782000.0,10013922000.0,10013922000.0,0.0,0.059,0.103,0.103,0.099,29223000.0,1766048000.0,1.0,72309897.0,72342000,72646000.0,138.425,10105514000.0,421314000.0,173732000.0,422772000.0,139.691,1254718000.0
10,MHK,MRT,2018-12-31,2018-12-31,2018-12-31,2021-08-02,-791608000.0,13099123000.0,12888615000.0,4509296000.0,8589827000.0,0.775,99.899,-794110000.0,119050000.0,119050000.0,7145564000.0,864855000.0,1.381,0.761,3257974000.0,1742373000.0,1515601000.0,3257974000.0,0.0,521765000.0,0.0,0.0,0.0,1084877000.0,1606642000.0,0.161,1606642000.0,1084877000.0,1046050000.0,11.53,11.47,11.53,7433814000.0,7425266750.0,7433814000.0,11449361607.0,11.0,7.126,387234000.0,5.204,1.0,2838070000.0,0.284,3482776000.0,38827000.0,9489032000.0,9339055000.0,2287615000.0,0.0,0.0,0.0,5659064000.0,3266239000.0,2392825000.0,8678308607.0,34166000.0,-568960000.0,-274144000.0,517042000.0,0.0,198029000.0,-1332203000.0,30867000.0,1181344000.0,-13004000.0,861704000.0,861704000.0,861704000.0,0.0,3151000.0,0.086,1742744000.0,1095326000.0,1523866000.0,0.0,1.167,10.071,10.144,4699902000.0,0.0,116.96,0.869,0.872,1606159000.0,6588197000.0,9983634000.0,9983634000.0,0.0,0.067,0.116,0.116,0.109,31382000.0,1742744000.0,1.0,74198945.0,74413000,74773000.0,134.165,9616347000.0,407149000.0,184346000.0,413740000.0,129.229,1243057000.0
11,MHK,MRT,2018-09-30,2018-09-29,2018-09-29,2021-08-02,-704379000.0,13000926000.0,12637547500.0,4548470000.0,8452456000.0,0.784,101.387,-894317000.0,91351000.0,91351000.0,6958809000.0,875678000.0,1.538,0.714,2862404000.0,1333853000.0,1528551000.0,2862404000.0,0.0,501045000.0,0.0,0.0,0.0,1211937000.0,1712982000.0,0.173,1712982000.0,1211937000.0,1180264000.0,11.7,11.63,11.7,7563756000.0,7331603750.0,7563756000.0,15593924937.0,13.0,9.103,319541000.0,4.283,1.0,2945304000.0,0.297,3466800000.0,31673000.0,9347908000.0,9155538500.0,2214295000.0,0.0,0.0,0.0,5397922000.0,2957271000.0,2440651000.0,13081616937.0,6849000.0,-425337000.0,643000.0,178079000.0,0.0,167887000.0,-1363654000.0,-44000000.0,1213858000.0,-11242000.0,872743000.0,872743000.0,872743000.0,0.0,2935000.0,0.088,1725093000.0,1220211000.0,1623418000.0,0.0,1.73,14.989,14.987,4586236000.0,0.0,175.35,1.321,1.321,1755710000.0,6635896000.0,9904113000.0,9904113000.0,0.0,0.069,0.119,0.132,0.122,32412000.0,1719888000.0,1.0,74602891.0,74603000,74945000.0,132.758,9534126000.0,399420000.0,307521000.0,400693000.0,127.798,1591199000.0
12,MHK,MRT,2018-06-30,2018-06-30,2018-06-30,2021-08-02,-671133000.0,12894039000.0,12343019250.0,4773680000.0,8120359000.0,0.795,98.738,-978929000.0,518226000.0,518226000.0,6798651000.0,918674000.0,1.745,0.745,3030534000.0,1146511000.0,1884023000.0,3030534000.0,0.0,481589000.0,0.0,0.0,0.0,1304228000.0,1785817000.0,0.182,1785817000.0,1304228000.0,1274321000.0,12.3,12.22,12.3,7365554000.0,7137927750.0,7365554000.0,18786985663.0,14.0,10.52,421774000.0,5.654,1.0,3008172000.0,0.307,3305578000.0,29907000.0,9364697000.0,8922081750.0,2061204000.0,0.0,0.0,0.0,5490562000.0,2736072000.0,2754490000.0,15984260663.0,387988000.0,-24741000.0,645000.0,53916000.0,0.0,43726000.0,-1050670000.0,-47000000.0,1400703000.0,-5771000.0,915755000.0,915755000.0,915755000.0,0.0,2919000.0,0.093,1695107000.0,1313065000.0,1589561000.0,0.0,2.17,17.455,17.42,4421073000.0,0.0,214.27,1.63,1.63,1737935000.0,6409552000.0,9806823000.0,9806823000.0,0.0,0.074,0.128,0.146,0.133,34485000.0,1689902000.0,1.0,74598687.0,74597000,74937000.0,131.464,9588461000.0,393708000.0,358566000.0,365379000.0,128.537,2037608000.0
13,MHK,MRT,2018-03-31,2018-03-31,2018-03-31,2021-08-02,-487168000.0,12560372000.0,12016882250.0,4297039000.0,8263333000.0,0.806,98.558,-955664000.0,114843000.0,114843000.0,6662094000.0,982877000.0,1.537,0.706,2917568000.0,1331917000.0,1585651000.0,2917568000.0,0.0,464302000.0,0.0,0.0,0.0,1332726000.0,1797028000.0,0.186,1797028000.0,1332726000.0,1302289000.0,13.17,13.08,13.17,7337943000.0,6908158750.0,7337943000.0,19961775947.0,15.0,11.108,255277000.0,3.429,1.0,3020753000.0,0.312,3412604000.0,30437000.0,9154583000.0,8548826500.0,2044962000.0,0.0,0.0,0.0,5183439000.0,2795910000.0,2387529000.0,17283081947.0,-73593000.0,-274382000.0,1833000.0,-2306000.0,0.0,-11264000.0,-1280046000.0,-50000000.0,1210941000.0,6776000.0,979850000.0,979850000.0,979850000.0,0.0,3027000.0,0.101,1678170000.0,1342583000.0,1463993000.0,0.0,2.355,17.638,17.632,4460793000.0,0.0,232.22,1.785,1.786,1689912000.0,6212966000.0,9682847000.0,9682847000.0,0.0,0.082,0.142,0.156,0.138,34803000.0,1672965000.0,1.0,74425467.0,74453000,74929000.0,130.053,9147768000.0,389936000.0,322439000.0,339656000.0,122.866,1501129000.0
14,MHK,MRT,2017-12-31,2017-12-31,2017-12-31,2021-08-02,-558527000.0,12094853000.0,11558668500.0,4072967000.0,8021886000.0,0.821,94.936,-905998000.0,84884000.0,84884000.0,6494876000.0,974692000.0,1.534,0.708,2763578000.0,1203683000.0,1559895000.0,2763578000.0,0.0,446672000.0,0.0,0.0,0.0,1345914000.0,1792586000.0,0.189,1792586000.0,1345914000.0,1314803000.0,13.07,12.98,13.07,7059162000.0,6588026000.0,7059162000.0,23142847034.0,17.0,12.91,287597000.0,3.868,1.0,2996414000.0,0.316,3363226000.0,31111000.0,8754966000.0,8063215750.0,1948663000.0,0.0,0.0,0.0,4998381000.0,2655355000.0,2343026000.0,20509903034.0,-36781000.0,-250799000.0,1845000.0,5062000.0,0.0,-6995000.0,-1240701000.0,-83904000.0,1193595000.0,17320000.0,971638000.0,971638000.0,971638000.0,0.0,3054000.0,0.102,1647446000.0,1348968000.0,1451672000.0,0.0,2.905,21.109,21.109,4270790000.0,0.0,275.9,2.161,2.161,1558159000.0,6004506000.0,9491290000.0,9491290000.0,0.0,0.084,0.147,0.167,0.142,36322000.0,1642241000.0,1.0,74338177.0,74357000,74839000.0,127.645,8731627000.0,387870000.0,343165000.0,328103000.0,117.428,1417612000.0
15,MHK,MRT,2017-09-30,2017-09-30,2017-09-30,2021-08-02,-571369000.0,11822813000.0,11092604250.0,3997110000.0,7825703000.0,0.839,91.327,-865995000.0,84502000.0,84502000.0,6370970000.0,968334000.0,1.482,0.736,2717446000.0,1172781000.0,1544665000.0,2717446000.0,0.0,432679000.0,0.0,0.0,0.0,1314388000.0,1747067000.0,0.188,1747067000.0,1314388000.0,1282049000.0,12.99,12.91,12.99,6789052000.0,6267348250.0,6789052000.0,21197721189.0,16.0,12.133,353174000.0,4.751,1.0,2933789000.0,0.315,3344658000.0,32339000.0,8414081000.0,7572740250.0,1911029000.0,0.0,0.0,0.0,4996703000.0,2697018000.0,2299685000.0,18399442189.0,-27606000.0,-250766000.0,1420000.0,-136096000.0,0.0,-148091000.0,-1116761000.0,0.0,1219169000.0,18077000.0,965008000.0,965008000.0,965008000.0,0.0,3326000.0,0.104,1617810000.0,1315979000.0,1524237000.0,0.0,2.71,19.067,19.054,4090099000.0,0.0,247.51,1.977,1.977,1656064000.0,5764128000.0,9304759000.0,9304759000.0,0.0,0.087,0.154,0.174,0.141,36825000.0,1617810000.0,1.0,74338177.0,74338000,74841000.0,125.168,8478155000.0,390946000.0,317041000.0,421103000.0,114.049,1300092000.0
16,MHK,MRT,2017-06-30,2017-07-01,2017-07-01,2021-08-02,-636787000.0,11589491000.0,10742049250.0,4010723000.0,7578768000.0,0.852,86.731,-820634000.0,130238000.0,130238000.0,6273341000.0,968139000.0,1.245,0.792,2928517000.0,1754077000.0,1174440000.0,2928517000.0,0.0,422844000.0,0.0,0.0,0.0,1310091000.0,1732935000.0,0.189,1732935000.0,1310091000.0,1275601000.0,13.0,12.92,13.0,6446478000.0,5986445750.0,6446478000.0,20404227017.0,16.0,11.774,373794000.0,5.029,1.0,2877047000.0,0.314,3295359000.0,34490000.0,7871676000.0,7176834250.0,1865941000.0,0.0,0.0,0.0,5108285000.0,3220735000.0,1887550000.0,17962409017.0,18189000.0,-250468000.0,1652000.0,-107690000.0,0.0,-119661000.0,-1071102000.0,0.0,1194428000.0,14524000.0,964861000.0,964861000.0,964861000.0,0.0,3278000.0,0.105,1562859000.0,1314188000.0,1466658000.0,0.0,2.786,18.617,18.592,3892251000.0,0.0,241.69,1.963,1.963,1639614000.0,5494149000.0,9150388000.0,9150388000.0,0.0,0.09,0.161,0.183,0.143,34942000.0,1562859000.0,1.0,74320034.0,74327000,74801000.0,123.11,8294132000.0,391158000.0,310740000.0,389259000.0,111.59,789988000.0
17,MHK,MRT,2017-03-31,2017-04-01,2017-04-01,2021-08-02,-749986000.0,10727517000.0,10422884250.0,3734982000.0,6992535000.0,0.864,81.623,-732562000.0,188436000.0,188436000.0,6154187000.0,962505000.0,1.321,0.766,2630254000.0,1497986000.0,1132268000.0,2630254000.0,0.0,414297000.0,0.0,0.0,0.0,1313908000.0,1728205000.0,0.192,1728205000.0,1313908000.0,1277460000.0,12.93,12.86,12.93,6057412000.0,5719461750.0,6057412000.0,19414437428.0,15.0,11.234,626738000.0,8.445,1.0,2853499000.0,0.317,3128868000.0,36448000.0,7212140000.0,6902483750.0,1740880000.0,0.0,0.0,0.0,4638492000.0,2828327000.0,1810165000.0,17024617428.0,90131000.0,-827000.0,3806000.0,-539452000.0,0.0,-550538000.0,-733389000.0,0.0,1359300000.0,14758000.0,959368000.0,959368000.0,959368000.0,0.0,3137000.0,0.107,1544444000.0,1309055000.0,1330341000.0,0.0,2.811,17.746,17.749,3506154000.0,0.0,229.49,1.89,1.891,1497908000.0,5233468000.0,9007686000.0,9007686000.0,0.0,0.092,0.168,0.19,0.146,35467000.0,1544444000.0,1.0,74184572.0,74212000,74754000.0,121.378,7598649000.0,357513000.0,318092000.0,385398000.0,102.391,906655000.0
18,MHK,MRT,2016-12-31,2016-12-31,2016-12-31,2021-08-02,-833027000.0,10230596000.0,10314083750.0,3471512000.0,6759084000.0,0.869,77.951,-672125000.0,121665000.0,121665000.0,6146262000.0,933566000.0,1.277,0.766,2511485000.0,1382738000.0,1128747000.0,2511485000.0,0.0,409467000.0,0.0,0.0,0.0,1278468000.0,1687935000.0,0.188,1687935000.0,1278468000.0,1237921000.0,12.55,12.48,12.55,5776451000.0,5492515000.0,5776451000.0,17411050499.0,14.0,10.315,673164000.0,9.084,1.0,2812825000.0,0.314,3109032000.0,40547000.0,6793064000.0,6806855000.0,1675751000.0,0.0,0.0,0.0,4423413000.0,2718320000.0,1705093000.0,14809330499.0,39973000.0,0.0,4583000.0,-633180000.0,0.0,-641636000.0,-672125000.0,0.0,1345289000.0,8445000.0,930362000.0,930362000.0,930362000.0,0.0,3204000.0,0.104,1532882000.0,1279943000.0,1335582000.0,0.0,2.564,15.918,15.911,3370348000.0,0.0,199.68,1.653,1.652,1376151000.0,5032914000.0,8959087000.0,8959087000.0,0.0,0.09,0.169,0.188,0.143,35059000.0,1532882000.0,1.0,74165317.0,74104000,74568000.0,120.899,7121564000.0,279704000.0,307559000.0,361416000.0,96.102,753192000.0
19,MHK,MRT,2016-09-30,2016-10-01,2016-10-01,2021-08-02,-704120000.0,10420593000.0,10240034750.0,3576314000.0,6844279000.0,0.857,76.401,-612347000.0,112108000.0,112108000.0,6030482000.0,891063000.0,1.199,0.834,2713828000.0,1548251000.0,1165577000.0,2713828000.0,0.0,399113000.0,0.0,0.0,0.0,1208037000.0,1607150000.0,0.183,1607150000.0,1208037000.0,1157495000.0,12.0,11.92,12.0,5665442000.0,5261945500.0,5665442000.0,17700127156.0,15.0,11.013,660195000.0,8.903,1.0,2744036000.0,0.313,3208536000.0,50542000.0,6830457000.0,6747524250.0,1673242000.0,0.0,0.0,0.0,4723164000.0,2983320000.0,1739844000.0,14855892156.0,1392000.0,-158852000.0,-588000.0,-476528000.0,0.0,-500584000.0,-771199000.0,0.0,1272542000.0,633000.0,888173000.0,888173000.0,888173000.0,0.0,2890000.0,0.101,1520123000.0,1223913000.0,1435069000.0,0.0,2.622,16.726,16.695,3340893000.0,0.0,200.34,1.693,1.693,1506316000.0,4799187000.0,8774518000.0,8774518000.0,0.0,0.087,0.169,0.179,0.138,36905000.0,1520123000.0,1.0,74153400.0,74154000,74613000.0,118.328,7212057000.0,294850000.0,269322000.0,360509000.0,97.258,592994000.0
20,MHK,MRT,2016-06-30,2016-07-02,2016-07-02,2021-08-02,-715861000.0,10312831000.0,10151007000.0,3519203000.0,6793628000.0,0.85,72.562,-552149000.0,112049000.0,112049000.0,5952154000.0,835939000.0,1.124,0.912,2956284000.0,1795584000.0,1160700000.0,2956284000.0,0.0,390388000.0,0.0,0.0,0.0,1118205000.0,1508593000.0,0.175,1508593000.0,1118205000.0,1057754000.0,11.27,11.19,11.27,5378542000.0,5032856250.0,5378542000.0,17182143102.0,15.0,11.39,674223000.0,9.096,1.0,2678881000.0,0.31,3253058000.0,60451000.0,6774274000.0,6701309000.0,1660131000.0,0.0,0.0,0.0,4903565000.0,3129734000.0,1773831000.0,14030669102.0,-59038000.0,-179284000.0,-533000.0,-523210000.0,0.0,-547003000.0,-731433000.0,0.0,1226372000.0,-6974000.0,833200000.0,833200000.0,833200000.0,0.0,2739000.0,0.097,1544541000.0,1134340000.0,1334150000.0,0.0,2.609,16.839,16.803,3243838000.0,0.0,189.37,1.626,1.626,1448898000.0,4529441000.0,8631035000.0,8631035000.0,0.0,0.082,0.166,0.167,0.13,39903000.0,1544541000.0,1.0,74091298.0,74123000,74574000.0,116.442,7059773000.0,296732000.0,224554000.0,402632000.0,95.244,389469000.0
21,MHK,MRT,2016-03-31,2016-04-02,2016-04-02,2021-08-02,-672820000.0,10292315000.0,10114216750.0,3470551000.0,6821764000.0,0.827,69.612,-538696000.0,98305000.0,98305000.0,5824010000.0,766599000.0,1.044,0.993,3249779000.0,2076179000.0,1173600000.0,3249779000.0,0.0,377185000.0,0.0,0.0,0.0,1015238000.0,1392423000.0,0.167,1392423000.0,1015238000.0,948300000.0,10.37,10.3,10.37,5149625000.0,4840279250.0,5149625000.0,17348258999.0,17.0,12.459,591973000.0,8.002,1.0,2538422000.0,0.304,3290496000.0,66938000.0,6829625000.0,6818594000.0,1652030000.0,0.0,0.0,0.0,5112305000.0,3323668000.0,1788637000.0,14230019999.0,-8736000.0,-1367239000.0,-2592000.0,795853000.0,0.0,771270000.0,-1905935000.0,0.0,1130669000.0,-4740000.0,764504000.0,764504000.0,764504000.0,0.0,2095000.0,0.091,1498958000.0,1039464000.0,1247489000.0,0.0,2.763,18.613,18.554,3224327000.0,0.0,192.41,1.702,1.702,1406725000.0,4274254000.0,8362432000.0,8362432000.0,0.0,0.076,0.158,0.149,0.121,33175000.0,1498958000.0,1.0,73956759.0,73976000,74490000.0,113.043,7001819000.0,306941000.0,183796000.0,393145000.0,94.65,146883000.0
22,MHK,MRT,2015-12-31,2015-12-31,2015-12-31,2021-08-02,-793568000.0,9934400000.0,9612293500.0,3249972000.0,6684428000.0,0.84,66.029,-503657000.0,81692000.0,81692000.0,5660877000.0,616986000.0,0.997,1.041,3191967000.0,2003003000.0,1188964000.0,3191967000.0,0.0,362647000.0,0.0,0.0,0.0,818263000.0,1180910000.0,0.146,1180910000.0,818263000.0,747177000.0,8.37,8.31,8.37,4854173000.0,4607855750.0,4854173000.0,17081264834.0,21.0,14.464,425495000.0,5.788,1.0,2410686000.0,0.299,3229906000.0,71086000.0,6555741000.0,6481901500.0,1607256000.0,0.0,0.0,0.0,5051585000.0,3259028000.0,1792557000.0,14000989834.0,-16185000.0,-1370567000.0,4843000.0,953550000.0,0.0,946804000.0,-1874224000.0,0.0,929152000.0,-17917000.0,615302000.0,615302000.0,615302000.0,0.0,1684000.0,0.076,1573120000.0,837566000.0,1256025000.0,0.0,2.884,22.755,22.627,3147118000.0,0.0,189.39,1.735,1.725,1257505000.0,4102707000.0,8071563000.0,8071563000.0,0.0,0.064,0.134,0.126,0.101,32552000.0,1573120000.0,1.0,73926764.0,73516000,74043000.0,109.793,6704494000.0,307404000.0,131875000.0,388130000.0,91.198,-9056000.0
23,MHK,MRT,2015-09-30,2015-10-03,2015-10-03,2021-08-02,-698300000.0,10064482000.0,9200079500.0,3499194000.0,6565288000.0,0.872,64.251,-522294000.0,110716000.0,110716000.0,5694933000.0,572061000.0,1.06,1.113,3190991000.0,1927815000.0,1263176000.0,3190991000.0,0.0,364287000.0,0.0,0.0,0.0,777163000.0,1141450000.0,0.142,1141450000.0,777163000.0,703934000.0,7.77,7.72,7.77,4749085000.0,4498814000.0,4749085000.0,17272210969.0,22.0,15.132,473423000.0,6.405,1.0,2330079000.0,0.29,3199377000.0,73229000.0,6645596000.0,6389971750.0,1621154000.0,0.0,0.0,0.0,5286449000.0,3299784000.0,1986665000.0,13967425969.0,5147000.0,-1215582000.0,11076000.0,768380000.0,0.0,778369000.0,-1737876000.0,0.0,995717000.0,-31063000.0,570611000.0,570611000.0,570611000.0,0.0,1450000.0,0.071,1535635000.0,794444000.0,1371969000.0,0.0,2.941,24.478,24.32,3046491000.0,0.0,188.97,1.74,1.741,1340650000.0,3911148000.0,8025012000.0,8025012000.0,0.0,0.062,0.127,0.122,0.097,30952000.0,1535635000.0,1.0,73913457.0,73915000,74438000.0,108.571,6865105000.0,472319000.0,133323000.0,485043000.0,92.878,199410000.0
24,MHK,MRT,2015-06-30,2015-07-04,2015-07-04,2021-08-02,-625572000.0,10165670000.0,8859324000.0,3608622000.0,6557048000.0,0.888,62.899,-540529000.0,171087000.0,171087000.0,5639917000.0,507618000.0,1.202,1.2,3475872000.0,1698044000.0,1777828000.0,3475872000.0,0.0,354499000.0,0.0,0.0,0.0,709549000.0,1064048000.0,0.135,1064048000.0,709549000.0,620853000.0,6.94,6.89,6.94,4608234000.0,4454224000.0,4608234000.0,16451890727.0,23.0,15.462,291304000.0,3.976,1.0,2225097000.0,0.283,3225510000.0,88696000.0,7243414000.0,6413579250.0,1592403000.0,0.0,0.0,0.0,5529484000.0,3001531000.0,2527953000.0,14146676727.0,101043000.0,-1195150000.0,15515000.0,1020799000.0,0.0,1035227000.0,-1735679000.0,0.0,831833000.0,-30338000.0,506972000.0,506972000.0,506972000.0,0.0,646000.0,0.064,1505694000.0,719403000.0,1303487000.0,0.0,3.07,27.904,27.889,3014751000.0,0.0,193.55,1.799,1.803,1387687000.0,3696272000.0,7865014000.0,7865014000.0,0.0,0.057,0.114,0.111,0.09,29960000.0,1505694000.0,1.0,73090554.0,73264000,73756000.0,107.352,6940160000.0,470361000.0,113881000.0,518065000.0,94.728,607091000.0
25,MHK,MRT,2015-03-31,2015-04-04,2015-04-04,2021-08-02,-655394000.0,8284622000.0,8538326750.0,3203819000.0,5080803000.0,0.922,57.817,-545517000.0,107041000.0,107041000.0,5686748000.0,473705000.0,1.108,0.962,2412255000.0,1806175000.0,606080000.0,2412255000.0,0.0,350242000.0,0.0,0.0,0.0,680635000.0,1030877000.0,0.131,1030877000.0,680635000.0,588075000.0,6.5,6.44,6.5,4219931000.0,4468317750.0,4219931000.0,15682699238.0,23.0,15.213,138031000.0,1.891,1.0,2184780000.0,0.278,2215001000.0,92560000.0,5482855000.0,6313471250.0,1505632000.0,0.0,0.0,0.0,4060827000.0,2891980000.0,1168847000.0,13527136238.0,34396000.0,-7195000.0,14777000.0,-76979000.0,0.0,-63289000.0,-552712000.0,0.0,683548000.0,-33151000.0,473230000.0,473230000.0,473230000.0,0.0,475000.0,0.06,1498945000.0,685835000.0,1085805000.0,0.0,3.206,28.585,28.505,2618633000.0,0.0,185.28,1.718,1.718,1158858000.0,3509814000.0,7871528000.0,7871528000.0,0.0,0.055,0.106,0.108,0.086,28783000.0,1498945000.0,1.0,73009155.0,72988000,73530000.0,107.847,6069621000.0,394196000.0,114845000.0,394312000.0,83.159,311839000.0
26,MHK,MRT,2014-12-31,2014-12-31,2014-12-31,2021-08-02,-429321000.0,8285544000.0,8637543250.0,2980486000.0,5305058000.0,0.903,60.656,-561804000.0,97877000.0,97877000.0,5649254000.0,532254000.0,1.531,0.874,2253440000.0,851305000.0,1402135000.0,2253440000.0,0.0,345570000.0,0.0,0.0,0.0,761809000.0,1107379000.0,0.142,1107379000.0,761809000.0,663602000.0,7.3,7.25,7.3,4418006000.0,4534570000.0,4418006000.0,13610009539.0,18.0,12.29,100384000.0,1.378,1.0,2154192000.0,0.276,2306361000.0,98207000.0,6188022000.0,6621082500.0,1543313000.0,0.0,0.0,0.0,3862731000.0,1946724000.0,1916007000.0,11325262539.0,43811000.0,-3848000.0,12828000.0,-37291000.0,0.0,-25550000.0,-565652000.0,0.0,662188000.0,-27175000.0,531965000.0,531965000.0,531965000.0,0.0,289000.0,0.068,1381396000.0,772796000.0,1095419000.0,0.0,2.563,21.289,21.282,2703210000.0,0.0,155.36,1.451,1.45,1081963000.0,3487079000.0,7803446000.0,7803446000.0,0.0,0.062,0.117,0.115,0.098,27961000.0,1381396000.0,1.0,72896901.0,72837000,73363000.0,107.136,5979183000.0,295487000.0,131637000.0,410764000.0,82.09,1033762000.0
27,MHK,MRT,2014-09-30,2014-09-27,2014-09-27,2021-08-02,-122885000.0,8701460000.0,8689701500.0,3368814000.0,5332646000.0,0.895,62.73,-502607000.0,105569000.0,105569000.0,5650718000.0,479957000.0,1.84,0.902,2390316000.0,583495000.0,1806821000.0,2390316000.0,0.0,336234000.0,0.0,0.0,0.0,697857000.0,1034091000.0,0.133,1034091000.0,697857000.0,598125000.0,6.59,6.54,6.59,4570725000.0,4545332750.0,4570725000.0,12304793746.0,18.0,11.899,19006000.0,0.261,1.0,2125386000.0,0.273,2414824000.0,99732000.0,6740026000.0,6781980500.0,1640487000.0,0.0,0.0,0.0,4124942000.0,1831357000.0,2293585000.0,9947999746.0,41989000.0,6019000.0,19693000.0,4004000.0,0.0,23697000.0,-496588000.0,0.0,521613000.0,-6733000.0,479748000.0,479748000.0,479748000.0,15981000.0,209000.0,0.062,1416836000.0,708550000.0,1247862000.0,0.0,2.176,20.736,20.725,2772722000.0,0.0,136.58,1.279,1.28,1209557000.0,3340211000.0,7776104000.0,7776104000.0,0.0,0.055,0.106,0.103,0.09,25974000.0,1407722000.0,1.0,72836431.0,72864000,73376000.0,106.721,6286636000.0,282320000.0,118377000.0,374947000.0,86.279,1537457000.0
28,MHK,MRT,2014-06-30,2014-06-28,2014-06-28,2021-08-02,135379000.0,8881681000.0,8655375750.0,3379089000.0,5502592000.0,0.895,64.046,-470150000.0,70044000.0,70044000.0,5661128000.0,448256000.0,1.805,0.902,2426838000.0,619229000.0,1807609000.0,2426838000.0,0.0,332617000.0,0.0,0.0,0.0,655475000.0,988092000.0,0.128,988092000.0,655475000.0,564899000.0,6.15,6.11,6.15,4664609000.0,4483772750.0,4664609000.0,12362846741.0,19.0,12.512,38973000.0,0.535,1.0,2085854000.0,0.269,2522973000.0,90576000.0,6842982000.0,6831168250.0,1644768000.0,0.0,0.0,0.0,4208381000.0,1872520000.0,2335861000.0,9968831741.0,-98701000.0,6017000.0,23739000.0,-169795000.0,0.0,-146056000.0,-464133000.0,0.0,509123000.0,2365000.0,447550000.0,447550000.0,447550000.0,16534000.0,706000.0,0.058,1415094000.0,670760000.0,1253291000.0,0.0,2.137,22.274,22.257,2830202000.0,0.0,136.88,1.287,1.287,1261808000.0,3187640000.0,7746982000.0,7746982000.0,0.0,0.052,0.1,0.096,0.085,23010000.0,1405980000.0,1.0,72828987.0,72832000,73297000.0,106.368,6358708000.0,284676000.0,117349000.0,409332000.0,87.307,1506569000.0
29,MHK,MRT,2014-03-31,2014-03-29,2014-03-29,2021-08-02,115609000.0,8681488000.0,8562196500.0,3263274000.0,5418214000.0,0.896,61.655,-425349000.0,72645000.0,72645000.0,5649936000.0,379777000.0,1.77,0.934,2466660000.0,654871000.0,1811789000.0,2466660000.0,0.0,329506000.0,0.0,0.0,0.0,564907000.0,894413000.0,0.117,894413000.0,564907000.0,469721000.0,5.22,5.19,5.22,4484940000.0,4341533000.0,4484940000.0,12001462533.0,21.0,13.418,67752000.0,0.931,1.0,2025098000.0,0.264,2518688000.0,95186000.0,6713300000.0,6879888000.0,1632236000.0,0.0,0.0,0.0,4188044000.0,1843515000.0,2344529000.0,9795520533.0,-1047522000.0,-295678000.0,25433000.0,-857138000.0,0.0,-831705000.0,-721027000.0,0.0,493101000.0,12109000.0,379372000.0,379372000.0,379372000.0,17895000.0,405000.0,0.049,1443388000.0,581710000.0,1188644000.0,0.0,2.184,25.82,25.81,2745057000.0,0.0,134.73,1.276,1.277,1174895000.0,3034890000.0,7675034000.0,7675034000.0,0.0,0.044,0.087,0.082,0.074,20421000.0,1434274000.0,1.0,72704821.0,72742000,73282000.0,105.51,6162800000.0,288277000.0,90349000.0,423034000.0,84.721,1419759000.0
30,MHK,MRT,2013-12-31,2013-12-31,2013-12-31,2021-08-02,178689000.0,8494177000.0,8207285750.0,3085718000.0,5408459000.0,0.895,62.155,-366550000.0,54066000.0,54066000.0,5427945000.0,349291000.0,2.336,0.902,2260008000.0,127218000.0,2132790000.0,2260008000.0,0.0,308871000.0,0.0,0.0,0.0,519417000.0,828288000.0,0.113,828288000.0,519417000.0,427171000.0,4.86,4.82,4.86,4461057000.0,4151102500.0,4461057000.0,13096681123.0,25.0,15.812,158613000.0,2.21,1.0,1920809000.0,0.261,2547694000.0,92246000.0,6831614000.0,6603349250.0,1572325000.0,0.0,0.0,0.0,4023871000.0,1320811000.0,2703060000.0,10813839123.0,-423606000.0,-443466000.0,46776000.0,-153549000.0,0.0,-106773000.0,-810016000.0,0.0,525163000.0,-31980000.0,348786000.0,348786000.0,348786000.0,17895000.0,505000.0,0.047,1382992000.0,537817000.0,1193593000.0,0.0,2.424,31.004,30.638,2701743000.0,0.0,148.9,1.472,1.454,1062875000.0,2953809000.0,7348754000.0,7348754000.0,0.0,0.042,0.084,0.079,0.071,18311000.0,1373878000.0,1.0,72624843.0,71773000,72301000.0,102.389,5946483000.0,306556000.0,78385000.0,445823000.0,82.851,1764907000.0
31,MHK,MRT,2013-09-30,2013-09-28,2013-09-28,2021-08-02,146225000.0,8564157000.0,7659662500.0,3188463000.0,5375694000.0,0.896,59.586,-328819000.0,63580000.0,63580000.0,5082966000.0,320897000.0,2.302,0.978,2346422000.0,89031000.0,2257391000.0,2346422000.0,0.0,286420000.0,0.0,0.0,0.0,481692000.0,768112000.0,0.112,768112000.0,481692000.0,396192000.0,4.5,4.47,4.5,4324485000.0,3965742500.0,4324485000.0,11798664703.0,24.0,15.361,287197000.0,3.957,1.0,1777343000.0,0.259,2524999000.0,85500000.0,6936777000.0,6005629500.0,1612696000.0,0.0,0.0,0.0,4230524000.0,1385223000.0,2845301000.0,9433654703.0,-317262000.0,-449466000.0,45430000.0,-178452000.0,0.0,-133022000.0,-778285000.0,0.0,616016000.0,-21971000.0,320524000.0,320524000.0,320524000.0,1914000.0,373000.0,0.047,1291908000.0,485435000.0,1296192000.0,0.0,2.181,29.432,28.909,2683984000.0,0.0,130.09,1.375,1.376,1154368000.0,2859158000.0,6860309000.0,6860309000.0,0.0,0.042,0.081,0.08,0.07,16706000.0,1285540000.0,1.0,72516371.0,72575000,73087000.0,94.527,6039158000.0,302763000.0,75668000.0,452588000.0,83.213,1803240000.0
32,MHK,MRT,2013-06-30,2013-06-29,2013-06-29,2021-08-02,49806000.0,8508964000.0,7094276250.0,3270195000.0,5238769000.0,0.898,56.565,-266704000.0,168745000.0,168745000.0,4738976000.0,271642000.0,2.431,1.075,2533755000.0,83171000.0,2450584000.0,2533755000.0,0.0,276168000.0,0.0,0.0,0.0,411633000.0,687801000.0,0.108,687801000.0,411633000.0,333794000.0,3.88,3.85,3.88,4095650000.0,3783355000.0,4095650000.0,9340505447.0,23.0,13.58,339224000.0,4.685,1.0,1633290000.0,0.256,2491151000.0,77839000.0,7037861000.0,5446960750.0,1591552000.0,0.0,0.0,0.0,4404671000.0,1344962000.0,3059709000.0,8154156447.0,-150718000.0,-449464000.0,39400000.0,-61768000.0,0.0,-22368000.0,-716168000.0,0.0,605928000.0,-18110000.0,271760000.0,271760000.0,271760000.0,1361000.0,-118000.0,0.043,1220126000.0,413164000.0,1261791000.0,0.0,1.991,30.005,28.992,2594256000.0,0.0,112.49,1.28,1.278,1145550000.0,2740090000.0,6372266000.0,6372266000.0,0.0,0.038,0.072,0.076,0.065,15181000.0,1213436000.0,1.0,72487834.0,72406000,72867000.0,88.007,6017813000.0,287851000.0,62034000.0,452822000.0,83.112,1925233000.0
33,MHK,MRT,2013-03-31,2013-03-30,2013-03-30,2021-08-02,82242000.0,7261845000.0,6533229500.0,3446606000.0,3815239000.0,0.898,53.668,-228325000.0,1120167000.0,1120167000.0,4358062000.0,260448000.0,3.927,0.95,2306516000.0,53496000.0,2253020000.0,2306516000.0,0.0,267356000.0,0.0,0.0,0.0,385787000.0,653143000.0,0.111,653143000.0,385787000.0,314416000.0,3.77,3.75,3.77,3723218000.0,3628522000.0,3723218000.0,8747477911.0,23.0,13.393,364791000.0,5.258,1.0,1507698000.0,0.257,1963418000.0,71371000.0,5607145000.0,4901027750.0,1230250000.0,0.0,0.0,0.0,3537261000.0,877631000.0,2659630000.0,7842207911.0,815392000.0,-154776000.0,38233000.0,610952000.0,0.0,649185000.0,-383101000.0,0.0,593116000.0,-43808000.0,260376000.0,260376000.0,260376000.0,0.0,72000.0,0.044,1120014000.0,387684000.0,824135000.0,0.0,2.106,30.119,30.005,1729916000.0,0.0,113.12,1.337,1.338,825659000.0,2655518000.0,5865760000.0,5865760000.0,0.0,0.04,0.072,0.079,0.066,14015000.0,1113324000.0,1.0,69326449.0,69375000,69897000.0,84.551,5298427000.0,235424000.0,54040000.0,319290000.0,76.374,2568975000.0
34,MHK,MRT,2012-12-31,2012-12-31,2012-12-31,2021-08-02,159733000.0,6303684000.0,6317566750.0,2550046000.0,3753638000.0,0.916,53.917,-208294000.0,477672000.0,477672000.0,4297922000.0,250893000.0,3.077,0.695,1382942000.0,55213000.0,1327729000.0,1382942000.0,0.0,280293000.0,0.0,0.0,0.0,378570000.0,658863000.0,0.114,658863000.0,378570000.0,303857000.0,3.63,3.61,3.63,3719617000.0,3577541750.0,3719617000.0,7391995564.0,20.0,11.219,379296000.0,5.498,1.0,1490058000.0,0.257,1939570000.0,74713000.0,4440735000.0,4755521000.0,1133736000.0,0.0,0.0,0.0,2584067000.0,828649000.0,1755418000.0,6247895564.0,165727000.0,-7007000.0,16153000.0,-197561000.0,0.0,-216831000.0,-215301000.0,0.0,587590000.0,10269000.0,250258000.0,250258000.0,250258000.0,0.0,635000.0,0.043,1110853000.0,379205000.0,773436000.0,0.0,1.68,24.966,24.923,1692852000.0,0.0,90.47,1.079,1.078,679473000.0,2605023000.0,5787980000.0,5787980000.0,0.0,0.04,0.07,0.08,0.065,14082000.0,1110550000.0,1.0,69060413.0,68988000,69306000.0,83.898,4364114000.0,232801000.0,53599000.0,329810000.0,63.259,1721397000.0
35,MHK,MRT,2012-09-30,2012-09-29,2012-09-29,2021-08-02,112854000.0,6302612000.0,6293202750.0,2596729000.0,3705883000.0,0.911,52.093,-228311000.0,380842000.0,380842000.0,4274474000.0,228401000.0,3.171,0.753,1524942000.0,57673000.0,1467269000.0,1524942000.0,0.0,291345000.0,0.0,0.0,0.0,349147000.0,640492000.0,0.112,640492000.0,349147000.0,265706000.0,3.29,3.27,3.29,3594935000.0,3501583750.0,3594935000.0,6829297803.0,20.0,10.663,233041000.0,3.377,1.0,1456144000.0,0.254,1925751000.0,83441000.0,4702102000.0,4745112500.0,1139403000.0,0.0,0.0,0.0,2707677000.0,818859000.0,1888818000.0,5521072803.0,104686000.0,-7007000.0,10440000.0,-87863000.0,0.0,-112847000.0,-235318000.0,0.0,461352000.0,-8501000.0,226800000.0,226800000.0,226800000.0,0.0,1601000.0,0.04,1106766000.0,349378000.0,761186000.0,0.0,1.536,24.343,24.322,1657226000.0,0.0,80.02,0.963,0.964,817214000.0,2538634000.0,5730618000.0,5730618000.0,0.0,0.036,0.065,0.074,0.061,13240000.0,1106202000.0,1.0,68996161.0,69010000,69337000.0,83.04,4376861000.0,235901000.0,38906000.0,329190000.0,63.424,1777870000.0
36,MHK,MRT,2012-06-30,2012-06-30,2012-06-30,2021-08-02,70464000.0,6264777000.0,6286941750.0,2534186000.0,3730591000.0,0.907,50.393,-250741000.0,319463000.0,319463000.0,4258707000.0,205793000.0,3.206,0.802,1627688000.0,57158000.0,1570530000.0,1627688000.0,0.0,294254000.0,0.0,0.0,0.0,322516000.0,616770000.0,0.108,616770000.0,322516000.0,231912000.0,2.95,2.94,2.95,3476318000.0,3457533750.0,3476318000.0,6211240526.0,19.0,10.071,117238000.0,1.699,1.0,1440930000.0,0.253,1928304000.0,90604000.0,4854129000.0,4663566250.0,1161073000.0,0.0,0.0,0.0,2788459000.0,790569000.0,1997890000.0,4816287526.0,34041000.0,-31104000.0,7753000.0,10478000.0,0.0,-16528000.0,-281845000.0,0.0,367979000.0,-35565000.0,203142000.0,203142000.0,203142000.0,0.0,2651000.0,0.036,1117133000.0,323797000.0,733411000.0,0.0,1.385,23.709,23.671,1652444000.0,0.0,69.83,0.845,0.845,782122000.0,2468330000.0,5699637000.0,5699637000.0,0.0,0.032,0.059,0.069,0.057,12520000.0,1103478000.0,1.0,68971610.0,68984000,69259000.0,82.623,4336473000.0,276456000.0,28770000.0,334070000.0,62.862,1743617000.0
37,MHK,MRT,2012-03-31,2012-03-31,2012-03-31,2021-08-02,190617000.0,6399194000.0,6317997500.0,2544628000.0,3854566000.0,0.903,51.107,-266013000.0,304775000.0,304775000.0,4272985000.0,194699000.0,3.268,0.818,1699728000.0,57309000.0,1642419000.0,1699728000.0,0.0,296767000.0,0.0,0.0,0.0,315351000.0,612118000.0,0.107,612118000.0,315351000.0,217831000.0,2.78,2.76,2.78,3519297000.0,3467694000.0,3519297000.0,5851588558.0,19.0,9.56,57923000.0,0.841,1.0,1434713000.0,0.251,1990337000.0,97520000.0,5025118000.0,4546889750.0,1164991000.0,0.0,0.0,0.0,2879897000.0,778692000.0,2101205000.0,4577094558.0,48544000.0,-24097000.0,8259000.0,59088000.0,0.0,30443000.0,-290110000.0,0.0,323936000.0,-15725000.0,190857000.0,190857000.0,190857000.0,0.0,3842000.0,0.033,1117330000.0,317383000.0,721383000.0,0.0,1.301,23.982,23.924,1718396000.0,0.0,66.51,0.802,0.802,782000000.0,2395142000.0,5707698000.0,5707698000.0,0.0,0.03,0.055,0.069,0.055,11869000.0,1103279000.0,1.0,68818141.0,68862000,69141000.0,82.886,4408857000.0,301943000.0,26974000.0,362948000.0,64.025,1765936000.0
38,MHK,MRT,2011-12-31,2011-12-31,2011-12-31,2021-08-02,135639000.0,6206228000.0,6284757250.0,2398164000.0,3808064000.0,0.898,49.694,-275573000.0,311945000.0,311945000.0,4225379000.0,178225000.0,2.177,0.807,1586439000.0,386255000.0,1200184000.0,1586439000.0,0.0,297734000.0,0.0,0.0,0.0,297188000.0,594922000.0,0.105,594922000.0,297188000.0,195571000.0,2.53,2.52,2.53,3415785000.0,3441202750.0,3415785000.0,5450782991.0,18.0,9.162,25420000.0,0.37,1.0,1416879000.0,0.251,1980275000.0,101617000.0,4399101000.0,4478357250.0,1113630000.0,0.0,0.0,0.0,2756720000.0,1101346000.0,1655374000.0,4115600991.0,-42272000.0,-24097000.0,3787000.0,-60101000.0,0.0,-33124000.0,-299670000.0,0.0,300993000.0,-10471000.0,173922000.0,173922000.0,173922000.0,0.0,4303000.0,0.031,1115388000.0,301491000.0,715091000.0,0.0,1.205,23.663,23.656,1712154000.0,0.0,59.85,0.729,0.729,686165000.0,2354765000.0,5642258000.0,5642258000.0,0.0,0.028,0.051,0.066,0.053,10159000.0,1101337000.0,1.0,68765263.0,68736000,68964000.0,82.086,4225953000.0,266545000.0,21649000.0,355653000.0,61.481,1296818000.0
39,MHK,MRT,2011-09-30,2011-10-01,2011-10-01,2021-08-02,184631000.0,6277568000.0,6257931750.0,2440588000.0,3836980000.0,0.883,49.721,-252200000.0,276156000.0,276156000.0,4103031000.0,181764000.0,2.012,0.827,1611338000.0,438300000.0,1173038000.0,1611338000.0,0.0,297326000.0,0.0,0.0,0.0,319081000.0,616407000.0,0.112,616407000.0,319081000.0,211428000.0,2.58,2.56,2.58,3418735000.0,3405145500.0,3418735000.0,4273349375.0,13.0,6.933,-4694000.0,-0.068,1.0,1423128000.0,0.258,2023594000.0,107653000.0,4375917000.0,4447307500.0,1132073000.0,0.0,0.0,0.0,2826075000.0,1213239000.0,1612836000.0,2950436375.0,-89679000.0,-24097000.0,4022000.0,-50636000.0,0.0,-51865000.0,-276296000.0,0.0,247506000.0,-9024000.0,176749000.0,176749000.0,176749000.0,0.0,5015000.0,0.032,1102049000.0,321079000.0,774939000.0,0.0,0.863,16.693,16.632,1696182000.0,0.0,42.91,0.534,0.534,775421000.0,2311834000.0,5526159000.0,5526159000.0,0.0,0.028,0.052,0.072,0.058,9793000.0,1088240000.0,1.0,68758713.0,68759000,,80.37,4253974000.0,249135000.0,34679000.0,343870000.0,61.868,1227349000.0
40,MHK,MRT,2011-06-30,2011-07-02,2011-07-02,2021-08-02,331558000.0,6389000000.0,6236517250.0,2447237000.0,3941763000.0,0.865,51.16,-221560000.0,285422000.0,285422000.0,3982762000.0,186332000.0,1.999,0.807,1608335000.0,453185000.0,1155150000.0,1608335000.0,0.0,296075000.0,0.0,0.0,0.0,330733000.0,626808000.0,0.116,626808000.0,330733000.0,218166000.0,2.64,2.62,2.64,3516959000.0,3371585250.0,3516959000.0,5607743743.0,17.0,8.947,37765000.0,0.549,1.0,1410437000.0,0.262,2100008000.0,112567000.0,4387423000.0,4415680750.0,1102769000.0,0.0,0.0,0.0,2839741000.0,1224482000.0,1615259000.0,4234080743.0,-57251000.0,-79917000.0,4078000.0,-44256000.0,0.0,-46572000.0,-296862000.0,0.0,259325000.0,26858000.0,181197000.0,181197000.0,181197000.0,0.0,5135000.0,0.034,1082227000.0,328210000.0,771297000.0,0.0,1.204,23.367,23.333,1730914000.0,0.0,61.6,0.785,0.785,797893000.0,2265188000.0,5393199000.0,5393199000.0,0.0,0.029,0.054,0.075,0.061,9604000.0,1081831000.0,1.0,68735077.0,68744000,,78.453,4288992000.0,246179000.0,36969000.0,366610000.0,62.391,1222755000.0
41,MHK,MRT,2011-03-31,2011-04-02,2011-04-02,2021-08-02,292828000.0,6266233000.0,6140246250.0,2339675000.0,3926558000.0,0.866,49.703,-185682000.0,256231000.0,256231000.0,3912485000.0,193203000.0,2.952,0.826,1629894000.0,52706000.0,1577188000.0,1629894000.0,0.0,294228000.0,0.0,0.0,0.0,318918000.0,613146000.0,0.115,613146000.0,318918000.0,193080000.0,2.7,2.69,2.7,3413332000.0,3262080000.0,3413332000.0,5561734750.0,17.0,9.071,112809000.0,1.643,1.0,1402946000.0,0.264,2096434000.0,125838000.0,4750988000.0,4351157500.0,1075613000.0,0.0,0.0,0.0,2819646000.0,792474000.0,2027172000.0,4290323750.0,-196104000.0,-79917000.0,3118000.0,-243171000.0,0.0,-244765000.0,-260984000.0,0.0,298491000.0,11154000.0,188375000.0,188375000.0,188375000.0,0.0,4828000.0,0.035,1086314000.0,316632000.0,739768000.0,0.0,1.257,22.775,23.148,1715895000.0,0.0,62.5,0.807,0.807,754826000.0,2204285000.0,5315431000.0,5315431000.0,0.0,0.031,0.058,0.073,0.06,8919000.0,1086314000.0,1.0,68645180.0,68674000,,77.401,4169799000.0,247716000.0,4705000.0,355342000.0,60.719,1547201000.0
42,MHK,MRT,2010-12-31,2010-12-31,2010-12-31,2021-08-02,178097000.0,6098926000.0,6153413000.0,2248613000.0,3850313000.0,0.864,47.689,-156180000.0,382171000.0,382171000.0,3916472000.0,189935000.0,2.144,0.853,1653582000.0,350588000.0,1302994000.0,1653582000.0,0.0,296773000.0,0.0,0.0,0.0,321335000.0,618108000.0,0.116,618108000.0,321335000.0,188184000.0,2.66,2.65,2.66,3271556000.0,3189152750.0,3271556000.0,5182607588.0,16.0,8.385,163532000.0,2.384,1.0,1402600000.0,0.264,2046521000.0,133151000.0,4274902000.0,4212520750.0,1007503000.0,0.0,0.0,0.0,2791929000.0,1048914000.0,1743015000.0,3893805588.0,-177241000.0,-79917000.0,2445000.0,-226218000.0,0.0,-255199000.0,-231482000.0,0.0,319712000.0,-10272000.0,185471000.0,185471000.0,185471000.0,0.0,4464000.0,0.035,1088431000.0,314169000.0,698326000.0,0.0,1.19,20.994,21.338,1687124000.0,0.0,56.76,0.732,0.732,614473000.0,2180843000.0,5319072000.0,5319072000.0,0.0,0.03,0.058,0.076,0.06,6888000.0,1088431000.0,1.0,68601226.0,68601226,,77.536,4052405000.0,249972000.0,2713000.0,346503000.0,59.072,1199699000.0
43,MHK,MRT,2010-09-30,2010-10-02,2010-10-02,2021-08-02,236377000.0,6191910000.0,6226543000.0,2294202000.0,3897708000.0,0.868,47.884,-123884000.0,365835000.0,365835000.0,4001354000.0,163787000.0,2.028,0.876,1654637000.0,351486000.0,1303151000.0,1654637000.0,0.0,304078000.0,0.0,0.0,0.0,279727000.0,583805000.0,0.108,583805000.0,279727000.0,142215000.0,2.28,2.29,2.28,3284494000.0,3171469500.0,3284494000.0,5015763804.0,18.0,8.592,345995000.0,5.044,1.0,1402628000.0,0.26,2099991000.0,137512000.0,4249410000.0,4302289000.0,996271000.0,0.0,0.0,0.0,2876410000.0,1131311000.0,1745099000.0,3703974804.0,59690000.0,-79917000.0,1671000.0,-202028000.0,0.0,-204208000.0,-199187000.0,0.0,469879000.0,-6794000.0,159492000.0,159492000.0,159492000.0,0.0,4295000.0,0.03,1127234000.0,275394000.0,779825000.0,0.0,1.128,23.224,23.684,1680541000.0,0.0,54.0,0.685,0.685,697491000.0,2138329000.0,5403982000.0,5403982000.0,0.0,0.026,0.05,0.065,0.052,8479000.0,1127234000.0,1.0,68592126.0,68593000,68773000.0,78.783,4091919000.0,236905000.0,-17277000.0,352228000.0,59.655,1162891000.0
44,MHK,MRT,2010-06-30,2010-07-03,2010-07-03,2021-08-02,83804000.0,6003916000.0,6300679250.0,2284860000.0,3719056000.0,0.869,44.892,-103141000.0,342673000.0,342673000.0,4049840000.0,146918000.0,1.969,0.94,1654462000.0,351307000.0,1303155000.0,1654462000.0,0.0,307557000.0,0.0,0.0,0.0,259755000.0,567312000.0,0.104,567312000.0,259755000.0,119971000.0,2.04,2.05,2.04,3078938000.0,3154312250.0,3078938000.0,4432760253.0,17.0,7.814,388495000.0,5.664,1.0,1427155000.0,0.261,2026159000.0,139784000.0,4129330000.0,4456409500.0,965778000.0,0.0,0.0,0.0,2894726000.0,1160216000.0,1734510000.0,3030232253.0,116130000.0,-5924000.0,1816000.0,-248939000.0,0.0,-250871000.0,-109065000.0,0.0,491636000.0,-15570000.0,142746000.0,142746000.0,142746000.0,0.0,4172000.0,0.026,1168872000.0,258283000.0,808909000.0,0.0,0.984,21.228,21.662,1654161000.0,0.0,44.19,0.553,0.553,703458000.0,2087235000.0,5476995000.0,5476995000.0,0.0,0.023,0.045,0.058,0.047,8686000.0,1168872000.0,1.0,68572805.0,68585000,68789000.0,79.857,3977757000.0,174349000.0,-22775000.0,340773000.0,57.997,1124644000.0
45,MHK,MRT,2010-03-31,2010-04-03,2010-04-03,2021-08-02,196930000.0,6318900000.0,6388622500.0,2443458000.0,3875442000.0,0.858,45.556,-105141000.0,452335000.0,452335000.0,4063134000.0,125160000.0,1.732,1.015,1854863000.0,551426000.0,1303437000.0,1854863000.0,0.0,312122000.0,0.0,0.0,0.0,250757000.0,562879000.0,0.103,562879000.0,250757000.0,120002000.0,1.77,1.77,1.77,3121623000.0,3159770750.0,3121623000.0,5071690013.0,20.0,9.01,482953000.0,7.048,1.0,1419787000.0,0.259,2113871000.0,130755000.0,4196441000.0,4635620750.0,932785000.0,0.0,0.0,0.0,3167411000.0,1411116000.0,1756295000.0,3748669013.0,315783000.0,-5924000.0,1269000.0,-156343000.0,0.0,-161864000.0,-111065000.0,0.0,588094000.0,618000.0,120926000.0,120926000.0,120926000.0,0.0,4234000.0,0.022,1176552000.0,243235000.0,859690000.0,0.0,1.201,31.0,30.921,1719051000.0,0.0,54.73,0.684,0.684,788124000.0,2019154000.0,5482921000.0,5482921000.0,0.0,0.019,0.038,0.054,0.046,9309000.0,1176552000.0,1.0,68493861.0,68523000,68730000.0,80.016,4205029000.0,179035000.0,-924000.0,353766000.0,61.367,1032342000.0
46,MHK,MRT,2009-12-31,2009-12-31,2009-12-31,2021-08-02,296917000.0,6391446000.0,6380806500.0,2359000000.0,4032446000.0,0.838,46.76,-108925000.0,531458000.0,531458000.0,4111794000.0,-1019000.0,2.668,0.986,1854479000.0,52907000.0,1801572000.0,1854479000.0,0.0,303004000.0,0.0,0.0,0.0,44838000.0,347842000.0,0.065,347842000.0,44838000.0,-82193000.0,-0.08,-0.08,-0.08,3200823000.0,3119193500.0,3200823000.0,4808165018.0,107.0,13.823,563280000.0,8.229,1.0,1232230000.0,0.231,2196470000.0,127031000.0,4633975000.0,4835965500.0,892981000.0,0.0,0.0,0.0,3157164000.0,884022000.0,2273142000.0,3259009018.0,437939000.0,-5924000.0,884000.0,-121984000.0,0.0,-125844000.0,-114849000.0,0.0,672205000.0,6427000.0,-5499000.0,-5499000.0,-5499000.0,0.0,4480000.0,-0.001,1188500000.0,43730000.0,831115000.0,0.0,1.018,-592.655,-595.0,1791412000.0,0.0,47.6,0.61,0.61,673931000.0,1998616000.0,5344024000.0,5344024000.0,0.0,-0.001,-0.002,0.009,0.008,9995000.0,1188500000.0,1.0,68466576.0,68452000,68452000.0,78.07,4194976000.0,175554000.0,-76694000.0,370903000.0,61.283,1474978000.0
47,MHK,MRT,2009-09-30,2009-09-26,2009-09-26,2021-08-02,334728000.0,6488455000.0,6394488750.0,2359111000.0,4129344000.0,0.857,46.977,-133783000.0,306145000.0,306145000.0,4235590000.0,-148729000.0,2.537,1.008,1855301000.0,53163000.0,1802138000.0,1855301000.0,0.0,290211000.0,0.0,0.0,0.0,-112285000.0,177926000.0,0.032,177926000.0,-112285000.0,-234790000.0,-2.25,-2.24,-2.25,3215865000.0,3107438500.0,3215865000.0,4887026037.0,-44.0,27.467,478044000.0,6.983,1.0,1246498000.0,0.227,2241977000.0,122505000.0,4865892000.0,4973282250.0,939478000.0,0.0,0.0,0.0,3242366000.0,929742000.0,2312624000.0,3254148037.0,244120000.0,-5854000.0,597000.0,-237138000.0,0.0,-241003000.0,-139637000.0,0.0,611827000.0,12933000.0,-152893000.0,-152893000.0,-152893000.0,0.0,4164000.0,-0.028,1343048000.0,-96550000.0,876579000.0,0.0,1.012,-21.284,-21.129,1841779000.0,0.0,47.54,0.594,0.594,832105000.0,1978837000.0,5482088000.0,5482088000.0,0.0,-0.024,-0.049,-0.023,-0.02,9638000.0,1218563000.0,1.0,68450737.0,68456000,68653000.0,80.082,4246478000.0,209604000.0,-81897000.0,402535000.0,62.032,1429369000.0
48,MHK,MRT,2009-06-30,2009-06-27,2009-06-27,2021-08-02,256477000.0,6355689000.0,6515483000.0,2255773000.0,4099916000.0,0.9,45.3,-164937000.0,226543000.0,226543000.0,4546447000.0,-1667381000.0,2.423,1.04,1859421000.0,55335000.0,1804086000.0,1859421000.0,0.0,291488000.0,0.0,0.0,0.0,-1486267000.0,-1194779000.0,-0.204,-1194779000.0,-1486267000.0,-1606994000.0,-24.45,-24.44,-24.45,3100772000.0,3140008500.0,3100772000.0,4270351741.0,-3.0,-3.574,494003000.0,7.217,1.0,1316110000.0,0.224,2211467000.0,120727000.0,4846175000.0,5099319250.0,936336000.0,0.0,0.0,0.0,3225366000.0,930925000.0,2294441000.0,2425790741.0,162505000.0,-8276000.0,439000.0,-320184000.0,0.0,-328701000.0,-173213000.0,0.0,658940000.0,5479000.0,-1672022000.0,-1672022000.0,-1672022000.0,0.0,4641000.0,-0.285,2781831000.0,-1465721000.0,875590000.0,0.0,0.782,-1.451,-1.449,1864301000.0,0.0,35.44,0.414,0.414,778456000.0,1944489000.0,5862557000.0,5862557000.0,0.0,-0.257,-0.532,-0.291,-0.254,9485000.0,1238434000.0,1.0,68447820.0,68449000,68613000.0,85.649,4144222000.0,210720000.0,65028000.0,383139000.0,60.545,1324848000.0
49,MHK,MRT,2009-03-31,2009-03-28,2009-03-28,2021-08-02,163420000.0,6287636000.0,7166443750.0,2226621000.0,4061015000.0,0.879,43.244,-188946000.0,136552000.0,136552000.0,4864976000.0,-1624172000.0,2.305,1.114,1981113000.0,137501000.0,1843612000.0,1981113000.0,0.0,289478000.0,0.0,0.0,0.0,-1421154000.0,-1131676000.0,-0.18,-1131676000.0,-1421154000.0,-1544621000.0,-23.83,-23.82,-23.83,2959314000.0,3625539750.0,2959314000.0,4091150300.0,-3.0,-3.615,505238000.0,7.383,1.0,1431614000.0,0.227,2168479000.0,123467000.0,4997820000.0,5327653500.0,985463000.0,0.0,0.0,0.0,3296214000.0,965898000.0,2330316000.0,2229883300.0,63263000.0,-8276000.0,1070000.0,-429169000.0,0.0,-433952000.0,-197222000.0,0.0,694184000.0,253000.0,-1629505000.0,-1629505000.0,-1629505000.0,0.0,5333000.0,-0.259,2825950000.0,-1394336000.0,828397000.0,0.0,0.754,-1.368,-1.367,1867072000.0,0.0,32.58,0.354,0.354,784677000.0,1898228000.0,6296590000.0,6296590000.0,0.0,-0.227,-0.449,-0.267,-0.226,11766000.0,1282553000.0,1.0,68443318.0,68433000,68433000.0,92.011,4119157000.0,216980000.0,84884000.0,381994000.0,60.193,1260723000.0
50,MHK,MRT,2008-12-31,2008-12-31,2008-12-31,2021-08-02,254535000.0,6446175000.0,7848889500.0,2246249000.0,4199926000.0,0.87,46.108,-217824000.0,93519000.0,93519000.0,5088584000.0,-1452534000.0,2.562,1.034,1954786000.0,94785000.0,1860001000.0,1954786000.0,0.0,295054000.0,0.0,0.0,0.0,-1151116000.0,-856062000.0,-0.125,-856062000.0,-1151116000.0,-1278166000.0,-21.32,-21.32,-21.32,3153803000.0,4122956250.0,3153803000.0,4934089877.0,-4.0,-5.764,358262000.0,5.238,1.0,1737764000.0,0.255,2247284000.0,127050000.0,5183242000.0,5559474500.0,1168272000.0,0.0,0.0,0.0,3261242000.0,876916000.0,2384326000.0,2939753877.0,3915000.0,-8276000.0,1915000.0,-345119000.0,0.0,-348922000.0,-226100000.0,0.0,576086000.0,2851000.0,-1458228000.0,-1458228000.0,-1458228000.0,0.0,5694000.0,-0.214,2861898000.0,-1124134000.0,782131000.0,0.0,0.932,-2.016,-2.015,1925742000.0,0.0,42.97,0.431,0.431,696284000.0,2004115000.0,6826348000.0,6826348000.0,0.0,-0.186,-0.354,-0.207,-0.169,11657000.0,1318501000.0,1.0,68414100.0,68401000,68401000.0,99.799,4198891000.0,176103000.0,180062000.0,419985000.0,61.386,1369333000.0
51,MHK,MRT,2008-09-30,2008-09-27,2008-09-27,2021-08-02,322450000.0,6972432000.0,8407358250.0,2504086000.0,4468346000.0,0.85,48.912,-220566000.0,62025000.0,62025000.0,5277379000.0,-939399000.0,2.251,1.084,2056361000.0,131663000.0,1924698000.0,2056361000.0,0.0,307593000.0,0.0,0.0,0.0,-858879000.0,-551286000.0,-0.077,-551286000.0,-858879000.0,-992162000.0,-13.88,-13.92,-13.88,3346145000.0,4511344750.0,3346145000.0,6904895192.0,-8.0,-12.525,434971000.0,6.358,1.0,1871065000.0,0.262,2484147000.0,133283000.0,5370040000.0,5686557000.0,1234696000.0,0.0,0.0,0.0,3626287000.0,1112581000.0,2513706000.0,4781899192.0,-19639000.0,-12671000.0,3988000.0,-436077000.0,0.0,-442048000.0,-233237000.0,0.0,655537000.0,109000.0,-951499000.0,-951499000.0,-951499000.0,0.0,12100000.0,-0.133,2721317000.0,-850252000.0,980918000.0,0.0,1.429,-5.026,-5.036,1963939000.0,0.0,69.9,0.669,0.669,933741000.0,2131731000.0,7148444000.0,7148444000.0,0.0,-0.113,-0.211,-0.151,-0.12,11226000.0,1302405000.0,1.0,68410575.0,68411000,68411000.0,104.493,4488285000.0,171420000.0,-40663000.0,469533000.0,65.608,1391505000.0
52,MHK,MRT,2008-06-30,2008-06-28,2008-06-28,2021-08-02,537113000.0,8959532000.0,8796042750.0,2566266000.0,6393266000.0,0.833,73.723,-208502000.0,64038000.0,64038000.0,5345710000.0,665912000.0,2.043,0.777,2187034000.0,290392000.0,1896642000.0,2187034000.0,0.0,305517000.0,0.0,0.0,0.0,648035000.0,953552000.0,0.13,953552000.0,648035000.0,507774000.0,9.61,9.56,9.61,5042897000.0,4736741500.0,5042897000.0,6730672886.0,10.0,7.059,544133000.0,7.955,1.0,1977377000.0,0.27,4066881000.0,140261000.0,5759512000.0,5742572750.0,1250300000.0,0.0,0.0,0.0,3916635000.0,1256135000.0,2660500000.0,4433163886.0,6275000.0,-147097000.0,7050000.0,-389177000.0,0.0,-386765000.0,-355599000.0,0.0,752635000.0,-3996000.0,655336000.0,655336000.0,655336000.0,0.0,10576000.0,0.089,1325715000.0,651662000.0,965743000.0,0.0,0.879,6.765,6.744,2018813000.0,0.0,64.81,0.605,0.605,982378000.0,3616512000.0,7323087000.0,7323087000.0,0.0,0.075,0.138,0.113,0.088,11889000.0,1325715000.0,1.0,68402467.0,68403000,68617000.0,107.058,4892651000.0,445904000.0,-147562000.0,638685000.0,71.527,1310131000.0
53,MHK,MRT,2008-03-31,2008-03-29,2008-03-29,2021-08-02,536779000.0,9017419000.0,8633611750.0,2595874000.0,6421545000.0,0.864,72.38,-194091000.0,73289000.0,73289000.0,5409069000.0,690764000.0,1.996,0.822,2370798000.0,367785000.0,2003013000.0,2370798000.0,0.0,305847000.0,0.0,0.0,0.0,704653000.0,1010500000.0,0.135,1010500000.0,704653000.0,557996000.0,10.0,9.95,10.0,4948980000.0,4478224750.0,4948980000.0,7081629199.0,10.0,7.008,517358000.0,7.566,1.0,2051183000.0,0.275,4089183000.0,146657000.0,5925104000.0,5673862750.0,1296424000.0,0.0,0.0,0.0,4068439000.0,1300641000.0,2767798000.0,4889399199.0,19691000.0,-147097000.0,17296000.0,-366814000.0,0.0,-351449000.0,-341188000.0,0.0,711449000.0,879000.0,681826000.0,681826000.0,681826000.0,0.0,8938000.0,0.091,1347336000.0,703847000.0,932856000.0,0.0,0.988,7.171,7.149,2026058000.0,0.0,71.49,0.655,0.655,955325000.0,3527733000.0,7460252000.0,7460252000.0,0.0,0.079,0.152,0.124,0.094,8361000.0,1347336000.0,1.0,68392771.0,68375000,68579000.0,109.108,4928236000.0,441711000.0,-123830000.0,639209000.0,72.077,1295233000.0
54,MHK,MRT,2007-12-31,2007-12-31,2007-12-31,2021-08-02,363981000.0,8680050000.0,8458078000.0,2449720000.0,6230330000.0,0.897,69.051,-163076000.0,89604000.0,89604000.0,5471234000.0,714413000.0,2.022,0.844,2281834000.0,260439000.0,2021395000.0,2281834000.0,0.0,306437000.0,0.0,0.0,0.0,758586000.0,1065023000.0,0.14,1065023000.0,758586000.0,604117000.0,10.37,10.32,10.37,4707357000.0,4204129000.0,4707357000.0,7467130086.0,10.0,7.011,717319000.0,10.522,1.0,2114784000.0,0.279,3969208000.0,154469000.0,5691572000.0,5590478000.0,1276568000.0,0.0,0.0,0.0,3972693000.0,1211500000.0,2761193000.0,5084507086.0,26112000.0,-147097000.0,30875000.0,-577721000.0,0.0,-545336000.0,-310173000.0,0.0,880395000.0,1226000.0,706814000.0,706814000.0,706814000.0,0.0,7599000.0,0.093,1364678000.0,750106000.0,951061000.0,0.0,1.08,7.194,7.175,1975721000.0,0.0,74.4,0.67,0.669,821113000.0,3462343000.0,7586018000.0,7586018000.0,0.0,0.084,0.168,0.136,0.1,6766000.0,1364678000.0,1.0,68340149.0,68172000,68492000.0,111.278,4710842000.0,424441000.0,-102697000.0,614619000.0,69.102,1238220000.0
55,MHK,MRT,2007-09-30,2007-09-29,2007-09-29,2021-08-02,289250000.0,8527170000.0,8341117750.0,2607375000.0,5919795000.0,0.92,62.21,-139553000.0,81664000.0,81664000.0,5497745000.0,457191000.0,1.918,1.007,2464287000.0,337351000.0,2126936000.0,2464287000.0,0.0,297142000.0,0.0,0.0,0.0,809752000.0,1106894000.0,0.144,1106894000.0,809752000.0,648933000.0,6.72,6.68,6.72,4247732000.0,3956105500.0,4247732000.0,7993121497.0,10.0,7.221,698088000.0,10.224,1.0,2179599000.0,0.284,3956225000.0,160819000.0,5594103000.0,5523356750.0,1297605000.0,0.0,0.0,0.0,4279438000.0,1359465000.0,2919973000.0,5549421497.0,11934000.0,-142772000.0,31708000.0,-583698000.0,0.0,-545098000.0,-282325000.0,0.0,837641000.0,1716000.0,457191000.0,457191000.0,457191000.0,0.0,0.0,0.06,1380586000.0,799013000.0,1022114000.0,0.0,1.306,12.138,12.098,1936598000.0,0.0,81.3,0.723,0.723,958947000.0,3083230000.0,7677344000.0,7677344000.0,0.0,0.055,0.116,0.147,0.105,6640000.0,1380586000.0,1.0,68258567.0,68281000,68597000.0,112.437,4570945000.0,157665000.0,191742000.0,641163000.0,66.943,1247910000.0
56,MHK,MRT,2007-06-30,2007-06-30,2007-06-30,2021-08-02,179086000.0,8309808000.0,8267985500.0,2550069000.0,5759739000.0,0.939,58.809,-143494000.0,57763000.0,57763000.0,5560959000.0,462845000.0,1.828,1.073,2501463000.0,364114000.0,2137349000.0,2501463000.0,0.0,289546000.0,0.0,0.0,0.0,839658000.0,1129204000.0,0.145,1129204000.0,839658000.0,671702000.0,6.82,6.78,6.82,4008830000.0,3776797750.0,4008830000.0,9519186911.0,11.0,8.43,610296000.0,8.953,1.0,2202727000.0,0.284,3873485000.0,167956000.0,5484672000.0,5531040500.0,1229326000.0,0.0,0.0,0.0,4300978000.0,1395351000.0,2905627000.0,6868150911.0,-15635000.0,2335000.0,25233000.0,-667072000.0,0.0,-634743000.0,-141159000.0,0.0,753790000.0,6477000.0,462845000.0,462845000.0,462845000.0,0.0,0.0,0.06,1381788000.0,820939000.0,1031237000.0,0.0,1.713,14.839,14.779,1858282000.0,0.0,100.79,0.885,0.885,968103000.0,2961175000.0,7763686000.0,7763686000.0,0.0,0.056,0.123,0.152,0.108,6284000.0,1381788000.0,1.0,68143178.0,68167000,68533000.0,113.892,4436323000.0,173252000.0,208857000.0,619488000.0,65.08,1154718000.0
57,MHK,MRT,2007-03-31,2007-03-31,2007-03-31,2021-08-02,154548000.0,8315284000.0,8277486250.0,2543697000.0,5771587000.0,0.948,56.734,-145093000.0,53598000.0,53598000.0,5606192000.0,467090000.0,1.699,1.158,2704634000.0,514772000.0,2189862000.0,2704634000.0,0.0,283945000.0,0.0,0.0,0.0,864306000.0,1148251000.0,0.146,1148251000.0,864306000.0,689365000.0,6.9,6.86,6.9,3852597000.0,3629474500.0,3852597000.0,8297684784.0,10.0,7.226,621193000.0,9.148,1.0,2238407000.0,0.285,3877447000.0,174941000.0,5591565000.0,5618797750.0,1245073000.0,0.0,0.0,0.0,4462687000.0,1497308000.0,2965379000.0,5577495784.0,-28576000.0,-70907000.0,15643000.0,-604105000.0,0.0,-583058000.0,-216000000.0,0.0,766286000.0,4196000.0,467090000.0,467090000.0,467090000.0,0.0,0.0,0.06,1392671000.0,845736000.0,982536000.0,0.0,1.448,11.941,11.891,1864999000.0,0.0,82.05,0.711,0.71,948767000.0,2845908000.0,7844599000.0,7844599000.0,0.0,0.056,0.129,0.154,0.11,8162000.0,1392671000.0,1.0,67976792.0,67906000,68255000.0,115.521,4437837000.0,176444000.0,222275000.0,624708000.0,65.353,1046389000.0
58,MHK,MRT,2006-12-31,2006-12-31,2006-12-31,2021-08-02,130372000.0,8212209000.0,8213848500.0,2412726000.0,5799483000.0,0.963,54.899,-165769000.0,63492000.0,63492000.0,5674531000.0,455833000.0,1.481,1.21,2783681000.0,576134000.0,2207547000.0,2783681000.0,0.0,274952000.0,0.0,0.0,0.0,850008000.0,1124960000.0,0.142,1124960000.0,850008000.0,676311000.0,6.74,6.7,6.74,3715263000.0,3454033000.0,3715263000.0,7947910255.0,9.0,7.065,616276000.0,9.107,1.0,2231311000.0,0.282,3879733000.0,173697000.0,5423087000.0,5790233500.0,1225874000.0,0.0,0.0,0.0,4496946000.0,1629578000.0,2867368000.0,5069757255.0,-71093000.0,-70907000.0,7489000.0,-631909000.0,0.0,-620842000.0,-236676000.0,0.0,782045000.0,4380000.0,455833000.0,455833000.0,455833000.0,0.0,0.0,0.058,1392251000.0,839060000.0,1053444000.0,0.0,1.365,11.122,11.107,1888088000.0,0.0,74.86,0.641,0.641,910021000.0,2755529000.0,7905842000.0,7905842000.0,0.0,0.055,0.132,0.147,0.108,8347000.0,1392251000.0,1.0,67723180.0,67674000,68056000.0,116.822,4332476000.0,130913000.0,220478000.0,628311000.0,64.02,783148000.0
59,MHK,MRT,2006-09-30,2006-09-30,2006-09-30,2021-08-02,81718000.0,8234641000.0,8170805500.0,2485604000.0,5749037000.0,0.956,52.146,-220553000.0,69730000.0,69730000.0,5652141000.0,429617000.0,1.521,1.332,2947883000.0,509151000.0,2438732000.0,2947883000.0,0.0,258431000.0,0.0,0.0,0.0,810145000.0,1068576000.0,0.137,1068576000.0,810145000.0,647407000.0,6.36,6.33,6.36,3530501000.0,3289776750.0,3530501000.0,8095504112.0,10.0,7.576,559199000.0,8.259,1.0,2159658000.0,0.276,3853831000.0,162738000.0,5624838000.0,6010923750.0,1275435000.0,0.0,0.0,0.0,4704140000.0,1634125000.0,3070015000.0,5041864112.0,69730000.0,-2633830000.0,53783000.0,2090598000.0,0.0,2147403000.0,-2854383000.0,0.0,779752000.0,-3042000.0,429617000.0,429617000.0,429617000.0,0.0,0.0,0.055,1357265000.0,802393000.0,1124974000.0,0.0,1.428,11.736,11.706,1869273000.0,0.0,74.45,0.645,0.645,958416000.0,2626039000.0,7811799000.0,7811799000.0,0.0,0.053,0.131,0.135,0.104,6495000.0,1357265000.0,1.0,67721479.0,67704000,68021000.0,115.382,4380810000.0,55128000.0,217790000.0,591273000.0,64.705,851479000.0
60,MHK,MRT,2006-06-30,2006-07-01,2006-07-01,2021-08-02,98725000.0,8347811000.0,7289088750.0,2520469000.0,5827342000.0,1.027,50.515,-230612000.0,73398000.0,73398000.0,5431313000.0,417672000.0,1.502,1.441,3127038000.0,530626000.0,2596412000.0,3127038000.0,0.0,221529000.0,0.0,0.0,0.0,767928000.0,989457000.0,0.132,989457000.0,767928000.0,639070000.0,6.2,6.16,6.2,3419537000.0,3142592000.0,3419537000.0,7928096753.0,10.0,8.013,518859000.0,7.665,1.0,2054101000.0,0.274,3888220000.0,128858000.0,5835701000.0,5337984750.0,1283931000.0,0.0,0.0,0.0,4928274000.0,1677530000.0,3250744000.0,4762114753.0,73398000.0,-2636165000.0,58666000.0,2132552000.0,0.0,2193584000.0,-2866777000.0,0.0,749471000.0,-2880000.0,417672000.0,417672000.0,417672000.0,0.0,0.0,0.056,1285546000.0,768555000.0,1146904000.0,0.0,1.393,11.402,11.347,1904803000.0,0.0,70.35,0.636,0.636,987626000.0,2498330000.0,7485414000.0,7485414000.0,0.0,0.057,0.133,0.144,0.103,5153000.0,1285546000.0,1.0,67691752.0,67693000,68067000.0,110.579,4459591000.0,41427000.0,221398000.0,617780000.0,65.88,842939000.0
61,MHK,MRT,2006-03-31,2006-04-01,2006-04-01,2021-08-02,-6019000.0,8060733000.0,6374698250.0,2392080000.0,5668653000.0,1.106,46.635,-258417000.0,82174000.0,82174000.0,5152095000.0,396239000.0,2.11,1.558,3248156000.0,100156000.0,3148000000.0,3248156000.0,0.0,183245000.0,0.0,0.0,0.0,708472000.0,891717000.0,0.126,891717000.0,708472000.0,613222000.0,5.9,5.85,5.9,3150831000.0,2994547000.0,3150831000.0,8632172623.0,12.0,9.68,356952000.0,5.283,1.0,1899888000.0,0.269,3815525000.0,95250000.0,6277308000.0,4612670000.0,1186626000.0,0.0,0.0,0.0,4909902000.0,1133882000.0,3776020000.0,5458387623.0,82174000.0,-2562923000.0,44708000.0,2247117000.0,0.0,2293578000.0,-2821340000.0,0.0,615369000.0,-5433000.0,396239000.0,396239000.0,396239000.0,0.0,0.0,0.056,1187233000.0,712655000.0,1033726000.0,0.0,1.732,13.775,13.681,1822424000.0,0.0,80.72,0.774,0.773,948229000.0,2339698000.0,7051983000.0,7051983000.0,0.0,0.062,0.132,0.154,0.1,4336000.0,1187233000.0,1.0,67621254.0,67564000,68079000.0,104.375,4245208000.0,34857000.0,216983000.0,594489000.0,62.832,1258198000.0
62,MHK,MRT,2005-12-31,2005-12-31,2005-12-31,2021-08-02,-47433000.0,8040037000.0,5519772000.0,2389001000.0,5651036000.0,1.199,45.692,-247306000.0,134585000.0,134585000.0,4851853000.0,387138000.0,2.149,1.629,3308370000.0,113809000.0,3194561000.0,3308370000.0,0.0,150657000.0,0.0,0.0,0.0,668924000.0,819581000.0,0.124,819581000.0,668924000.0,602133000.0,5.78,5.72,5.78,3058238000.0,2892864500.0,3058238000.0,6586917587.0,10.0,8.037,314238000.0,4.695,1.0,1768246000.0,0.267,3796060000.0,66791000.0,6305848000.0,3764627500.0,1215427000.0,0.0,0.0,0.0,4981799000.0,1111914000.0,3869885000.0,5818238587.0,134585000.0,-2613529000.0,42988000.0,2397679000.0,0.0,2440667000.0,-2860835000.0,0.0,561544000.0,-6791000.0,387138000.0,387138000.0,387138000.0,0.0,0.0,0.058,1095862000.0,672384000.0,998105000.0,0.0,1.902,15.029,15.048,1810728000.0,0.0,86.98,0.879,0.879,848666000.0,2299696000.0,6620099000.0,6620099000.0,0.0,0.07,0.134,0.178,0.101,5238000.0,1095862000.0,1.0,66891683.0,66932000,67644000.0,98.908,4243977000.0,49534000.0,214995000.0,643283000.0,63.407,1277087000.0
63,MHK,MRT,2005-09-30,2005-10-01,2005-10-01,2021-08-02,1940000.0,4707774000.0,4610542250.0,2001069000.0,2706705000.0,1.364,43.996,-187020000.0,0.0,0.0,4585501000.0,388508000.0,2.368,0.6,768679000.0,68679000.0,700000000.0,768679000.0,0.0,124914000.0,0.0,0.0,0.0,653444000.0,778358000.0,0.124,778358000.0,653444000.0,605970000.0,5.81,5.74,5.81,2941762000.0,2794889250.0,2941762000.0,6250030520.0,10.0,8.03,187812000.0,2.809,1.0,1705146000.0,0.271,1698493000.0,47474000.0,2933082000.0,2883181000.0,1089970000.0,0.0,0.0,0.0,1766012000.0,844878000.0,921134000.0,5366195520.0,0.0,-50606000.0,-2322000.0,-134884000.0,0.0,-137206000.0,-237626000.0,0.0,374832000.0,0.0,388508000.0,388508000.0,388508000.0,0.0,0.0,0.062,1049247000.0,655899000.0,776199000.0,0.0,1.824,13.812,13.812,995205000.0,0.0,80.25,0.853,0.853,811628000.0,2182866000.0,6290647000.0,6290647000.0,0.0,0.084,0.139,0.227,0.104,7060000.0,1049247000.0,1.0,66868480.0,66865000,67519000.0,94.08,3009281000.0,55311000.0,217462000.0,191761000.0,45.005,1156191000.0
64,MHK,MRT,2005-06-30,2005-07-02,2005-07-02,2021-08-02,-1322000.0,4690249000.0,4548391250.0,2005573000.0,2684676000.0,1.346,42.319,-167280000.0,0.0,0.0,4444419000.0,385432000.0,2.13,0.659,883835000.0,183835000.0,700000000.0,883835000.0,0.0,125740000.0,0.0,0.0,0.0,654733000.0,780473000.0,0.127,780473000.0,654733000.0,604116000.0,5.77,5.7,5.77,2827357000.0,2699223250.0,2827357000.0,6410356322.0,10.0,8.213,172655000.0,2.584,1.0,1678245000.0,0.274,1697994000.0,50617000.0,2934442000.0,2819553250.0,1125145000.0,0.0,0.0,0.0,1862892000.0,941648000.0,921244000.0,5491855322.0,0.0,-50606000.0,-12766000.0,-109283000.0,0.0,-122049000.0,-217886000.0,0.0,339935000.0,0.0,385432000.0,385432000.0,385432000.0,0.0,0.0,0.063,1018190000.0,660055000.0,757813000.0,0.0,1.942,14.249,14.246,973627000.0,0.0,82.2,0.897,0.897,775992000.0,2074214000.0,6122664000.0,6122664000.0,0.0,0.085,0.143,0.232,0.107,7043000.0,1018190000.0,1.0,66810892.0,66811000,67504000.0,91.642,2992255000.0,55311000.0,218684000.0,191761000.0,44.787,1063925000.0
65,MHK,MRT,2005-03-31,2005-04-02,2005-04-02,2021-08-02,-1436000.0,4641028000.0,4467846500.0,1987275000.0,2653753000.0,1.339,41.077,-127955000.0,0.0,0.0,4340470000.0,374510000.0,2.037,0.691,918501000.0,218501000.0,700000000.0,918501000.0,0.0,124343000.0,0.0,0.0,0.0,638192000.0,762535000.0,0.127,762535000.0,638192000.0,586878000.0,5.61,5.54,5.61,2744101000.0,2606184000.0,2744101000.0,6439317472.0,10.0,8.445,162322000.0,2.43,1.0,1643399000.0,0.275,1698995000.0,51314000.0,2885138000.0,2751290750.0,1145747000.0,0.0,0.0,0.0,1896927000.0,975396000.0,921531000.0,5547976472.0,0.0,-65604000.0,-6150000.0,-90568000.0,0.0,-96718000.0,-193559000.0,0.0,290277000.0,0.0,374510000.0,374510000.0,374510000.0,0.0,0.0,0.063,999816000.0,643583000.0,756895000.0,0.0,2.022,14.814,14.802,940086000.0,0.0,83.04,0.927,0.927,739789000.0,1980403000.0,5983869000.0,5983869000.0,0.0,0.084,0.144,0.232,0.107,5782000.0,999816000.0,1.0,66810892.0,66804000,67692000.0,89.574,2942033000.0,55311000.0,212368000.0,191761000.0,44.04,1011879000.0
66,MHK,MRT,2004-12-31,2004-12-31,2004-12-31,2021-08-02,-2441000.0,4403118000.0,4383151500.0,1783325000.0,2619793000.0,1.342,39.986,-106601000.0,0.0,0.0,4256129000.0,370797000.0,2.19,0.651,891341000.0,191341000.0,700000000.0,891341000.0,0.0,123088000.0,0.0,0.0,0.0,634183000.0,757271000.0,0.129,757271000.0,634183000.0,580791000.0,5.56,5.49,5.56,2666337000.0,2513605500.0,2666337000.0,6991541029.0,11.0,9.233,136236000.0,2.043,1.0,1624243000.0,0.276,1699995000.0,53392000.0,2780062000.0,2694863250.0,1017983000.0,0.0,0.0,0.0,1736781000.0,814402000.0,922379000.0,6084217029.0,0.0,-14998000.0,-3456000.0,-117782000.0,0.0,-121238000.0,-121599000.0,0.0,242837000.0,0.0,370797000.0,370797000.0,370797000.0,0.0,0.0,0.063,985251000.0,638992000.0,623061000.0,0.0,2.282,16.408,16.412,905332000.0,0.0,91.25,1.035,1.035,660650000.0,1910383000.0,5880372000.0,5880372000.0,0.0,0.085,0.148,0.235,0.108,7545000.0,985251000.0,1.0,66676351.0,66682000,67557000.0,88.185,2703123000.0,55311000.0,209994000.0,191761000.0,40.538,968923000.0
67,MHK,MRT,2004-09-30,2004-10-02,2004-10-02,2021-08-02,-751000.0,4459170000.0,4323265750.0,1844061000.0,2615109000.0,1.335,38.385,-104690000.0,0.0,0.0,4150657000.0,368294000.0,1.869,0.742,907324000.0,207315000.0,700009000.0,907324000.0,0.0,122245000.0,0.0,0.0,0.0,632982000.0,755227000.0,0.131,755227000.0,632982000.0,577670000.0,5.53,5.46,5.53,2559098000.0,2421471500.0,2559098000.0,6344894093.0,10.0,8.401,248295000.0,3.724,1.0,1618935000.0,0.281,1701528000.0,55312000.0,2678571000.0,2635108000.0,1000802000.0,0.0,0.0,0.0,1900072000.0,986395000.0,913677000.0,5361010093.0,-16360000.0,-369811000.0,-5324000.0,110480000.0,0.0,105156000.0,-474501000.0,0.0,352985000.0,0.0,368294000.0,368294000.0,368294000.0,0.0,0.0,0.064,981801000.0,637134000.0,779080000.0,0.0,2.095,14.556,14.53,898824000.0,0.0,80.35,0.929,0.928,718006000.0,1807913000.0,5769592000.0,5769592000.0,0.0,0.085,0.152,0.24,0.11,6495000.0,981801000.0,1.0,66720723.0,66669000,67468000.0,86.541,2757642000.0,84260000.0,209376000.0,183669000.0,41.363,857666000.0
68,MHK,MRT,2004-06-30,2004-07-03,2004-07-03,2021-08-02,69000.0,4368070000.0,4178082000.0,1752944000.0,2615126000.0,1.327,36.786,-83672000.0,0.0,0.0,3995339000.0,346989000.0,1.771,0.779,983884000.0,274459000.0,709425000.0,983884000.0,0.0,116287000.0,0.0,0.0,0.0,600462000.0,716749000.0,0.129,716749000.0,600462000.0,544906000.0,5.22,5.15,5.22,2455200000.0,2329346000.0,2455200000.0,5806317224.0,10.0,8.101,232268000.0,3.48,1.0,1547768000.0,0.279,1701029000.0,55556000.0,2661392000.0,2590035750.0,926396000.0,0.0,0.0,0.0,1912870000.0,989533000.0,923337000.0,4806624224.0,0.0,-399119000.0,15241000.0,151610000.0,0.0,166851000.0,-482791000.0,0.0,315940000.0,0.0,346989000.0,346989000.0,346989000.0,0.0,0.0,0.063,944288000.0,603480000.0,715074000.0,0.0,1.958,13.852,13.789,899458000.0,0.0,71.98,0.867,0.867,698852000.0,1695225000.0,5543107000.0,5543107000.0,0.0,0.083,0.149,0.232,0.108,11170000.0,944288000.0,1.0,66777219.0,66742000,67564000.0,83.053,2667041000.0,84260000.0,197917000.0,183669000.0,39.96,763411000.0
69,MHK,MRT,2004-03-31,2004-04-03,2004-04-03,2021-08-02,499000.0,4302248000.0,4035386000.0,1692483000.0,2609765000.0,1.314,35.627,-103134000.0,0.0,0.0,3819839000.0,334816000.0,1.783,0.812,999693000.0,236088000.0,763605000.0,999693000.0,0.0,112576000.0,0.0,0.0,0.0,582953000.0,695529000.0,0.131,695529000.0,582953000.0,526522000.0,5.05,4.98,5.05,2373787000.0,2235378750.0,2373787000.0,6503458360.0,11.0,9.35,182789000.0,2.743,1.0,1484552000.0,0.28,1693183000.0,56431000.0,2659428000.0,2533832000.0,897470000.0,0.0,0.0,0.0,1928461000.0,949330000.0,979131000.0,5491045360.0,0.0,-384121000.0,19391000.0,181770000.0,0.0,201332000.0,-487255000.0,0.0,285923000.0,0.0,334816000.0,334816000.0,334816000.0,0.0,0.0,0.063,901677000.0,582875000.0,713242000.0,0.0,2.313,16.4,16.317,902436000.0,0.0,82.4,1.035,1.035,664040000.0,1608068000.0,5304391000.0,5304391000.0,0.0,0.083,0.15,0.23,0.11,11869000.0,901677000.0,1.0,66638900.0,66629000,67599000.0,79.611,2609065000.0,84260000.0,191706000.0,183669000.0,39.158,743153000.0
70,MHK,MRT,2003-12-31,2003-12-31,2003-12-31,2021-08-02,2313000.0,4163575000.0,3887988750.0,1533218000.0,2630357000.0,1.286,34.683,-114631000.0,0.0,0.0,3605579000.0,310149000.0,1.63,0.812,1012413000.0,302968000.0,709445000.0,1012413000.0,0.0,106615000.0,0.0,0.0,0.0,544009000.0,650624000.0,0.13,650624000.0,544009000.0,488434000.0,4.68,4.62,4.68,2297801000.0,2143008000.0,2297801000.0,5462252456.0,10.0,8.395,194759000.0,2.94,1.0,1393802000.0,0.279,1694039000.0,55575000.0,2541041000.0,2467292500.0,832415000.0,0.0,0.0,0.0,1865774000.0,940908000.0,924866000.0,4689813456.0,0.0,-384121000.0,-9549000.0,198911000.0,0.0,189362000.0,-498752000.0,0.0,309390000.0,0.0,310149000.0,310149000.0,310149000.0,0.0,0.0,0.062,851773000.0,542029000.0,637940000.0,0.0,2.041,15.121,15.073,919085000.0,0.0,70.54,0.938,0.935,573500000.0,1541761000.0,4999381000.0,4999381000.0,0.0,0.08,0.145,0.22,0.109,8757000.0,851773000.0,1.0,66484455.0,66251000,67121000.0,75.461,2469536000.0,84260000.0,178285000.0,183669000.0,37.275,592310000.0
71,MHK,MRT,2003-09-30,2003-09-27,2003-09-27,2021-08-02,791000.0,3878435000.0,3746280750.0,1561378000.0,2317057000.0,1.29,33.061,-118185000.0,16360000.0,16360000.0,3480967000.0,292208000.0,2.184,0.77,788799000.0,25998000.0,762801000.0,788799000.0,0.0,103886000.0,0.0,0.0,0.0,525200000.0,629086000.0,0.13,629086000.0,525200000.0,457258000.0,4.47,4.41,4.47,2190596000.0,2064277500.0,2190596000.0,5670107163.0,11.0,9.013,228780000.0,3.453,1.0,1352192000.0,0.28,1437599000.0,67942000.0,2498282000.0,2415853250.0,830291000.0,0.0,0.0,0.0,1687839000.0,714993000.0,972846000.0,4825359163.0,16360000.0,-29308000.0,-17449000.0,-166666000.0,0.0,-183112000.0,-147493000.0,0.0,346965000.0,0.0,292208000.0,292208000.0,292208000.0,0.0,0.0,0.06,820918000.0,531274000.0,688995000.0,0.0,2.203,16.513,16.275,859066000.0,0.0,72.75,0.998,0.997,602867000.0,1439620000.0,4833159000.0,4833159000.0,0.0,0.078,0.142,0.217,0.109,8377000.0,820918000.0,1.0,66327961.0,66260000,67222000.0,72.942,2440836000.0,82074000.0,165050000.0,186996000.0,36.837,846385000.0
72,MHK,MRT,2003-06-30,2003-06-28,2003-06-28,2021-08-02,2249000.0,3797286000.0,3702960250.0,1496975000.0,2300311000.0,1.284,31.56,-134325000.0,0.0,0.0,3425687000.0,282386000.0,1.93,0.826,844748000.0,110904000.0,733844000.0,844748000.0,0.0,102904000.0,0.0,0.0,0.0,509119000.0,612023000.0,0.129,612023000.0,509119000.0,438913000.0,4.31,4.26,4.31,2079331000.0,1991002000.0,2079331000.0,4547763569.0,9.0,7.431,274394000.0,4.165,1.0,1328709000.0,0.279,1429677000.0,70206000.0,2436577000.0,2416984000.0,803154000.0,0.0,0.0,0.0,1717955000.0,775780000.0,942175000.0,3730908569.0,0.0,0.0,-80595000.0,-194506000.0,0.0,-274394000.0,-134325000.0,0.0,408719000.0,0.0,282386000.0,282386000.0,282386000.0,0.0,0.0,0.059,813215000.0,515494000.0,664876000.0,0.0,1.794,13.212,13.123,855010000.0,0.0,56.56,0.785,0.784,580118000.0,1348237000.0,4754396000.0,4754396000.0,0.0,0.076,0.142,0.211,0.107,3043000.0,813215000.0,1.0,65963730.0,65886000,66709000.0,72.161,2367609000.0,82074000.0,156527000.0,186996000.0,35.935,721195000.0
73,MHK,MRT,2003-03-31,2003-03-29,2003-03-29,2021-08-02,1742000.0,3712659000.0,3678295000.0,1421682000.0,2290977000.0,1.287,30.206,-120570000.0,0.0,0.0,3406451000.0,282919000.0,1.996,0.852,816855000.0,27427000.0,789428000.0,816855000.0,0.0,105383000.0,0.0,0.0,0.0,516163000.0,621546000.0,0.131,621546000.0,516163000.0,440617000.0,4.29,4.24,4.29,2004304000.0,1938254750.0,2004304000.0,4070258042.0,8.0,6.549,393958000.0,5.937,1.0,1328511000.0,0.281,1424153000.0,75546000.0,2393270000.0,2446002000.0,761647000.0,0.0,0.0,0.0,1708355000.0,712091000.0,996264000.0,3249831042.0,0.0,0.0,-76913000.0,-317292000.0,0.0,-393958000.0,-120570000.0,0.0,514528000.0,0.0,282919000.0,282919000.0,282919000.0,0.0,0.0,0.06,803303000.0,525208000.0,684664000.0,0.0,1.621,11.487,11.408,851471000.0,0.0,48.94,0.686,0.686,540717000.0,1273252000.0,4734962000.0,4734962000.0,0.0,0.077,0.146,0.211,0.109,4403000.0,803303000.0,1.0,66404394.0,66355000,67119000.0,71.358,2288506000.0,82074000.0,157698000.0,188311000.0,34.489,709591000.0
74,MHK,MRT,2002-12-31,2002-12-31,2002-12-31,2021-08-02,1126000.0,3596743000.0,3674390000.0,1298579000.0,2298164000.0,1.229,31.117,-111934000.0,0.0,0.0,3247865000.0,284489000.0,1.974,0.814,820427000.0,27427000.0,793000000.0,820427000.0,0.0,101942000.0,0.0,0.0,0.0,512601000.0,614543000.0,0.136,614543000.0,512601000.0,443629000.0,4.46,4.39,4.46,1982879000.0,1884115500.0,1982879000.0,4723756814.0,9.0,7.687,437576000.0,6.867,1.0,1269092000.0,0.281,1424153000.0,68972000.0,2335284000.0,2493829750.0,678008000.0,0.0,0.0,0.0,1613864000.0,657733000.0,956131000.0,3778286814.0,0.0,-717638000.0,-13849000.0,293911000.0,0.0,280062000.0,-829572000.0,0.0,549510000.0,0.0,284489000.0,284489000.0,284489000.0,0.0,0.0,0.063,747027000.0,522065000.0,630306000.0,0.0,1.905,13.281,12.769,855324000.0,0.0,56.95,0.836,0.803,501129000.0,1231612000.0,4516957000.0,4516957000.0,0.0,0.077,0.151,0.206,0.113,5463000.0,747027000.0,1.0,66343930.0,63723000,64861000.0,70.884,2172590000.0,82074000.0,159140000.0,145973000.0,34.094,640846000.0
75,MHK,MRT,2002-09-30,2002-09-28,2002-09-28,2021-08-02,-5855000.0,3705153000.0,3217325500.0,1418002000.0,2287151000.0,1.31,28.395,-86032000.0,0.0,0.0,3097971000.0,259481000.0,1.959,0.953,945470000.0,42366000.0,903104000.0,945470000.0,0.0,96971000.0,0.0,0.0,0.0,452041000.0,549012000.0,0.13,549012000.0,452041000.0,403930000.0,4.27,4.19,4.27,1897494000.0,1625533500.0,1897494000.0,4364522082.0,10.0,7.95,417030000.0,6.241,1.0,1116687000.0,0.265,1424153000.0,48111000.0,2502805000.0,2256481250.0,742647000.0,0.0,0.0,0.0,1807659000.0,723665000.0,1083994000.0,3343772082.0,0.0,-717638000.0,-6180000.0,306873000.0,0.0,300608000.0,-803670000.0,0.0,503062000.0,0.0,259481000.0,259481000.0,259481000.0,0.0,0.0,0.062,660648000.0,456039000.0,681299000.0,0.0,1.762,12.886,11.721,843782000.0,0.0,50.05,0.793,0.794,569567000.0,1147412000.0,4214658000.0,4214658000.0,0.0,0.081,0.16,0.2,0.107,6057000.0,660648000.0,1.0,66808633.0,66824000,67683000.0,63.071,2281000000.0,83056000.0,144449000.0,164572000.0,34.134,694337000.0
76,MHK,MRT,2002-06-30,2002-06-29,2002-06-29,2021-08-02,-4381000.0,3698625000.0,2749669500.0,1413324000.0,2285301000.0,1.418,27.685,-73508000.0,0.0,0.0,2903397000.0,233648000.0,1.903,0.98,1020750000.0,108366000.0,912384000.0,1020750000.0,0.0,92624000.0,0.0,0.0,0.0,401408000.0,494032000.0,0.127,494032000.0,401408000.0,362854000.0,4.11,4.03,4.11,1868342000.0,1372173500.0,1868342000.0,5300631790.0,13.0,10.729,371485000.0,5.505,1.0,994708000.0,0.255,1424153000.0,38554000.0,2552649000.0,2041286250.0,727088000.0,0.0,0.0,0.0,1830283000.0,742573000.0,1087710000.0,4149434790.0,0.0,-717638000.0,49357000.0,296885000.0,0.0,346153000.0,-791146000.0,0.0,444993000.0,0.0,233648000.0,233648000.0,233648000.0,0.0,0.0,0.06,589885000.0,404823000.0,634207000.0,0.0,2.221,17.759,14.971,841651000.0,0.0,61.53,1.064,1.065,580924000.0,1065851000.0,3898105000.0,3898105000.0,0.0,0.085,0.17,0.197,0.103,7943000.0,589885000.0,1.0,67437588.0,67485000,68618000.0,57.763,2274472000.0,83056000.0,129206000.0,164572000.0,33.703,670751000.0
77,MHK,MRT,2002-03-31,2002-03-30,2002-03-30,2021-08-02,-2135000.0,3697039000.0,2287118750.0,1420774000.0,2276265000.0,1.546,32.95,-57244000.0,0.0,0.0,2664359000.0,204596000.0,1.693,1.068,1151197000.0,253366000.0,897831000.0,1151197000.0,0.0,84832000.0,0.0,0.0,0.0,344178000.0,429010000.0,0.121,429010000.0,344178000.0,316819000.0,3.88,3.81,3.88,1787747000.0,1110955250.0,1787747000.0,3483930272.0,10.0,8.121,303513000.0,5.594,1.0,870957000.0,0.246,1424449000.0,27359000.0,2584581000.0,1846953500.0,699789000.0,0.0,0.0,0.0,1909292000.0,839206000.0,1070086000.0,3175497272.0,0.0,-717638000.0,45633000.0,368584000.0,0.0,414125000.0,-774882000.0,0.0,360757000.0,0.0,204596000.0,204596000.0,204596000.0,0.0,0.0,0.058,522355000.0,348602000.0,585840000.0,0.0,1.776,15.521,15.487,837167000.0,0.0,60.09,0.898,0.922,619270000.0,990334000.0,3535316000.0,3535316000.0,0.0,0.089,0.184,0.186,0.097,5679000.0,522355000.0,1.0,52845686.0,54256000,55956000.0,65.16,2272590000.0,70058000.0,112223000.0,165606000.0,41.886,581568000.0
78,MHK,MRT,2001-12-31,2001-12-31,2001-12-31,2021-08-02,-2837000.0,1768485000.0,1827429250.0,1031222000.0,737263000.0,1.886,18.096,-52913000.0,0.0,0.0,2613043000.0,188592000.0,1.772,0.864,308433000.0,158366000.0,150067000.0,308433000.0,0.0,84167000.0,0.0,0.0,0.0,321203000.0,405370000.0,0.118,405370000.0,321203000.0,291416000.0,3.6,3.55,3.6,948551000.0,858427000.0,948551000.0,3345154018.0,10.0,8.252,278334000.0,5.31,1.0,832902000.0,0.242,109167000.0,29787000.0,1385890000.0,1654267000.0,531405000.0,0.0,0.0,0.0,819934000.0,581861000.0,238073000.0,2887368018.0,0.0,0.0,944000.0,-279278000.0,0.0,-278334000.0,-52913000.0,0.0,331247000.0,0.0,188592000.0,188592000.0,188592000.0,0.0,0.0,0.055,505745000.0,327157000.0,423495000.0,0.0,3.044,15.31,15.244,619703000.0,0.0,54.88,0.838,0.835,404875000.0,947123000.0,3445945000.0,3445945000.0,0.0,0.103,0.22,0.194,0.093,4847000.0,505745000.0,1.0,52612391.0,52418000,53141000.0,65.74,1659318000.0,70058000.0,102824000.0,84955000.0,31.656,449361000.0
79,MHK,MRT,2001-09-30,2001-09-29,2001-09-29,2021-08-02,-4617000.0,1834529000.0,1834152500.0,1088680000.0,745849000.0,1.907,16.867,-60890000.0,0.0,0.0,2682692000.0,168661000.0,1.674,1.075,457786000.0,238215000.0,219571000.0,457786000.0,0.0,83631000.0,0.0,0.0,0.0,299301000.0,382932000.0,0.109,382932000.0,299301000.0,265791000.0,3.21,3.17,3.21,884054000.0,668309750.0,884054000.0,2481549313.0,8.0,6.48,226624000.0,4.324,1.0,815084000.0,0.233,0.0,33510000.0,1642025000.0,1726087250.0,576218000.0,0.0,0.0,0.0,950475000.0,650290000.0,300185000.0,1925745313.0,0.0,-36844000.0,-19837000.0,-165725000.0,0.0,-189780000.0,-97734000.0,0.0,287514000.0,,168661000.0,168661000.0,168661000.0,0.0,0.0,0.048,510081000.0,305003000.0,412075000.0,0.0,2.178,11.418,11.449,630049000.0,0.0,36.75,0.551,0.551,432651000.0,887930000.0,3497776000.0,3497776000.0,0.0,0.092,0.252,0.173,0.086,4286000.0,510081000.0,1.0,52401233.0,52412000,53211000.0,66.736,1834529000.0,66474000.0,97130000.0,75808000.0,35.002,438390000.0
80,MHK,MRT,2001-06-30,2001-06-30,2001-06-30,2021-08-02,-617000.0,1848422000.0,1831235000.0,1096076000.0,752346000.0,1.872,15.755,-65280000.0,0.0,0.0,2618560000.0,155071000.0,1.743,1.245,555804000.0,236348000.0,319456000.0,555804000.0,0.0,82546000.0,0.0,0.0,0.0,287167000.0,369713000.0,0.108,369713000.0,287167000.0,250353000.0,2.94,2.91,2.94,823469000.0,629877000.0,823469000.0,2422422056.0,8.0,6.552,151716000.0,2.903,1.0,809880000.0,0.236,0.0,36814000.0,1775318000.0,1816597500.0,619177000.0,0.0,0.0,0.0,1024953000.0,628908000.0,396045000.0,1840477056.0,0.0,-36844000.0,-27247000.0,-85074000.0,0.0,-114872000.0,-102124000.0,0.0,216996000.0,,155071000.0,155071000.0,155071000.0,0.0,0.0,0.045,517216000.0,292664000.0,392560000.0,0.0,2.235,11.869,11.973,635558000.0,0.0,35.2,0.537,0.537,392552000.0,832203000.0,3428440000.0,3428440000.0,0.0,0.085,0.246,0.158,0.084,2155000.0,510216000.0,1.0,52286280.0,52266000,52882000.0,65.596,1848422000.0,66474000.0,95282000.0,75808000.0,35.366,467168000.0
81,MHK,MRT,2001-03-31,2001-03-31,2001-03-31,2021-08-02,-1398000.0,1858281000.0,1820018750.0,1098642000.0,759639000.0,1.877,14.851,-67113000.0,0.0,0.0,2606682000.0,155808000.0,1.754,1.39,581945000.0,203635000.0,378310000.0,581945000.0,0.0,82414000.0,0.0,0.0,0.0,292876000.0,375290000.0,0.11,375290000.0,292876000.0,254620000.0,2.93,2.9,2.93,777634000.0,596888250.0,777634000.0,2061034447.0,7.0,5.492,122575000.0,2.341,1.0,809608000.0,0.237,0.0,38256000.0,1813835000.0,1857465000.0,621308000.0,0.0,0.0,0.0,1080647000.0,626391000.0,454256000.0,1471206447.0,0.0,-36844000.0,-62392000.0,-20608000.0,0.0,-85731000.0,-103957000.0,0.0,189688000.0,,155808000.0,155808000.0,155808000.0,0.0,0.0,0.046,511594000.0,298014000.0,422756000.0,0.0,1.892,9.442,9.584,641669000.0,0.0,28.08,0.431,0.43,389042000.0,785737000.0,3416290000.0,3416290000.0,0.0,0.086,0.261,0.158,0.086,1692000.0,504594000.0,1.0,52393392.0,52361000,52970000.0,65.245,1858281000.0,66474000.0,98812000.0,75808000.0,35.49,472251000.0
82,MHK,MRT,2000-12-31,2000-12-31,2000-12-31,2021-08-02,0.0,1795378000.0,1795873500.0,1026851000.0,768527000.0,1.895,3.498,-73475000.0,0.0,0.0,2581185000.0,162599000.0,1.712,5.535,589828000.0,224391000.0,365437000.0,589828000.0,0.0,82346000.0,0.0,0.0,0.0,305673000.0,388019000.0,0.114,388019000.0,305673000.0,267629000.0,3.02,3.0,3.02,188082000.0,572812500.0,188082000.0,2067480248.0,7.0,5.328,146851000.0,2.731,1.0,822849000.0,0.242,112376000.0,38044000.0,1673171000.0,1882349750.0,574595000.0,0.0,0.0,0.0,1041018000.0,599659000.0,441359000.0,1440859248.0,0.0,-36844000.0,-104292000.0,-5715000.0,0.0,-110007000.0,-110319000.0,0.0,220326000.0,0.0,162599000.0,162599000.0,162599000.0,0.0,0.0,0.048,512734000.0,310115000.0,375268000.0,0.0,7.661,8.861,9.066,650053000.0,0.0,27.38,0.423,0.432,358809000.0,758531000.0,3404034000.0,3404034000.0,0.0,0.091,0.284,0.162,0.09,914000.0,505734000.0,1.0,52624516.0,53769000,54255000.0,63.308,1683002000.0,66474000.0,105030000.0,75808000.0,31.301,427192000.0
83,MHK,MRT,2000-09-30,2000-09-30,2000-09-30,2021-08-02,0.0,1822859000.0,1767747250.0,1080443000.0,742416000.0,1.901,13.755,-83943000.0,0.0,0.0,2545225000.0,163512000.0,2.426,1.496,626621000.0,33874000.0,592747000.0,626621000.0,0.0,90609000.0,0.0,0.0,0.0,306947000.0,397556000.0,0.118,397556000.0,306947000.0,269670000.0,2.98,2.96,2.98,730323000.0,698928500.0,730323000.0,1772694577.0,6.0,4.459,125255000.0,2.359,1.0,815038000.0,0.243,0.0,37277000.0,2004066000.0,1940203250.0,592828000.0,0.0,0.0,0.0,1092536000.0,445414000.0,647122000.0,1159198577.0,0.0,0.0,-158190000.0,29635000.0,0.0,-125255000.0,-83943000.0,0.0,209198000.0,,163512000.0,163512000.0,163512000.0,0.0,0.0,0.049,506121000.0,308917000.0,411540000.0,0.0,1.587,7.089,7.319,622872000.0,0.0,21.81,0.345,0.345,394896000.0,719269000.0,3360263000.0,3360263000.0,0.0,0.092,0.234,0.158,0.091,836000.0,499121000.0,1.0,53149866.0,53097000,53634000.0,63.285,1822859000.0,76628000.0,106158000.0,53783000.0,34.331,635029000.0
84,MHK,MRT,2000-06-30,2000-07-01,2000-07-01,2021-08-02,0.0,1803557000.0,1741092000.0,1062324000.0,741233000.0,1.914,12.845,-105994000.0,0.0,0.0,2527618000.0,166454000.0,2.221,1.608,613496000.0,33893000.0,579603000.0,613496000.0,0.0,95863000.0,0.0,0.0,0.0,310570000.0,406433000.0,0.122,406433000.0,310570000.0,275131000.0,2.93,2.91,2.93,691514000.0,696901500.0,691514000.0,1782603660.0,6.0,4.386,106286000.0,1.974,1.0,804064000.0,0.241,0.0,35439000.0,1938788000.0,1858592000.0,576653000.0,0.0,0.0,0.0,1112043000.0,478265000.0,633778000.0,1176609660.0,0.0,0.0,-168419000.0,60200000.0,0.0,-106286000.0,-105994000.0,0.0,212280000.0,,166454000.0,166454000.0,166454000.0,0.0,0.0,0.05,491228000.0,312836000.0,444372000.0,0.0,1.701,7.069,7.416,622902000.0,0.0,21.73,0.353,0.351,396223000.0,677132000.0,3331682000.0,3331682000.0,0.0,0.096,0.239,0.167,0.093,836000.0,491228000.0,1.0,54146786.0,53836000,54336000.0,61.886,1803557000.0,76628000.0,108677000.0,53783000.0,33.501,584059000.0
85,MHK,MRT,2000-03-31,2000-04-01,2000-04-01,2021-08-02,0.0,1761700000.0,1709901250.0,1016209000.0,745491000.0,1.912,12.252,-133231000.0,0.0,0.0,2480398000.0,163344000.0,2.237,1.586,605994000.0,33920000.0,572074000.0,605994000.0,0.0,102699000.0,0.0,0.0,0.0,303508000.0,406207000.0,0.124,406207000.0,303508000.0,269990000.0,2.78,2.76,2.78,681331000.0,696696250.0,681331000.0,1827996651.0,6.0,4.5,92722000.0,1.667,1.0,789093000.0,0.241,0.0,33518000.0,1913374000.0,1786790750.0,553267000.0,0.0,0.0,0.0,1080369000.0,454320000.0,626049000.0,1231931651.0,0.0,0.0,-130506000.0,35379000.0,0.0,-92722000.0,-133231000.0,0.0,225953000.0,,163344000.0,163344000.0,163344000.0,0.0,0.0,0.05,484254000.0,304839000.0,420400000.0,0.0,1.808,7.542,8.05,626276000.0,0.0,22.38,0.377,0.381,371329000.0,629929000.0,3269491000.0,3269491000.0,0.0,0.096,0.234,0.17,0.093,836000.0,484254000.0,1.0,55046097.0,55611000,56097000.0,58.792,1761700000.0,76628000.0,106646000.0,53783000.0,31.679,561889000.0
86,MHK,MRT,1999-12-31,1999-12-31,1999-12-31,2021-08-02,0.0,1682873000.0,1675393500.0,934410000.0,748463000.0,1.917,11.595,-145621000.0,0.0,0.0,2434716000.0,157239000.0,2.496,1.43,596065000.0,33961000.0,562104000.0,596065000.0,0.0,105297000.0,0.0,0.0,0.0,292531000.0,397828000.0,0.124,397828000.0,292531000.0,259899000.0,2.63,2.61,2.63,692546000.0,687790250.0,692546000.0,2159551102.0,7.0,5.428,28533000.0,0.478,1.0,776859000.0,0.242,0.0,32632000.0,1904585000.0,1709817750.0,494774000.0,0.0,0.0,0.0,990327000.0,374353000.0,615974000.0,1599286102.0,-2384000.0,-162463000.0,-78538000.0,210084000.0,0.0,131546000.0,-308084000.0,0.0,174154000.0,0.0,157239000.0,157239000.0,157239000.0,0.0,0.0,0.049,482062000.0,294797000.0,340392000.0,0.0,2.309,10.171,10.03,624814000.0,0.0,26.38,0.498,0.491,337824000.0,595932000.0,3211575000.0,3211575000.0,0.0,0.094,0.229,0.171,0.091,836000.0,482062000.0,1.0,60624947.0,59730000,60349000.0,53.768,1682873000.0,76628000.0,102660000.0,53783000.0,28.175,560057000.0
87,MHK,MRT,1999-09-30,1999-10-02,1999-10-02,2021-08-02,0.0,1716238000.0,1606046750.0,988935000.0,727303000.0,1.902,11.918,-97993000.0,0.0,0.0,2283340000.0,142176000.0,1.651,1.376,560265000.0,197013000.0,363252000.0,560265000.0,0.0,89492000.0,0.0,0.0,0.0,269234000.0,358726000.0,0.117,358726000.0,269234000.0,237605000.0,2.35,2.33,2.35,722215000.0,667418500.0,722215000.0,1768026421.0,7.0,4.929,40444000.0,0.667,1.0,771335000.0,0.253,0.0,31629000.0,1677621000.0,1576604000.0,537579000.0,0.0,0.0,0.0,994023000.0,598882000.0,395141000.0,1205009421.0,-92000.0,-199062000.0,-7446000.0,165996000.0,-24000.0,158526000.0,-297055000.0,0.0,138437000.0,0.0,142176000.0,142176000.0,142176000.0,0.0,0.0,0.047,497928000.0,273407000.0,401869000.0,0.0,1.668,8.475,8.46,619993000.0,0.0,19.88,0.394,0.394,385344000.0,555757000.0,3054675000.0,3054675000.0,0.0,0.089,0.213,0.171,0.088,0.0,477328000.0,1.0,60614156.0,60600000,61114000.0,50.407,1716238000.0,52568000.0,95429000.0,31025000.0,28.321,390053000.0
88,MHK,MRT,1999-06-30,1999-07-03,1999-07-03,2021-08-02,0.0,1678794000.0,1458767000.0,964502000.0,714292000.0,2.032,11.399,-119238000.0,0.0,0.0,2217663000.0,134157000.0,1.634,1.431,563017000.0,197038000.0,365979000.0,563017000.0,0.0,84185000.0,0.0,0.0,0.0,255066000.0,339251000.0,0.114,339251000.0,255066000.0,224527000.0,2.22,2.2,2.22,690693000.0,608682250.0,690693000.0,2393575084.0,9.0,7.055,12124000.0,0.2,1.0,745851000.0,0.252,0.0,30539000.0,1651583000.0,1429689500.0,528555000.0,0.0,0.0,0.0,988101000.0,590228000.0,397873000.0,1833119084.0,-165000.0,-199062000.0,6856000.0,179941000.0,-24000.0,186773000.0,-318300000.0,0.0,131362000.0,0.0,134157000.0,134157000.0,134157000.0,0.0,0.0,0.045,486949000.0,258902000.0,393190000.0,0.0,2.654,13.664,13.626,605567000.0,0.0,30.25,0.619,0.619,372670000.0,510678000.0,2963514000.0,2963514000.0,0.0,0.092,0.22,0.178,0.086,0.0,466349000.0,1.0,60598978.0,60593000,61257000.0,48.909,1678794000.0,52304000.0,90370000.0,31025000.0,27.706,374274000.0
89,MHK,MRT,1999-03-31,1999-04-03,1999-04-03,2021-08-02,0.0,1623669000.0,1294357000.0,920632000.0,703037000.0,2.211,10.661,-99202000.0,0.0,0.0,2139393000.0,126011000.0,1.591,1.515,560456000.0,197087000.0,363369000.0,560456000.0,0.0,76605000.0,0.0,0.0,0.0,241450000.0,318055000.0,0.111,318055000.0,241450000.0,210563000.0,2.09,2.07,2.09,645707000.0,549523500.0,645707000.0,2082451460.0,9.0,6.547,57074000.0,0.942,1.0,722873000.0,0.253,0.0,30887000.0,1605482000.0,1255233250.0,499003000.0,0.0,0.0,0.0,977962000.0,578643000.0,399319000.0,1726483460.0,-100000.0,-199062000.0,6920000.0,134992000.0,-24000.0,141888000.0,-298264000.0,0.0,156276000.0,0.0,126011000.0,126011000.0,126011000.0,0.0,0.0,0.044,476992000.0,245881000.0,381556000.0,0.0,2.674,13.701,13.636,591626000.0,0.0,28.5,0.603,0.603,360676000.0,466667000.0,2862266000.0,2862266000.0,0.0,0.097,0.229,0.192,0.084,0.0,456392000.0,1.0,60578367.0,60565000,61285000.0,47.259,1623669000.0,52304000.0,84552000.0,31045000.0,26.809,341989000.0
90,MHK,MRT,1998-12-31,1998-12-31,1998-12-31,2021-08-02,0.0,1405486000.0,1139429500.0,846935000.0,558551000.0,2.409,10.118,-83180000.0,2384000.0,2384000.0,2063333000.0,115254000.0,2.073,1.3,377089000.0,44424000.0,332665000.0,377089000.0,0.0,72591000.0,0.0,0.0,0.0,225829000.0,298420000.0,0.109,298420000.0,225829000.0,194806000.0,1.91,1.89,1.91,611059000.0,493715750.0,611059000.0,2505728319.0,11.0,8.397,89028000.0,1.474,1.0,681287000.0,0.248,0.0,31023000.0,1371730000.0,1099648500.0,423837000.0,0.0,0.0,0.0,794427000.0,408461000.0,385966000.0,2205154319.0,2164000.0,-36574000.0,1988000.0,-52254000.0,-24000.0,-50290000.0,-119754000.0,0.0,172208000.0,0.0,115254000.0,115254000.0,115254000.0,0.0,0.0,0.042,452791000.0,228496000.0,364037000.0,0.0,3.609,19.133,22.021,454867000.0,0.0,42.06,0.803,0.925,331928000.0,438408000.0,2744620000.0,2744620000.0,0.0,0.101,0.233,0.205,0.082,0.0,432191000.0,1.0,52428776.0,60393000,61134000.0,45.446,1405486000.0,69464000.0,79552000.0,47921000.0,23.272,438474000.0
91,MHK,MRT,1998-09-30,1998-09-26,1998-09-26,2021-08-02,0.0,1127119000.0,1082197250.0,695826000.0,431293000.0,2.81,8.063,-126266000.0,0.0,0.0,2306446000.0,120998000.0,2.06,1.313,300574000.0,32209000.0,268365000.0,300574000.0,0.0,86748000.0,0.0,0.0,0.0,239883000.0,326631000.0,0.107,326631000.0,239883000.0,201616000.0,1.88,1.87,1.88,487270000.0,460234250.0,487270000.0,1728600106.0,7.0,5.292,47004000.0,0.778,1.0,735067000.0,0.242,0.0,38267000.0,1089963000.0,1063600250.0,356266000.0,0.0,0.0,0.0,639849000.0,337730000.0,302119000.0,1479585106.0,-128000.0,1884000.0,5172000.0,-55943000.0,-24000.0,-50795000.0,-123487000.0,0.0,173270000.0,,120998000.0,120998000.0,120998000.0,0.0,0.0,0.04,495478000.0,239589000.0,305521000.0,0.0,3.036,12.228,15.027,340892000.0,0.0,28.25,0.486,0.561,307069000.0,347153000.0,3041513000.0,3041513000.0,0.0,0.112,0.263,0.226,0.079,2600000.0,487378000.0,1.0,52374694.0,60435000,61169000.0,50.327,1127119000.0,27670000.0,80618000.0,28391000.0,18.65,358096000.0
92,MHK,MRT,1998-06-30,1998-06-27,1998-06-27,2021-08-02,0.0,1021154000.0,,637851000.0,383303000.0,,7.52,-71335000.0,0.0,0.0,2149774000.0,104791000.0,2.016,1.249,249015000.0,32209000.0,216806000.0,249015000.0,0.0,82559000.0,0.0,0.0,0.0,212373000.0,294932000.0,0.104,294932000.0,212373000.0,174662000.0,1.67,1.66,1.67,454058000.0,,454058000.0,1860777847.0,9.0,6.309,148304000.0,2.456,1.0,673785000.0,0.239,0.0,37711000.0,953758000.0,,329162000.0,0.0,0.0,0.0,567096000.0,316411000.0,250685000.0,1579584847.0,-55000.0,1884000.0,6634000.0,-122632000.0,-24000.0,-116022000.0,-104556000.0,0.0,219639000.0,,104791000.0,104791000.0,104791000.0,0.0,0.0,0.037,461640000.0,212145000.0,284202000.0,0.0,3.479,15.074,18.078,315925000.0,0.0,30.19,0.559,0.646,276133000.0,314686000.0,2823559000.0,2823559000.0,0.0,,,,0.075,2600000.0,453540000.0,1.0,52321459.0,60377000,61174000.0,46.765,1021154000.0,27670000.0,69871000.0,28391000.0,16.913,321440000.0
93,MHK,MRT,1998-03-31,1998-03-28,1998-03-28,2021-08-02,0.0,1003959000.0,,621716000.0,382243000.0,,7.01,-53038000.0,0.0,0.0,2002457000.0,88151000.0,2.059,1.376,281193000.0,35959000.0,245234000.0,281193000.0,0.0,77278000.0,0.0,0.0,0.0,184717000.0,261995000.0,0.1,261995000.0,184717000.0,147649000.0,1.44,1.44,1.44,422476000.0,,422476000.0,1955484122.0,11.0,7.464,141650000.0,2.35,1.0,606860000.0,0.233,0.0,37068000.0,983143000.0,,316688000.0,0.0,0.0,0.0,581483000.0,302009000.0,279474000.0,1662287122.0,-120000.0,1884000.0,6009000.0,-115418000.0,-24000.0,-109433000.0,-86259000.0,0.0,194688000.0,,88151000.0,88151000.0,88151000.0,0.0,0.0,0.034,422248000.0,184612000.0,266050000.0,0.0,3.935,18.857,22.09,314845000.0,0.0,31.81,0.637,0.735,268160000.0,284061000.0,2609317000.0,2609317000.0,0.0,,,,0.071,2600000.0,414148000.0,1.0,52256747.0,60266000,60977000.0,43.297,1003959000.0,27670000.0,59498000.0,28391000.0,16.659,319707000.0
94,MHK,MRT,1997-12-31,1997-12-31,1997-12-31,2021-08-02,0.0,1176557000.0,1065453000.0,708721000.0,467836000.0,2.28,7.957,-45457000.0,145000.0,145000.0,1869221000.0,79563000.0,2.17,1.466,377738000.0,41529000.0,336209000.0,377738000.0,0.0,72893000.0,0.0,0.0,0.0,167903000.0,240796000.0,0.099,240796000.0,167903000.0,131429000.0,1.33,1.32,1.33,477133000.0,405166000.0,477133000.0,,,,138759000.0,2.314,1.0,559864000.0,0.23,0.0,36474000.0,1227537000.0,1163159500.0,367076000.0,0.0,0.0,0.0,699424000.0,326613000.0,372811000.0,1146513029.0,-884000.0,-34141000.0,4686000.0,-111059000.0,-24000.0,-106397000.0,-78703000.0,0.0,184216000.0,0.0,79563000.0,79563000.0,79563000.0,0.0,0.0,0.033,391623000.0,168241000.0,285084000.0,0.0,2.403,14.41,16.496,391101000.0,0.0,21.94,0.472,0.542,286871000.0,312422000.0,2429085000.0,2429085000.0,0.0,0.075,0.196,0.144,0.069,2600000.0,383523000.0,1.0,52256747.0,59962000,60453000.0,40.51,1176557000.0,39082000.0,51866000.0,30311000.0,19.622,382108000.0
95,MHK,MRT,1997-09-30,1997-09-27,1997-09-27,2021-08-02,,,,,,,,,,,,,,,,,,,,,,0.0,0.0,,,,,,,,,,,,,,,,,,1.0,,,,,,,,,,,,,,,,,,,,,,,,,,,,,,,,,,,,,,,,17.92,,,,,,,,,,,,,,1.0,,51935000,,,,,,,,
96,MHK,MRT,1997-06-30,1997-06-28,1997-06-28,2021-08-02,,,,,,,,,,,,,,,,,,,,,,0.0,0.0,,,,,,,,,,,,,,,,,,1.0,,,,,,,,,,,,,,,,,,,,,,,,,,,,,,,,,,,,,,,,14.833,,,,,,,,,,,,,,1.0,,51807000,,,,,,,,
97,MHK,MRT,1997-03-31,1997-03-29,1997-03-29,2021-08-02,,,,,,,,,,,,,,,,,,,,,,0.0,0.0,,,,,,,,,,,,,,,,,,1.0,,,,,,,,,,,,,,,,,,,,,,,,,,,,,,,,,,,,,,,,14.253,,,,,,,,,,,,,,1.0,,51779000,,,,,,,,
98,MHK,MRT,1996-12-31,1996-12-31,1996-12-31,2021-08-02,0.0,954349000.0,,554845000.0,399504000.0,,5.933,-46701000.0,0.0,0.0,1675221000.0,53378000.0,2.282,1.864,387580000.0,41832000.0,345748000.0,387580000.0,0.0,62281000.0,0.0,0.0,0.0,129185000.0,191466000.0,0.089,191466000.0,129185000.0,91663000.0,0.95,0.94,0.95,333199000.0,,333199000.0,,,,9595000.0,0.171,1.0,477795000.0,0.222,0.0,37522000.0,1098782000.0,,302767000.0,0.0,0.0,0.0,621150000.0,243147000.0,378003000.0,,211000.0,-2122000.0,9246000.0,-16643000.0,-24000.0,-7421000.0,-48664000.0,0.0,56296000.0,0.0,53378000.0,53378000.0,53378000.0,0.0,0.0,0.025,344530000.0,133265000.0,201315000.0,0.0,,,15.439,324698000.0,0.0,14.667,,0.383,215594000.0,201294000.0,2153016000.0,2153016000.0,0.0,,,,0.06,0.0,340770000.0,1.0,,56160000,56749000.0,38.337,954349000.0,18186000.0,38285000.0,27530000.0,16.993,311698000.0
99,MHK,MRT,1995-12-31,1995-12-31,1995-12-31,2021-08-02,,,,,,,,-32501000.0,,,1281887000.0,6412000.0,,,,,,,,52560000.0,,0.0,0.0,45459000.0,98019000.0,0.059,98019000.0,45459000.0,10461000.0,0.13,0.13,0.13,,,,,,,78416000.0,1.594,1.0,366630000.0,0.222,,34998000.0,,,,,,,,,,,0.0,-42232000.0,4472000.0,-40656000.0,0.0,-36184000.0,-74733000.0,0.0,110917000.0,,6412000.0,6412000.0,6412000.0,0.0,0.0,0.004,318601000.0,48029000.0,,0.0,,,80.154,,0.0,10.42,,0.311,,,1648517000.0,1648517000.0,0.0,,,,0.028,4000000.0,282451000.0,1.0,,49185000,50435000.0,33.517,,,4049000.0,,,
