None,ticker,dimension,calendardate,datekey,reportperiod,lastupdated,accoci,assets,assetsavg,assetsc,assetsnc,assetturnover,bvps,capex,cashneq,cashnequsd,cor,consolinc,currentratio,de,debt,debtc,debtnc,debtusd,deferredrev,depamor,deposits,divyield,dps,ebit,ebitda,ebitdamargin,ebitdausd,ebitusd,ebt,eps,epsdil,epsusd,equity,equityavg,equityusd,ev,evebit,evebitda,fcf,fcfps,fxusd,gp,grossmargin,intangibles,intexp,invcap,invcapavg,inventory,investments,investmentsc,investmentsnc,liabilities,liabilitiesc,liabilitiesnc,marketcap,ncf,ncfbus,ncfcommon,ncfdebt,ncfdiv,ncff,ncfi,ncfinv,ncfo,ncfx,netinc,netinccmn,netinccmnusd,netincdis,netincnci,netmargin,opex,opinc,payables,payoutratio,pb,pe,pe1,ppnenet,prefdivis,price,ps,ps1,receivables,retearn,revenue,revenueusd,rnd,roa,roe,roic,ros,sbcomp,sgna,sharefactor,sharesbas,shareswa,shareswadil,sps,tangibles,taxassets,taxexp,taxliabilities,tbvps,workingcapital
0,ZTS,MRY,2020-12-31,2020-12-31,2020-12-31,2021-08-05,-730000000.0,13609000000.0,12982750000.0,6611000000.0,6998000000.0,0.514,7.926,-432000000.0,3604000000.0,3604000000.0,2057000000.0,1636000000.0,3.047,2.61,7362000000.0,604000000.0,6758000000.0,7362000000.0,0.0,441000000.0,0.0,0.005,0.8,2229000000.0,2670000000.0,0.4,2670000000.0,2229000000.0,1998000000.0,3.44,3.42,3.44,3769000000.0,3276500000.0,3769000000.0,82865824044.0,37.0,31.036,1694000000.0,3.563,1.0,4618000000.0,0.692,4404000000.0,231000000.0,10793000000.0,10815000000.0,1628000000.0,0.0,0.0,0.0,9836000000.0,2170000000.0,7666000000.0,78656824044.0,1670000000.0,-113000000.0,-230000000.0,732000000.0,-380000000.0,123000000.0,-572000000.0,-27000000.0,2126000000.0,-7000000.0,1638000000.0,1638000000.0,1638000000.0,0.0,-2000000.0,0.245,2391000000.0,2227000000.0,457000000.0,0.233,20.869,48.02,48.11,2394000000.0,0.0,165.5,11.784,11.79,1013000000.0,5659000000.0,6675000000.0,6675000000.0,463000000.0,0.126,0.5,0.206,0.334,59000000.0,1726000000.0,1.0,475267819.0,475502000.0,478569000.0,14.038,9205000000.0,94000000.0,360000000.0,684000000.0,19.358,4441000000.0
1,ZTS,MRY,2019-12-31,2019-12-31,2019-12-31,2021-08-05,-726000000.0,11545000000.0,11171500000.0,4748000000.0,6797000000.0,0.56,5.664,-439000000.0,1934000000.0,1934000000.0,1992000000.0,1500000000.0,2.629,3.263,6611000000.0,500000000.0,6111000000.0,6611000000.0,0.0,412000000.0,0.0,0.005,0.656,2024000000.0,2436000000.0,0.389,2436000000.0,2024000000.0,1801000000.0,3.14,3.11,3.14,2708000000.0,2528500000.0,2708000000.0,67839205738.0,34.0,27.849,1356000000.0,2.836,1.0,4268000000.0,0.682,4482000000.0,223000000.0,9934000000.0,10240000000.0,1410000000.0,0.0,0.0,0.0,8837000000.0,1806000000.0,7031000000.0,63038205738.0,332000000.0,-195000000.0,-619000000.0,-9000000.0,-314000000.0,-951000000.0,-504000000.0,138000000.0,1795000000.0,-8000000.0,1500000000.0,1500000000.0,1500000000.0,0.0,0.0,0.24,2244000000.0,2024000000.0,301000000.0,0.209,23.279,42.025,42.15,2129000000.0,0.0,132.35,10.07,10.109,1086000000.0,4427000000.0,6260000000.0,6260000000.0,457000000.0,0.134,0.593,0.198,0.323,67000000.0,1638000000.0,1.0,476299250.0,478128000.0,481787000.0,13.093,7063000000.0,88000000.0,301000000.0,727000000.0,14.772,2942000000.0
2,ZTS,MRY,2018-12-31,2018-12-31,2018-12-31,2021-08-05,-629000000.0,10777000000.0,9632250000.0,4399000000.0,6378000000.0,0.605,4.523,-282000000.0,1602000000.0,1602000000.0,1911000000.0,1424000000.0,3.597,3.932,6452000000.0,9000000.0,6443000000.0,6452000000.0,0.0,308000000.0,0.0,0.006,0.504,1900000000.0,2208000000.0,0.379,2208000000.0,1900000000.0,1694000000.0,2.96,2.93,2.96,2185000000.0,2058250000.0,2185000000.0,46252768446.0,24.0,20.948,1508000000.0,3.122,1.0,3914000000.0,0.672,4565000000.0,206000000.0,9839000000.0,9066250000.0,1391000000.0,99000000.0,99000000.0,0.0,8592000000.0,1223000000.0,7369000000.0,41097768446.0,38000000.0,-1998000000.0,-679000000.0,1493000000.0,-243000000.0,533000000.0,-2259000000.0,28000000.0,1790000000.0,-26000000.0,1428000000.0,1428000000.0,1428000000.0,0.0,-4000000.0,0.245,2018000000.0,1896000000.0,313000000.0,0.17,18.809,28.78,28.899,1658000000.0,0.0,85.54,7.055,7.094,1036000000.0,3270000000.0,5825000000.0,5825000000.0,432000000.0,0.148,0.694,0.21,0.326,53000000.0,1484000000.0,1.0,480450882.0,483063000.0,486898000.0,12.058,6212000000.0,61000000.0,266000000.0,774000000.0,12.86,3176000000.0
3,ZTS,MRY,2017-12-31,2017-12-31,2017-12-31,2021-08-05,-505000000.0,8586000000.0,8331250000.0,4217000000.0,4369000000.0,0.637,3.613,-224000000.0,1564000000.0,1564000000.0,1775000000.0,862000000.0,3.855,3.842,4953000000.0,0.0,4953000000.0,4953000000.0,0.0,242000000.0,0.0,0.006,0.42,1702000000.0,1944000000.0,0.366,1944000000.0,1702000000.0,1527000000.0,1.76,1.75,1.76,1770000000.0,1770750000.0,1770000000.0,38825245170.0,23.0,19.972,1122000000.0,2.29,1.0,3532000000.0,0.666,2779000000.0,175000000.0,8102000000.0,7680750000.0,1427000000.0,0.0,0.0,0.0,6800000000.0,1094000000.0,5706000000.0,35104245170.0,837000000.0,-45000000.0,-476000000.0,481000000.0,-206000000.0,-251000000.0,-270000000.0,0.0,1346000000.0,12000000.0,864000000.0,864000000.0,864000000.0,0.0,-2000000.0,0.163,1832000000.0,1700000000.0,261000000.0,0.239,19.833,40.63,40.932,1435000000.0,0.0,72.04,6.615,6.65,998000000.0,2109000000.0,5307000000.0,5307000000.0,382000000.0,0.104,0.488,0.222,0.321,44000000.0,1334000000.0,1.0,487288245.0,489918000.0,493161000.0,10.832,5807000000.0,80000000.0,663000000.0,612000000.0,11.853,3123000000.0
4,ZTS,MRY,2016-12-31,2016-12-31,2016-12-31,2021-08-05,-598000000.0,7649000000.0,7583750000.0,3390000000.0,4259000000.0,0.645,3.0,-216000000.0,727000000.0,727000000.0,1666000000.0,819000000.0,3.035,4.136,4468000000.0,0.0,4468000000.0,4468000000.0,0.0,240000000.0,0.0,0.007,0.38,1396000000.0,1636000000.0,0.335,1636000000.0,1396000000.0,1230000000.0,1.66,1.65,1.66,1487000000.0,1398500000.0,1487000000.0,30250855920.0,22.0,18.491,497000000.0,1.003,1.0,3222000000.0,0.659,2709000000.0,166000000.0,7564000000.0,7572250000.0,1502000000.0,0.0,0.0,0.0,6150000000.0,1117000000.0,5033000000.0,26434855920.0,-427000000.0,2000000.0,-275000000.0,-408000000.0,-188000000.0,-903000000.0,-214000000.0,0.0,713000000.0,-23000000.0,821000000.0,821000000.0,821000000.0,0.0,-2000000.0,0.168,1828000000.0,1394000000.0,265000000.0,0.229,17.777,32.198,32.247,1381000000.0,0.0,53.53,5.408,5.429,913000000.0,1477000000.0,4888000000.0,4888000000.0,376000000.0,0.108,0.587,0.184,0.286,37000000.0,1364000000.0,1.0,493832541.0,495715000.0,498225000.0,9.861,4940000000.0,96000000.0,409000000.0,388000000.0,9.965,2273000000.0
5,ZTS,MRY,2015-12-31,2015-12-31,2015-12-31,2021-08-05,-622000000.0,7913000000.0,6906750000.0,3830000000.0,4083000000.0,0.69,2.137,-224000000.0,1154000000.0,1154000000.0,1738000000.0,339000000.0,2.15,6.388,4868000000.0,405000000.0,4463000000.0,4868000000.0,0.0,199000000.0,0.0,0.007,0.332,669000000.0,868000000.0,0.182,868000000.0,669000000.0,545000000.0,0.68,0.68,0.68,1068000000.0,1187750000.0,1068000000.0,26902348635.0,40.0,30.993,440000000.0,0.881,1.0,3027000000.0,0.635,2645000000.0,124000000.0,7201000000.0,6484000000.0,1467000000.0,0.0,0.0,0.0,6822000000.0,1781000000.0,5041000000.0,23860348635.0,272000000.0,-881000000.0,-192000000.0,1115000000.0,-168000000.0,755000000.0,-1115000000.0,0.0,664000000.0,-32000000.0,339000000.0,339000000.0,339000000.0,0.0,0.0,0.071,2358000000.0,669000000.0,293000000.0,0.488,22.341,70.385,70.471,1307000000.0,0.0,47.92,5.007,5.025,937000000.0,876000000.0,4765000000.0,4765000000.0,364000000.0,0.049,0.285,0.103,0.14,43000000.0,1532000000.0,1.0,497920464.0,499707000.0,502019000.0,9.536,5268000000.0,82000000.0,206000000.0,390000000.0,10.542,2049000000.0
6,ZTS,MRY,2014-12-31,2014-12-31,2014-12-31,2021-08-05,-361000000.0,6588000000.0,6510000000.0,3465000000.0,3123000000.0,0.735,2.616,-180000000.0,882000000.0,882000000.0,1717000000.0,587000000.0,3.191,4.005,3631000000.0,7000000.0,3624000000.0,3631000000.0,0.0,204000000.0,0.0,0.007,0.288,933000000.0,1137000000.0,0.238,1137000000.0,933000000.0,816000000.0,1.16,1.16,1.16,1311000000.0,1253000000.0,1311000000.0,24626007994.0,26.0,21.659,446000000.0,0.89,1.0,3068000000.0,0.641,1703000000.0,117000000.0,6548000000.0,6707500000.0,1289000000.0,0.0,0.0,0.0,5251000000.0,1086000000.0,4165000000.0,21572007994.0,272000000.0,9000000.0,2000000.0,-8000000.0,-146000000.0,-154000000.0,-187000000.0,0.0,626000000.0,-13000000.0,583000000.0,583000000.0,583000000.0,0.0,4000000.0,0.122,2131000000.0,937000000.0,290000000.0,0.248,16.455,37.002,37.095,1318000000.0,0.0,43.03,4.508,4.506,980000000.0,709000000.0,4785000000.0,4785000000.0,396000000.0,0.09,0.465,0.139,0.195,32000000.0,1643000000.0,1.0,501324843.0,501055000.0,502025000.0,9.55,4885000000.0,163000000.0,233000000.0,360000000.0,9.749,2379000000.0
7,ZTS,MRY,2013-12-31,2013-12-31,2013-12-31,2021-08-05,-219000000.0,6558000000.0,6305000000.0,3357000000.0,3201000000.0,0.723,1.88,-184000000.0,610000000.0,610000000.0,1669000000.0,503000000.0,2.372,5.953,3657000000.0,15000000.0,3642000000.0,3657000000.0,0.0,209000000.0,0.0,0.006,0.195,804000000.0,1013000000.0,0.222,1013000000.0,804000000.0,691000000.0,1.01,1.01,1.01,940000000.0,823000000.0,940000000.0,19608223371.0,24.0,19.357,497000000.0,0.994,1.0,2892000000.0,0.634,1785000000.0,113000000.0,6405000000.0,6356000000.0,1293000000.0,0.0,0.0,0.0,5596000000.0,1415000000.0,4181000000.0,16345223371.0,293000000.0,9000000.0,0.0,2641000000.0,-98000000.0,-200000000.0,-179000000.0,0.0,681000000.0,-9000000.0,504000000.0,504000000.0,504000000.0,0.0,-1000000.0,0.111,2089000000.0,803000000.0,506000000.0,0.193,17.389,32.431,32.366,1295000000.0,0.0,32.69,3.584,3.584,1138000000.0,276000000.0,4561000000.0,4561000000.0,399000000.0,0.08,0.612,0.126,0.176,43000000.0,1613000000.0,1.0,500006833.0,500002000.0,500317000.0,9.122,4773000000.0,160000000.0,187000000.0,411000000.0,9.546,1942000000.0
8,ZTS,MRY,2012-12-31,2012-12-31,2012-12-31,2021-08-05,-157000000.0,6262000000.0,5986500000.0,2864000000.0,3398000000.0,0.724,8.052,-126000000.0,317000000.0,317000000.0,1563000000.0,436000000.0,2.55,0.552,582000000.0,73000000.0,509000000.0,582000000.0,0.0,200000000.0,0.0,,0.0,741000000.0,941000000.0,0.217,941000000.0,741000000.0,710000000.0,0.87,0.87,0.87,4026000000.0,3873000000.0,4026000000.0,,,,328000000.0,0.656,1.0,2773000000.0,0.64,1853000000.0,31000000.0,3551000000.0,3499000000.0,1345000000.0,0.0,0.0,0.0,2221000000.0,1123000000.0,1098000000.0,,238000000.0,3000000.0,0.0,0.0,-63000000.0,-78000000.0,-135000000.0,0.0,454000000.0,-3000000.0,436000000.0,436000000.0,436000000.0,0.0,0.0,0.101,2032000000.0,741000000.0,319000000.0,0.0,,,,1241000000.0,0.0,,,,900000000.0,0.0,4336000000.0,4336000000.0,409000000.0,0.073,0.113,0.212,0.171,28000000.0,1470000000.0,1.0,500000000.0,500000000.0,500000000.0,8.672,4409000000.0,317000000.0,274000000.0,512000000.0,8.818,1741000000.0
9,ZTS,MRY,2011-12-31,2011-12-31,2011-12-31,2021-08-05,-65000000.0,5711000000.0,5497500000.0,2311000000.0,3400000000.0,0.77,7.44,-135000000.0,79000000.0,79000000.0,1652000000.0,248000000.0,2.741,0.531,575000000.0,0.0,575000000.0,575000000.0,0.0,205000000.0,0.0,,0.0,427000000.0,632000000.0,0.149,632000000.0,427000000.0,391000000.0,0.49,0.49,0.49,3720000000.0,3532000000.0,3720000000.0,,,,362000000.0,0.724,1.0,2581000000.0,0.61,1917000000.0,36000000.0,3447000000.0,3356500000.0,1063000000.0,0.0,0.0,0.0,1975000000.0,843000000.0,1132000000.0,,16000000.0,-311000000.0,0.0,-143000000.0,-416000000.0,-30000000.0,-449000000.0,0.0,497000000.0,-2000000.0,245000000.0,245000000.0,245000000.0,0.0,3000000.0,0.058,2151000000.0,430000000.0,214000000.0,0.0,,,,1243000000.0,0.0,,,,871000000.0,,4233000000.0,4233000000.0,427000000.0,0.045,0.069,0.127,0.101,19000000.0,1453000000.0,1.0,500000000.0,500000000.0,500000000.0,8.466,3794000000.0,239000000.0,146000000.0,451000000.0,7.588,1468000000.0
10,ZTS,MRY,2010-12-31,2010-12-31,2010-12-31,2021-08-05,-74000000.0,5284000000.0,,2116000000.0,3168000000.0,,6.688,-124000000.0,63000000.0,63000000.0,1444000000.0,111000000.0,2.619,0.58,711000000.0,38000000.0,673000000.0,711000000.0,0.0,185000000.0,0.0,,0.0,177000000.0,362000000.0,0.101,362000000.0,177000000.0,177000000.0,0.22,0.22,0.22,3344000000.0,,3344000000.0,,,,130000000.0,0.26,1.0,2138000000.0,0.597,1858000000.0,0.0,3266000000.0,,995000000.0,0.0,0.0,0.0,1940000000.0,808000000.0,1132000000.0,,-36000000.0,122000000.0,0.0,0.0,-207000000.0,-277000000.0,-9000000.0,0.0,254000000.0,-4000000.0,110000000.0,110000000.0,110000000.0,0.0,1000000.0,0.031,1960000000.0,178000000.0,206000000.0,0.0,,,,1148000000.0,0.0,,,,773000000.0,,3582000000.0,3582000000.0,411000000.0,,,,0.049,16000000.0,1382000000.0,1.0,,500000000.0,500000000.0,7.164,3426000000.0,167000000.0,67000000.0,342000000.0,6.852,1308000000.0
11,ZTS,MRY,2009-12-31,2009-12-31,2009-12-31,2021-08-05,,,,,,,,-135000000.0,,,1078000000.0,-101000000.0,,,,,,,,124000000.0,,,0.0,-147000000.0,-23000000.0,-0.008,-23000000.0,-147000000.0,-147000000.0,,,,,,,,,,-37000000.0,,1.0,1682000000.0,0.609,,0.0,,,,,,,,,,,93000000.0,-1682000000.0,0.0,719000000.0,-101000000.0,1823000000.0,-1821000000.0,0.0,98000000.0,-7000000.0,-100000000.0,-100000000.0,-100000000.0,0.0,-1000000.0,-0.036,1830000000.0,-148000000.0,,,,,,,0.0,,,,,,2760000000.0,2760000000.0,368000000.0,,,,-0.053,15000000.0,1066000000.0,1.0,,,,,,,-47000000.0,,,
0,ZTS,MRQ,2021-06-30,2021-06-30,2021-06-30,2021-08-05,-623000000.0,14069000000.0,,7048000000.0,7021000000.0,,9.162,-113000000.0,3658000000.0,3658000000.0,568000000.0,511000000.0,3.371,2.234,7343000000.0,604000000.0,6739000000.0,7343000000.0,0.0,112000000.0,0.0,0.005,0.25,694000000.0,806000000.0,0.414,806000000.0,694000000.0,637000000.0,1.08,1.07,1.08,4350000000.0,,4350000000.0,92225522398.0,36.0,30.558,368000000.0,0.775,1.0,1380000000.0,0.708,4358000000.0,57000000.0,11305000000.0,,1802000000.0,0.0,0.0,0.0,9717000000.0,2091000000.0,7626000000.0,88477522398.0,56000000.0,-11000000.0,-166000000.0,0.0,-119000000.0,-290000000.0,-139000000.0,-15000000.0,481000000.0,4000000.0,512000000.0,512000000.0,512000000.0,0.0,-1000000.0,0.263,687000000.0,693000000.0,369000000.0,0.231,20.34,46.348,46.358,2463000000.0,0.0,186.36,11.937,11.938,1170000000.0,6492000000.0,1948000000.0,1948000000.0,120000000.0,,,,,16000000.0,495000000.0,1.0,474766701.0,474800000.0,477000000.0,4.103,9711000000.0,103000000.0,125000000.0,685000000.0,20.453,4957000000.0
1,ZTS,MRQ,2021-03-31,2021-03-31,2021-03-31,2021-08-05,-633000000.0,13796000000.0,,6794000000.0,7002000000.0,,8.599,-77000000.0,3602000000.0,3602000000.0,549000000.0,558000000.0,3.288,2.373,7350000000.0,604000000.0,6746000000.0,7350000000.0,0.0,109000000.0,0.0,0.005,0.25,745000000.0,854000000.0,0.456,854000000.0,745000000.0,688000000.0,1.18,1.17,1.18,4089000000.0,,4089000000.0,78587200420.0,32.0,27.44,323000000.0,0.679,1.0,1322000000.0,0.707,4378000000.0,57000000.0,11100000000.0,,1700000000.0,0.0,0.0,0.0,9704000000.0,2066000000.0,7638000000.0,74829200420.0,-2000000.0,-3000000.0,-181000000.0,0.0,-119000000.0,-339000000.0,-63000000.0,17000000.0,400000000.0,0.0,559000000.0,559000000.0,559000000.0,0.0,-1000000.0,0.299,578000000.0,744000000.0,346000000.0,0.212,18.3,42.181,42.22,2416000000.0,0.0,157.48,10.672,10.679,1125000000.0,6099000000.0,1871000000.0,1871000000.0,118000000.0,,,,,13000000.0,409000000.0,1.0,475166373.0,475500000.0,477900000.0,3.935,9418000000.0,100000000.0,129000000.0,770000000.0,19.807,4728000000.0
2,ZTS,MRQ,2020-12-31,2020-12-31,2020-12-31,2021-08-05,-730000000.0,13609000000.0,,6611000000.0,6998000000.0,,7.926,-152000000.0,3604000000.0,3604000000.0,601000000.0,358000000.0,3.047,2.61,7362000000.0,604000000.0,6758000000.0,7362000000.0,0.0,109000000.0,0.0,0.005,0.2,479000000.0,588000000.0,0.325,588000000.0,479000000.0,421000000.0,0.75,0.75,0.75,3769000000.0,,3769000000.0,82865824044.0,37.0,31.036,566000000.0,1.19,1.0,1206000000.0,0.667,4404000000.0,58000000.0,10793000000.0,,1628000000.0,0.0,0.0,0.0,9836000000.0,2170000000.0,7666000000.0,78656824044.0,-50000000.0,-5000000.0,20000000.0,-497000000.0,-95000000.0,-597000000.0,-177000000.0,-19000000.0,718000000.0,6000000.0,359000000.0,359000000.0,359000000.0,0.0,-1000000.0,0.199,728000000.0,478000000.0,457000000.0,0.267,20.869,48.02,48.11,2394000000.0,0.0,165.5,11.784,11.79,1013000000.0,5659000000.0,1807000000.0,1807000000.0,133000000.0,,,,,13000000.0,520000000.0,1.0,475267819.0,475508000.0,478776000.0,3.8,9205000000.0,94000000.0,62000000.0,684000000.0,19.358,4441000000.0
3,ZTS,MRQ,2020-09-30,2020-09-30,2020-09-30,2021-08-05,-735000000.0,13725000000.0,,6757000000.0,6968000000.0,,7.575,-119000000.0,3654000000.0,3654000000.0,546000000.0,479000000.0,2.815,2.809,7863000000.0,1101000000.0,6762000000.0,7863000000.0,0.0,111000000.0,0.0,0.005,0.2,659000000.0,770000000.0,0.431,770000000.0,659000000.0,597000000.0,1.01,1.0,1.01,3602000000.0,,3602000000.0,83071679700.0,37.0,30.951,443000000.0,0.932,1.0,1240000000.0,0.694,4484000000.0,62000000.0,11050000000.0,,1626000000.0,0.0,0.0,0.0,10118000000.0,2400000000.0,7718000000.0,78574679700.0,301000000.0,-30000000.0,0.0,0.0,-95000000.0,-93000000.0,-174000000.0,-28000000.0,562000000.0,6000000.0,479000000.0,479000000.0,479000000.0,0.0,0.0,0.268,581000000.0,659000000.0,357000000.0,0.198,21.814,47.249,47.249,2293000000.0,0.0,165.37,12.011,12.02,1012000000.0,5526000000.0,1786000000.0,1786000000.0,112000000.0,,,,,14000000.0,424000000.0,1.0,475144704.0,475500000.0,478500000.0,3.756,9241000000.0,97000000.0,118000000.0,818000000.0,19.434,4357000000.0
4,ZTS,MRQ,2020-06-30,2020-06-30,2020-06-30,2021-08-05,-856000000.0,13069000000.0,,6285000000.0,6784000000.0,,6.274,-87000000.0,3353000000.0,3353000000.0,451000000.0,376000000.0,3.47,3.381,7850000000.0,501000000.0,7349000000.0,7850000000.0,0.0,111000000.0,0.0,0.005,0.2,541000000.0,652000000.0,0.421,652000000.0,541000000.0,483000000.0,0.79,0.79,0.79,2982000000.0,,2982000000.0,69756883395.0,32.0,26.778,351000000.0,0.738,1.0,1097000000.0,0.709,4412000000.0,58000000.0,11343000000.0,,1584000000.0,0.0,0.0,0.0,10082000000.0,1811000000.0,8271000000.0,65085883395.0,1402000000.0,-72000000.0,0.0,1229000000.0,-95000000.0,1141000000.0,-164000000.0,-4000000.0,438000000.0,-13000000.0,377000000.0,377000000.0,377000000.0,0.0,-1000000.0,0.244,557000000.0,540000000.0,335000000.0,0.253,21.826,40.251,40.306,2192000000.0,0.0,137.04,10.266,10.274,984000000.0,5048000000.0,1548000000.0,1548000000.0,111000000.0,,,,,16000000.0,393000000.0,1.0,474940772.0,475300000.0,478100000.0,3.257,8657000000.0,88000000.0,106000000.0,821000000.0,18.214,4474000000.0
5,ZTS,MRQ,2020-03-31,2020-03-31,2020-03-31,2021-08-05,-781000000.0,11528000000.0,,4772000000.0,6756000000.0,,5.788,-74000000.0,1951000000.0,1951000000.0,459000000.0,423000000.0,2.773,3.187,6622000000.0,500000000.0,6122000000.0,6622000000.0,0.0,110000000.0,0.0,0.006,0.2,550000000.0,660000000.0,0.43,660000000.0,550000000.0,497000000.0,0.89,0.88,0.89,2753000000.0,,2753000000.0,60571975987.0,28.0,23.652,334000000.0,0.702,1.0,1075000000.0,0.701,4404000000.0,53000000.0,10074000000.0,,1481000000.0,0.0,0.0,0.0,8775000000.0,1721000000.0,7054000000.0,55894975987.0,17000000.0,-6000000.0,-250000000.0,0.0,-95000000.0,-328000000.0,-57000000.0,24000000.0,408000000.0,-6000000.0,423000000.0,423000000.0,423000000.0,0.0,0.0,0.276,525000000.0,550000000.0,265000000.0,0.225,20.303,34.696,34.82,2159000000.0,0.0,117.69,8.818,8.83,965000000.0,4764000000.0,1534000000.0,1534000000.0,107000000.0,,,,,16000000.0,389000000.0,1.0,474933945.0,475600000.0,479000000.0,3.225,7124000000.0,88000000.0,74000000.0,804000000.0,14.979,3051000000.0
6,ZTS,MRQ,2019-12-31,2019-12-31,2019-12-31,2021-08-05,-726000000.0,11545000000.0,,4748000000.0,6797000000.0,,5.684,-165000000.0,1934000000.0,1934000000.0,530000000.0,384000000.0,2.629,3.263,6611000000.0,500000000.0,6111000000.0,6611000000.0,0.0,109000000.0,0.0,0.005,0.164,493000000.0,602000000.0,0.36,602000000.0,493000000.0,437000000.0,0.81,0.8,0.81,2708000000.0,,2708000000.0,67839205738.0,34.0,27.849,417000000.0,0.875,1.0,1144000000.0,0.683,4482000000.0,56000000.0,9934000000.0,,1410000000.0,0.0,0.0,0.0,8837000000.0,1806000000.0,7031000000.0,63038205738.0,119000000.0,-58000000.0,-169000000.0,0.0,-79000000.0,-250000000.0,-213000000.0,12000000.0,582000000.0,0.0,384000000.0,384000000.0,384000000.0,0.0,0.0,0.229,651000000.0,493000000.0,301000000.0,0.202,23.279,42.025,42.15,2129000000.0,0.0,132.35,10.07,10.109,1086000000.0,4427000000.0,1674000000.0,1674000000.0,132000000.0,,,,,16000000.0,472000000.0,1.0,476299250.0,476412000.0,480248000.0,3.514,7063000000.0,88000000.0,53000000.0,727000000.0,14.825,2942000000.0
7,ZTS,MRQ,2019-09-30,2019-09-30,2019-09-30,2021-08-05,-699000000.0,11272000000.0,,4618000000.0,6654000000.0,,5.605,-108000000.0,1815000000.0,1815000000.0,479000000.0,433000000.0,4.39,3.209,6616000000.0,0.0,6616000000.0,6616000000.0,0.0,107000000.0,0.0,0.005,0.164,584000000.0,691000000.0,0.436,691000000.0,584000000.0,528000000.0,0.91,0.9,0.91,2678000000.0,,2678000000.0,64391753275.0,32.0,26.696,398000000.0,0.833,1.0,1105000000.0,0.698,4485000000.0,56000000.0,10536000000.0,,1439000000.0,12000000.0,12000000.0,0.0,8594000000.0,1052000000.0,7542000000.0,59531753275.0,60000000.0,-137000000.0,-150000000.0,0.0,-78000000.0,-232000000.0,-209000000.0,50000000.0,506000000.0,-5000000.0,433000000.0,433000000.0,433000000.0,0.0,0.0,0.273,521000000.0,584000000.0,284000000.0,0.18,22.23,40.747,40.849,2006000000.0,0.0,124.59,9.68,9.68,1030000000.0,4217000000.0,1584000000.0,1584000000.0,112000000.0,,,,,16000000.0,391000000.0,1.0,477821280.0,477800000.0,481500000.0,3.315,6787000000.0,72000000.0,95000000.0,780000000.0,14.205,3566000000.0
8,ZTS,MRQ,2019-06-30,2019-06-30,2019-06-30,2021-08-05,-669000000.0,10986000000.0,,4484000000.0,6502000000.0,,5.036,-103000000.0,1755000000.0,1755000000.0,465000000.0,371000000.0,4.171,3.557,6615000000.0,0.0,6615000000.0,6615000000.0,0.0,98000000.0,0.0,0.005,0.164,510000000.0,608000000.0,0.393,608000000.0,510000000.0,455000000.0,0.77,0.77,0.77,2411000000.0,,2411000000.0,59172690890.0,31.0,25.987,215000000.0,0.449,1.0,1082000000.0,0.699,4421000000.0,55000000.0,10350000000.0,,1404000000.0,25000000.0,25000000.0,0.0,8575000000.0,1075000000.0,7500000000.0,54322690890.0,27000000.0,0.0,-150000000.0,0.0,-78000000.0,-226000000.0,-59000000.0,40000000.0,318000000.0,-6000000.0,371000000.0,371000000.0,371000000.0,0.0,0.0,0.24,572000000.0,510000000.0,290000000.0,0.213,22.531,39.507,39.682,1934000000.0,0.0,113.49,8.985,8.988,994000000.0,3788000000.0,1547000000.0,1547000000.0,111000000.0,,,,,17000000.0,406000000.0,1.0,478656189.0,478800000.0,482300000.0,3.231,6565000000.0,60000000.0,84000000.0,728000000.0,13.711,3409000000.0
9,ZTS,MRQ,2019-03-31,2019-03-31,2019-03-31,2021-08-05,-598000000.0,10883000000.0,,4379000000.0,6504000000.0,,4.831,-63000000.0,1728000000.0,1728000000.0,518000000.0,312000000.0,4.047,3.697,6578000000.0,0.0,6578000000.0,6578000000.0,0.0,98000000.0,0.0,0.005,0.164,437000000.0,535000000.0,0.368,535000000.0,437000000.0,381000000.0,0.65,0.65,0.65,2317000000.0,,2317000000.0,53047968683.0,28.0,23.928,326000000.0,0.68,1.0,937000000.0,0.644,4511000000.0,56000000.0,10140000000.0,,1361000000.0,65000000.0,65000000.0,0.0,8566000000.0,1082000000.0,7484000000.0,48197968683.0,126000000.0,0.0,-150000000.0,-9000000.0,-79000000.0,-243000000.0,-23000000.0,36000000.0,389000000.0,3000000.0,312000000.0,312000000.0,312000000.0,0.0,0.0,0.214,500000000.0,437000000.0,235000000.0,0.252,20.802,34.725,34.955,1841000000.0,0.0,100.67,8.15,8.164,970000000.0,3495000000.0,1455000000.0,1455000000.0,102000000.0,,,,,18000000.0,369000000.0,1.0,478771915.0,479600000.0,483100000.0,3.034,6372000000.0,65000000.0,69000000.0,790000000.0,13.286,3297000000.0
10,ZTS,MRQ,2018-12-31,2018-12-31,2018-12-31,2021-08-05,-629000000.0,10777000000.0,,4399000000.0,6378000000.0,,4.547,-90000000.0,1602000000.0,1602000000.0,544000000.0,345000000.0,3.597,3.932,6452000000.0,9000000.0,6443000000.0,6452000000.0,0.0,101000000.0,0.0,0.006,0.126,477000000.0,578000000.0,0.37,578000000.0,477000000.0,418000000.0,0.72,0.71,0.72,2185000000.0,,2185000000.0,46252768446.0,24.0,20.948,494000000.0,1.028,1.0,1020000000.0,0.652,4565000000.0,59000000.0,9839000000.0,,1391000000.0,99000000.0,99000000.0,0.0,8592000000.0,1223000000.0,7369000000.0,41097768446.0,316000000.0,-4000000.0,-131000000.0,8000000.0,-60000000.0,-197000000.0,-74000000.0,28000000.0,584000000.0,3000000.0,345000000.0,345000000.0,345000000.0,0.0,0.0,0.221,543000000.0,477000000.0,313000000.0,0.175,18.809,28.78,28.899,1658000000.0,0.0,85.54,7.055,7.094,1036000000.0,3270000000.0,1564000000.0,1564000000.0,125000000.0,,,,,17000000.0,420000000.0,1.0,480450882.0,480552000.0,484492000.0,3.255,6212000000.0,61000000.0,73000000.0,774000000.0,12.927,3176000000.0
11,ZTS,MRQ,2018-09-30,2018-09-30,2018-09-30,2021-08-05,-619000000.0,10459000000.0,,4076000000.0,6383000000.0,,4.394,-66000000.0,1286000000.0,1286000000.0,473000000.0,347000000.0,4.064,3.938,6441000000.0,0.0,6441000000.0,6441000000.0,0.0,84000000.0,0.0,0.005,0.126,472000000.0,556000000.0,0.376,556000000.0,472000000.0,418000000.0,0.72,0.71,0.72,2118000000.0,,2118000000.0,47512787403.0,25.0,21.855,484000000.0,1.004,1.0,1007000000.0,0.68,4657000000.0,54000000.0,9954000000.0,,1441000000.0,105000000.0,105000000.0,0.0,8341000000.0,1003000000.0,7338000000.0,44115787403.0,-272000000.0,-2002000000.0,-143000000.0,1485000000.0,-61000000.0,1263000000.0,-2064000000.0,0.0,550000000.0,-21000000.0,347000000.0,347000000.0,347000000.0,0.0,0.0,0.234,535000000.0,472000000.0,238000000.0,0.175,20.829,37.9,38.31,1556000000.0,0.0,91.56,7.711,7.714,929000000.0,3067000000.0,1480000000.0,1480000000.0,108000000.0,,,,,14000000.0,367000000.0,1.0,481823803.0,482000000.0,485800000.0,3.071,5802000000.0,73000000.0,71000000.0,771000000.0,12.037,3073000000.0
12,ZTS,MRQ,2018-06-30,2018-06-30,2018-06-30,2021-08-05,-543000000.0,8603000000.0,,4239000000.0,4364000000.0,,4.072,-73000000.0,1558000000.0,1558000000.0,447000000.0,382000000.0,4.384,3.361,4955000000.0,0.0,4955000000.0,4955000000.0,0.0,63000000.0,0.0,0.004,0.126,485000000.0,548000000.0,0.387,548000000.0,485000000.0,439000000.0,0.79,0.79,0.79,1970000000.0,,1970000000.0,44520497004.0,24.0,20.862,194000000.0,0.401,1.0,968000000.0,0.684,2739000000.0,46000000.0,8294000000.0,,1420000000.0,0.0,0.0,0.0,6621000000.0,967000000.0,5654000000.0,41220497004.0,-96000000.0,0.0,-215000000.0,0.0,-60000000.0,-271000000.0,-76000000.0,0.0,267000000.0,-16000000.0,384000000.0,384000000.0,384000000.0,0.0,-2000000.0,0.271,485000000.0,483000000.0,230000000.0,0.159,20.924,36.969,37.364,1470000000.0,0.0,85.19,7.377,7.376,973000000.0,2722000000.0,1415000000.0,1415000000.0,102000000.0,,,,,11000000.0,359000000.0,1.0,483865442.0,483800000.0,487500000.0,2.925,5864000000.0,80000000.0,55000000.0,548000000.0,12.121,3272000000.0
13,ZTS,MRQ,2018-03-31,2018-03-31,2018-03-31,2021-08-05,-429000000.0,8690000000.0,,4267000000.0,4423000000.0,,4.034,-53000000.0,1654000000.0,1654000000.0,447000000.0,350000000.0,4.267,3.426,4954000000.0,0.0,4954000000.0,4954000000.0,0.0,60000000.0,0.0,0.005,0.126,466000000.0,526000000.0,0.385,526000000.0,466000000.0,419000000.0,0.72,0.72,0.72,1960000000.0,,1960000000.0,43912537573.0,25.0,21.621,336000000.0,0.692,1.0,919000000.0,0.673,2812000000.0,47000000.0,8178000000.0,,1441000000.0,0.0,0.0,0.0,6715000000.0,1000000000.0,5715000000.0,40523537573.0,90000000.0,8000000.0,-190000000.0,0.0,-62000000.0,-262000000.0,-45000000.0,0.0,389000000.0,8000000.0,352000000.0,352000000.0,352000000.0,0.0,-2000000.0,0.258,455000000.0,464000000.0,217000000.0,0.175,20.675,41.435,41.965,1453000000.0,0.0,83.51,7.446,7.456,943000000.0,2399000000.0,1366000000.0,1366000000.0,97000000.0,,,,,11000000.0,338000000.0,1.0,485253713.0,485900000.0,489800000.0,2.811,5878000000.0,80000000.0,67000000.0,642000000.0,12.097,3267000000.0
14,ZTS,MRQ,2017-12-31,2017-12-31,2017-12-31,2021-08-05,-505000000.0,8586000000.0,,4217000000.0,4369000000.0,,3.632,-83000000.0,1564000000.0,1564000000.0,457000000.0,80000000.0,3.855,3.842,4953000000.0,0.0,4953000000.0,4953000000.0,0.0,63000000.0,0.0,0.006,0.105,481000000.0,544000000.0,0.373,544000000.0,481000000.0,431000000.0,0.16,0.16,0.16,1770000000.0,,1770000000.0,38825245170.0,23.0,19.972,525000000.0,1.077,1.0,1003000000.0,0.687,2779000000.0,50000000.0,8102000000.0,,1427000000.0,0.0,0.0,0.0,6800000000.0,1094000000.0,5706000000.0,35104245170.0,-417000000.0,36000000.0,-101000000.0,-750000000.0,-51000000.0,-967000000.0,-54000000.0,0.0,608000000.0,-4000000.0,81000000.0,81000000.0,81000000.0,0.0,-1000000.0,0.055,523000000.0,480000000.0,261000000.0,0.656,19.833,40.63,40.932,1435000000.0,0.0,72.04,6.615,6.65,998000000.0,2109000000.0,1460000000.0,1460000000.0,110000000.0,,,,,11000000.0,361000000.0,1.0,487288245.0,487272000.0,490944000.0,2.996,5807000000.0,80000000.0,350000000.0,612000000.0,11.917,3123000000.0
15,ZTS,MRQ,2017-09-30,2017-10-01,2017-10-01,2021-08-05,-455000000.0,9288000000.0,,4894000000.0,4394000000.0,,4.067,-48000000.0,1981000000.0,1981000000.0,435000000.0,296000000.0,2.803,3.655,5702000000.0,750000000.0,4952000000.0,5702000000.0,0.0,58000000.0,0.0,0.006,0.0,458000000.0,516000000.0,0.383,516000000.0,458000000.0,415000000.0,0.61,0.61,0.61,1989000000.0,,1989000000.0,35049760143.0,23.0,20.202,391000000.0,0.799,1.0,912000000.0,0.677,2848000000.0,43000000.0,8415000000.0,,1490000000.0,0.0,0.0,0.0,7269000000.0,1746000000.0,5523000000.0,31185760143.0,1276000000.0,-79000000.0,-125000000.0,1131000000.0,-52000000.0,956000000.0,-128000000.0,0.0,439000000.0,9000000.0,298000000.0,298000000.0,298000000.0,0.0,-2000000.0,0.221,456000000.0,456000000.0,213000000.0,0.0,15.679,33.283,33.382,1388000000.0,0.0,63.76,6.086,6.086,1009000000.0,2140000000.0,1347000000.0,1347000000.0,96000000.0,,,,,11000000.0,328000000.0,1.0,489111671.0,489100000.0,492400000.0,2.754,6440000000.0,94000000.0,117000000.0,486000000.0,13.167,3148000000.0
16,ZTS,MRQ,2017-06-30,2017-07-02,2017-07-02,2021-08-05,-542000000.0,7802000000.0,,3584000000.0,4218000000.0,,3.494,-51000000.0,705000000.0,705000000.0,440000000.0,247000000.0,2.009,3.531,4569000000.0,850000000.0,3719000000.0,4569000000.0,0.0,59000000.0,0.0,0.007,0.21,386000000.0,445000000.0,0.351,445000000.0,386000000.0,345000000.0,0.5,0.5,0.5,1715000000.0,,1715000000.0,34454908189.0,24.0,20.819,129000000.0,0.263,1.0,829000000.0,0.653,2705000000.0,41000000.0,7177000000.0,,1498000000.0,0.0,0.0,0.0,6056000000.0,1784000000.0,4272000000.0,30615908189.0,76000000.0,1000000.0,-125000000.0,100000000.0,-51000000.0,-64000000.0,-40000000.0,0.0,180000000.0,0.0,247000000.0,247000000.0,247000000.0,0.0,0.0,0.195,443000000.0,386000000.0,199000000.0,0.42,17.852,34.87,35.045,1355000000.0,0.0,62.38,6.101,6.101,975000000.0,1843000000.0,1269000000.0,1269000000.0,86000000.0,,,,,11000000.0,336000000.0,1.0,490796861.0,490800000.0,494000000.0,2.586,5097000000.0,93000000.0,98000000.0,426000000.0,10.385,1800000000.0
17,ZTS,MRQ,2017-03-31,2017-04-02,2017-04-02,2021-08-05,-552000000.0,7649000000.0,,3383000000.0,4266000000.0,,3.268,-42000000.0,629000000.0,629000000.0,443000000.0,239000000.0,1.955,3.738,4468000000.0,750000000.0,3718000000.0,4468000000.0,0.0,62000000.0,0.0,0.007,0.105,377000000.0,439000000.0,0.357,439000000.0,377000000.0,336000000.0,0.48,0.48,0.48,1609000000.0,,1609000000.0,29997122096.0,21.0,18.258,77000000.0,0.156,1.0,788000000.0,0.64,2729000000.0,41000000.0,7029000000.0,,1535000000.0,0.0,0.0,0.0,6014000000.0,1730000000.0,4284000000.0,26256122096.0,-98000000.0,-3000000.0,-125000000.0,0.0,-52000000.0,-176000000.0,-48000000.0,0.0,119000000.0,7000000.0,238000000.0,238000000.0,238000000.0,0.0,1000000.0,0.193,410000000.0,378000000.0,231000000.0,0.219,16.318,30.709,30.85,1368000000.0,0.0,53.37,5.297,5.301,954000000.0,1651000000.0,1231000000.0,1231000000.0,90000000.0,,,,,11000000.0,309000000.0,1.0,491964064.0,492400000.0,495300000.0,2.5,4920000000.0,97000000.0,98000000.0,451000000.0,9.992,1653000000.0
18,ZTS,MRQ,2016-12-31,2016-12-31,2016-12-31,2021-08-05,-598000000.0,7649000000.0,,3390000000.0,4259000000.0,,3.01,-60000000.0,727000000.0,727000000.0,468000000.0,154000000.0,3.035,4.136,4468000000.0,0.0,4468000000.0,4468000000.0,0.0,63000000.0,0.0,0.007,0.095,272000000.0,335000000.0,0.262,335000000.0,272000000.0,231000000.0,0.32,0.31,0.32,1487000000.0,,1487000000.0,30250855920.0,22.0,18.491,226000000.0,0.458,1.0,809000000.0,0.634,2709000000.0,41000000.0,7564000000.0,,1502000000.0,0.0,0.0,0.0,6150000000.0,1117000000.0,5033000000.0,26434855920.0,76000000.0,1000000.0,-50000000.0,-3000000.0,-47000000.0,-128000000.0,-59000000.0,0.0,286000000.0,-23000000.0,154000000.0,154000000.0,154000000.0,0.0,0.0,0.121,537000000.0,272000000.0,265000000.0,0.297,17.777,32.198,32.247,1381000000.0,0.0,53.53,5.408,5.429,913000000.0,1477000000.0,1277000000.0,1277000000.0,108000000.0,,,,,9000000.0,361000000.0,1.0,493832541.0,493960000.0,496500000.0,2.585,4940000000.0,96000000.0,77000000.0,388000000.0,10.001,2273000000.0
19,ZTS,MRQ,2016-09-30,2016-10-02,2016-10-02,2021-08-05,-506000000.0,7715000000.0,,3364000000.0,4351000000.0,,3.201,-57000000.0,651000000.0,651000000.0,410000000.0,237000000.0,3.238,3.859,4467000000.0,0.0,4467000000.0,4467000000.0,0.0,60000000.0,0.0,0.007,0.0,376000000.0,436000000.0,0.351,436000000.0,376000000.0,335000000.0,0.48,0.48,0.48,1585000000.0,,1585000000.0,29558222837.0,24.0,20.176,182000000.0,0.368,1.0,831000000.0,0.67,2779000000.0,41000000.0,7713000000.0,,1563000000.0,0.0,0.0,0.0,6117000000.0,1039000000.0,5078000000.0,25747222837.0,-7000000.0,-67000000.0,-74000000.0,-4000000.0,-47000000.0,-124000000.0,-124000000.0,0.0,239000000.0,2000000.0,239000000.0,239000000.0,239000000.0,0.0,-2000000.0,0.193,457000000.0,374000000.0,241000000.0,0.0,16.244,37.369,37.417,1382000000.0,0.0,52.01,5.271,5.272,915000000.0,1423000000.0,1241000000.0,1241000000.0,90000000.0,,,,,9000000.0,345000000.0,1.0,495043700.0,495200000.0,497900000.0,2.506,4936000000.0,119000000.0,96000000.0,454000000.0,9.968,2325000000.0
20,ZTS,MRQ,2016-06-30,2016-07-03,2016-07-03,2021-08-05,-554000000.0,7518000000.0,,3328000000.0,4190000000.0,,2.734,-54000000.0,658000000.0,658000000.0,399000000.0,224000000.0,3.203,4.53,4469000000.0,4000000.0,4465000000.0,4469000000.0,0.0,60000000.0,0.0,0.01,0.19,373000000.0,433000000.0,0.358,433000000.0,373000000.0,332000000.0,0.45,0.45,0.45,1357000000.0,,1357000000.0,27337802456.0,24.0,19.868,83000000.0,0.167,1.0,809000000.0,0.67,2692000000.0,41000000.0,7598000000.0,,1525000000.0,0.0,0.0,0.0,6147000000.0,1039000000.0,5108000000.0,23544802456.0,-17000000.0,5000000.0,-75000000.0,0.0,-47000000.0,-108000000.0,-49000000.0,0.0,137000000.0,3000000.0,224000000.0,224000000.0,224000000.0,0.0,0.0,0.185,436000000.0,373000000.0,224000000.0,0.422,17.351,36.846,36.783,1341000000.0,0.0,47.45,4.847,4.848,888000000.0,1190000000.0,1208000000.0,1208000000.0,88000000.0,,,,,10000000.0,343000000.0,1.0,496202370.0,496300000.0,498800000.0,2.434,4826000000.0,91000000.0,108000000.0,458000000.0,9.724,2289000000.0
21,ZTS,MRQ,2016-03-31,2016-04-03,2016-04-03,2021-08-05,-618000000.0,7453000000.0,,3307000000.0,4146000000.0,,2.342,-45000000.0,675000000.0,675000000.0,389000000.0,204000000.0,2.844,5.379,4468000000.0,4000000.0,4464000000.0,4468000000.0,0.0,57000000.0,0.0,0.008,0.095,375000000.0,432000000.0,0.372,432000000.0,375000000.0,332000000.0,0.41,0.41,0.41,1165000000.0,,1165000000.0,26081027385.0,33.0,26.238,6000000.0,0.012,1.0,773000000.0,0.665,2669000000.0,43000000.0,7414000000.0,,1461000000.0,0.0,0.0,0.0,6266000000.0,1163000000.0,5103000000.0,22367027385.0,-479000000.0,63000000.0,-76000000.0,-401000000.0,-47000000.0,-543000000.0,18000000.0,0.0,51000000.0,-5000000.0,204000000.0,204000000.0,204000000.0,0.0,0.0,0.176,398000000.0,375000000.0,210000000.0,0.232,19.199,59.172,58.429,1317000000.0,0.0,44.99,4.636,4.638,908000000.0,1016000000.0,1162000000.0,1162000000.0,90000000.0,,,,,9000000.0,315000000.0,1.0,497155532.0,497400000.0,499500000.0,2.336,4784000000.0,112000000.0,128000000.0,511000000.0,9.618,2144000000.0
22,ZTS,MRQ,2015-12-31,2015-12-31,2015-12-31,2021-08-05,-622000000.0,7913000000.0,,3830000000.0,4083000000.0,,2.144,-81000000.0,1154000000.0,1154000000.0,496000000.0,20000000.0,2.15,6.388,4868000000.0,405000000.0,4463000000.0,4868000000.0,0.0,55000000.0,0.0,0.007,0.083,109000000.0,164000000.0,0.129,164000000.0,109000000.0,71000000.0,0.05,0.05,0.05,1068000000.0,,1068000000.0,26902348635.0,40.0,30.993,197000000.0,0.395,1.0,778000000.0,0.611,2645000000.0,38000000.0,7201000000.0,,1467000000.0,0.0,0.0,0.0,6822000000.0,1781000000.0,5041000000.0,23860348635.0,562000000.0,-654000000.0,-46000000.0,1113000000.0,-41000000.0,1026000000.0,-737000000.0,0.0,278000000.0,-5000000.0,22000000.0,22000000.0,22000000.0,0.0,-2000000.0,0.017,671000000.0,107000000.0,293000000.0,1.66,22.341,70.385,70.471,1307000000.0,0.0,47.92,5.007,5.025,937000000.0,876000000.0,1274000000.0,1274000000.0,109000000.0,,,,,12000000.0,425000000.0,1.0,497920464.0,498228000.0,500576000.0,2.557,5268000000.0,82000000.0,49000000.0,390000000.0,10.573,2049000000.0
23,ZTS,MRQ,2015-09-30,2015-09-27,2015-09-27,2021-08-05,-562000000.0,6686000000.0,,3450000000.0,3236000000.0,,2.462,-52000000.0,592000000.0,592000000.0,421000000.0,190000000.0,2.081,4.42,3634000000.0,408000000.0,3226000000.0,3634000000.0,0.0,46000000.0,0.0,0.008,0.083,301000000.0,347000000.0,0.286,347000000.0,301000000.0,272000000.0,0.38,0.38,0.38,1229000000.0,,1229000000.0,24313102256.0,33.0,25.81,152000000.0,0.304,1.0,793000000.0,0.653,1842000000.0,29000000.0,6228000000.0,,1403000000.0,0.0,0.0,0.0,5432000000.0,1658000000.0,3774000000.0,21210102256.0,48000000.0,0.0,-48000000.0,4000000.0,-42000000.0,-86000000.0,-60000000.0,0.0,204000000.0,-10000000.0,189000000.0,189000000.0,189000000.0,0.0,1000000.0,0.156,491000000.0,302000000.0,306000000.0,0.218,17.258,47.878,47.764,1293000000.0,0.0,42.51,4.409,4.411,1038000000.0,943000000.0,1214000000.0,1214000000.0,91000000.0,,,,,10000000.0,374000000.0,1.0,498943831.0,499200000.0,501700000.0,2.432,4844000000.0,185000000.0,83000000.0,381000000.0,9.704,1792000000.0
24,ZTS,MRQ,2015-06-30,2015-06-28,2015-06-28,2021-08-05,-504000000.0,6598000000.0,,3316000000.0,3282000000.0,,2.351,-46000000.0,544000000.0,544000000.0,427000000.0,-36000000.0,2.109,4.588,3647000000.0,404000000.0,3243000000.0,3647000000.0,0.0,50000000.0,0.0,0.006,0.083,1000000.0,51000000.0,0.043,51000000.0,1000000.0,-28000000.0,-0.07,-0.07,-0.07,1176000000.0,,1176000000.0,27394265044.0,39.0,30.071,76000000.0,0.152,1.0,748000000.0,0.637,1864000000.0,29000000.0,6265000000.0,,1417000000.0,0.0,0.0,0.0,5396000000.0,1572000000.0,3824000000.0,24308265044.0,-15000000.0,2000000.0,-51000000.0,3000000.0,-43000000.0,-91000000.0,-44000000.0,0.0,122000000.0,-2000000.0,-37000000.0,-37000000.0,-37000000.0,0.0,1000000.0,-0.031,746000000.0,2000000.0,278000000.0,-1.186,20.67,57.877,57.881,1295000000.0,0.0,48.62,5.057,5.059,993000000.0,795000000.0,1175000000.0,1175000000.0,84000000.0,,,,,11000000.0,379000000.0,1.0,499964316.0,500200000.0,500200000.0,2.349,4734000000.0,192000000.0,9000000.0,352000000.0,9.464,1744000000.0
25,ZTS,MRQ,2015-03-31,2015-03-29,2015-03-29,2021-08-05,-479000000.0,6430000000.0,,3110000000.0,3320000000.0,,2.55,-45000000.0,559000000.0,559000000.0,394000000.0,165000000.0,2.27,4.01,3645000000.0,402000000.0,3243000000.0,3645000000.0,0.0,48000000.0,0.0,0.006,0.083,258000000.0,306000000.0,0.278,306000000.0,258000000.0,230000000.0,0.33,0.33,0.33,1278000000.0,,1278000000.0,25914412902.0,28.0,22.792,15000000.0,0.03,1.0,708000000.0,0.642,1904000000.0,28000000.0,6242000000.0,,1346000000.0,0.0,0.0,0.0,5125000000.0,1370000000.0,3755000000.0,23146412902.0,-323000000.0,-229000000.0,-47000000.0,-5000000.0,-42000000.0,-94000000.0,-274000000.0,0.0,60000000.0,-15000000.0,165000000.0,165000000.0,165000000.0,0.0,0.0,0.15,450000000.0,258000000.0,256000000.0,0.252,18.111,39.033,39.169,1301000000.0,0.0,46.22,4.832,4.835,905000000.0,832000000.0,1102000000.0,1102000000.0,80000000.0,,,,,10000000.0,354000000.0,1.0,500787817.0,501100000.0,503200000.0,2.199,4526000000.0,144000000.0,65000000.0,354000000.0,9.032,1740000000.0
26,ZTS,MRQ,2014-12-31,2014-12-31,2014-12-31,2021-08-05,-361000000.0,6588000000.0,,3465000000.0,3123000000.0,,2.614,-51000000.0,882000000.0,882000000.0,491000000.0,126000000.0,3.191,4.005,3631000000.0,7000000.0,3624000000.0,3631000000.0,0.0,53000000.0,0.0,0.007,0.072,185000000.0,238000000.0,0.18,238000000.0,185000000.0,155000000.0,0.25,0.25,0.25,1311000000.0,,1311000000.0,24626007994.0,26.0,21.659,336000000.0,0.67,1.0,829000000.0,0.628,1703000000.0,30000000.0,6548000000.0,,1289000000.0,0.0,0.0,0.0,5251000000.0,1086000000.0,4165000000.0,21572007994.0,284000000.0,1000000.0,2000000.0,-3000000.0,-37000000.0,-42000000.0,-50000000.0,0.0,387000000.0,-11000000.0,126000000.0,126000000.0,126000000.0,0.0,0.0,0.095,644000000.0,185000000.0,290000000.0,0.288,16.455,37.002,37.095,1318000000.0,0.0,43.03,4.508,4.506,980000000.0,709000000.0,1320000000.0,1320000000.0,124000000.0,,,,,10000000.0,497000000.0,1.0,501324843.0,501559000.0,503270000.0,2.632,4885000000.0,163000000.0,29000000.0,360000000.0,9.74,2379000000.0
27,ZTS,MRQ,2014-09-30,2014-09-28,2014-09-28,2021-08-05,-240000000.0,6527000000.0,,3353000000.0,3174000000.0,,2.72,-42000000.0,598000000.0,598000000.0,434000000.0,167000000.0,3.36,3.767,3652000000.0,10000000.0,3642000000.0,3652000000.0,0.0,50000000.0,0.0,0.008,0.072,266000000.0,316000000.0,0.261,316000000.0,266000000.0,237000000.0,0.33,0.33,0.33,1364000000.0,,1364000000.0,21434714059.0,24.0,19.241,61000000.0,0.122,1.0,776000000.0,0.641,1739000000.0,29000000.0,6844000000.0,,1388000000.0,0.0,0.0,0.0,5138000000.0,998000000.0,4140000000.0,18358714059.0,20000000.0,1000000.0,0.0,-3000000.0,-36000000.0,-38000000.0,-42000000.0,0.0,103000000.0,-3000000.0,166000000.0,166000000.0,166000000.0,0.0,1000000.0,0.137,509000000.0,267000000.0,259000000.0,0.218,13.459,32.667,32.705,1313000000.0,0.0,36.63,3.89,3.892,1057000000.0,661000000.0,1210000000.0,1210000000.0,93000000.0,,,,,9000000.0,394000000.0,1.0,501193395.0,501453000.0,502445000.0,2.413,4788000000.0,161000000.0,71000000.0,408000000.0,9.548,2355000000.0
28,ZTS,MRQ,2014-06-30,2014-06-29,2014-06-29,2021-08-05,-199000000.0,6522000000.0,,3327000000.0,3195000000.0,,2.515,-42000000.0,578000000.0,578000000.0,413000000.0,139000000.0,3.136,4.158,3654000000.0,12000000.0,3642000000.0,3654000000.0,0.0,51000000.0,0.0,0.008,0.072,226000000.0,277000000.0,0.239,277000000.0,226000000.0,197000000.0,0.27,0.27,0.27,1260000000.0,,1260000000.0,19374985182.0,23.0,18.261,117000000.0,0.234,1.0,745000000.0,0.643,1758000000.0,29000000.0,6779000000.0,,1336000000.0,0.0,0.0,0.0,5239000000.0,1061000000.0,4178000000.0,16222985182.0,72000000.0,7000000.0,0.0,-3000000.0,-37000000.0,-39000000.0,-50000000.0,0.0,159000000.0,2000000.0,136000000.0,136000000.0,136000000.0,0.0,3000000.0,0.117,516000000.0,229000000.0,337000000.0,0.267,12.875,30.784,30.838,1309000000.0,0.0,32.38,3.518,3.517,1098000000.0,531000000.0,1158000000.0,1158000000.0,92000000.0,,,,,8000000.0,396000000.0,1.0,501018690.0,500975000.0,501684000.0,2.311,4764000000.0,165000000.0,61000000.0,465000000.0,9.509,2266000000.0
29,ZTS,MRQ,2014-03-31,2014-03-30,2014-03-30,2021-08-05,-229000000.0,6403000000.0,,3222000000.0,3181000000.0,,2.153,-45000000.0,506000000.0,506000000.0,379000000.0,155000000.0,2.859,4.925,3658000000.0,16000000.0,3642000000.0,3658000000.0,0.0,50000000.0,0.0,0.009,0.072,256000000.0,306000000.0,0.279,306000000.0,256000000.0,227000000.0,0.31,0.31,0.31,1077000000.0,,1077000000.0,17573160735.0,21.0,16.673,-68000000.0,-0.136,1.0,718000000.0,0.655,1769000000.0,29000000.0,6659000000.0,,1316000000.0,0.0,0.0,0.0,5304000000.0,1127000000.0,4177000000.0,14526160735.0,-104000000.0,0.0,0.0,1000000.0,-36000000.0,-35000000.0,-45000000.0,0.0,-23000000.0,-1000000.0,155000000.0,155000000.0,155000000.0,0.0,0.0,0.141,462000000.0,256000000.0,363000000.0,0.232,13.488,27.989,27.894,1292000000.0,0.0,29.01,3.18,3.177,1100000000.0,395000000.0,1097000000.0,1097000000.0,87000000.0,,,,,5000000.0,356000000.0,1.0,500729429.0,500231000.0,500702000.0,2.193,4634000000.0,152000000.0,72000000.0,454000000.0,9.264,2095000000.0
30,ZTS,MRQ,2013-12-31,2013-12-31,2013-12-31,2021-08-05,-219000000.0,6558000000.0,,3357000000.0,3201000000.0,,1.88,-49000000.0,610000000.0,610000000.0,466000000.0,104000000.0,2.372,5.953,3657000000.0,15000000.0,3642000000.0,3657000000.0,0.0,58000000.0,0.0,0.006,0.065,157000000.0,215000000.0,0.171,215000000.0,157000000.0,127000000.0,0.21,0.21,0.21,940000000.0,,940000000.0,19608223371.0,24.0,19.357,249000000.0,0.498,1.0,788000000.0,0.628,1785000000.0,30000000.0,6405000000.0,,1293000000.0,0.0,0.0,0.0,5596000000.0,1415000000.0,4181000000.0,16345223371.0,221000000.0,2000000.0,0.0,5000000.0,-33000000.0,-28000000.0,-51000000.0,0.0,298000000.0,2000000.0,105000000.0,105000000.0,105000000.0,0.0,-1000000.0,0.084,632000000.0,156000000.0,506000000.0,0.31,17.389,32.431,32.366,1295000000.0,0.0,32.69,3.584,3.584,1138000000.0,276000000.0,1254000000.0,1254000000.0,121000000.0,,,,,6000000.0,458000000.0,1.0,500006833.0,500008000.0,500587000.0,2.508,4773000000.0,160000000.0,22000000.0,411000000.0,9.546,1942000000.0
31,ZTS,MRQ,2013-09-30,2013-09-29,2013-09-29,2021-08-05,-245000000.0,6259000000.0,,3083000000.0,3176000000.0,,1.686,-55000000.0,389000000.0,389000000.0,385000000.0,131000000.0,2.357,6.397,3652000000.0,10000000.0,3642000000.0,3652000000.0,0.0,49000000.0,0.0,0.004,0.065,214000000.0,263000000.0,0.238,263000000.0,214000000.0,185000000.0,0.26,0.26,0.26,843000000.0,,843000000.0,18858000000.0,26.0,20.409,59000000.0,0.118,1.0,718000000.0,0.651,1795000000.0,29000000.0,6419000000.0,,1290000000.0,0.0,0.0,0.0,5393000000.0,1308000000.0,4085000000.0,15575000000.0,20000000.0,1000000.0,0.0,0.0,-32000000.0,-32000000.0,-54000000.0,0.0,114000000.0,-8000000.0,131000000.0,131000000.0,131000000.0,0.0,0.0,0.119,504000000.0,214000000.0,482000000.0,0.25,18.476,40.039,39.936,1252000000.0,0.0,31.15,3.474,3.474,1110000000.0,207000000.0,1103000000.0,1103000000.0,93000000.0,,,,,6000000.0,399000000.0,1.0,500000000.0,500000000.0,500354000.0,2.206,4464000000.0,136000000.0,54000000.0,431000000.0,8.928,1775000000.0
32,ZTS,MRQ,2013-06-30,2013-06-30,2013-06-30,2021-08-05,-183000000.0,6261000000.0,,3082000000.0,3179000000.0,,1.6,-58000000.0,369000000.0,369000000.0,416000000.0,128000000.0,2.333,6.798,3652000000.0,12000000.0,3640000000.0,3652000000.0,0.0,51000000.0,0.0,0.002,0.065,219000000.0,270000000.0,0.242,270000000.0,219000000.0,187000000.0,0.26,0.26,0.26,800000000.0,,800000000.0,18623000000.0,25.0,19.896,-70000000.0,-0.14,1.0,698000000.0,0.627,1816000000.0,32000000.0,6407000000.0,,1257000000.0,0.0,0.0,0.0,5438000000.0,1321000000.0,4117000000.0,15445000000.0,-99000000.0,6000000.0,0.0,6000000.0,-33000000.0,-32000000.0,-52000000.0,0.0,-12000000.0,-3000000.0,128000000.0,128000000.0,128000000.0,0.0,0.0,0.115,479000000.0,219000000.0,587000000.0,0.25,19.306,36.774,36.774,1252000000.0,0.0,30.89,3.511,3.511,1137000000.0,109000000.0,1114000000.0,1114000000.0,95000000.0,,,,,20000000.0,399000000.0,1.0,500000000.0,500000000.0,500217000.0,2.228,4445000000.0,146000000.0,59000000.0,429000000.0,8.89,1761000000.0
33,ZTS,MRQ,2013-03-31,2013-03-31,2013-03-31,2021-08-05,-121000000.0,6142000000.0,,2942000000.0,3200000000.0,,1.418,-22000000.0,468000000.0,468000000.0,402000000.0,140000000.0,2.286,7.642,3646000000.0,6000000.0,3640000000.0,3646000000.0,0.0,51000000.0,0.0,0.0,0.0,214000000.0,265000000.0,0.243,265000000.0,214000000.0,192000000.0,0.28,0.28,0.28,709000000.0,,709000000.0,16965000000.0,22.0,17.311,259000000.0,0.518,1.0,688000000.0,0.631,1840000000.0,22000000.0,6193000000.0,,1120000000.0,0.0,0.0,0.0,5418000000.0,1287000000.0,4131000000.0,16700000000.0,151000000.0,0.0,0.0,2630000000.0,0.0,-108000000.0,-22000000.0,0.0,281000000.0,0.0,140000000.0,140000000.0,140000000.0,0.0,0.0,0.128,474000000.0,214000000.0,658000000.0,0.0,23.554,35.914,35.914,1237000000.0,0.0,33.4,3.814,3.814,1083000000.0,13000000.0,1090000000.0,1090000000.0,90000000.0,,,,,11000000.0,357000000.0,1.0,500000000.0,500000000.0,500111000.0,2.18,4302000000.0,146000000.0,52000000.0,419000000.0,8.604,1655000000.0
34,ZTS,MRQ,2012-12-31,2012-12-31,2012-12-31,2021-08-05,-157000000.0,6262000000.0,,2864000000.0,3398000000.0,,8.052,-45000000.0,317000000.0,317000000.0,433000000.0,-10000000.0,2.55,0.552,582000000.0,73000000.0,509000000.0,582000000.0,0.0,44000000.0,0.0,,0.0,82000000.0,126000000.0,0.107,126000000.0,82000000.0,74000000.0,-0.02,-0.02,-0.02,4026000000.0,,4026000000.0,,,,265000000.0,0.53,1.0,743000000.0,0.632,1853000000.0,8000000.0,3551000000.0,,1345000000.0,0.0,0.0,0.0,2221000000.0,1123000000.0,1098000000.0,,184000000.0,3000000.0,0.0,0.0,0.0,-78000000.0,-46000000.0,0.0,310000000.0,-2000000.0,-10000000.0,-10000000.0,-10000000.0,0.0,0.0,-0.009,661000000.0,82000000.0,319000000.0,0.0,,,,1241000000.0,0.0,,,,900000000.0,0.0,1176000000.0,1176000000.0,121000000.0,,,,,10000000.0,453000000.0,1.0,500000000.0,500000000.0,500000000.0,2.352,4409000000.0,317000000.0,84000000.0,512000000.0,8.818,1741000000.0
35,ZTS,MRQ,2012-09-30,2012-09-30,2012-09-30,2021-08-05,,,,,,,,-26000000.0,,,359000000.0,161000000.0,,,,,,,,54000000.0,,,0.0,221000000.0,275000000.0,0.27,275000000.0,221000000.0,214000000.0,0.32,0.32,0.32,,,,,,,48000000.0,0.096,1.0,660000000.0,0.648,,7000000.0,,,,,,,,,,,27000000.0,1000000.0,0.0,0.0,-1000000.0,-18000000.0,-30000000.0,0.0,74000000.0,1000000.0,162000000.0,162000000.0,162000000.0,0.0,-1000000.0,0.159,440000000.0,220000000.0,,0.0,,,,,0.0,,,,,,1019000000.0,1019000000.0,94000000.0,,,,,6000000.0,335000000.0,1.0,500000000.0,500000000.0,500000000.0,2.038,,,52000000.0,,,
36,ZTS,MRQ,2012-06-30,2012-07-01,2012-07-01,2021-08-05,,,,,,,,-24000000.0,,,378000000.0,173000000.0,,,,,,,,54000000.0,,,0.0,260000000.0,314000000.0,0.287,314000000.0,260000000.0,252000000.0,0.35,0.35,0.35,,,,,,,50000000.0,0.1,1.0,716000000.0,0.654,,8000000.0,,,,,,,,,,,-7000000.0,-1000000.0,0.0,0.0,-10000000.0,-53000000.0,-26000000.0,0.0,74000000.0,-2000000.0,173000000.0,173000000.0,173000000.0,0.0,0.0,0.158,456000000.0,260000000.0,,0.0,,,,,0.0,,,,,,1094000000.0,1094000000.0,92000000.0,,,,,6000000.0,344000000.0,1.0,500000000.0,500000000.0,500000000.0,2.188,,,79000000.0,,,
37,ZTS,MRQ,2012-03-31,2012-04-01,2012-04-01,2021-08-05,,,,,,,,-31000000.0,,,393000000.0,112000000.0,,,,,,,,48000000.0,,,0.0,178000000.0,226000000.0,0.216,226000000.0,178000000.0,170000000.0,0.22,0.22,0.22,,,,,,,-35000000.0,-0.07,1.0,654000000.0,0.625,,8000000.0,,,,,,,,,,,34000000.0,0.0,0.0,0.0,-52000000.0,71000000.0,-33000000.0,0.0,-4000000.0,0.0,111000000.0,111000000.0,111000000.0,0.0,1000000.0,0.106,475000000.0,179000000.0,,0.0,,,,,0.0,,,,,,1047000000.0,1047000000.0,102000000.0,,,,,6000000.0,338000000.0,1.0,500000000.0,500000000.0,500000000.0,2.094,,,59000000.0,,,
38,ZTS,MRQ,2011-12-31,2011-12-31,2011-12-31,2021-08-05,-65000000.0,5711000000.0,,2311000000.0,3400000000.0,,7.44,,79000000.0,79000000.0,,,2.741,0.531,575000000.0,0.0,575000000.0,575000000.0,0.0,,0.0,,0.0,,,,,,,,,,3720000000.0,,3720000000.0,,,,,,1.0,,,1917000000.0,,3447000000.0,,1063000000.0,0.0,0.0,0.0,1975000000.0,843000000.0,1132000000.0,,,,,,,,,,,,,,,,,,,,214000000.0,,,,,1243000000.0,,,,,871000000.0,,,,,,,,,,,1.0,500000000.0,500000000.0,,,3794000000.0,239000000.0,,451000000.0,7.588,1468000000.0
39,ZTS,MRQ,2010-12-31,2010-12-31,2010-12-31,2021-08-05,-74000000.0,5284000000.0,,2116000000.0,3168000000.0,,6.688,,63000000.0,63000000.0,,,2.619,0.58,711000000.0,38000000.0,673000000.0,711000000.0,0.0,,0.0,,0.0,,,,,,,,,,3344000000.0,,3344000000.0,,,,,,1.0,,,1858000000.0,,3266000000.0,,995000000.0,0.0,0.0,0.0,1940000000.0,808000000.0,1132000000.0,,,,,,,,,,,,,,,,,,,,206000000.0,,,,,1148000000.0,,,,,773000000.0,,,,,,,,,,,1.0,,500000000.0,,,3426000000.0,167000000.0,,342000000.0,6.852,1308000000.0
0,ZTS,MRT,2021-06-30,2021-06-30,2021-06-30,2021-08-05,-623000000.0,14069000000.0,13799750000.0,7048000000.0,7021000000.0,0.537,9.162,-461000000.0,3658000000.0,3658000000.0,2264000000.0,1906000000.0,3.371,2.234,7343000000.0,604000000.0,6739000000.0,7343000000.0,0.0,441000000.0,0.0,0.005,0.9,2577000000.0,3018000000.0,0.407,3018000000.0,2577000000.0,2343000000.0,4.02,3.99,4.02,4350000000.0,3952500000.0,4350000000.0,92225522398.0,36.0,30.558,1700000000.0,3.58,1.0,5148000000.0,0.695,4358000000.0,234000000.0,11305000000.0,11062000000.0,1802000000.0,0.0,0.0,0.0,9717000000.0,2091000000.0,7626000000.0,88477522398.0,305000000.0,-49000000.0,-327000000.0,-497000000.0,-428000000.0,-1319000000.0,-553000000.0,-45000000.0,2161000000.0,16000000.0,1909000000.0,1909000000.0,1909000000.0,0.0,-3000000.0,0.258,2574000000.0,2574000000.0,369000000.0,0.224,20.34,46.348,46.358,2463000000.0,0.0,186.36,11.937,11.938,1170000000.0,6492000000.0,7412000000.0,7412000000.0,483000000.0,0.138,0.483,0.233,0.348,56000000.0,1848000000.0,1.0,474766701.0,474800000.0,477000000.0,15.611,9711000000.0,103000000.0,434000000.0,685000000.0,20.453,4957000000.0
1,ZTS,MRT,2021-03-31,2021-03-31,2021-03-31,2021-08-05,-633000000.0,13796000000.0,13549750000.0,6794000000.0,7002000000.0,0.518,8.599,-435000000.0,3602000000.0,3602000000.0,2147000000.0,1771000000.0,3.288,2.373,7350000000.0,604000000.0,6746000000.0,7350000000.0,0.0,440000000.0,0.0,0.005,0.85,2424000000.0,2864000000.0,0.408,2864000000.0,2424000000.0,2189000000.0,3.73,3.71,3.73,4089000000.0,3610500000.0,4089000000.0,78587200420.0,32.0,27.44,1683000000.0,3.539,1.0,4865000000.0,0.694,4378000000.0,235000000.0,11100000000.0,11071500000.0,1700000000.0,0.0,0.0,0.0,9704000000.0,2066000000.0,7638000000.0,74829200420.0,1651000000.0,-110000000.0,-161000000.0,732000000.0,-404000000.0,112000000.0,-578000000.0,-34000000.0,2118000000.0,-1000000.0,1774000000.0,1774000000.0,1774000000.0,0.0,-3000000.0,0.253,2444000000.0,2421000000.0,346000000.0,0.228,18.3,42.181,42.22,2416000000.0,0.0,157.48,10.672,10.679,1125000000.0,6099000000.0,7012000000.0,7012000000.0,474000000.0,0.131,0.491,0.219,0.346,56000000.0,1746000000.0,1.0,475166373.0,475500000.0,477900000.0,14.747,9418000000.0,100000000.0,415000000.0,770000000.0,19.807,4728000000.0
2,ZTS,MRT,2020-12-31,2020-12-31,2020-12-31,2021-08-05,-730000000.0,13609000000.0,12982750000.0,6611000000.0,6998000000.0,0.514,7.926,-432000000.0,3604000000.0,3604000000.0,2057000000.0,1636000000.0,3.047,2.61,7362000000.0,604000000.0,6758000000.0,7362000000.0,0.0,441000000.0,0.0,0.005,0.8,2229000000.0,2670000000.0,0.4,2670000000.0,2229000000.0,1998000000.0,3.44,3.42,3.44,3769000000.0,3276500000.0,3769000000.0,82865824044.0,37.0,31.036,1694000000.0,3.563,1.0,4618000000.0,0.692,4404000000.0,231000000.0,10793000000.0,10815000000.0,1628000000.0,0.0,0.0,0.0,9836000000.0,2170000000.0,7666000000.0,78656824044.0,1670000000.0,-113000000.0,-230000000.0,732000000.0,-380000000.0,123000000.0,-572000000.0,-27000000.0,2126000000.0,-7000000.0,1638000000.0,1638000000.0,1638000000.0,0.0,-2000000.0,0.245,2391000000.0,2227000000.0,457000000.0,0.233,20.869,48.02,48.11,2394000000.0,0.0,165.5,11.784,11.79,1013000000.0,5659000000.0,6675000000.0,6675000000.0,463000000.0,0.126,0.5,0.206,0.334,59000000.0,1726000000.0,1.0,475267819.0,475502000.0,478569000.0,14.038,9205000000.0,94000000.0,360000000.0,684000000.0,19.358,4441000000.0
3,ZTS,MRT,2020-09-30,2020-09-30,2020-09-30,2021-08-05,-735000000.0,13725000000.0,12466750000.0,6757000000.0,6968000000.0,0.525,7.575,-445000000.0,3654000000.0,3654000000.0,1986000000.0,1662000000.0,2.815,2.809,7863000000.0,1101000000.0,6762000000.0,7863000000.0,0.0,441000000.0,0.0,0.005,0.764,2243000000.0,2684000000.0,0.41,2684000000.0,2243000000.0,2014000000.0,3.5,3.47,3.5,3602000000.0,3011250000.0,3602000000.0,83071679700.0,37.0,30.951,1545000000.0,3.249,1.0,4556000000.0,0.696,4484000000.0,229000000.0,11050000000.0,10600250000.0,1626000000.0,0.0,0.0,0.0,10118000000.0,2400000000.0,7718000000.0,78574679700.0,1839000000.0,-166000000.0,-419000000.0,1229000000.0,-364000000.0,470000000.0,-608000000.0,4000000.0,1990000000.0,-13000000.0,1663000000.0,1663000000.0,1663000000.0,0.0,-1000000.0,0.254,2314000000.0,2242000000.0,357000000.0,0.218,21.814,47.249,47.249,2293000000.0,0.0,165.37,12.011,12.02,1012000000.0,5526000000.0,6542000000.0,6542000000.0,462000000.0,0.133,0.552,0.212,0.343,62000000.0,1678000000.0,1.0,475144704.0,475500000.0,478500000.0,13.758,9241000000.0,97000000.0,351000000.0,818000000.0,19.434,4357000000.0
4,ZTS,MRT,2020-06-30,2020-06-30,2020-06-30,2021-08-05,-856000000.0,13069000000.0,11853500000.0,6285000000.0,6784000000.0,0.535,6.274,-434000000.0,3353000000.0,3353000000.0,1919000000.0,1616000000.0,3.47,3.381,7850000000.0,501000000.0,7349000000.0,7850000000.0,0.0,437000000.0,0.0,0.005,0.728,2168000000.0,2605000000.0,0.411,2605000000.0,2168000000.0,1945000000.0,3.4,3.37,3.4,2982000000.0,2780250000.0,2982000000.0,69756883395.0,32.0,26.778,1500000000.0,3.156,1.0,4421000000.0,0.697,4412000000.0,223000000.0,11343000000.0,10471750000.0,1584000000.0,0.0,0.0,0.0,10082000000.0,1811000000.0,8271000000.0,65085883395.0,1598000000.0,-273000000.0,-569000000.0,1229000000.0,-347000000.0,331000000.0,-643000000.0,82000000.0,1934000000.0,-24000000.0,1617000000.0,1617000000.0,1617000000.0,0.0,-1000000.0,0.255,2254000000.0,2167000000.0,335000000.0,0.214,21.826,40.251,40.306,2192000000.0,0.0,137.04,10.266,10.274,984000000.0,5048000000.0,6340000000.0,6340000000.0,462000000.0,0.136,0.582,0.207,0.342,64000000.0,1645000000.0,1.0,474940772.0,475300000.0,478100000.0,13.339,8657000000.0,88000000.0,328000000.0,821000000.0,18.214,4474000000.0
5,ZTS,MRT,2020-03-31,2020-03-31,2020-03-31,2021-08-05,-781000000.0,11528000000.0,11332750000.0,4772000000.0,6756000000.0,0.559,5.788,-450000000.0,1951000000.0,1951000000.0,1933000000.0,1611000000.0,2.773,3.187,6622000000.0,500000000.0,6122000000.0,6622000000.0,0.0,424000000.0,0.0,0.006,0.692,2137000000.0,2561000000.0,0.404,2561000000.0,2137000000.0,1917000000.0,3.38,3.35,3.38,2753000000.0,2637500000.0,2753000000.0,60571975987.0,28.0,23.652,1364000000.0,2.868,1.0,4406000000.0,0.695,4404000000.0,220000000.0,10074000000.0,10223500000.0,1481000000.0,0.0,0.0,0.0,8775000000.0,1721000000.0,7054000000.0,55894975987.0,223000000.0,-201000000.0,-719000000.0,0.0,-330000000.0,-1036000000.0,-538000000.0,126000000.0,1814000000.0,-17000000.0,1611000000.0,1611000000.0,1611000000.0,0.0,0.0,0.254,2269000000.0,2137000000.0,265000000.0,0.205,20.303,34.696,34.82,2159000000.0,0.0,117.69,8.818,8.83,965000000.0,4764000000.0,6339000000.0,6339000000.0,462000000.0,0.142,0.611,0.209,0.337,65000000.0,1658000000.0,1.0,474933945.0,475600000.0,479000000.0,13.328,7124000000.0,88000000.0,306000000.0,804000000.0,14.979,3051000000.0
6,ZTS,MRT,2019-12-31,2019-12-31,2019-12-31,2021-08-05,-726000000.0,11545000000.0,11171500000.0,4748000000.0,6797000000.0,0.56,5.664,-439000000.0,1934000000.0,1934000000.0,1992000000.0,1500000000.0,2.629,3.263,6611000000.0,500000000.0,6111000000.0,6611000000.0,0.0,412000000.0,0.0,0.005,0.656,2024000000.0,2436000000.0,0.389,2436000000.0,2024000000.0,1801000000.0,3.14,3.11,3.14,2708000000.0,2528500000.0,2708000000.0,67839205738.0,34.0,27.849,1356000000.0,2.836,1.0,4268000000.0,0.682,4482000000.0,223000000.0,9934000000.0,10240000000.0,1410000000.0,0.0,0.0,0.0,8837000000.0,1806000000.0,7031000000.0,63038205738.0,332000000.0,-195000000.0,-619000000.0,-9000000.0,-314000000.0,-951000000.0,-504000000.0,138000000.0,1795000000.0,-8000000.0,1500000000.0,1500000000.0,1500000000.0,0.0,0.0,0.24,2244000000.0,2024000000.0,301000000.0,0.209,23.279,42.025,42.15,2129000000.0,0.0,132.35,10.07,10.109,1086000000.0,4427000000.0,6260000000.0,6260000000.0,457000000.0,0.134,0.593,0.198,0.323,67000000.0,1638000000.0,1.0,476299250.0,478128000.0,481787000.0,13.093,7063000000.0,88000000.0,301000000.0,727000000.0,14.772,2942000000.0
7,ZTS,MRT,2019-09-30,2019-09-30,2019-09-30,2021-08-05,-699000000.0,11272000000.0,10979500000.0,4618000000.0,6654000000.0,0.56,5.605,-364000000.0,1815000000.0,1815000000.0,2006000000.0,1461000000.0,4.39,3.209,6616000000.0,0.0,6616000000.0,6616000000.0,0.0,404000000.0,0.0,0.005,0.618,2008000000.0,2412000000.0,0.392,2412000000.0,2008000000.0,1782000000.0,3.05,3.03,3.05,2678000000.0,2397750000.0,2678000000.0,64391753275.0,32.0,26.696,1433000000.0,2.999,1.0,4144000000.0,0.674,4485000000.0,226000000.0,10536000000.0,10216250000.0,1439000000.0,12000000.0,12000000.0,0.0,8594000000.0,1052000000.0,7542000000.0,59531753275.0,529000000.0,-141000000.0,-581000000.0,-1000000.0,-295000000.0,-898000000.0,-365000000.0,154000000.0,1797000000.0,-5000000.0,1461000000.0,1461000000.0,1461000000.0,0.0,0.0,0.238,2136000000.0,2008000000.0,284000000.0,0.203,22.23,40.747,40.849,2006000000.0,0.0,124.59,9.68,9.68,1030000000.0,4217000000.0,6150000000.0,6150000000.0,450000000.0,0.133,0.609,0.197,0.327,68000000.0,1586000000.0,1.0,477821280.0,477800000.0,481500000.0,12.871,6787000000.0,72000000.0,321000000.0,780000000.0,14.205,3566000000.0
8,ZTS,MRT,2019-06-30,2019-06-30,2019-06-30,2021-08-05,-669000000.0,10986000000.0,10776250000.0,4484000000.0,6502000000.0,0.561,5.036,-322000000.0,1755000000.0,1755000000.0,2000000000.0,1375000000.0,4.171,3.557,6615000000.0,0.0,6615000000.0,6615000000.0,0.0,381000000.0,0.0,0.005,0.58,1896000000.0,2277000000.0,0.377,2277000000.0,1896000000.0,1672000000.0,2.86,2.84,2.86,2411000000.0,2257750000.0,2411000000.0,59172690890.0,31.0,25.987,1519000000.0,3.173,1.0,4046000000.0,0.669,4421000000.0,224000000.0,10350000000.0,10070750000.0,1404000000.0,25000000.0,25000000.0,0.0,8575000000.0,1075000000.0,7500000000.0,54322690890.0,197000000.0,-2006000000.0,-574000000.0,1484000000.0,-278000000.0,597000000.0,-2220000000.0,104000000.0,1841000000.0,-21000000.0,1375000000.0,1375000000.0,1375000000.0,0.0,0.0,0.227,2150000000.0,1896000000.0,290000000.0,0.203,22.531,39.507,39.682,1934000000.0,0.0,113.49,8.985,8.988,994000000.0,3788000000.0,6046000000.0,6046000000.0,446000000.0,0.128,0.609,0.188,0.314,66000000.0,1562000000.0,1.0,478656189.0,478800000.0,482300000.0,12.627,6565000000.0,60000000.0,297000000.0,728000000.0,13.711,3409000000.0
9,ZTS,MRT,2019-03-31,2019-03-31,2019-03-31,2021-08-05,-598000000.0,10883000000.0,10180500000.0,4379000000.0,6504000000.0,0.581,4.831,-292000000.0,1728000000.0,1728000000.0,1982000000.0,1386000000.0,4.047,3.697,6578000000.0,0.0,6578000000.0,6578000000.0,0.0,346000000.0,0.0,0.005,0.542,1871000000.0,2217000000.0,0.375,2217000000.0,1871000000.0,1656000000.0,2.88,2.86,2.88,2317000000.0,2147500000.0,2317000000.0,53047968683.0,28.0,23.928,1498000000.0,3.123,1.0,3932000000.0,0.665,4511000000.0,215000000.0,10140000000.0,9556750000.0,1361000000.0,65000000.0,65000000.0,0.0,8566000000.0,1082000000.0,7484000000.0,48197968683.0,74000000.0,-2006000000.0,-639000000.0,1484000000.0,-260000000.0,552000000.0,-2237000000.0,64000000.0,1790000000.0,-31000000.0,1388000000.0,1388000000.0,1388000000.0,0.0,-2000000.0,0.235,2063000000.0,1869000000.0,235000000.0,0.188,20.802,34.725,34.955,1841000000.0,0.0,100.67,8.15,8.164,970000000.0,3495000000.0,5914000000.0,5914000000.0,437000000.0,0.136,0.646,0.196,0.316,60000000.0,1515000000.0,1.0,478771915.0,479600000.0,483100000.0,12.331,6372000000.0,65000000.0,268000000.0,790000000.0,13.286,3297000000.0
10,ZTS,MRT,2018-12-31,2018-12-31,2018-12-31,2021-08-05,-629000000.0,10777000000.0,9632250000.0,4399000000.0,6378000000.0,0.605,4.523,-282000000.0,1602000000.0,1602000000.0,1911000000.0,1424000000.0,3.597,3.932,6452000000.0,9000000.0,6443000000.0,6452000000.0,0.0,308000000.0,0.0,0.006,0.504,1900000000.0,2208000000.0,0.379,2208000000.0,1900000000.0,1694000000.0,2.96,2.93,2.96,2185000000.0,2058250000.0,2185000000.0,46252768446.0,24.0,20.948,1508000000.0,3.122,1.0,3914000000.0,0.672,4565000000.0,206000000.0,9839000000.0,9066250000.0,1391000000.0,99000000.0,99000000.0,0.0,8592000000.0,1223000000.0,7369000000.0,41097768446.0,38000000.0,-1998000000.0,-679000000.0,1493000000.0,-243000000.0,533000000.0,-2259000000.0,28000000.0,1790000000.0,-26000000.0,1428000000.0,1428000000.0,1428000000.0,0.0,-4000000.0,0.245,2018000000.0,1896000000.0,313000000.0,0.17,18.809,28.78,28.899,1658000000.0,0.0,85.54,7.055,7.094,1036000000.0,3270000000.0,5825000000.0,5825000000.0,432000000.0,0.148,0.694,0.21,0.326,53000000.0,1484000000.0,1.0,480450882.0,483063000.0,486898000.0,12.058,6212000000.0,61000000.0,266000000.0,774000000.0,12.86,3176000000.0
11,ZTS,MRT,2018-09-30,2018-09-30,2018-09-30,2021-08-05,-619000000.0,10459000000.0,9084500000.0,4076000000.0,6383000000.0,0.63,4.394,-275000000.0,1286000000.0,1286000000.0,1824000000.0,1159000000.0,4.064,3.938,6441000000.0,0.0,6441000000.0,6441000000.0,0.0,270000000.0,0.0,0.005,0.483,1904000000.0,2174000000.0,0.38,2174000000.0,1904000000.0,1707000000.0,2.39,2.38,2.39,2118000000.0,1954500000.0,2118000000.0,47512787403.0,25.0,21.855,1539000000.0,3.193,1.0,3897000000.0,0.681,4657000000.0,197000000.0,9954000000.0,8632000000.0,1441000000.0,105000000.0,105000000.0,0.0,8341000000.0,1003000000.0,7338000000.0,44115787403.0,-695000000.0,-1958000000.0,-649000000.0,735000000.0,-234000000.0,-237000000.0,-2239000000.0,0.0,1814000000.0,-33000000.0,1164000000.0,1164000000.0,1164000000.0,0.0,-5000000.0,0.203,1998000000.0,1899000000.0,238000000.0,0.202,20.829,37.9,38.31,1556000000.0,0.0,91.56,7.711,7.714,929000000.0,3067000000.0,5721000000.0,5721000000.0,417000000.0,0.128,0.596,0.221,0.333,47000000.0,1425000000.0,1.0,481823803.0,482000000.0,485800000.0,11.869,5802000000.0,73000000.0,543000000.0,771000000.0,12.037,3073000000.0
12,ZTS,MRT,2018-06-30,2018-06-30,2018-06-30,2021-08-05,-543000000.0,8603000000.0,8791750000.0,4239000000.0,4364000000.0,0.636,4.072,-257000000.0,1558000000.0,1558000000.0,1786000000.0,1108000000.0,4.384,3.361,4955000000.0,0.0,4955000000.0,4955000000.0,0.0,244000000.0,0.0,0.004,0.357,1890000000.0,2134000000.0,0.382,2134000000.0,1890000000.0,1704000000.0,2.28,2.28,2.28,1970000000.0,1922250000.0,1970000000.0,44520497004.0,24.0,20.862,1446000000.0,2.989,1.0,3802000000.0,0.68,2739000000.0,186000000.0,8294000000.0,8247250000.0,1420000000.0,0.0,0.0,0.0,6621000000.0,967000000.0,5654000000.0,41220497004.0,853000000.0,-35000000.0,-631000000.0,381000000.0,-225000000.0,-544000000.0,-303000000.0,0.0,1703000000.0,-3000000.0,1115000000.0,1115000000.0,1115000000.0,0.0,-7000000.0,0.2,1919000000.0,1883000000.0,230000000.0,0.157,20.924,36.969,37.364,1470000000.0,0.0,85.19,7.377,7.376,973000000.0,2722000000.0,5588000000.0,5588000000.0,405000000.0,0.127,0.58,0.229,0.338,44000000.0,1386000000.0,1.0,483865442.0,483800000.0,487500000.0,11.55,5864000000.0,80000000.0,589000000.0,548000000.0,12.121,3272000000.0
13,ZTS,MRT,2018-03-31,2018-03-31,2018-03-31,2021-08-05,-429000000.0,8690000000.0,8591500000.0,4267000000.0,4423000000.0,0.633,4.034,-235000000.0,1654000000.0,1654000000.0,1779000000.0,973000000.0,4.267,3.426,4954000000.0,0.0,4954000000.0,4954000000.0,0.0,240000000.0,0.0,0.005,0.441,1791000000.0,2031000000.0,0.373,2031000000.0,1791000000.0,1610000000.0,1.99,1.99,1.99,1960000000.0,1858500000.0,1960000000.0,43912537573.0,25.0,21.621,1381000000.0,2.842,1.0,3663000000.0,0.673,2812000000.0,181000000.0,8178000000.0,7968000000.0,1441000000.0,0.0,0.0,0.0,6715000000.0,1000000000.0,5715000000.0,40523537573.0,1025000000.0,-34000000.0,-541000000.0,481000000.0,-216000000.0,-337000000.0,-267000000.0,0.0,1616000000.0,13000000.0,978000000.0,978000000.0,978000000.0,0.0,-5000000.0,0.18,1877000000.0,1786000000.0,217000000.0,0.222,20.675,41.435,41.965,1453000000.0,0.0,83.51,7.446,7.456,943000000.0,2399000000.0,5442000000.0,5442000000.0,389000000.0,0.114,0.526,0.225,0.329,44000000.0,1363000000.0,1.0,485253713.0,485900000.0,489800000.0,11.2,5878000000.0,80000000.0,632000000.0,642000000.0,12.097,3267000000.0
14,ZTS,MRT,2017-12-31,2017-12-31,2017-12-31,2021-08-05,-505000000.0,8586000000.0,8331250000.0,4217000000.0,4369000000.0,0.637,3.613,-224000000.0,1564000000.0,1564000000.0,1775000000.0,862000000.0,3.855,3.842,4953000000.0,0.0,4953000000.0,4953000000.0,0.0,242000000.0,0.0,0.006,0.42,1702000000.0,1944000000.0,0.366,1944000000.0,1702000000.0,1527000000.0,1.76,1.75,1.76,1770000000.0,1770750000.0,1770000000.0,38825245170.0,23.0,19.972,1122000000.0,2.29,1.0,3532000000.0,0.666,2779000000.0,175000000.0,8102000000.0,7680750000.0,1427000000.0,0.0,0.0,0.0,6800000000.0,1094000000.0,5706000000.0,35104245170.0,837000000.0,-45000000.0,-476000000.0,481000000.0,-206000000.0,-251000000.0,-270000000.0,0.0,1346000000.0,12000000.0,864000000.0,864000000.0,864000000.0,0.0,-2000000.0,0.163,1832000000.0,1700000000.0,261000000.0,0.239,19.833,40.63,40.932,1435000000.0,0.0,72.04,6.615,6.65,998000000.0,2109000000.0,5307000000.0,5307000000.0,382000000.0,0.104,0.488,0.222,0.321,44000000.0,1334000000.0,1.0,487288245.0,489918000.0,493161000.0,10.832,5807000000.0,80000000.0,663000000.0,612000000.0,11.853,3123000000.0
15,ZTS,MRT,2017-09-30,2017-10-01,2017-10-01,2021-08-05,-455000000.0,9288000000.0,8097000000.0,4894000000.0,4394000000.0,0.633,4.067,-201000000.0,1981000000.0,1981000000.0,1786000000.0,936000000.0,2.803,3.655,5702000000.0,750000000.0,4952000000.0,5702000000.0,0.0,242000000.0,0.0,0.006,0.41,1493000000.0,1735000000.0,0.339,1735000000.0,1493000000.0,1327000000.0,1.91,1.9,1.91,1989000000.0,1700000000.0,1989000000.0,35049760143.0,23.0,20.202,823000000.0,1.683,1.0,3338000000.0,0.651,2848000000.0,166000000.0,8415000000.0,7546250000.0,1490000000.0,0.0,0.0,0.0,7269000000.0,1746000000.0,5523000000.0,31185760143.0,1330000000.0,-80000000.0,-425000000.0,1228000000.0,-202000000.0,588000000.0,-275000000.0,0.0,1024000000.0,-7000000.0,937000000.0,937000000.0,937000000.0,0.0,-1000000.0,0.183,1846000000.0,1492000000.0,213000000.0,0.215,15.679,33.283,33.382,1388000000.0,0.0,63.76,6.086,6.086,1009000000.0,2140000000.0,5124000000.0,5124000000.0,380000000.0,0.116,0.551,0.198,0.291,42000000.0,1334000000.0,1.0,489111671.0,489100000.0,492400000.0,10.476,6440000000.0,94000000.0,390000000.0,486000000.0,13.167,3148000000.0
16,ZTS,MRT,2017-06-30,2017-07-02,2017-07-02,2021-08-05,-542000000.0,7802000000.0,7703750000.0,3584000000.0,4218000000.0,0.651,3.494,-210000000.0,705000000.0,705000000.0,1761000000.0,877000000.0,2.009,3.531,4569000000.0,850000000.0,3719000000.0,4569000000.0,0.0,244000000.0,0.0,0.007,0.41,1411000000.0,1655000000.0,0.33,1655000000.0,1411000000.0,1247000000.0,1.78,1.77,1.78,1715000000.0,1599000000.0,1715000000.0,34454908189.0,24.0,20.819,614000000.0,1.251,1.0,3257000000.0,0.649,2705000000.0,164000000.0,7177000000.0,7370750000.0,1498000000.0,0.0,0.0,0.0,6056000000.0,1784000000.0,4272000000.0,30615908189.0,47000000.0,-68000000.0,-374000000.0,93000000.0,-197000000.0,-492000000.0,-271000000.0,0.0,824000000.0,-14000000.0,878000000.0,878000000.0,878000000.0,0.0,-1000000.0,0.175,1847000000.0,1410000000.0,199000000.0,0.23,17.852,34.87,35.045,1355000000.0,0.0,62.38,6.101,6.101,975000000.0,1843000000.0,5018000000.0,5018000000.0,374000000.0,0.114,0.549,0.191,0.281,40000000.0,1351000000.0,1.0,490796861.0,490800000.0,494000000.0,10.224,5097000000.0,93000000.0,369000000.0,426000000.0,10.385,1800000000.0
17,ZTS,MRT,2017-03-31,2017-04-02,2017-04-02,2021-08-05,-552000000.0,7649000000.0,7632750000.0,3383000000.0,4266000000.0,0.649,3.268,-213000000.0,629000000.0,629000000.0,1720000000.0,854000000.0,1.955,3.738,4468000000.0,750000000.0,3718000000.0,4468000000.0,0.0,245000000.0,0.0,0.007,0.39,1398000000.0,1643000000.0,0.331,1643000000.0,1398000000.0,1234000000.0,1.73,1.72,1.73,1609000000.0,1509500000.0,1609000000.0,29997122096.0,21.0,18.258,568000000.0,1.154,1.0,3237000000.0,0.653,2729000000.0,164000000.0,7029000000.0,7476000000.0,1535000000.0,0.0,0.0,0.0,6014000000.0,1730000000.0,4284000000.0,26256122096.0,-46000000.0,-64000000.0,-324000000.0,-7000000.0,-193000000.0,-536000000.0,-280000000.0,0.0,781000000.0,-11000000.0,855000000.0,855000000.0,855000000.0,0.0,-1000000.0,0.172,1840000000.0,1397000000.0,231000000.0,0.225,16.318,30.709,30.85,1368000000.0,0.0,53.37,5.297,5.301,954000000.0,1651000000.0,4957000000.0,4957000000.0,376000000.0,0.112,0.566,0.187,0.282,39000000.0,1358000000.0,1.0,491964064.0,492400000.0,495300000.0,10.067,4920000000.0,97000000.0,379000000.0,451000000.0,9.992,1653000000.0
18,ZTS,MRT,2016-12-31,2016-12-31,2016-12-31,2021-08-05,-598000000.0,7649000000.0,7583750000.0,3390000000.0,4259000000.0,0.645,3.0,-216000000.0,727000000.0,727000000.0,1666000000.0,819000000.0,3.035,4.136,4468000000.0,0.0,4468000000.0,4468000000.0,0.0,240000000.0,0.0,0.007,0.38,1396000000.0,1636000000.0,0.335,1636000000.0,1396000000.0,1230000000.0,1.66,1.65,1.66,1487000000.0,1398500000.0,1487000000.0,30250855920.0,22.0,18.491,497000000.0,1.003,1.0,3222000000.0,0.659,2709000000.0,166000000.0,7564000000.0,7572250000.0,1502000000.0,0.0,0.0,0.0,6150000000.0,1117000000.0,5033000000.0,26434855920.0,-427000000.0,2000000.0,-275000000.0,-408000000.0,-188000000.0,-903000000.0,-214000000.0,0.0,713000000.0,-23000000.0,821000000.0,821000000.0,821000000.0,0.0,-2000000.0,0.168,1828000000.0,1394000000.0,265000000.0,0.229,17.777,32.198,32.247,1381000000.0,0.0,53.53,5.408,5.429,913000000.0,1477000000.0,4888000000.0,4888000000.0,376000000.0,0.108,0.587,0.184,0.286,37000000.0,1364000000.0,1.0,493832541.0,495715000.0,498225000.0,9.861,4940000000.0,96000000.0,409000000.0,388000000.0,9.965,2273000000.0
19,ZTS,MRT,2016-09-30,2016-10-02,2016-10-02,2021-08-05,-506000000.0,7715000000.0,7649750000.0,3364000000.0,4351000000.0,0.639,3.201,-237000000.0,651000000.0,651000000.0,1694000000.0,685000000.0,3.238,3.859,4467000000.0,0.0,4467000000.0,4467000000.0,0.0,232000000.0,0.0,0.007,0.368,1233000000.0,1465000000.0,0.3,1465000000.0,1233000000.0,1070000000.0,1.39,1.39,1.39,1585000000.0,1293750000.0,1585000000.0,29558222837.0,24.0,20.176,468000000.0,0.945,1.0,3191000000.0,0.653,2779000000.0,163000000.0,7713000000.0,7481500000.0,1563000000.0,0.0,0.0,0.0,6117000000.0,1039000000.0,5078000000.0,25747222837.0,59000000.0,-653000000.0,-271000000.0,708000000.0,-182000000.0,251000000.0,-892000000.0,0.0,705000000.0,-5000000.0,689000000.0,689000000.0,689000000.0,0.0,-4000000.0,0.141,1962000000.0,1229000000.0,241000000.0,0.265,16.244,37.369,37.417,1382000000.0,0.0,52.01,5.271,5.272,915000000.0,1423000000.0,4885000000.0,4885000000.0,377000000.0,0.09,0.533,0.165,0.252,40000000.0,1428000000.0,1.0,495043700.0,495200000.0,497900000.0,9.865,4936000000.0,119000000.0,381000000.0,454000000.0,9.968,2325000000.0
20,ZTS,MRT,2016-06-30,2016-07-03,2016-07-03,2021-08-05,-554000000.0,7518000000.0,7392500000.0,3328000000.0,4190000000.0,0.657,2.734,-232000000.0,658000000.0,658000000.0,1705000000.0,638000000.0,3.203,4.53,4469000000.0,4000000.0,4465000000.0,4469000000.0,0.0,218000000.0,0.0,0.01,0.451,1158000000.0,1376000000.0,0.283,1376000000.0,1158000000.0,1007000000.0,1.29,1.29,1.29,1357000000.0,1204750000.0,1357000000.0,27337802456.0,24.0,19.868,438000000.0,0.883,1.0,3153000000.0,0.649,2692000000.0,151000000.0,7598000000.0,7110250000.0,1525000000.0,0.0,0.0,0.0,6147000000.0,1039000000.0,5108000000.0,23544802456.0,114000000.0,-586000000.0,-245000000.0,716000000.0,-177000000.0,289000000.0,-828000000.0,0.0,670000000.0,-17000000.0,639000000.0,639000000.0,639000000.0,0.0,-1000000.0,0.132,1996000000.0,1157000000.0,224000000.0,0.35,17.351,36.846,36.783,1341000000.0,0.0,47.45,4.847,4.848,888000000.0,1190000000.0,4858000000.0,4858000000.0,378000000.0,0.086,0.53,0.163,0.238,41000000.0,1457000000.0,1.0,496202370.0,496300000.0,498800000.0,9.788,4826000000.0,91000000.0,368000000.0,458000000.0,9.724,2289000000.0
21,ZTS,MRT,2016-03-31,2016-04-03,2016-04-03,2021-08-05,-618000000.0,7453000000.0,7162500000.0,3307000000.0,4146000000.0,0.674,2.342,-224000000.0,675000000.0,675000000.0,1733000000.0,378000000.0,2.844,5.379,4468000000.0,4000000.0,4464000000.0,4468000000.0,0.0,208000000.0,0.0,0.008,0.344,786000000.0,994000000.0,0.206,994000000.0,786000000.0,647000000.0,0.77,0.77,0.77,1165000000.0,1159500000.0,1165000000.0,26081027385.0,33.0,26.238,431000000.0,0.867,1.0,3092000000.0,0.641,2669000000.0,139000000.0,7414000000.0,6777000000.0,1461000000.0,0.0,0.0,0.0,6266000000.0,1163000000.0,5103000000.0,22367027385.0,116000000.0,-589000000.0,-221000000.0,719000000.0,-173000000.0,306000000.0,-823000000.0,0.0,655000000.0,-22000000.0,378000000.0,378000000.0,378000000.0,0.0,0.0,0.078,2306000000.0,786000000.0,210000000.0,0.447,19.199,59.172,58.429,1317000000.0,0.0,44.99,4.636,4.638,908000000.0,1016000000.0,4825000000.0,4825000000.0,374000000.0,0.053,0.326,0.116,0.163,42000000.0,1493000000.0,1.0,497155532.0,497400000.0,499500000.0,9.7,4784000000.0,112000000.0,269000000.0,511000000.0,9.618,2144000000.0
22,ZTS,MRT,2015-12-31,2015-12-31,2015-12-31,2021-08-05,-622000000.0,7913000000.0,6906750000.0,3830000000.0,4083000000.0,0.69,2.137,-224000000.0,1154000000.0,1154000000.0,1738000000.0,339000000.0,2.15,6.388,4868000000.0,405000000.0,4463000000.0,4868000000.0,0.0,199000000.0,0.0,0.007,0.332,669000000.0,868000000.0,0.182,868000000.0,669000000.0,545000000.0,0.68,0.68,0.68,1068000000.0,1187750000.0,1068000000.0,26902348635.0,40.0,30.993,440000000.0,0.881,1.0,3027000000.0,0.635,2645000000.0,124000000.0,7201000000.0,6484000000.0,1467000000.0,0.0,0.0,0.0,6822000000.0,1781000000.0,5041000000.0,23860348635.0,272000000.0,-881000000.0,-192000000.0,1115000000.0,-168000000.0,755000000.0,-1115000000.0,0.0,664000000.0,-32000000.0,339000000.0,339000000.0,339000000.0,0.0,0.0,0.071,2358000000.0,669000000.0,293000000.0,0.488,22.341,70.385,70.471,1307000000.0,0.0,47.92,5.007,5.025,937000000.0,876000000.0,4765000000.0,4765000000.0,364000000.0,0.049,0.285,0.103,0.14,43000000.0,1532000000.0,1.0,497920464.0,499707000.0,502019000.0,9.536,5268000000.0,82000000.0,206000000.0,390000000.0,10.542,2049000000.0
23,ZTS,MRT,2015-09-30,2015-09-27,2015-09-27,2021-08-05,-562000000.0,6686000000.0,6575500000.0,3450000000.0,3236000000.0,0.732,2.462,-194000000.0,592000000.0,592000000.0,1733000000.0,445000000.0,2.081,4.42,3634000000.0,408000000.0,3226000000.0,3634000000.0,0.0,197000000.0,0.0,0.008,0.321,745000000.0,942000000.0,0.196,942000000.0,745000000.0,629000000.0,0.89,0.89,0.89,1229000000.0,1248500000.0,1229000000.0,24313102256.0,33.0,25.81,579000000.0,1.16,1.0,3078000000.0,0.64,1842000000.0,116000000.0,6228000000.0,6320750000.0,1403000000.0,0.0,0.0,0.0,5432000000.0,1658000000.0,3774000000.0,21210102256.0,-6000000.0,-226000000.0,-144000000.0,-1000000.0,-164000000.0,-313000000.0,-428000000.0,0.0,773000000.0,-38000000.0,443000000.0,443000000.0,443000000.0,0.0,2000000.0,0.092,2331000000.0,747000000.0,306000000.0,0.361,17.258,47.878,47.764,1293000000.0,0.0,42.51,4.409,4.411,1038000000.0,943000000.0,4811000000.0,4811000000.0,379000000.0,0.067,0.355,0.118,0.155,41000000.0,1604000000.0,1.0,498943831.0,499200000.0,501700000.0,9.637,4844000000.0,185000000.0,186000000.0,381000000.0,9.704,1792000000.0
24,ZTS,MRT,2015-06-30,2015-06-28,2015-06-28,2021-08-05,-504000000.0,6598000000.0,6535750000.0,3316000000.0,3282000000.0,0.735,2.351,-184000000.0,544000000.0,544000000.0,1746000000.0,422000000.0,2.109,4.588,3647000000.0,404000000.0,3243000000.0,3647000000.0,0.0,201000000.0,0.0,0.006,0.31,710000000.0,911000000.0,0.19,911000000.0,710000000.0,594000000.0,0.84,0.84,0.84,1176000000.0,1282250000.0,1176000000.0,27394265044.0,39.0,30.071,488000000.0,0.976,1.0,3061000000.0,0.637,1864000000.0,116000000.0,6265000000.0,6474750000.0,1417000000.0,0.0,0.0,0.0,5396000000.0,1572000000.0,3824000000.0,24308265044.0,-34000000.0,-225000000.0,-96000000.0,-8000000.0,-158000000.0,-265000000.0,-410000000.0,0.0,672000000.0,-31000000.0,420000000.0,420000000.0,420000000.0,0.0,2000000.0,0.087,2349000000.0,712000000.0,278000000.0,0.369,20.67,57.877,57.881,1295000000.0,0.0,48.62,5.057,5.059,993000000.0,795000000.0,4807000000.0,4807000000.0,381000000.0,0.064,0.328,0.11,0.148,40000000.0,1624000000.0,1.0,499964316.0,500200000.0,500200000.0,9.61,4734000000.0,192000000.0,174000000.0,352000000.0,9.464,1744000000.0
25,ZTS,MRT,2015-03-31,2015-03-29,2015-03-29,2021-08-05,-479000000.0,6430000000.0,6516750000.0,3110000000.0,3320000000.0,0.735,2.55,-180000000.0,559000000.0,559000000.0,1732000000.0,597000000.0,2.27,4.01,3645000000.0,402000000.0,3243000000.0,3645000000.0,0.0,202000000.0,0.0,0.006,0.299,935000000.0,1137000000.0,0.237,1137000000.0,935000000.0,819000000.0,1.18,1.18,1.18,1278000000.0,1303250000.0,1278000000.0,25914412902.0,28.0,22.792,529000000.0,1.056,1.0,3058000000.0,0.638,1904000000.0,116000000.0,6242000000.0,6603250000.0,1346000000.0,0.0,0.0,0.0,5125000000.0,1370000000.0,3755000000.0,23146412902.0,53000000.0,-220000000.0,-45000000.0,-14000000.0,-152000000.0,-213000000.0,-416000000.0,0.0,709000000.0,-27000000.0,593000000.0,593000000.0,593000000.0,0.0,4000000.0,0.124,2119000000.0,939000000.0,256000000.0,0.253,18.111,39.033,39.169,1301000000.0,0.0,46.22,4.832,4.835,905000000.0,832000000.0,4790000000.0,4790000000.0,389000000.0,0.091,0.455,0.142,0.195,37000000.0,1641000000.0,1.0,500787817.0,501100000.0,503200000.0,9.559,4526000000.0,144000000.0,226000000.0,354000000.0,9.032,1740000000.0
26,ZTS,MRT,2014-12-31,2014-12-31,2014-12-31,2021-08-05,-361000000.0,6588000000.0,6510000000.0,3465000000.0,3123000000.0,0.735,2.616,-180000000.0,882000000.0,882000000.0,1717000000.0,587000000.0,3.191,4.005,3631000000.0,7000000.0,3624000000.0,3631000000.0,0.0,204000000.0,0.0,0.007,0.288,933000000.0,1137000000.0,0.238,1137000000.0,933000000.0,816000000.0,1.16,1.16,1.16,1311000000.0,1253000000.0,1311000000.0,24626007994.0,26.0,21.659,446000000.0,0.89,1.0,3068000000.0,0.641,1703000000.0,117000000.0,6548000000.0,6707500000.0,1289000000.0,0.0,0.0,0.0,5251000000.0,1086000000.0,4165000000.0,21572007994.0,272000000.0,9000000.0,2000000.0,-8000000.0,-146000000.0,-154000000.0,-187000000.0,0.0,626000000.0,-13000000.0,583000000.0,583000000.0,583000000.0,0.0,4000000.0,0.122,2131000000.0,937000000.0,290000000.0,0.248,16.455,37.002,37.095,1318000000.0,0.0,43.03,4.508,4.506,980000000.0,709000000.0,4785000000.0,4785000000.0,396000000.0,0.09,0.465,0.139,0.195,32000000.0,1643000000.0,1.0,501324843.0,501055000.0,502025000.0,9.55,4885000000.0,163000000.0,233000000.0,360000000.0,9.749,2379000000.0
27,ZTS,MRT,2014-09-30,2014-09-28,2014-09-28,2021-08-05,-240000000.0,6527000000.0,6502500000.0,3353000000.0,3174000000.0,0.726,2.72,-178000000.0,598000000.0,598000000.0,1692000000.0,565000000.0,3.36,3.767,3652000000.0,10000000.0,3642000000.0,3652000000.0,0.0,209000000.0,0.0,0.008,0.281,905000000.0,1114000000.0,0.236,1114000000.0,905000000.0,788000000.0,1.12,1.12,1.12,1364000000.0,1160250000.0,1364000000.0,21434714059.0,24.0,19.241,359000000.0,0.716,1.0,3027000000.0,0.641,1739000000.0,117000000.0,6844000000.0,6671750000.0,1388000000.0,0.0,0.0,0.0,5138000000.0,998000000.0,4140000000.0,18358714059.0,209000000.0,10000000.0,0.0,0.0,-142000000.0,-140000000.0,-188000000.0,0.0,537000000.0,0.0,562000000.0,562000000.0,562000000.0,0.0,3000000.0,0.119,2119000000.0,908000000.0,259000000.0,0.251,13.459,32.667,32.705,1313000000.0,0.0,36.63,3.89,3.892,1057000000.0,661000000.0,4719000000.0,4719000000.0,393000000.0,0.086,0.484,0.136,0.192,28000000.0,1604000000.0,1.0,501193395.0,501453000.0,502445000.0,9.411,4788000000.0,161000000.0,226000000.0,408000000.0,9.548,2355000000.0
28,ZTS,MRT,2014-06-30,2014-06-29,2014-06-29,2021-08-05,-199000000.0,6522000000.0,6435500000.0,3327000000.0,3195000000.0,0.717,2.515,-191000000.0,578000000.0,578000000.0,1643000000.0,529000000.0,3.136,4.158,3654000000.0,12000000.0,3642000000.0,3654000000.0,0.0,208000000.0,0.0,0.008,0.274,853000000.0,1061000000.0,0.23,1061000000.0,853000000.0,736000000.0,1.05,1.05,1.05,1260000000.0,1030000000.0,1260000000.0,19374985182.0,23.0,18.261,357000000.0,0.713,1.0,2969000000.0,0.644,1758000000.0,117000000.0,6779000000.0,6565500000.0,1336000000.0,0.0,0.0,0.0,5239000000.0,1061000000.0,4178000000.0,16222985182.0,209000000.0,10000000.0,0.0,3000000.0,-138000000.0,-134000000.0,-200000000.0,0.0,548000000.0,-5000000.0,527000000.0,527000000.0,527000000.0,0.0,2000000.0,0.114,2114000000.0,855000000.0,337000000.0,0.261,12.875,30.784,30.838,1309000000.0,0.0,32.38,3.518,3.517,1098000000.0,531000000.0,4612000000.0,4612000000.0,393000000.0,0.082,0.512,0.13,0.185,25000000.0,1609000000.0,1.0,501018690.0,500975000.0,501684000.0,9.206,4764000000.0,165000000.0,209000000.0,465000000.0,9.509,2266000000.0
29,ZTS,MRT,2014-03-31,2014-03-30,2014-03-30,2021-08-05,-229000000.0,6403000000.0,6370250000.0,3222000000.0,3181000000.0,0.717,2.153,-207000000.0,506000000.0,506000000.0,1646000000.0,518000000.0,2.859,4.925,3658000000.0,16000000.0,3642000000.0,3658000000.0,0.0,208000000.0,0.0,0.009,0.267,846000000.0,1054000000.0,0.231,1054000000.0,846000000.0,726000000.0,1.04,1.04,1.04,1077000000.0,915000000.0,1077000000.0,17573160735.0,21.0,16.673,170000000.0,0.34,1.0,2922000000.0,0.64,1769000000.0,120000000.0,6659000000.0,6472500000.0,1316000000.0,0.0,0.0,0.0,5304000000.0,1127000000.0,4177000000.0,14526160735.0,38000000.0,9000000.0,0.0,12000000.0,-134000000.0,-127000000.0,-202000000.0,0.0,377000000.0,-10000000.0,519000000.0,519000000.0,519000000.0,0.0,-1000000.0,0.114,2077000000.0,845000000.0,363000000.0,0.257,13.488,27.989,27.894,1292000000.0,0.0,29.01,3.18,3.177,1100000000.0,395000000.0,4568000000.0,4568000000.0,396000000.0,0.081,0.567,0.131,0.185,37000000.0,1612000000.0,1.0,500729429.0,500231000.0,500702000.0,9.132,4634000000.0,152000000.0,207000000.0,454000000.0,9.264,2095000000.0
30,ZTS,MRT,2013-12-31,2013-12-31,2013-12-31,2021-08-05,-219000000.0,6558000000.0,6305000000.0,3357000000.0,3201000000.0,0.723,1.88,-184000000.0,610000000.0,610000000.0,1669000000.0,503000000.0,2.372,5.953,3657000000.0,15000000.0,3642000000.0,3657000000.0,0.0,209000000.0,0.0,0.006,0.195,804000000.0,1013000000.0,0.222,1013000000.0,804000000.0,691000000.0,1.01,1.01,1.01,940000000.0,823000000.0,940000000.0,19608223371.0,24.0,19.357,497000000.0,0.994,1.0,2892000000.0,0.634,1785000000.0,113000000.0,6405000000.0,6356000000.0,1293000000.0,0.0,0.0,0.0,5596000000.0,1415000000.0,4181000000.0,16345223371.0,293000000.0,9000000.0,0.0,2641000000.0,-98000000.0,-200000000.0,-179000000.0,0.0,681000000.0,-9000000.0,504000000.0,504000000.0,504000000.0,0.0,-1000000.0,0.111,2089000000.0,803000000.0,506000000.0,0.193,17.389,32.431,32.366,1295000000.0,0.0,32.69,3.584,3.584,1138000000.0,276000000.0,4561000000.0,4561000000.0,399000000.0,0.08,0.612,0.126,0.176,43000000.0,1613000000.0,1.0,500006833.0,500002000.0,500317000.0,9.122,4773000000.0,160000000.0,187000000.0,411000000.0,9.546,1942000000.0
31,ZTS,MRT,2013-09-30,2013-09-29,2013-09-29,2021-08-05,-245000000.0,6259000000.0,6231000000.0,3083000000.0,3176000000.0,0.719,1.686,-180000000.0,389000000.0,389000000.0,1636000000.0,389000000.0,2.357,6.397,3652000000.0,10000000.0,3642000000.0,3652000000.0,0.0,195000000.0,0.0,0.004,0.13,729000000.0,924000000.0,0.206,924000000.0,729000000.0,638000000.0,0.78,0.78,0.78,843000000.0,1594500000.0,843000000.0,18858000000.0,26.0,20.409,513000000.0,1.026,1.0,2847000000.0,0.635,1795000000.0,91000000.0,6419000000.0,5642500000.0,1290000000.0,0.0,0.0,0.0,5393000000.0,1308000000.0,4085000000.0,15575000000.0,256000000.0,10000000.0,0.0,2636000000.0,-65000000.0,-250000000.0,-174000000.0,0.0,693000000.0,-13000000.0,389000000.0,389000000.0,389000000.0,0.0,0.0,0.087,2118000000.0,729000000.0,482000000.0,0.167,18.476,40.039,39.936,1252000000.0,0.0,31.15,3.474,3.474,1110000000.0,207000000.0,4483000000.0,4483000000.0,399000000.0,0.062,0.244,0.129,0.163,47000000.0,1608000000.0,1.0,500000000.0,500000000.0,500354000.0,8.966,4464000000.0,136000000.0,249000000.0,431000000.0,8.928,1775000000.0
32,ZTS,MRT,2013-06-30,2013-06-30,2013-06-30,2021-08-05,-183000000.0,6261000000.0,,3082000000.0,3179000000.0,,1.6,-151000000.0,369000000.0,369000000.0,1610000000.0,419000000.0,2.333,6.798,3652000000.0,12000000.0,3640000000.0,3652000000.0,0.0,200000000.0,0.0,0.002,0.065,736000000.0,936000000.0,0.213,936000000.0,736000000.0,667000000.0,0.84,0.84,0.84,800000000.0,,800000000.0,18623000000.0,25.0,19.896,502000000.0,1.004,1.0,2789000000.0,0.634,1816000000.0,69000000.0,6407000000.0,,1257000000.0,0.0,0.0,0.0,5438000000.0,1321000000.0,4117000000.0,15445000000.0,263000000.0,10000000.0,0.0,2636000000.0,-34000000.0,-236000000.0,-150000000.0,0.0,653000000.0,-4000000.0,420000000.0,420000000.0,420000000.0,0.0,-1000000.0,0.095,2054000000.0,735000000.0,587000000.0,0.077,19.306,36.774,36.774,1252000000.0,0.0,30.89,3.511,3.511,1137000000.0,109000000.0,4399000000.0,4399000000.0,400000000.0,,,,0.167,47000000.0,1544000000.0,1.0,500000000.0,500000000.0,500217000.0,8.798,4445000000.0,146000000.0,247000000.0,429000000.0,8.89,1761000000.0
33,ZTS,MRT,2013-03-31,2013-03-31,2013-03-31,2021-08-05,-121000000.0,6142000000.0,,2942000000.0,3200000000.0,,1.418,-117000000.0,468000000.0,468000000.0,1572000000.0,464000000.0,2.286,7.642,3646000000.0,6000000.0,3640000000.0,3646000000.0,0.0,203000000.0,0.0,0.0,0.0,777000000.0,980000000.0,0.224,980000000.0,777000000.0,732000000.0,0.93,0.93,0.93,709000000.0,,709000000.0,16965000000.0,22.0,17.311,622000000.0,1.244,1.0,2807000000.0,0.641,1840000000.0,45000000.0,6193000000.0,,1120000000.0,0.0,0.0,0.0,5418000000.0,1287000000.0,4131000000.0,16700000000.0,355000000.0,3000000.0,0.0,2630000000.0,-11000000.0,-257000000.0,-124000000.0,0.0,739000000.0,-3000000.0,465000000.0,465000000.0,465000000.0,0.0,-1000000.0,0.106,2031000000.0,776000000.0,658000000.0,0.0,23.554,35.914,35.914,1237000000.0,0.0,33.4,3.814,3.814,1083000000.0,13000000.0,4379000000.0,4379000000.0,397000000.0,,,,0.177,33000000.0,1489000000.0,1.0,500000000.0,500000000.0,500111000.0,8.758,4302000000.0,146000000.0,267000000.0,419000000.0,8.604,1655000000.0
34,ZTS,MRT,2012-12-31,2012-12-31,2012-12-31,2021-08-05,-157000000.0,6262000000.0,5986500000.0,2864000000.0,3398000000.0,0.724,8.052,-126000000.0,317000000.0,317000000.0,1563000000.0,436000000.0,2.55,0.552,582000000.0,73000000.0,509000000.0,582000000.0,0.0,200000000.0,0.0,,0.0,741000000.0,941000000.0,0.217,941000000.0,741000000.0,710000000.0,0.87,0.87,0.87,4026000000.0,3873000000.0,4026000000.0,,,,328000000.0,0.656,1.0,2773000000.0,0.64,1853000000.0,31000000.0,3551000000.0,3499000000.0,1345000000.0,0.0,0.0,0.0,2221000000.0,1123000000.0,1098000000.0,,238000000.0,3000000.0,0.0,0.0,-63000000.0,-78000000.0,-135000000.0,0.0,454000000.0,-3000000.0,436000000.0,436000000.0,436000000.0,0.0,0.0,0.101,2032000000.0,741000000.0,319000000.0,0.0,,,,1241000000.0,0.0,,,,900000000.0,0.0,4336000000.0,4336000000.0,409000000.0,0.073,0.113,0.212,0.171,28000000.0,1470000000.0,1.0,500000000.0,500000000.0,500000000.0,8.672,4409000000.0,317000000.0,274000000.0,512000000.0,8.818,1741000000.0
35,ZTS,MRT,2012-09-30,2012-09-30,2012-09-30,2021-08-05,,,,,,,,,,,,,,,,,,,,,,,0.0,,,,,,,,,,,,,,,,,,1.0,,,,,,,,,,,,,,,,,,,,,,,,,,,,,,,,,,,,,,,,,,,,,,,,,,,,,,1.0,500000000.0,500000000.0,,,,,,,,
36,ZTS,MRT,2012-06-30,2012-07-01,2012-07-01,2021-08-05,,,,,,,,,,,,,,,,,,,,,,,0.0,,,,,,,,,,,,,,,,,,1.0,,,,,,,,,,,,,,,,,,,,,,,,,,,,,,,,,,,,,,,,,,,,,,,,,,,,,,1.0,500000000.0,500000000.0,,,,,,,,
37,ZTS,MRT,2012-03-31,2012-04-01,2012-04-01,2021-08-05,,,,,,,,,,,,,,,,,,,,,,,0.0,,,,,,,,,,,,,,,,,,1.0,,,,,,,,,,,,,,,,,,,,,,,,,,,,,,,,,,,,,,,,,,,,,,,,,,,,,,1.0,500000000.0,500000000.0,,,,,,,,
38,ZTS,MRT,2011-12-31,2011-12-31,2011-12-31,2021-08-05,-65000000.0,5711000000.0,5497500000.0,2311000000.0,3400000000.0,0.77,7.44,-135000000.0,79000000.0,79000000.0,1652000000.0,248000000.0,2.741,0.531,575000000.0,0.0,575000000.0,575000000.0,0.0,205000000.0,0.0,,0.0,427000000.0,632000000.0,0.149,632000000.0,427000000.0,391000000.0,0.49,0.49,0.49,3720000000.0,3532000000.0,3720000000.0,,,,362000000.0,0.724,1.0,2581000000.0,0.61,1917000000.0,36000000.0,3447000000.0,3356500000.0,1063000000.0,0.0,0.0,0.0,1975000000.0,843000000.0,1132000000.0,,16000000.0,-311000000.0,0.0,-143000000.0,-416000000.0,-30000000.0,-449000000.0,0.0,497000000.0,-2000000.0,245000000.0,245000000.0,245000000.0,0.0,3000000.0,0.058,2151000000.0,430000000.0,214000000.0,0.0,,,,1243000000.0,0.0,,,,871000000.0,,4233000000.0,4233000000.0,427000000.0,0.045,0.069,0.127,0.101,19000000.0,1453000000.0,1.0,500000000.0,500000000.0,500000000.0,8.466,3794000000.0,239000000.0,146000000.0,451000000.0,7.588,1468000000.0
39,ZTS,MRT,2010-12-31,2010-12-31,2010-12-31,2021-08-05,-74000000.0,5284000000.0,,2116000000.0,3168000000.0,,6.688,-124000000.0,63000000.0,63000000.0,1444000000.0,111000000.0,2.619,0.58,711000000.0,38000000.0,673000000.0,711000000.0,0.0,185000000.0,0.0,,0.0,177000000.0,362000000.0,0.101,362000000.0,177000000.0,177000000.0,0.22,0.22,0.22,3344000000.0,,3344000000.0,,,,130000000.0,0.26,1.0,2138000000.0,0.597,1858000000.0,0.0,3266000000.0,,995000000.0,0.0,0.0,0.0,1940000000.0,808000000.0,1132000000.0,,-36000000.0,122000000.0,0.0,0.0,-207000000.0,-277000000.0,-9000000.0,0.0,254000000.0,-4000000.0,110000000.0,110000000.0,110000000.0,0.0,1000000.0,0.031,1960000000.0,178000000.0,206000000.0,0.0,,,,1148000000.0,0.0,,,,773000000.0,,3582000000.0,3582000000.0,411000000.0,,,,0.049,16000000.0,1382000000.0,1.0,,500000000.0,500000000.0,7.164,3426000000.0,167000000.0,67000000.0,342000000.0,6.852,1308000000.0
40,ZTS,MRT,2009-12-31,2009-12-31,2009-12-31,2021-08-05,,,,,,,,-135000000.0,,,1078000000.0,-101000000.0,,,,,,,,124000000.0,,,0.0,-147000000.0,-23000000.0,-0.008,-23000000.0,-147000000.0,-147000000.0,,,,,,,,,,-37000000.0,,1.0,1682000000.0,0.609,,0.0,,,,,,,,,,,93000000.0,-1682000000.0,0.0,719000000.0,-101000000.0,1823000000.0,-1821000000.0,0.0,98000000.0,-7000000.0,-100000000.0,-100000000.0,-100000000.0,0.0,-1000000.0,-0.036,1830000000.0,-148000000.0,,,,,,,0.0,,,,,,2760000000.0,2760000000.0,368000000.0,,,,-0.053,15000000.0,1066000000.0,1.0,,,,,,,-47000000.0,,,
