None,ticker,dimension,calendardate,datekey,reportperiod,lastupdated,accoci,assets,assetsavg,assetsc,assetsnc,assetturnover,bvps,capex,cashneq,cashnequsd,cor,consolinc,currentratio,de,debt,debtc,debtnc,debtusd,deferredrev,depamor,deposits,divyield,dps,ebit,ebitda,ebitdamargin,ebitdausd,ebitusd,ebt,eps,epsdil,epsusd,equity,equityavg,equityusd,ev,evebit,evebitda,fcf,fcfps,fxusd,gp,grossmargin,intangibles,intexp,invcap,invcapavg,inventory,investments,investmentsc,investmentsnc,liabilities,liabilitiesc,liabilitiesnc,marketcap,ncf,ncfbus,ncfcommon,ncfdebt,ncfdiv,ncff,ncfi,ncfinv,ncfo,ncfx,netinc,netinccmn,netinccmnusd,netincdis,netincnci,netmargin,opex,opinc,payables,payoutratio,pb,pe,pe1,ppnenet,prefdivis,price,ps,ps1,receivables,retearn,revenue,revenueusd,rnd,roa,roe,roic,ros,sbcomp,sgna,sharefactor,sharesbas,shareswa,shareswadil,sps,tangibles,taxassets,taxexp,taxliabilities,tbvps,workingcapital
0,EQR,MRY,2020-12-31,2020-12-31,2020-12-31,2021-08-02,-43666000.0,20286891000.0,20636284500.0,,,0.125,28.311,668498000.0,99728000.0,99728000.0,916385000.0,962501000.0,,0.873,8373386000.0,,,8373386000.0,0.0,832443000.0,60480000.0,0.041,2.41,1279561000.0,2112004000.0,0.821,2112004000.0,1279561000.0,914488000.0,2.45,2.45,2.45,10525651000.0,10542792750.0,10525651000.0,30558372601.0,24.0,14.469,1934034000.0,5.202,1.0,1655320000.0,0.644,0.0,365073000.0,28560549000.0,29159776000.0,0.0,52782000.0,,,9184454000.0,,,22067172601.0,-17271000.0,-4139000.0,16783000.0,-1002080000.0,-883938000.0,-1946393000.0,663586000.0,-773000.0,1265536000.0,0.0,913636000.0,910546000.0,910546000.0,0.0,34010000.0,0.354,869137000.0,786183000.0,339628000.0,0.984,2.097,24.235,24.196,19842955000.0,3090000.0,59.28,8.581,8.57,0.0,1399715000.0,2571705000.0,2571705000.0,0.0,0.044,0.086,0.044,0.498,0.0,48305000.0,1.0,372253249.0,371791000,385874000.0,6.917,20286891000.0,0.0,852000.0,0.0,54.565,
1,EQR,MRY,2019-12-31,2019-12-31,2019-12-31,2021-08-02,-77563000.0,21172769000.0,20996586750.0,,,0.129,27.845,-840213000.0,116999000.0,116999000.0,908328000.0,1009708000.0,,0.985,9368290000.0,,,9368290000.0,0.0,842776000.0,70062000.0,0.028,2.27,1358172000.0,2200948000.0,0.815,2200948000.0,1358172000.0,968096000.0,2.61,2.6,2.61,10315506000.0,10174639250.0,10315506000.0,39290650938.0,29.0,17.852,616771000.0,1.665,1.0,1792363000.0,0.664,0.0,390076000.0,30424060000.0,30180566000.0,0.0,52238000.0,,,10164843000.0,,,30049998938.0,686000.0,68658000.0,80901000.0,209060000.0,-831111000.0,-684474000.0,-771824000.0,-269000.0,1456984000.0,0.0,970377000.0,967287000.0,967287000.0,0.0,36034000.0,0.358,883840000.0,908523000.0,312676000.0,0.87,2.913,31.066,31.004,20769595000.0,3090000.0,80.92,11.127,11.1,0.0,1386495000.0,2700691000.0,2700691000.0,0.0,0.046,0.095,0.045,0.503,0.0,52757000.0,1.0,371354411.0,370461000,386333000.0,7.29,21172769000.0,0.0,-2281000.0,0.0,57.152,
2,EQR,MRY,2018-12-31,2018-12-31,2018-12-31,2021-08-02,-64986000.0,20394209000.0,20431702750.0,,,0.126,27.641,-370263000.0,116313000.0,116313000.0,879634000.0,685192000.0,,0.945,8817939000.0,,,8817939000.0,0.0,790117000.0,67258000.0,0.033,2.16,1071773000.0,1861890000.0,0.722,1861890000.0,1071773000.0,658413000.0,1.78,1.77,1.78,10173204000.0,10226559250.0,10173204000.0,33055808524.0,31.0,17.754,986032000.0,2.679,1.0,1698047000.0,0.659,0.0,413360000.0,29095835000.0,29103034500.0,0.0,58349000.0,,,9615454000.0,,,24320765524.0,15551000.0,-6571000.0,34534000.0,-161913000.0,-782122000.0,-963910000.0,-376834000.0,0.0,1356295000.0,0.0,657535000.0,654445000.0,654445000.0,0.0,24939000.0,0.254,840240000.0,857807000.0,309072000.0,1.213,2.391,37.162,37.084,19814741000.0,3090000.0,66.01,9.435,9.425,0.0,1261763000.0,2577681000.0,2577681000.0,0.0,0.032,0.064,0.037,0.416,0.0,53813000.0,1.0,368440623.0,368052000,383695000.0,7.004,20394209000.0,0.0,878000.0,0.0,55.411,
3,EQR,MRY,2017-12-31,2017-12-31,2017-12-31,2021-08-02,-88612000.0,20570599000.0,20628336250.0,,,0.12,27.911,-588596000.0,100762000.0,100762000.0,826269000.0,628381000.0,,0.95,8957291000.0,,,8957291000.0,0.0,747577000.0,65009000.0,0.032,2.016,987822000.0,1735399000.0,0.702,1735399000.0,987822000.0,603932000.0,1.64,1.63,1.64,10242464000.0,10268128500.0,10242464000.0,32380211803.0,33.0,18.659,677192000.0,1.845,1.0,1645137000.0,0.666,0.0,383890000.0,29427128000.0,29532434250.0,0.0,58254000.0,,,9729781000.0,,,23434504803.0,-118326000.0,-5700000.0,35340000.0,-29874000.0,-739375000.0,-789818000.0,-594296000.0,0.0,1265788000.0,0.0,603454000.0,600363000.0,600363000.0,0.0,22604000.0,0.243,797666000.0,847471000.0,307594000.0,1.229,2.288,39.034,38.884,19986518000.0,3091000.0,63.77,9.482,9.469,0.0,1403530000.0,2471406000.0,2471406000.0,0.0,0.029,0.058,0.033,0.4,0.0,52224000.0,1.0,367484786.0,366968000,382678000.0,6.735,20570599000.0,0.0,478000.0,0.0,56.056,
4,EQR,MRY,2016-12-31,2016-12-31,2016-12-31,2021-08-02,-113909000.0,20704148000.0,21133276500.0,,,0.115,28.025,5822595000.0,219088000.0,219088000.0,806225000.0,4480104000.0,,0.958,8987258000.0,,,8987258000.0,0.0,709075000.0,62624000.0,0.202,13.015,4776022000.0,5485097000.0,2.261,5485097000.0,4776022000.0,4293776000.0,11.75,11.68,11.75,10229078000.0,10642233250.0,10229078000.0,31515264279.0,7.0,5.746,7036718000.0,19.279,1.0,1619575000.0,0.668,0.0,482246000.0,29472318000.0,29377849250.0,0.0,60141000.0,,,9801072000.0,,,23534063279.0,63973000.0,8532000.0,39519000.0,-1962239000.0,-4771725000.0,-7054092000.0,5903942000.0,72815000.0,1214123000.0,0.0,4292163000.0,4289072000.0,4289072000.0,-518000.0,171511000.0,1.768,763489000.0,856086000.0,339778000.0,1.108,2.301,5.487,5.477,20026036000.0,3091000.0,64.36,9.702,9.684,0.0,1543626000.0,2425800000.0,2425800000.0,0.0,0.203,0.403,0.163,1.969,0.0,57840000.0,1.0,365662885.0,365002000,381992000.0,6.646,20704148000.0,0.0,1613000.0,0.0,56.723,
5,EQR,MRY,2015-12-31,2015-12-31,2015-12-31,2021-08-02,-152016000.0,23110196000.0,23057469500.0,,,0.119,28.804,-726474000.0,42276000.0,42276000.0,905168000.0,908018000.0,,1.131,10921366000.0,,,10921366000.0,0.0,769277000.0,77582000.0,0.027,2.211,1315524000.0,2084801000.0,0.76,2084801000.0,1315524000.0,871037000.0,2.37,2.36,2.37,10470368000.0,10445257000.0,10470368000.0,40486077668.0,31.0,19.42,630154000.0,1.734,1.0,1839797000.0,0.67,0.0,444487000.0,33989286000.0,33855202250.0,0.0,68101000.0,,,11847058000.0,,,29720124668.0,-5353000.0,28125000.0,63912000.0,132148000.0,-784748000.0,-666167000.0,-695814000.0,2535000.0,1356628000.0,0.0,870120000.0,863277000.0,863277000.0,-397000.0,34241000.0,0.314,830559000.0,1009238000.0,396502000.0,0.933,2.838,34.427,34.426,22458081000.0,6843000.0,81.59,10.827,10.804,0.0,2009091000.0,2744965000.0,2744965000.0,0.0,0.037,0.083,0.039,0.479,0.0,64664000.0,1.0,364261854.0,363498000,380620000.0,7.552,23110196000.0,0.0,917000.0,0.0,63.577,
6,EQR,MRY,2014-12-31,2014-12-31,2014-12-31,2021-08-02,-172152000.0,22950614000.0,22959935250.0,,,0.114,28.707,-668972000.0,40080000.0,40080000.0,883564000.0,658683000.0,,1.132,10844861000.0,,,10844861000.0,0.0,758861000.0,75633000.0,0.028,2.0,1090162000.0,1849023000.0,0.707,1849023000.0,1090162000.0,632702000.0,1.74,1.73,1.74,10368456000.0,10353272750.0,10368456000.0,36958299498.0,34.0,19.988,655101000.0,1.814,1.0,1731184000.0,0.662,0.0,457460000.0,33755395000.0,33870658500.0,0.0,105434000.0,,,11742105000.0,,,26032171498.0,-13454000.0,88025000.0,84188000.0,61620000.0,-776659000.0,-692861000.0,-644666000.0,855000.0,1324073000.0,0.0,631308000.0,627163000.0,627163000.0,-1582000.0,24831000.0,0.24,809540000.0,921644000.0,342156000.0,1.149,2.511,41.508,41.287,22242578000.0,4145000.0,71.84,9.956,9.923,0.0,1950639000.0,2614748000.0,2614748000.0,0.0,0.027,0.061,0.032,0.417,0.0,50679000.0,1.0,362363189.0,361181000,377735000.0,7.239,22950614000.0,0.0,1394000.0,0.0,63.543,
7,EQR,MRY,2013-12-31,2013-12-31,2013-12-31,2021-08-02,-155162000.0,22834545000.0,23480879250.0,,,0.102,29.656,3925754000.0,53534000.0,53534000.0,827768000.0,1905353000.0,,1.106,10766254000.0,,,10766254000.0,0.0,1013353000.0,71592000.0,0.036,1.85,2418636000.0,3431989000.0,1.437,3431989000.0,2418636000.0,1831782000.0,5.16,5.16,5.16,10507201000.0,10388037500.0,10507201000.0,29428941706.0,12.0,8.575,4794670000.0,13.533,1.0,1559934000.0,0.653,0.0,586854000.0,33547265000.0,34760225500.0,0.0,178526000.0,,,11626205000.0,,,18694505706.0,-559056000.0,-4041875000.0,20653000.0,-681904000.0,-681610000.0,-1420995000.0,-6977000.0,4878000.0,868916000.0,0.0,1830613000.0,1826468000.0,1826468000.0,-2073527000.0,75278000.0,0.765,1041152000.0,518782000.0,362302000.0,0.359,1.779,10.235,10.052,21993239000.0,4145000.0,51.87,7.829,7.697,0.0,2047258000.0,2387702000.0,2387702000.0,0.0,0.078,0.176,0.07,1.013,0.0,62179000.0,1.0,360410752.0,354305000,354305000.0,6.739,22834545000.0,0.0,1169000.0,0.0,64.449,
8,EQR,MRY,2012-12-31,2012-12-31,2012-12-31,2021-08-02,-193148000.0,17201000000.0,16766301000.0,,,0.104,24.083,-136815000.0,612590000.0,612590000.0,620844000.0,881204000.0,,1.272,8529244000.0,,,8529244000.0,0.0,684992000.0,66988000.0,0.031,1.78,1297469000.0,1982461000.0,1.134,1982461000.0,1297469000.0,842233000.0,2.73,2.7,2.73,7289813000.0,6246962750.0,7289813000.0,26419668262.0,20.0,13.327,909340000.0,3.004,1.0,1126658000.0,0.645,0.0,455236000.0,25117654000.0,25697001250.0,0.0,17877000.0,,,9275521000.0,,,17156138262.0,228669000.0,-5291000.0,1471478000.0,-1313831000.0,-473451000.0,-556331000.0,-261155000.0,1444000.0,1046155000.0,0.0,841719000.0,826212000.0,826212000.0,-720906000.0,38641000.0,0.473,607902000.0,518756000.0,298548000.0,0.652,2.353,20.765,20.758,16096208000.0,15507000.0,56.67,9.818,9.816,0.0,887355000.0,1747502000.0,1747502000.0,0.0,0.049,0.132,0.05,0.742,0.0,47233000.0,1.0,302737573.0,302701000,319766000.0,5.773,17201000000.0,0.0,514000.0,0.0,56.825,
9,EQR,MRY,2011-12-31,2011-12-31,2011-12-31,2021-08-02,-196718000.0,16659303000.0,16222392750.0,,,0.094,19.226,-213319000.0,383921000.0,383921000.0,564653000.0,935197000.0,,1.831,9721061000.0,,,9721061000.0,0.0,663616000.0,65286000.0,0.028,1.58,1354463000.0,2018079000.0,1.323,2018079000.0,1354463000.0,894291000.0,2.98,2.98,2.98,5669015000.0,5608512000.0,5669015000.0,25647915427.0,19.0,12.709,587148000.0,1.991,1.0,960567000.0,0.63,0.0,460172000.0,25996443000.0,25293048500.0,0.0,12327000.0,,,10380042000.0,,,16916730427.0,-47487000.0,-2021000.0,274068000.0,-380228000.0,-432023000.0,-650746000.0,-197208000.0,-8751000.0,800467000.0,0.0,893585000.0,879720000.0,879720000.0,-1008138000.0,40780000.0,0.577,551515000.0,409052000.0,214285000.0,0.53,2.984,19.23,19.138,15868363000.0,13865000.0,57.03,11.091,11.025,0.0,615572000.0,1525220000.0,1525220000.0,0.0,0.054,0.157,0.054,0.888,0.0,43604000.0,1.0,296628624.0,294856000,294856000.0,5.173,16659303000.0,0.0,706000.0,0.0,56.5,
10,EQR,MRY,2010-12-31,2010-12-31,2010-12-31,2021-08-02,-57818000.0,16184194000.0,15853677000.0,,,0.106,17.994,-789010000.0,431408000.0,431408000.0,654771000.0,295983000.0,,2.081,9948076000.0,,,9948076000.0,0.0,673403000.0,60812000.0,0.028,1.47,744649000.0,1418052000.0,0.847,1418052000.0,744649000.0,283901000.0,0.95,0.95,0.95,5090186000.0,4934478750.0,5090186000.0,24909891715.0,33.0,17.566,-62973000.0,-0.223,1.0,1019938000.0,0.609,0.0,460748000.0,25700862000.0,25527552250.0,0.0,3167000.0,,,10592078000.0,,,14777024715.0,238120000.0,26924000.0,404273000.0,116929000.0,-379969000.0,151541000.0,-639458000.0,13676000.0,726037000.0,0.0,283610000.0,269242000.0,269242000.0,-399091000.0,13099000.0,0.161,666730000.0,353208000.0,180357000.0,1.547,2.903,54.884,54.684,15365014000.0,14368000.0,51.95,8.824,8.775,0.0,203581000.0,1674709000.0,1674709000.0,0.0,0.017,0.055,0.029,0.445,0.0,39881000.0,1.0,284447059.0,282888000,282888000.0,5.92,16184194000.0,0.0,291000.0,0.0,57.211,
11,EQR,MRY,2009-12-31,2009-12-31,2009-12-31,2021-08-02,4681000.0,15417515000.0,15791907250.0,,,0.104,18.447,254936000.0,193288000.0,193288000.0,631405000.0,382029000.0,,1.978,9392570000.0,,,9392570000.0,0.0,600375000.0,59264000.0,0.049,1.64,858267000.0,1458642000.0,0.889,1458642000.0,858267000.0,364989000.0,1.27,1.27,1.27,5047339000.0,4979753000.0,5047339000.0,18525681759.0,22.0,12.701,925748000.0,3.383,1.0,1008819000.0,0.615,0.0,493278000.0,24616797000.0,25131241750.0,0.0,6995000.0,,,9984722000.0,,,9328149759.0,-697506000.0,6521000.0,99488000.0,-1068102000.0,-488604000.0,-1473547000.0,105229000.0,128888000.0,670812000.0,0.0,362273000.0,347794000.0,347794000.0,-439736000.0,20305000.0,0.212,568835000.0,439984000.0,158803000.0,1.291,1.848,26.821,26.598,14587580000.0,14479000.0,33.78,5.687,5.635,0.0,353659000.0,1640224000.0,1640224000.0,0.0,0.022,0.07,0.034,0.523,0.0,38985000.0,1.0,276144161.0,273609000,273609000.0,5.995,15417515000.0,0.0,2716000.0,0.0,56.349,
12,EQR,MRY,2008-12-31,2008-12-31,2008-12-31,2021-08-02,-35799000.0,16535110000.0,16249150500.0,,,0.116,18.167,-254515000.0,890794000.0,890794000.0,757488000.0,436413000.0,,2.284,10483942000.0,,,10483942000.0,0.0,602908000.0,64355000.0,0.065,1.93,895218000.0,1498126000.0,0.794,1498126000.0,895218000.0,412901000.0,1.46,1.46,1.46,4905356000.0,5056495000.0,4905356000.0,17683077401.0,20.0,11.803,500737000.0,1.854,1.0,1129500000.0,0.599,0.0,482317000.0,26128258000.0,25779501000.0,0.0,5795000.0,,,11202011000.0,,,8111722401.0,839963000.0,3034000.0,18256000.0,962985000.0,-522195000.0,428739000.0,-344028000.0,-157942000.0,755252000.0,0.0,407622000.0,393115000.0,393115000.0,-476467000.0,26126000.0,0.208,697652000.0,431848000.0,250306000.0,1.322,1.654,20.634,20.425,15128939000.0,14507000.0,29.82,4.299,4.267,0.0,456152000.0,1886988000.0,1886988000.0,0.0,0.024,0.078,0.035,0.474,0.0,44951000.0,1.0,272022884.0,270012000,270012000.0,6.989,16535110000.0,0.0,5279000.0,0.0,61.238,
13,EQR,MRY,2007-12-31,2007-12-31,2007-12-31,2021-08-02,-15882000.0,15689777000.0,15617480000.0,,,0.117,18.119,-452797000.0,50831000.0,50831000.0,742262000.0,1047356000.0,,2.028,9508733000.0,,,9508733000.0,0.0,616414000.0,62159000.0,0.051,1.87,1472016000.0,2088430000.0,1.145,2088430000.0,1472016000.0,982706000.0,3.4,3.4,3.4,5062518000.0,5282553250.0,5062518000.0,19350391701.0,13.0,9.266,340435000.0,1.218,1.0,1081784000.0,0.593,0.0,489310000.0,25147679000.0,24740013000.0,0.0,3547000.0,,,10269213000.0,,,9885592701.0,-209446000.0,-69000.0,-1185755000.0,1297544000.0,-526281000.0,-801929000.0,-200749000.0,5250000.0,793232000.0,0.0,980188000.0,951242000.0,951242000.0,-1026303000.0,64527000.0,0.522,577945000.0,503839000.0,250629000.0,0.55,1.953,10.392,10.726,15163225000.0,28946000.0,36.47,5.42,5.586,0.0,599504000.0,1824046000.0,1824046000.0,0.0,0.061,0.18,0.059,0.807,0.0,46767000.0,1.0,271060946.0,279406000,279406000.0,6.528,15689777000.0,0.0,2518000.0,0.0,56.154,
14,EQR,MRY,2006-12-31,2006-12-31,2006-12-31,2021-08-02,-14010000.0,15062219000.0,14667766250.0,,,0.116,20.289,22238000.0,260277000.0,260277000.0,700767000.0,1072844000.0,,1.49,8057656000.0,,,8057656000.0,0.0,592637000.0,58072000.0,0.035,1.79,1494766000.0,2087403000.0,1.226,2087403000.0,1494766000.0,1077190000.0,3.56,3.56,3.56,5884222000.0,5684445500.0,5884222000.0,23077868707.0,15.0,11.056,777704000.0,2.682,1.0,1001774000.0,0.588,0.0,417576000.0,22859598000.0,22400142750.0,0.0,4448000.0,,,8766538000.0,,,14825736707.0,171449000.0,758000.0,-5532000.0,440684000.0,-514055000.0,-324545000.0,-259472000.0,10098000.0,755466000.0,0.0,1072844000.0,1031766000.0,1031766000.0,-1042551000.0,0.0,0.606,560879000.0,440895000.0,248081000.0,0.503,2.52,14.369,14.256,14212695000.0,41078000.0,50.75,8.708,8.645,0.0,159528000.0,1702541000.0,1702541000.0,0.0,0.07,0.182,0.067,0.878,0.0,44194000.0,1.0,292132743.0,290019000,290019000.0,5.87,15062219000.0,0.0,4346000.0,0.0,51.935,
15,EQR,MRY,2005-12-31,2005-12-31,2005-12-31,2021-08-02,-14472000.0,14108751000.0,13256487750.0,,,0.113,18.881,-679807000.0,88828000.0,88828000.0,646971000.0,861793000.0,,1.537,7591073000.0,,,7591073000.0,0.0,528958000.0,54823000.0,0.044,1.74,1215467000.0,1744425000.0,1.166,1744425000.0,1215467000.0,861793000.0,2.83,2.79,2.83,5395340000.0,5267409250.0,5395340000.0,17733631688.0,15.0,10.166,18724000.0,0.066,1.0,848539000.0,0.567,30000000.0,353674000.0,21580996000.0,19933853750.0,0.0,6838000.0,,,8291228000.0,,,11273044688.0,5323000.0,3196000.0,63143000.0,733881000.0,-496004000.0,-101007000.0,-592201000.0,683000.0,698531000.0,0.0,861793000.0,807792000.0,807792000.0,-755284000.0,0.0,0.54,459056000.0,389483000.0,261355000.0,0.615,2.089,13.955,13.823,13702230000.0,54001000.0,39.12,7.538,7.475,789000.0,-350367000.0,1495510000.0,1495510000.0,0.0,0.061,0.153,0.061,0.813,0.0,70382000.0,1.0,288165764.0,285760000,310785000.0,5.233,14078751000.0,0.0,0.0,0.0,49.268,
16,EQR,MRY,2004-12-31,2004-12-31,2004-12-31,2021-08-02,-21370000.0,12645275000.0,12546689000.0,,,0.119,18.133,-220000000.0,83505000.0,83505000.0,644798000.0,472329000.0,,1.387,6459806000.0,,,6459806000.0,0.0,496583000.0,49501000.0,0.048,1.73,780026000.0,1276609000.0,0.855,1276609000.0,780026000.0,472329000.0,1.5,1.48,1.5,5072528000.0,5036384750.0,5072528000.0,16511402955.0,21.0,12.934,487061000.0,1.741,1.0,849129000.0,0.568,30000000.0,307697000.0,18991576000.0,18796081500.0,0.0,11461000.0,,,7037165000.0,,,10230476955.0,33926000.0,-417658000.0,85896000.0,474939000.0,-484540000.0,-117856000.0,-555279000.0,9144000.0,707061000.0,0.0,472329000.0,418583000.0,418583000.0,-383551000.0,0.0,0.28,429339000.0,419790000.0,229859000.0,1.153,2.017,24.441,24.12,12252794000.0,53746000.0,36.18,6.848,6.775,1681000.0,-657462000.0,1493927000.0,1493927000.0,0.0,0.033,0.083,0.041,0.522,0.0,47128000.0,1.0,282766085.0,279744000,303871000.0,5.34,12615275000.0,0.0,0.0,0.0,45.096,
17,EQR,MRY,2003-12-31,2003-12-31,2003-12-31,2021-08-02,-23401000.0,11466893000.0,11882863250.0,,,0.133,18.416,342586000.0,49579000.0,49579000.0,662444000.0,523311000.0,,1.167,5360489000.0,,,5360489000.0,0.0,471569000.0,44670000.0,0.059,1.73,839562000.0,1311131000.0,0.829,1311131000.0,839562000.0,523311000.0,1.57,1.55,1.57,5015441000.0,5182419750.0,5015441000.0,13322936264.0,16.0,10.161,1086905000.0,3.991,1.0,918577000.0,0.581,30000000.0,316251000.0,16747803000.0,17205605750.0,0.0,473977000.0,,,5850523000.0,,,8128856264.0,19704000.0,27367000.0,74724000.0,-247384000.0,-472211000.0,-1058643000.0,334028000.0,11298000.0,744319000.0,0.0,523311000.0,426639000.0,426639000.0,-89311000.0,0.0,0.27,420046000.0,498531000.0,195658000.0,1.102,1.621,19.053,18.796,10578366000.0,96672000.0,29.51,5.142,5.083,426000.0,-588005000.0,1581021000.0,1581021000.0,0.0,0.036,0.082,0.049,0.531,0.0,37025000.0,1.0,275461073.0,272337000,297041000.0,5.805,11436893000.0,0.0,0.0,0.0,41.995,
18,EQR,MRY,2002-12-31,2002-12-31,2002-12-31,2021-08-02,-43789000.0,11810917000.0,12062291500.0,,,0.14,19.109,-62754000.0,29875000.0,29875000.0,670405000.0,400777000.0,,1.155,5523699000.0,,,5523699000.0,0.0,472956000.0,45333000.0,0.07,1.73,728439000.0,1201395000.0,0.712,1201395000.0,728439000.0,400777000.0,1.19,1.18,1.19,5197123000.0,5335093500.0,5197123000.0,12206454057.0,17.0,10.16,825509000.0,3.035,1.0,1016636000.0,0.603,30000000.0,327662000.0,17274741000.0,17570952500.0,0.0,509789000.0,,,6002491000.0,,,6657633057.0,-21728000.0,-25612000.0,-76015000.0,-159175000.0,-473996000.0,-861369000.0,-48622000.0,27425000.0,888263000.0,0.0,400777000.0,324162000.0,324162000.0,-108367000.0,0.0,0.192,436072000.0,580564000.0,199628000.0,1.454,1.281,20.538,20.655,10934246000.0,76615000.0,24.58,3.946,3.963,2926000.0,-539942000.0,1687041000.0,1687041000.0,0.0,0.027,0.061,0.041,0.432,0.0,46492000.0,1.0,270855698.0,271974000,297969000.0,6.203,11780917000.0,0.0,0.0,0.0,43.316,
19,EQR,MRY,2001-12-31,2001-12-31,2001-12-31,2021-08-02,-33040000.0,12235625000.0,12188368250.0,,,0.151,20.25,3412000.0,51603000.0,51603000.0,726985000.0,474023000.0,,1.143,5742758000.0,,,5742758000.0,0.0,471721000.0,47644000.0,0.053,1.53,818778000.0,1290499000.0,0.7,1290499000.0,818778000.0,474023000.0,1.36,1.34,1.36,5413950000.0,5464582250.0,5413950000.0,13352044273.0,16.0,10.346,893080000.0,3.341,1.0,1117018000.0,0.606,47291000.0,344755000.0,17879489000.0,17688983500.0,0.0,397237000.0,,,6185853000.0,,,7774671273.0,27831000.0,-115027000.0,74402000.0,-321237000.0,-335534000.0,-919266000.0,57429000.0,59793000.0,889668000.0,0.0,474023000.0,362580000.0,362580000.0,-21704000.0,0.0,0.197,434507000.0,682511000.0,250086000.0,1.125,1.436,21.443,21.11,11323940000.0,111443000.0,28.71,4.216,4.162,2400000.0,-385320000.0,1844003000.0,1844003000.0,0.0,0.03,0.066,0.046,0.444,0.0,35414000.0,1.0,270800114.0,267349000,295213000.0,6.897,12188334000.0,0.0,0.0,0.0,45.59,
20,EQR,MRY,2000-12-31,2000-12-31,2000-12-31,2021-08-02,0.0,12263966000.0,11903934250.0,,,0.162,21.696,-49931000.0,23772000.0,23772000.0,735858000.0,549451000.0,,1.073,5706152000.0,,,5706152000.0,0.0,451344000.0,46272000.0,0.057,1.575,913302000.0,1364646000.0,0.708,1364646000.0,913302000.0,549451000.0,1.69,1.67,1.69,5619547000.0,5554981250.0,5619547000.0,12396127173.0,14.0,9.084,791895000.0,3.057,1.0,1191582000.0,0.618,67589000.0,363851000.0,17878757000.0,17152464500.0,0.0,399593000.0,,,6031801000.0,,,7280171173.0,-5345000.0,-367469000.0,32904000.0,101226000.0,-412321000.0,-283996000.0,-563175000.0,26739000.0,841826000.0,0.0,549451000.0,437510000.0,437510000.0,-35059000.0,0.0,0.227,455264000.0,736318000.0,126681000.0,0.932,1.296,16.64,16.364,11358743000.0,111941000.0,27.655,3.777,3.716,1801000.0,-300351000.0,1927440000.0,1927440000.0,0.0,0.037,0.079,0.053,0.474,0.0,26385000.0,1.0,263249726.0,259015000,291266000.0,7.441,12196377000.0,0.0,0.0,0.0,47.088,
21,EQR,MRY,1999-12-31,1999-12-31,1999-12-31,2021-08-02,0.0,11715689000.0,11077142250.0,,,0.157,22.529,-453201000.0,29117000.0,29117000.0,646941000.0,393881000.0,,1.045,5473868000.0,,,5473868000.0,0.0,408688000.0,39687000.0,0.069,1.47,724429000.0,1133117000.0,0.65,1133117000.0,724429000.0,393881000.0,1.15,1.14,1.15,5504934000.0,5382623750.0,5504934000.0,10179409773.0,14.0,8.984,335769000.0,1.374,1.0,1095686000.0,0.629,0.0,330548000.0,17160440000.0,15926308250.0,0.0,225261000.0,,,5753776000.0,,,5396668773.0,25152000.0,-48263000.0,32215000.0,207358000.0,-364183000.0,-236967000.0,-526851000.0,15346000.0,788970000.0,0.0,393881000.0,280685000.0,280685000.0,0.0,0.0,0.161,430984000.0,664702000.0,121768000.0,1.278,0.98,19.227,18.561,11181344000.0,113196000.0,21.345,3.097,2.993,1731000.0,-325856000.0,1742627000.0,1742627000.0,0.0,0.025,0.052,0.045,0.416,0.0,22296000.0,1.0,252830582.0,244350000,271310000.0,7.132,11715689000.0,0.0,0.0,0.0,47.946,
22,EQR,MRY,1998-12-31,1998-12-31,1998-12-31,2021-08-02,0.0,10700260000.0,8665562000.0,,,0.154,26.554,-919572000.0,3965000.0,3965000.0,505843000.0,258206000.0,,0.926,4680527000.0,,,4680527000.0,0.0,301869000.0,37439000.0,0.067,1.36,504791000.0,806660000.0,0.605,806660000.0,504791000.0,258206000.0,0.825,0.815,0.825,5330447000.0,4340050500.0,5330447000.0,8525818302.0,17.0,10.569,-377425000.0,-1.88,1.0,828048000.0,0.621,0.0,246585000.0,15376822000.0,12237187750.0,0.0,88041000.0,,,4938439000.0,,,4737343302.0,-29330000.0,-73019000.0,345030000.0,547309000.0,-277815000.0,474831000.0,-1046308000.0,-17646000.0,542147000.0,0.0,258206000.0,165289000.0,165289000.0,0.0,0.0,0.124,322500000.0,505548000.0,119681000.0,1.648,0.889,28.661,24.43,10253458000.0,92917000.0,20.155,3.552,3.033,4758000.0,-245538000.0,1333891000.0,1333891000.0,0.0,0.019,0.038,0.041,0.378,0.0,20631000.0,1.0,235045562.0,200740000,225156000.0,6.645,10700260000.0,0.0,0.0,0.0,53.304,
23,EQR,MRY,1997-12-31,1997-12-31,1997-12-31,2021-08-02,0.0,7094631000.0,5040379000.0,,,0.148,28.07,-1215175000.0,33295000.0,33295000.0,272388000.0,176592000.0,,0.849,2948323000.0,,,2948323000.0,0.0,156644000.0,28193000.0,0.05,1.272,297916000.0,454560000.0,0.608,454560000.0,297916000.0,176592000.0,0.895,0.88,0.895,3689991000.0,2574410500.0,3689991000.0,,,,-866178000.0,-6.589,1.0,474690000.0,0.635,0.0,121324000.0,10009659000.0,7051394500.0,0.0,176063000.0,,,3131236000.0,,,4843575143.0,-113976000.0,-6900000.0,545009000.0,379217000.0,-217229000.0,1089417000.0,-1552390000.0,-111888000.0,348997000.0,0.0,176592000.0,117580000.0,117580000.0,0.0,0.0,0.157,171465000.0,303225000.0,87922000.0,1.421,1.313,41.194,28.246,6676673000.0,59012000.0,25.28,6.483,4.448,3302000.0,-133129000.0,747078000.0,747078000.0,0.0,0.023,0.046,0.042,0.399,0.0,14821000.0,1.0,191597118.0,131458000,131458000.0,5.683,7094631000.0,0.0,0.0,0.0,53.969,
24,EQR,MRY,1996-12-31,1996-12-31,1996-12-31,2021-08-02,0.0,2986127000.0,,,,,17.128,-638079000.0,147271000.0,147271000.0,188812000.0,101624000.0,,0.944,1254274000.0,,,1254274000.0,0.0,93253000.0,14128000.0,0.058,1.197,182975000.0,276228000.0,0.577,276228000.0,182975000.0,101624000.0,0.85,0.845,0.85,1458830000.0,,1458830000.0,,,,-427149000.0,-5.015,1.0,289573000.0,0.605,0.0,81351000.0,4093130000.0,,0.0,86596000.0,,,1376660000.0,,,,133843000.0,0.0,493167000.0,-40497000.0,-121860000.0,558568000.0,-635655000.0,1171000.0,210930000.0,0.0,101624000.0,72609000.0,72609000.0,0.0,0.0,0.152,103110000.0,186463000.0,79055000.0,1.408,,,24.265,2681998000.0,29015000.0,20.625,,3.672,1450000.0,-76641000.0,478385000.0,478385000.0,0.0,,,,0.382,0.0,9857000.0,1.0,,85172000,85172000.0,5.617,2986127000.0,0.0,0.0,0.0,35.06,
25,EQR,MRY,1995-12-31,1995-12-31,1995-12-31,2021-08-02,,,,,,,,-239914000.0,,,164401000.0,67719000.0,,,,,,,,72410000.0,,0.071,1.09,146094000.0,218504000.0,0.56,218504000.0,146094000.0,67719000.0,0.84,0.835,0.84,,,,,,,-98380000.0,-1.432,1.0,225983000.0,0.579,,78375000.0,,,,,,,,,,,-6610000.0,0.0,2664000.0,6224000.0,-77081000.0,175874000.0,-324018000.0,-87154000.0,141534000.0,0.0,67719000.0,57610000.0,57610000.0,0.0,0.0,0.148,58922000.0,167061000.0,,1.298,,,18.232,,10109000.0,15.315,,2.696,,,390384000.0,390384000.0,0.0,,,,0.374,0.0,8129000.0,1.0,,68716000,68716000.0,5.681,,,0.0,,,
0,EQR,MRQ,2021-06-30,2021-06-30,2021-06-30,2021-08-02,-39029000.0,20464346000.0,,,,,27.912,22315000.0,392501000.0,392501000.0,229602000.0,328040000.0,,0.899,8565071000.0,,,8565071000.0,0.0,204865000.0,62228000.0,0.031,0.603,383752000.0,588617000.0,0.984,588617000.0,383752000.0,316628000.0,0.84,0.84,0.84,10433991000.0,,10433991000.0,37054972183.0,35.0,19.846,252387000.0,0.675,1.0,368457000.0,0.616,0.0,67124000.0,28636916000.0,,0.0,53364000.0,,,9382176000.0,,,28798414183.0,294665000.0,-2113000.0,17677000.0,210326000.0,-224675000.0,-6397000.0,70990000.0,24453000.0,230072000.0,0.0,316386000.0,315614000.0,315614000.0,0.0,10913000.0,0.528,215351000.0,153106000.0,347246000.0,0.718,2.76,40.279,40.314,19721762000.0,772000.0,77.0,11.844,11.838,0.0,1321875000.0,598059000.0,598059000.0,0.0,,,,,0.0,14678000.0,1.0,374005379.0,373812000,387820000.0,1.6,20464346000.0,0.0,242000.0,0.0,54.745,
1,EQR,MRQ,2021-03-31,2021-03-31,2021-03-31,2021-08-02,-41363000.0,20169015000.0,,,,,27.707,-97636000.0,97836000.0,97836000.0,246654000.0,60364000.0,,0.893,8354394000.0,,,8354394000.0,0.0,202924000.0,60939000.0,0.034,0.603,125050000.0,327974000.0,0.549,327974000.0,125050000.0,57692000.0,0.15,0.15,0.15,10314800000.0,,10314800000.0,34967524090.0,35.0,19.105,248417000.0,0.667,1.0,350948000.0,0.587,0.0,67358000.0,28425573000.0,,0.0,53274000.0,,,9207251000.0,,,26693866090.0,-1892000.0,-2374000.0,24613000.0,-9452000.0,-224308000.0,-221600000.0,-126345000.0,0.0,346053000.0,0.0,57539000.0,56766000.0,56766000.0,0.0,2143000.0,0.095,215345000.0,135603000.0,400765000.0,4.02,2.588,40.477,40.469,19727184000.0,773000.0,71.63,10.733,10.722,0.0,1231808000.0,597602000.0,597602000.0,0.0,,,,,0.0,15383000.0,1.0,372663215.0,372280000,386916000.0,1.605,20169015000.0,0.0,153000.0,0.0,54.177,
2,EQR,MRQ,2020-12-31,2020-12-31,2020-12-31,2021-08-02,-43666000.0,20286891000.0,,,,,28.301,245867000.0,99728000.0,99728000.0,223496000.0,262984000.0,,0.873,8373386000.0,,,8373386000.0,0.0,204708000.0,60480000.0,0.041,0.603,369930000.0,574638000.0,0.937,574638000.0,369930000.0,253206000.0,0.68,0.68,0.68,10525651000.0,,10525651000.0,30558372601.0,24.0,14.469,477079000.0,1.283,1.0,389939000.0,0.636,0.0,116724000.0,28560549000.0,,0.0,52782000.0,,,9184454000.0,,,22067172601.0,-135486000.0,1525000.0,1801000.0,-356034000.0,-224270000.0,-613826000.0,247128000.0,-264000.0,231212000.0,0.0,252856000.0,252084000.0,252084000.0,0.0,9386000.0,0.411,212922000.0,177017000.0,339628000.0,0.887,2.097,24.235,24.196,19842955000.0,772000.0,59.28,8.581,8.57,0.0,1399715000.0,613435000.0,613435000.0,0.0,,,,,0.0,11093000.0,1.0,372253249.0,371917000,385577000.0,1.649,20286891000.0,0.0,350000.0,0.0,54.547,
3,EQR,MRQ,2020-09-30,2020-09-30,2020-09-30,2021-08-02,-61478000.0,20623978000.0,,,,,28.283,-148851000.0,235214000.0,235214000.0,228534000.0,95365000.0,,0.91,8726414000.0,,,8726414000.0,0.0,203480000.0,61453000.0,0.046,0.603,172422000.0,375902000.0,0.604,375902000.0,172422000.0,91548000.0,0.24,0.24,0.24,10517480000.0,,10517480000.0,27612007384.0,21.0,12.896,250387000.0,0.673,1.0,393899000.0,0.633,0.0,80874000.0,29115178000.0,,0.0,54828000.0,,,9575906000.0,,,19105546384.0,-10319000.0,-38000.0,1301000.0,-27985000.0,-224241000.0,-260668000.0,-148889000.0,0.0,399238000.0,0.0,91286000.0,90513000.0,90513000.0,0.0,3376000.0,0.145,211464000.0,182435000.0,390848000.0,2.513,1.817,20.165,20.129,20076455000.0,773000.0,51.33,7.231,7.224,0.0,1371938000.0,622433000.0,622433000.0,0.0,,,,,0.0,10859000.0,1.0,372210138.0,371869000,385652000.0,1.674,20623978000.0,0.0,262000.0,0.0,55.46,
4,EQR,MRQ,2020-06-30,2020-06-30,2020-06-30,2021-08-02,-67355000.0,20714951000.0,,,,,28.504,300014000.0,245533000.0,245533000.0,223098000.0,271481000.0,,0.9,8751994000.0,,,8751994000.0,0.0,208844000.0,64005000.0,0.04,0.603,342960000.0,551804000.0,0.844,551804000.0,342960000.0,261075000.0,0.7,0.7,0.7,10597673000.0,,10597673000.0,30711075733.0,21.0,13.164,552649000.0,1.486,1.0,430434000.0,0.659,0.0,81885000.0,29221412000.0,,0.0,55310000.0,,,9540780000.0,,,21888428733.0,104763000.0,-168000.0,1661000.0,-211016000.0,-224188000.0,-447210000.0,299338000.0,-509000.0,252635000.0,0.0,260888000.0,260116000.0,260116000.0,0.0,9713000.0,0.398,217811000.0,212623000.0,341984000.0,0.861,2.065,19.486,19.413,20131760000.0,772000.0,58.82,8.092,8.085,0.0,1505694000.0,653532000.0,653532000.0,0.0,,,,,0.0,11835000.0,1.0,372125616.0,371795000,385913000.0,1.758,20714951000.0,0.0,187000.0,0.0,55.716,
5,EQR,MRQ,2020-03-31,2020-03-31,2020-03-31,2021-08-02,-72896000.0,20919318000.0,,,,,28.339,271468000.0,140770000.0,140770000.0,241257000.0,332671000.0,,0.93,8963417000.0,,,8963417000.0,0.0,215411000.0,69074000.0,0.037,0.602,394249000.0,609660000.0,0.894,609660000.0,394249000.0,308659000.0,0.83,0.83,0.83,10530367000.0,,10530367000.0,32206081088.0,21.0,13.404,653919000.0,1.76,1.0,441048000.0,0.646,0.0,85590000.0,29741965000.0,,0.0,55866000.0,,,9795290000.0,,,22954790088.0,23771000.0,-5458000.0,12020000.0,-407045000.0,-211239000.0,-624689000.0,266009000.0,0.0,382451000.0,0.0,308606000.0,307833000.0,307833000.0,0.0,11535000.0,0.451,226940000.0,214108000.0,397882000.0,0.725,2.18,19.597,19.528,20496636000.0,773000.0,61.71,8.437,8.428,0.0,1469821000.0,682305000.0,682305000.0,0.0,,,,,0.0,14518000.0,1.0,371978449.0,371582000,386949000.0,1.836,20919318000.0,0.0,53000.0,0.0,56.298,
6,EQR,MRQ,2019-12-31,2019-12-31,2019-12-31,2021-08-02,-77563000.0,21172769000.0,,,,,27.792,-113113000.0,116999000.0,116999000.0,226692000.0,301306000.0,,0.985,9368290000.0,,,9368290000.0,0.0,216662000.0,70062000.0,0.028,0.568,387034000.0,603696000.0,0.883,603696000.0,387034000.0,286734000.0,0.78,0.78,0.78,10315506000.0,,10315506000.0,39290650938.0,29.0,17.852,249691000.0,0.673,1.0,457203000.0,0.669,0.0,100300000.0,30424060000.0,,0.0,52238000.0,,,10164843000.0,,,30049998938.0,32403000.0,-531000.0,11512000.0,41585000.0,-210720000.0,-216757000.0,-113644000.0,0.0,362804000.0,0.0,289764000.0,288992000.0,288992000.0,0.0,10695000.0,0.423,226512000.0,230691000.0,312676000.0,0.728,2.913,31.066,31.004,20769595000.0,772000.0,80.92,11.127,11.1,0.0,1386495000.0,683895000.0,683895000.0,0.0,,,,,0.0,11630000.0,1.0,371354411.0,371163000,386801000.0,1.843,21172769000.0,0.0,-3030000.0,0.0,57.044,
7,EQR,MRQ,2019-09-30,2019-09-30,2019-09-30,2021-08-02,-84092000.0,21054056000.0,,,,,27.464,-288524000.0,84596000.0,84596000.0,224452000.0,277846000.0,,0.997,9325248000.0,,,9325248000.0,0.0,214474000.0,70398000.0,0.026,0.568,353307000.0,567781000.0,0.829,567781000.0,353307000.0,267371000.0,0.72,0.71,0.72,10182636000.0,,10182636000.0,41092328455.0,35.0,20.45,114883000.0,0.31,1.0,460668000.0,0.672,0.0,85936000.0,30294708000.0,,0.0,52474000.0,,,10152058000.0,,,31989755455.0,-224872000.0,-501000.0,19250000.0,-127832000.0,-210448000.0,-339254000.0,-289025000.0,0.0,403407000.0,0.0,267106000.0,266333000.0,266333000.0,0.0,9910000.0,0.389,222895000.0,237773000.0,369816000.0,0.789,3.142,40.253,40.121,20666995000.0,773000.0,86.26,11.986,11.983,0.0,1308423000.0,685120000.0,685120000.0,0.0,,,,,0.0,11417000.0,1.0,370852718.0,370768000,386896000.0,1.848,21054056000.0,0.0,265000.0,0.0,56.785,
8,EQR,MRQ,2019-06-30,2019-06-30,2019-06-30,2021-08-02,-89849000.0,20990711000.0,,,,,27.417,-98073000.0,309468000.0,309468000.0,224276000.0,321299000.0,,1.002,9412041000.0,,,9412041000.0,0.0,203421000.0,69027000.0,0.029,0.568,418116000.0,621537000.0,0.929,621537000.0,418116000.0,309214000.0,0.83,0.83,0.83,10153529000.0,,10153529000.0,37272466030.0,32.0,18.98,219155000.0,0.592,1.0,445098000.0,0.665,0.0,108902000.0,30093284000.0,,0.0,52907000.0,,,10175125000.0,,,28131065030.0,215962000.0,75971000.0,19153000.0,163145000.0,-210194000.0,-79146000.0,-22120000.0,-18000.0,317228000.0,0.0,308968000.0,308196000.0,308196000.0,0.0,11510000.0,0.46,214837000.0,230261000.0,327271000.0,0.684,2.771,37.885,37.771,20400906000.0,772000.0,75.92,10.669,10.663,0.0,1252809000.0,669374000.0,669374000.0,0.0,,,,,0.0,14329000.0,1.0,370535630.0,370342000,386107000.0,1.807,20990711000.0,0.0,246000.0,0.0,56.679,
9,EQR,MRQ,2019-03-31,2019-03-31,2019-03-31,2021-08-02,-75013000.0,20768811000.0,,,,,27.186,-340503000.0,93506000.0,93506000.0,232908000.0,109257000.0,,1.002,9234907000.0,,,9234907000.0,0.0,208219000.0,68335000.0,0.029,0.568,199715000.0,407934000.0,0.616,407934000.0,199715000.0,104777000.0,0.28,0.28,0.28,10046886000.0,,10046886000.0,36565035523.0,39.0,20.963,33042000.0,0.089,1.0,429586000.0,0.648,0.0,94938000.0,29910212000.0,,0.0,62853000.0,,,10069744000.0,,,27863409523.0,-22807000.0,-6281000.0,30986000.0,132162000.0,-199749000.0,-49317000.0,-347035000.0,-251000.0,373545000.0,0.0,104539000.0,103766000.0,103766000.0,0.0,3919000.0,0.157,219596000.0,209990000.0,371302000.0,2.029,2.773,50.922,50.55,20371323000.0,773000.0,75.32,10.687,10.676,0.0,1155032000.0,662494000.0,662494000.0,0.0,,,,,0.0,15381000.0,1.0,369933743.0,369558000,385184000.0,1.793,20768811000.0,0.0,238000.0,0.0,56.199,
10,EQR,MRQ,2018-12-31,2018-12-31,2018-12-31,2021-08-02,-64986000.0,20394209000.0,,,,,27.611,-106303000.0,116313000.0,116313000.0,219188000.0,122388000.0,,0.945,8817939000.0,,,8817939000.0,0.0,202954000.0,67258000.0,0.033,0.54,209204000.0,412158000.0,0.632,412158000.0,209204000.0,117298000.0,0.32,0.31,0.32,10173204000.0,,10173204000.0,33055808524.0,31.0,17.754,205801000.0,0.559,1.0,432802000.0,0.664,0.0,91906000.0,29095835000.0,,0.0,58349000.0,,,9615454000.0,,,24320765524.0,27563000.0,-1711000.0,25460000.0,-5656000.0,-198938000.0,-176527000.0,-108014000.0,0.0,312104000.0,0.0,117187000.0,116415000.0,116415000.0,0.0,4422000.0,0.179,214249000.0,218553000.0,309072000.0,1.688,2.391,37.162,37.084,19814741000.0,772000.0,66.01,9.435,9.425,0.0,1261763000.0,651990000.0,651990000.0,0.0,,,,,0.0,12393000.0,1.0,368440623.0,368448000,384481000.0,1.77,20394209000.0,0.0,111000.0,0.0,55.352,
11,EQR,MRQ,2018-09-30,2018-09-30,2018-09-30,2021-08-02,-50689000.0,20542150000.0,,,,,27.812,-182883000.0,88750000.0,88750000.0,220176000.0,223846000.0,,0.947,8823793000.0,,,8823793000.0,0.0,195716000.0,67177000.0,0.032,0.54,326436000.0,522152000.0,0.8,522152000.0,326436000.0,215217000.0,0.58,0.58,0.58,10235424000.0,,10235424000.0,33086255664.0,31.0,17.673,175854000.0,0.478,1.0,432691000.0,0.663,0.0,111219000.0,29277193000.0,,0.0,57576000.0,,,9693820000.0,,,24402363664.0,-127000.0,-1761000.0,4276000.0,29595000.0,-198869000.0,-174220000.0,-184644000.0,0.0,358737000.0,0.0,214937000.0,214164000.0,214164000.0,0.0,8159000.0,0.328,207960000.0,224731000.0,389345000.0,0.931,2.384,36.823,36.811,19930730000.0,773000.0,66.26,9.546,9.539,0.0,1344825000.0,652867000.0,652867000.0,0.0,,,,,0.0,12640000.0,1.0,368281975.0,368028000,383884000.0,1.774,20542150000.0,0.0,280000.0,0.0,55.817,
12,EQR,MRQ,2018-06-30,2018-06-30,2018-06-30,2021-08-02,-67310000.0,20406582000.0,,,,,27.746,-231174000.0,88877000.0,88877000.0,216710000.0,118410000.0,,0.94,8772769000.0,,,8772769000.0,0.0,194040000.0,66800000.0,0.033,0.54,208007000.0,402047000.0,0.628,402047000.0,208007000.0,113876000.0,0.31,0.31,0.31,10208437000.0,,10208437000.0,32016297636.0,32.0,18.143,93262000.0,0.253,1.0,423098000.0,0.661,0.0,94131000.0,29090474000.0,,0.0,58124000.0,,,9600313000.0,,,23451531636.0,-5834000.0,-300000.0,1517000.0,109936000.0,-198831000.0,-98796000.0,-231474000.0,0.0,324436000.0,0.0,113602000.0,112830000.0,112830000.0,0.0,4299000.0,0.176,205444000.0,217654000.0,353244000.0,1.742,2.297,40.02,40.057,19826554000.0,772000.0,63.69,9.278,9.271,0.0,1329600000.0,639808000.0,639808000.0,0.0,,,,,0.0,12502000.0,1.0,368213717.0,367930000,383423000.0,1.739,20406582000.0,0.0,274000.0,0.0,55.463,
13,EQR,MRQ,2018-03-31,2018-03-31,2018-03-31,2021-08-02,-77734000.0,20383870000.0,,,,,27.975,150097000.0,94711000.0,94711000.0,223560000.0,220548000.0,,0.924,8659477000.0,,,8659477000.0,0.0,197407000.0,64748000.0,0.033,0.54,328126000.0,525533000.0,0.83,525533000.0,328126000.0,212022000.0,0.57,0.57,0.57,10289172000.0,,10289172000.0,31543137965.0,30.0,17.228,511115000.0,1.39,1.0,409456000.0,0.647,0.0,116104000.0,28948636000.0,,0.0,59091000.0,,,9504210000.0,,,22686608965.0,-6051000.0,-2799000.0,3281000.0,-295788000.0,-185484000.0,-514367000.0,147298000.0,0.0,361018000.0,0.0,211809000.0,211036000.0,211036000.0,0.0,8059000.0,0.333,212587000.0,196869000.0,374275000.0,0.947,2.205,33.94,34.044,19785570000.0,773000.0,61.62,9.073,9.064,0.0,1415638000.0,633016000.0,633016000.0,0.0,,,,,0.0,16278000.0,1.0,368169571.0,367800000,383018000.0,1.721,20383870000.0,0.0,213000.0,0.0,55.421,
14,EQR,MRQ,2017-12-31,2017-12-31,2017-12-31,2021-08-02,-88612000.0,20570599000.0,,,,,27.875,-77816000.0,100762000.0,100762000.0,201604000.0,130084000.0,,0.95,8957291000.0,,,8957291000.0,0.0,201884000.0,65009000.0,0.032,0.504,220521000.0,422405000.0,0.67,422405000.0,220521000.0,125210000.0,0.34,0.34,0.34,10242464000.0,,10242464000.0,32380211803.0,33.0,18.659,217836000.0,0.593,1.0,429100000.0,0.68,0.0,95311000.0,29427128000.0,,0.0,58254000.0,,,9729781000.0,,,23434504803.0,6586000.0,-705000.0,19410000.0,-35918000.0,-185108000.0,-210545000.0,-78521000.0,0.0,295652000.0,0.0,125442000.0,124669000.0,124669000.0,0.0,4673000.0,0.198,214336000.0,214764000.0,307594000.0,1.482,2.288,39.034,38.884,19986518000.0,773000.0,63.77,9.482,9.469,0.0,1403530000.0,630704000.0,630704000.0,0.0,,,,,0.0,11858000.0,1.0,367484786.0,367445000,382792000.0,1.716,20570599000.0,0.0,-232000.0,0.0,55.983,
15,EQR,MRQ,2017-09-30,2017-09-30,2017-09-30,2021-08-02,-94674000.0,20697833000.0,,,,,27.955,-468548000.0,46565000.0,46565000.0,209669000.0,144196000.0,,0.958,8992272000.0,,,8992272000.0,0.0,185112000.0,65230000.0,0.031,0.504,229602000.0,414714000.0,0.664,414714000.0,229602000.0,138457000.0,0.37,0.37,0.37,10259269000.0,,10259269000.0,33143333034.0,29.0,17.773,-57525000.0,-0.157,1.0,414453000.0,0.664,0.0,91145000.0,29643540000.0,,0.0,59029000.0,,,9823516000.0,,,24216963034.0,-218937000.0,-2620000.0,5676000.0,33149000.0,-185023000.0,-158792000.0,-471168000.0,0.0,411023000.0,0.0,138229000.0,137457000.0,137457000.0,0.0,5166000.0,0.22,196667000.0,217786000.0,360553000.0,1.362,2.36,32.196,32.319,20099433000.0,772000.0,65.93,9.9,9.891,0.0,1464249000.0,624122000.0,624122000.0,0.0,,,,,0.0,12567000.0,1.0,367313257.0,366996000,382945000.0,1.701,20697833000.0,0.0,228000.0,0.0,56.398,
16,EQR,MRQ,2017-06-30,2017-06-30,2017-06-30,2021-08-02,-101151000.0,20636575000.0,,,,,28.053,28819000.0,37719000.0,37719000.0,208408000.0,204160000.0,,0.946,8964089000.0,,,8964089000.0,0.0,180757000.0,63648000.0,0.076,0.504,287485000.0,468242000.0,0.765,468242000.0,287485000.0,196261000.0,0.53,0.53,0.53,10290505000.0,,10290505000.0,33057597280.0,27.0,17.155,284028000.0,0.774,1.0,404072000.0,0.66,0.0,91224000.0,29562945000.0,,0.0,59246000.0,,,9730199000.0,,,24169811280.0,126890000.0,-784000.0,5538000.0,31945000.0,-184942000.0,-156354000.0,28035000.0,0.0,255209000.0,0.0,196041000.0,195268000.0,195268000.0,0.0,7354000.0,0.319,193522000.0,210550000.0,329637000.0,0.951,2.349,29.394,29.388,19818307000.0,773000.0,65.83,9.954,9.945,0.0,1511899000.0,612480000.0,612480000.0,0.0,,,,,0.0,13626000.0,1.0,367154964.0,366820000,382692000.0,1.67,20636575000.0,0.0,220000.0,0.0,56.258,
17,EQR,MRQ,2017-03-31,2017-03-31,2017-03-31,2021-08-02,-109326000.0,20608338000.0,,,,,28.042,-71051000.0,42139000.0,42139000.0,206588000.0,149941000.0,,0.947,8929925000.0,,,8929925000.0,0.0,179824000.0,63124000.0,0.081,0.504,250214000.0,430038000.0,0.712,430038000.0,250214000.0,144004000.0,0.39,0.39,0.39,10280276000.0,,10280276000.0,31750867841.0,26.0,16.361,232853000.0,0.635,1.0,397512000.0,0.658,0.0,106210000.0,29496124000.0,,0.0,59483000.0,,,9733179000.0,,,22840816841.0,-32865000.0,-1591000.0,4716000.0,-59050000.0,-184302000.0,-264127000.0,-72642000.0,0.0,303904000.0,0.0,143742000.0,142969000.0,142969000.0,0.0,5411000.0,0.237,193141000.0,204371000.0,357281000.0,1.292,2.222,27.029,26.935,19949518000.0,773000.0,62.22,9.474,9.462,0.0,1501654000.0,604100000.0,604100000.0,0.0,,,,,0.0,14173000.0,1.0,367097667.0,366605000,382280000.0,1.648,20608338000.0,0.0,262000.0,0.0,56.214,
18,EQR,MRQ,2016-12-31,2016-12-31,2016-12-31,2021-08-02,-113909000.0,20704148000.0,,,,,28.005,69528000.0,219088000.0,219088000.0,193580000.0,302381000.0,,0.958,8987258000.0,,,8987258000.0,0.0,178267000.0,62624000.0,0.202,0.504,373604000.0,551871000.0,0.911,551871000.0,373604000.0,277674000.0,0.75,0.76,0.75,10229078000.0,,10229078000.0,31515264279.0,7.0,5.746,464330000.0,1.271,1.0,411909000.0,0.68,0.0,95930000.0,29472318000.0,,0.0,60141000.0,,,9801072000.0,,,23534063279.0,-411337000.0,-1440000.0,9802000.0,497177000.0,-1280887000.0,-957916000.0,151777000.0,0.0,394802000.0,0.0,277250000.0,276477000.0,276477000.0,-394000.0,11069000.0,0.457,187839000.0,224070000.0,339778000.0,0.672,2.301,5.487,5.477,20026036000.0,773000.0,64.36,9.702,9.684,0.0,1543626000.0,605489000.0,605489000.0,0.0,,,,,0.0,10432000.0,1.0,365662885.0,365257000,381116000.0,1.658,20704148000.0,0.0,424000.0,0.0,56.684,
19,EQR,MRQ,2016-09-30,2016-09-30,2016-09-30,2021-08-02,-118730000.0,21297744000.0,,,,,27.705,-82486000.0,517586000.0,517586000.0,205076000.0,217492000.0,,1.04,8498787000.0,,,8498787000.0,0.0,181796000.0,64060000.0,0.203,3.504,295094000.0,476890000.0,0.787,476890000.0,295094000.0,208742000.0,0.57,0.56,0.57,10115505000.0,,10115505000.0,31529375235.0,7.0,5.803,261759000.0,0.717,1.0,400998000.0,0.662,0.0,86352000.0,29278945000.0,,0.0,60911000.0,,,10517051000.0,,,23516224235.0,19743000.0,11277000.0,1553000.0,-10489000.0,-184134000.0,-204660000.0,-119842000.0,4287000.0,344245000.0,0.0,208316000.0,207543000.0,207543000.0,-246000.0,8353000.0,0.342,191625000.0,209373000.0,1531158000.0,6.147,2.325,5.578,5.565,20105278000.0,773000.0,64.33,9.319,9.307,0.0,1451452000.0,606074000.0,606074000.0,0.0,,,,,0.0,12395000.0,1.0,365556105.0,365109000,382373000.0,1.66,21297744000.0,0.0,426000.0,0.0,58.333,
20,EQR,MRQ,2016-06-30,2016-06-30,2016-06-30,2021-08-02,-123511000.0,21229922000.0,,,,,30.573,-108154000.0,497843000.0,497843000.0,194713000.0,228400000.0,,0.837,8510994000.0,,,8510994000.0,0.0,176127000.0,64242000.0,0.147,0.504,305724000.0,481851000.0,0.81,481851000.0,305724000.0,219252000.0,0.6,0.59,0.6,11160578000.0,,11160578000.0,33391556197.0,7.0,6.112,165540000.0,0.453,1.0,400441000.0,0.673,0.0,86472000.0,29243073000.0,,0.0,65952000.0,,,9344994000.0,,,25175787197.0,129794000.0,-741000.0,6495000.0,-76430000.0,-184052000.0,-264671000.0,120771000.0,67098000.0,273694000.0,0.0,218839000.0,218067000.0,218067000.0,-35000.0,8780000.0,0.366,194423000.0,206018000.0,378032000.0,0.84,2.256,5.989,5.974,20128412000.0,772000.0,68.88,9.632,9.62,0.0,2524788000.0,595154000.0,595154000.0,0.0,,,,,0.0,18296000.0,1.0,365502137.0,365047000,382065000.0,1.63,21229922000.0,0.0,413000.0,0.0,58.157,
21,EQR,MRQ,2016-03-31,2016-03-31,2016-03-31,2021-08-02,-126193000.0,21301292000.0,,,,,30.346,5943707000.0,368049000.0,368049000.0,212856000.0,3731831000.0,,0.856,8583818000.0,,,8583818000.0,0.0,172885000.0,63592000.0,0.135,8.504,3801600000.0,3974485000.0,6.42,3974485000.0,3801600000.0,3588108000.0,9.84,9.76,9.84,11063772000.0,,11063772000.0,38322796473.0,8.0,6.876,6145089000.0,16.855,1.0,406227000.0,0.656,0.0,213492000.0,29517061000.0,,0.0,66476000.0,,,9471497000.0,,,27396574473.0,325773000.0,-564000.0,21669000.0,-2372497000.0,-3122652000.0,-5626845000.0,5751236000.0,1430000.0,201382000.0,0.0,3587758000.0,3586985000.0,3586985000.0,157000.0,143309000.0,5.794,189602000.0,216625000.0,407130000.0,0.864,2.476,6.414,6.402,20143592000.0,773000.0,75.03,10.156,10.14,0.0,2490861000.0,619083000.0,619083000.0,0.0,,,,,0.0,16717000.0,1.0,365141603.0,364592000,382243000.0,1.698,21301292000.0,0.0,350000.0,0.0,58.425,
22,EQR,MRQ,2015-12-31,2015-12-31,2015-12-31,2021-08-02,-152016000.0,23110196000.0,,,,,28.778,-355968000.0,42276000.0,42276000.0,221056000.0,213720000.0,,1.131,10921366000.0,,,10921366000.0,0.0,184415000.0,77582000.0,0.027,0.552,315246000.0,499661000.0,0.711,499661000.0,315246000.0,204705000.0,0.55,0.56,0.55,10470368000.0,,10470368000.0,40486077668.0,31.0,19.42,-62686000.0,-0.172,1.0,482137000.0,0.686,0.0,110541000.0,33989286000.0,,0.0,68101000.0,,,11847058000.0,,,29720124668.0,-2639000.0,5878000.0,23489000.0,174134000.0,-201180000.0,-10819000.0,-285102000.0,2148000.0,293282000.0,0.0,204486000.0,202989000.0,202989000.0,-47000.0,8050000.0,0.289,195079000.0,287058000.0,396502000.0,1.004,2.838,34.427,34.426,22458081000.0,1497000.0,81.59,10.827,10.804,0.0,2009091000.0,703193000.0,703193000.0,0.0,,,,,0.0,14046000.0,1.0,364261854.0,363834000,381211000.0,1.933,23110196000.0,0.0,219000.0,0.0,63.519,
23,EQR,MRQ,2015-09-30,2015-09-30,2015-09-30,2021-08-02,-157020000.0,23008804000.0,,,,,28.821,-174682000.0,37366000.0,37366000.0,227439000.0,205456000.0,,1.124,10803319000.0,,,10803319000.0,0.0,196059000.0,76934000.0,0.029,0.553,311319000.0,507378000.0,0.729,507378000.0,311319000.0,197021000.0,0.54,0.53,0.54,10478534000.0,,10478534000.0,38085657597.0,29.0,18.08,213617000.0,0.588,1.0,468850000.0,0.673,0.0,114298000.0,33774757000.0,,0.0,74108000.0,,,11781555000.0,,,27349859597.0,-54743000.0,886000.0,3829000.0,-28285000.0,-201127000.0,-237879000.0,-205163000.0,226000.0,388299000.0,0.0,196692000.0,195859000.0,195859000.0,-81000.0,7778000.0,0.281,211256000.0,257594000.0,462113000.0,1.024,2.61,31.186,31.041,22244786000.0,833000.0,75.12,10.106,10.092,0.0,2007590000.0,696289000.0,696289000.0,0.0,,,,,0.0,15197000.0,1.0,364082263.0,363579000,380663000.0,1.915,23008804000.0,0.0,329000.0,0.0,63.284,
24,EQR,MRQ,2015-06-30,2015-06-30,2015-06-30,2021-08-02,-163855000.0,23081830000.0,,,,,28.89,-131889000.0,92109000.0,92109000.0,222916000.0,298618000.0,,1.119,10827907000.0,,,10827907000.0,0.0,194282000.0,76112000.0,0.03,0.552,397612000.0,591894000.0,0.872,591894000.0,397612000.0,286746000.0,0.79,0.78,0.79,10500764000.0,,10500764000.0,36351181640.0,27.0,17.068,195263000.0,0.537,1.0,456196000.0,0.672,0.0,110866000.0,33817628000.0,,0.0,94718000.0,,,11748919000.0,,,25541091640.0,42691000.0,4802000.0,2454000.0,-27257000.0,-201033000.0,-258134000.0,-26327000.0,220000.0,327152000.0,0.0,286420000.0,285587000.0,285587000.0,-114000.0,11354000.0,0.421,209941000.0,246255000.0,402137000.0,0.699,2.432,28.321,28.181,22295993000.0,833000.0,70.17,9.551,9.537,0.0,2012909000.0,679112000.0,679112000.0,0.0,,,,,0.0,15659000.0,1.0,363988765.0,363476000,380491000.0,1.868,23081830000.0,0.0,326000.0,0.0,63.503,
25,EQR,MRQ,2015-03-31,2015-03-31,2015-03-31,2021-08-02,-180022000.0,23029048000.0,,,,,28.453,-63935000.0,49418000.0,49418000.0,233757000.0,190224000.0,,1.143,10859508000.0,,,10859508000.0,0.0,194521000.0,75294000.0,0.026,0.553,291347000.0,485868000.0,0.729,485868000.0,291347000.0,182565000.0,0.49,0.49,0.49,10331362000.0,,10331362000.0,39130116404.0,33.0,19.992,283960000.0,0.782,1.0,432614000.0,0.649,0.0,108782000.0,33839138000.0,,0.0,89284000.0,,,11813593000.0,,,28325335404.0,9338000.0,16559000.0,34140000.0,13556000.0,-181408000.0,-159335000.0,-179222000.0,-59000.0,347895000.0,0.0,182522000.0,178842000.0,178842000.0,-155000.0,7059000.0,0.268,214283000.0,218331000.0,411064000.0,1.129,2.742,38.913,38.736,22195373000.0,3680000.0,77.86,10.698,10.678,0.0,1928449000.0,666371000.0,666371000.0,0.0,,,,,0.0,19762000.0,1.0,363798297.0,363098000,380327000.0,1.835,23029048000.0,0.0,43000.0,0.0,63.424,
26,EQR,MRQ,2014-12-31,2014-12-31,2014-12-31,2021-08-02,-172152000.0,22950614000.0,,,,,28.64,27466000.0,40080000.0,40080000.0,215680000.0,227041000.0,,1.132,10844861000.0,,,10844861000.0,0.0,193089000.0,75633000.0,0.028,0.5,328223000.0,521312000.0,0.784,521312000.0,328223000.0,217987000.0,0.6,0.6,0.6,10368456000.0,,10368456000.0,36958299498.0,34.0,19.988,337268000.0,0.932,1.0,448980000.0,0.676,0.0,110236000.0,33755395000.0,,0.0,105434000.0,,,11742105000.0,,,26032171498.0,8602000.0,25551000.0,26683000.0,-140967000.0,-181095000.0,-307176000.0,5976000.0,798000.0,309802000.0,0.0,217739000.0,216703000.0,216703000.0,-82000.0,8558000.0,0.326,202472000.0,246508000.0,342156000.0,0.833,2.511,41.508,41.287,22242578000.0,1036000.0,71.84,9.956,9.923,0.0,1950639000.0,664660000.0,664660000.0,0.0,,,,,0.0,9383000.0,1.0,362363189.0,362024000,379256000.0,1.836,22950614000.0,0.0,248000.0,0.0,63.395,
27,EQR,MRQ,2014-09-30,2014-09-30,2014-09-30,2021-08-02,-164806000.0,23008094000.0,,,,,28.716,-154944000.0,31478000.0,31478000.0,219114000.0,231190000.0,,1.143,10957606000.0,,,10957606000.0,0.0,190469000.0,75738000.0,0.035,0.5,340255000.0,530724000.0,0.799,530724000.0,340255000.0,222004000.0,0.61,0.61,0.61,10378336000.0,,10378336000.0,33282024742.0,33.0,18.791,239848000.0,0.664,1.0,444964000.0,0.67,0.0,118251000.0,33934222000.0,,0.0,128100000.0,,,11860523000.0,,,22276113742.0,-44654000.0,7359000.0,31379000.0,-117626000.0,-180721000.0,-278424000.0,-161022000.0,0.0,394792000.0,0.0,221744000.0,220707000.0,220707000.0,62000.0,8738000.0,0.332,200437000.0,244527000.0,391336000.0,0.82,2.146,42.806,43.063,22260605000.0,1037000.0,61.58,8.603,8.595,0.0,1915344000.0,664078000.0,664078000.0,0.0,,,,,0.0,9968000.0,1.0,361742672.0,361409000,377954000.0,1.837,23008094000.0,0.0,260000.0,0.0,63.662,
28,EQR,MRQ,2014-06-30,2014-06-30,2014-06-30,2021-08-02,-166990000.0,22991402000.0,,,,,28.519,-238269000.0,76132000.0,76132000.0,218992000.0,117720000.0,,1.159,11082043000.0,,,11082043000.0,0.0,190136000.0,74508000.0,0.033,0.5,229260000.0,419396000.0,0.643,419396000.0,229260000.0,113336000.0,0.31,0.31,0.31,10289738000.0,,10289738000.0,33661866725.0,29.0,16.683,44328000.0,0.123,1.0,433576000.0,0.664,0.0,115924000.0,33997313000.0,,0.0,142318000.0,,,11922733000.0,,,22755793725.0,38923000.0,53689000.0,10377000.0,140247000.0,-180561000.0,-55811000.0,-187863000.0,36000.0,282597000.0,0.0,112690000.0,111654000.0,111654000.0,-510000.0,4442000.0,0.171,203888000.0,229688000.0,356131000.0,1.613,2.212,33.67,33.69,22170651000.0,1036000.0,63.0,8.918,8.908,0.0,1875732000.0,652568000.0,652568000.0,0.0,,,,,0.0,13752000.0,1.0,361203075.0,360809000,377118000.0,1.809,22991402000.0,0.0,646000.0,0.0,63.722,
29,EQR,MRQ,2014-03-31,2014-03-31,2014-03-31,2021-08-02,-162894000.0,22889631000.0,,,,,28.786,-303225000.0,37209000.0,37209000.0,229778000.0,82732000.0,,1.134,10943282000.0,,,10943282000.0,0.0,185167000.0,72735000.0,0.034,0.5,192424000.0,377591000.0,0.596,377591000.0,192424000.0,79375000.0,0.22,0.22,0.22,10376561000.0,,10376561000.0,31651702924.0,23.0,13.316,33657000.0,0.093,1.0,403664000.0,0.637,0.0,113049000.0,33795704000.0,,0.0,205068000.0,,,11764797000.0,,,20938982924.0,-16325000.0,1426000.0,15749000.0,179966000.0,-234282000.0,-51450000.0,-301757000.0,21000.0,336882000.0,0.0,79135000.0,78099000.0,78099000.0,-1052000.0,3093000.0,0.123,202743000.0,200921000.0,349597000.0,2.273,2.018,23.582,23.573,22072253000.0,1036000.0,57.99,8.321,8.307,0.0,1944798000.0,633442000.0,633442000.0,0.0,,,,,0.0,17576000.0,1.0,361079202.0,360470000,376384000.0,1.757,22889631000.0,0.0,240000.0,0.0,63.499,
30,EQR,MRQ,2013-12-31,2013-12-31,2013-12-31,2021-08-02,-155162000.0,22834545000.0,,,,,29.188,-43456000.0,53534000.0,53534000.0,215808000.0,115870000.0,,1.106,10766254000.0,,,10766254000.0,0.0,183256000.0,71592000.0,0.036,0.65,260222000.0,443478000.0,0.694,443478000.0,260222000.0,110820000.0,0.29,0.29,0.29,10507201000.0,,10507201000.0,29428941706.0,12.0,8.575,58367000.0,0.162,1.0,423326000.0,0.662,0.0,149402000.0,33547265000.0,,0.0,178526000.0,,,11626205000.0,,,18694505706.0,-919227000.0,-7108000.0,1636000.0,-822116000.0,-144146000.0,-956235000.0,-64815000.0,-3573000.0,101823000.0,0.0,110976000.0,109940000.0,109940000.0,-46729000.0,4331000.0,0.172,197902000.0,225424000.0,362302000.0,2.241,1.779,10.235,10.052,21993239000.0,1036000.0,51.87,7.829,7.697,0.0,2047258000.0,639134000.0,639134000.0,0.0,,,,,0.0,15162000.0,1.0,360410752.0,359978000,359978000.0,1.775,22834545000.0,0.0,-156000.0,0.0,63.433,
31,EQR,MRQ,2013-09-30,2013-09-30,2013-09-30,2021-08-02,-169392000.0,23811431000.0,,,,,29.456,528148000.0,972761000.0,972761000.0,213573000.0,391717000.0,,1.181,11707197000.0,,,11707197000.0,0.0,279609000.0,71462000.0,0.037,0.4,497719000.0,777328000.0,1.24,777328000.0,497719000.0,377684000.0,1.05,1.05,1.05,10598637000.0,,10598637000.0,30874125343.0,12.0,8.498,877422000.0,2.439,1.0,413056000.0,0.659,0.0,120035000.0,34545867000.0,,0.0,165898000.0,,,12512584000.0,,,19303123343.0,820197000.0,19795000.0,2769000.0,-1788000.0,-144117000.0,-149463000.0,620386000.0,3362000.0,349274000.0,0.0,377192000.0,376155000.0,376155000.0,-405182000.0,14836000.0,0.6,291144000.0,121912000.0,316775000.0,0.381,1.821,9.269,8.696,22086243000.0,1037000.0,53.57,8.801,8.788,0.0,2171603000.0,626629000.0,626629000.0,0.0,,,,,0.0,14437000.0,1.0,360334578.0,359811000,359811000.0,1.742,23811431000.0,0.0,492000.0,0.0,66.178,
32,EQR,MRQ,2013-06-30,2013-06-30,2013-06-30,2021-08-02,-166844000.0,23482383000.0,,,,,28.701,579437000.0,152564000.0,152564000.0,212274000.0,336732000.0,,1.205,11723566000.0,,,11723566000.0,0.0,330450000.0,71857000.0,0.033,0.4,448137000.0,778587000.0,1.261,778587000.0,448137000.0,325187000.0,0.9,0.9,0.9,10322384000.0,,10322384000.0,33006755739.0,13.0,9.811,803742000.0,2.235,1.0,404943000.0,0.656,0.0,122950000.0,35053385000.0,,0.0,188582000.0,,,12435577000.0,,,20907528739.0,96477000.0,-53636000.0,7311000.0,-415736000.0,-144017000.0,-606853000.0,479025000.0,5089000.0,224305000.0,0.0,324759000.0,323723000.0,323723000.0,-395243000.0,12788000.0,0.524,339389000.0,65554000.0,235449000.0,0.444,2.025,10.861,9.942,22441580000.0,1036000.0,58.06,10.359,10.346,0.0,1939598000.0,617217000.0,617217000.0,0.0,,,,,0.0,16085000.0,1.0,360102114.0,359653000,359653000.0,1.716,23482383000.0,0.0,428000.0,0.0,65.292,
33,EQR,MRQ,2013-03-31,2013-03-31,2013-03-31,2021-08-02,-182508000.0,23795158000.0,,,,,29.994,2861625000.0,56087000.0,56087000.0,186113000.0,1061034000.0,,1.281,12155314000.0,,,12155314000.0,0.0,220038000.0,72669000.0,0.033,0.4,1212558000.0,1432596000.0,2.838,1432596000.0,1212558000.0,1018091000.0,3.01,3.01,3.01,10123928000.0,,10123928000.0,25836636649.0,11.0,8.679,3055139000.0,9.051,1.0,318609000.0,0.631,0.0,194467000.0,35894385000.0,,0.0,193338000.0,,,12973313000.0,,,17919982649.0,-556503000.0,-4000926000.0,8937000.0,557736000.0,-249330000.0,291556000.0,-1041573000.0,0.0,193514000.0,0.0,1017686000.0,1016650000.0,1016650000.0,-1226373000.0,43323000.0,2.014,212717000.0,105892000.0,255587000.0,0.133,1.77,10.535,10.448,22929318000.0,1036000.0,55.06,9.689,10.048,0.0,1759990000.0,504722000.0,504722000.0,0.0,,,,,0.0,16495000.0,1.0,325462816.0,337532000,337532000.0,1.495,23795158000.0,0.0,405000.0,0.0,70.497,
34,EQR,MRQ,2012-12-31,2012-12-31,2012-12-31,2021-08-02,-193148000.0,17201000000.0,,,,,23.481,255883000.0,612590000.0,612590000.0,149433000.0,384399000.0,,1.272,8529244000.0,,,8529244000.0,0.0,168052000.0,66988000.0,0.031,0.767,476689000.0,644741000.0,1.45,644741000.0,476689000.0,366929000.0,1.2,1.18,1.2,7289813000.0,,7289813000.0,26419668262.0,20.0,13.327,440172000.0,1.418,1.0,295310000.0,0.664,0.0,109760000.0,25117654000.0,,0.0,17877000.0,,,9275521000.0,,,17156138262.0,566967000.0,132000.0,1471478000.0,-776008000.0,-85079000.0,263208000.0,119470000.0,-151000.0,184289000.0,0.0,367017000.0,365979000.0,365979000.0,-286204000.0,16995000.0,0.823,146671000.0,148639000.0,298548000.0,0.639,2.353,20.765,20.758,16096208000.0,1038000.0,56.67,9.818,9.816,0.0,887355000.0,444743000.0,444743000.0,0.0,,,,,0.0,10071000.0,1.0,302737573.0,310456000,327269000.0,1.433,17201000000.0,0.0,-88000.0,0.0,55.406,
35,EQR,MRQ,2012-09-30,2012-09-30,2012-09-30,2021-08-02,-197754000.0,16668545000.0,,,,,19.881,-53709000.0,45623000.0,45623000.0,158239000.0,236323000.0,,1.676,9309153000.0,,,9309153000.0,0.0,168834000.0,68758000.0,0.027,0.338,339583000.0,508417000.0,1.126,508417000.0,339583000.0,226361000.0,0.73,0.72,0.73,5990772000.0,,5990772000.0,26667050952.0,26.0,15.531,223408000.0,0.741,1.0,293460000.0,0.65,0.0,113222000.0,25932075000.0,,0.0,17906000.0,,,10040476000.0,,,17317371952.0,1038000.0,-3000.0,-187862000.0,-112627000.0,-118617000.0,-288259000.0,12180000.0,-603000.0,277117000.0,0.0,226139000.0,218603000.0,218603000.0,-144142000.0,10496000.0,0.484,149507000.0,143953000.0,213650000.0,0.463,2.891,30.965,30.93,16270768000.0,7536000.0,57.53,11.96,11.973,0.0,770697000.0,451699000.0,451699000.0,0.0,,,,,0.0,10083000.0,1.0,301014635.0,301336000,318773000.0,1.499,16668545000.0,0.0,222000.0,0.0,55.315,
36,EQR,MRQ,2012-06-30,2012-06-30,2012-06-30,2021-08-02,-198075000.0,16714412000.0,,,,,19.605,-291819000.0,44585000.0,44585000.0,159782000.0,108315000.0,,1.726,9394264000.0,,,9394264000.0,0.0,172998000.0,68265000.0,0.025,0.338,218104000.0,391102000.0,0.872,391102000.0,218104000.0,103477000.0,0.33,0.33,0.33,5885258000.0,,5885258000.0,27939857375.0,31.0,17.521,58685000.0,0.195,1.0,288569000.0,0.644,0.0,114627000.0,26064091000.0,,0.0,17886000.0,,,10157984000.0,,,18746919375.0,-175043000.0,-3024000.0,12656000.0,-119568000.0,-101405000.0,-214607000.0,-310940000.0,2115000.0,350504000.0,0.0,103264000.0,99797000.0,99797000.0,-107841000.0,4732000.0,0.223,159514000.0,129055000.0,182110000.0,1.024,3.185,42.125,42.135,16245611000.0,3467000.0,62.36,12.581,12.563,0.0,654235000.0,448351000.0,448351000.0,0.0,,,,,0.0,13391000.0,1.0,300624108.0,300193000,300193000.0,1.494,16714412000.0,0.0,213000.0,0.0,55.679,
37,EQR,MRQ,2012-03-31,2012-03-31,2012-03-31,2021-08-02,-189973000.0,16481247000.0,,,,,19.484,-47170000.0,219628000.0,219628000.0,168731000.0,152167000.0,,1.718,9412566000.0,,,9412566000.0,0.0,175108000.0,65468000.0,0.025,0.338,263480000.0,438588000.0,0.982,438588000.0,263480000.0,145469000.0,0.47,0.47,0.47,5822008000.0,,5822008000.0,28138210818.0,21.0,13.785,187075000.0,0.626,1.0,277717000.0,0.622,0.0,118011000.0,25674185000.0,,0.0,14803000.0,,,10005069000.0,,,18801070818.0,-164293000.0,-2396000.0,175206000.0,-305628000.0,-168350000.0,-316673000.0,-81865000.0,83000.0,234245000.0,0.0,145299000.0,141833000.0,141833000.0,-165593000.0,6418000.0,0.318,163083000.0,114634000.0,186098000.0,0.719,3.229,20.944,20.667,15878097000.0,3466000.0,62.62,12.352,12.293,0.0,656001000.0,446448000.0,446448000.0,0.0,,,,,0.0,13688000.0,1.0,300240671.0,298805000,298805000.0,1.494,16481247000.0,0.0,170000.0,0.0,55.157,
38,EQR,MRQ,2011-12-31,2011-12-31,2011-12-31,2021-08-02,-196718000.0,16659303000.0,,,,,19.152,-776503000.0,383921000.0,383921000.0,39670000.0,107401000.0,,1.831,9721061000.0,,,9721061000.0,0.0,167233000.0,65286000.0,0.028,0.568,211734000.0,378967000.0,3.737,378967000.0,211734000.0,102519000.0,0.33,0.36,0.33,5669015000.0,,5669015000.0,25647915427.0,19.0,12.709,-590087000.0,-1.994,1.0,61732000.0,0.609,0.0,109215000.0,25996443000.0,,0.0,12327000.0,,,10380042000.0,,,16916730427.0,337935000.0,-1156000.0,20629000.0,888012000.0,-100095000.0,716949000.0,-565430000.0,2142000.0,186416000.0,0.0,102482000.0,99016000.0,99016000.0,-214063000.0,4505000.0,0.976,51637000.0,10095000.0,214285000.0,1.721,2.984,19.23,19.138,15868363000.0,3466000.0,57.03,11.091,11.025,0.0,615572000.0,101402000.0,101402000.0,0.0,,,,,0.0,11142000.0,1.0,296628624.0,296002000,294856000.0,0.343,16659303000.0,0.0,37000.0,0.0,56.281,
39,EQR,MRQ,2011-09-30,2011-09-30,2011-09-30,2021-08-02,-185032000.0,15756817000.0,,,,,19.388,-23016000.0,45986000.0,45986000.0,177996000.0,112977000.0,,1.66,8777171000.0,,,8777171000.0,0.0,165453000.0,62073000.0,0.028,0.338,220580000.0,386033000.0,0.782,386033000.0,220580000.0,108131000.0,0.35,0.35,0.35,5735699000.0,,5735699000.0,24222697666.0,17.0,11.454,198558000.0,0.671,1.0,315876000.0,0.64,0.0,112449000.0,24488002000.0,,0.0,11020000.0,,,9523248000.0,,,15378839666.0,-558778000.0,-453000.0,11896000.0,-669531000.0,-99933000.0,-744508000.0,-35844000.0,-4006000.0,221574000.0,0.0,107848000.0,104382000.0,104382000.0,-82760000.0,4742000.0,0.211,169812000.0,146064000.0,204518000.0,0.966,2.681,15.911,15.718,15133288000.0,3466000.0,51.87,8.561,8.542,0.0,684902000.0,493872000.0,493872000.0,0.0,,,,,0.0,10121000.0,1.0,296488137.0,295831000,312844000.0,1.669,15756817000.0,0.0,283000.0,0.0,53.263,
40,EQR,MRQ,2011-06-30,2011-06-30,2011-06-30,2021-08-02,-80553000.0,16398122000.0,,,,,19.516,514264000.0,604764000.0,604764000.0,174141000.0,581753000.0,,1.754,9448622000.0,,,9448622000.0,0.0,161567000.0,60779000.0,0.025,0.338,676123000.0,837690000.0,1.744,837690000.0,676123000.0,556126000.0,1.88,1.85,1.88,5750496000.0,,5750496000.0,27049429020.0,20.0,13.176,719213000.0,2.441,1.0,306226000.0,0.637,0.0,119997000.0,25241980000.0,,0.0,3623000.0,,,10084172000.0,,,17678989020.0,298692000.0,-46000.0,51574000.0,-301364000.0,-99340000.0,-348329000.0,442072000.0,-6383000.0,204949000.0,0.0,555924000.0,552457000.0,552457000.0,-566627000.0,25758000.0,1.15,165360000.0,140866000.0,175684000.0,0.18,3.074,19.923,19.737,15229782000.0,3467000.0,60.0,10.065,10.066,0.0,680619000.0,480367000.0,480367000.0,0.0,,,,,0.0,10908000.0,1.0,294649817.0,294663000,312199000.0,1.63,16398122000.0,0.0,202000.0,0.0,55.65,
41,EQR,MRQ,2011-03-31,2011-03-31,2011-03-31,2021-08-02,-50634000.0,16075329000.0,,,,,18.023,71936000.0,306072000.0,306072000.0,179567000.0,133066000.0,,1.943,9676512000.0,,,9676512000.0,0.0,169363000.0,60784000.0,0.026,0.338,248043000.0,417406000.0,0.895,417406000.0,248043000.0,127515000.0,0.42,0.42,0.42,5278838000.0,,5278838000.0,26100137846.0,32.0,17.243,259464000.0,0.886,1.0,286789000.0,0.615,0.0,120528000.0,25445769000.0,,0.0,3533000.0,,,10256546000.0,,,16583469846.0,-125336000.0,-366000.0,189969000.0,-297345000.0,-132655000.0,-274858000.0,-38006000.0,-504000.0,187528000.0,0.0,127331000.0,123865000.0,123865000.0,-141979000.0,5775000.0,0.266,169888000.0,116901000.0,186405000.0,0.805,3.142,48.597,47.805,15271843000.0,3466000.0,56.41,9.622,9.587,0.0,228092000.0,466356000.0,466356000.0,0.0,,,,,0.0,11433000.0,1.0,293981029.0,292895000,292895000.0,1.592,16075329000.0,0.0,184000.0,0.0,54.884,
42,EQR,MRQ,2010-12-31,2010-12-31,2010-12-31,2021-08-02,-57818000.0,16184194000.0,,,,,17.801,382664000.0,431408000.0,431408000.0,130778000.0,198212000.0,,2.081,9948076000.0,,,9948076000.0,0.0,171708000.0,60812000.0,0.028,0.458,301860000.0,473568000.0,1.331,473568000.0,301860000.0,189391000.0,0.65,0.65,0.65,5090186000.0,,5090186000.0,24909891715.0,33.0,17.566,548020000.0,1.916,1.0,224958000.0,0.632,0.0,112469000.0,25700862000.0,,0.0,3167000.0,,,10592078000.0,,,14777024715.0,387748000.0,0.0,270620000.0,-244905000.0,-95784000.0,-50679000.0,273071000.0,-7048000.0,165356000.0,0.0,189383000.0,185870000.0,185870000.0,-268653000.0,8932000.0,0.522,177879000.0,47079000.0,180357000.0,0.705,2.903,54.884,54.684,15365014000.0,3513000.0,51.95,8.824,8.775,0.0,203581000.0,355736000.0,355736000.0,0.0,,,,,0.0,8852000.0,1.0,284447059.0,285951000,285951000.0,1.244,16184194000.0,0.0,8000.0,0.0,56.598,
43,EQR,MRQ,2010-09-30,2010-09-30,2010-09-30,2021-08-02,-116464000.0,16086829000.0,,,,,16.796,-465472000.0,43660000.0,43660000.0,179478000.0,29826000.0,,2.288,10176527000.0,,,10176527000.0,0.0,174019000.0,62549000.0,0.028,0.338,150190000.0,324209000.0,0.714,324209000.0,150190000.0,29074000.0,0.09,0.09,0.09,4748623000.0,,4748623000.0,23095394852.0,37.0,18.15,-261538000.0,-0.925,1.0,274482000.0,0.605,0.0,121116000.0,26219696000.0,,0.0,0.0,,,10865433000.0,,,13483975852.0,-4322000.0,25621000.0,14829000.0,345196000.0,-95642000.0,217632000.0,-425888000.0,-3421000.0,203934000.0,0.0,28783000.0,25166000.0,25166000.0,-30121000.0,1231000.0,0.055,168539000.0,105943000.0,213774000.0,3.756,2.84,107.834,108.114,15730869000.0,3617000.0,47.57,8.617,8.595,0.0,150344000.0,453960000.0,453960000.0,0.0,,,,,0.0,10221000.0,1.0,283455452.0,282717000,282717000.0,1.606,16086829000.0,0.0,291000.0,0.0,56.901,
44,EQR,MRQ,2010-06-30,2010-06-30,2010-06-30,2021-08-02,-79666000.0,15625272000.0,,,,,17.282,-255610000.0,47982000.0,47982000.0,172659000.0,10089000.0,,2.115,9659401000.0,,,9659401000.0,0.0,174942000.0,62568000.0,0.032,0.338,123537000.0,298479000.0,0.667,298479000.0,123537000.0,9814000.0,0.02,0.02,0.02,4877178000.0,,4877178000.0,21216246925.0,29.0,15.652,-50983000.0,-0.181,1.0,274720000.0,0.614,0.0,113723000.0,25236691000.0,,0.0,2889000.0,,,10315672000.0,,,11781699925.0,-12204000.0,0.0,25662000.0,23442000.0,-95226000.0,-5024000.0,-211807000.0,27528000.0,204627000.0,0.0,9961000.0,6343000.0,6343000.0,-20034000.0,313000.0,0.014,172786000.0,101934000.0,184311000.0,16.9,2.416,50.731,50.169,15267159000.0,3618000.0,41.64,7.405,7.386,0.0,220965000.0,447379000.0,447379000.0,0.0,,,,,0.0,10089000.0,1.0,282941881.0,282217000,282217000.0,1.585,15625272000.0,0.0,-147000.0,0.0,55.366,
45,EQR,MRQ,2010-03-31,2010-03-31,2010-03-31,2021-08-02,-8255000.0,15518413000.0,,,,,17.894,-450592000.0,60186000.0,60186000.0,196270000.0,57856000.0,,2.006,9494733000.0,,,9494733000.0,0.0,152734000.0,62637000.0,0.038,0.338,169753000.0,322487000.0,0.694,322487000.0,169753000.0,55642000.0,0.18,0.18,0.18,5021928000.0,,5021928000.0,20235074974.0,25.0,14.205,-298472000.0,-1.064,1.0,268729000.0,0.578,0.0,114111000.0,24952960000.0,,0.0,5645000.0,,,10075387000.0,,,11035792974.0,-133102000.0,1303000.0,93162000.0,-6804000.0,-93317000.0,-10388000.0,-274834000.0,-3383000.0,152120000.0,0.0,55483000.0,51863000.0,51863000.0,-67263000.0,2623000.0,0.112,156763000.0,111966000.0,197152000.0,1.878,2.198,34.221,33.75,15059938000.0,3620000.0,39.15,6.795,6.766,0.0,310276000.0,464999000.0,464999000.0,0.0,,,,,0.0,10721000.0,1.0,281884878.0,280645000,280645000.0,1.657,15518413000.0,0.0,159000.0,0.0,55.296,
46,EQR,MRQ,2009-12-31,2009-12-31,2009-12-31,2021-08-02,4681000.0,15417515000.0,,,,,18.318,-64181000.0,193288000.0,193288000.0,53288000.0,47311000.0,,1.978,9392570000.0,,,9392570000.0,0.0,148888000.0,59264000.0,0.049,0.338,178421000.0,327309000.0,1.649,327309000.0,178421000.0,45164000.0,0.15,0.15,0.15,5047339000.0,,5047339000.0,18525681759.0,22.0,12.701,74363000.0,0.27,1.0,145143000.0,0.731,0.0,133257000.0,24616797000.0,,0.0,6995000.0,,,9984722000.0,,,9328149759.0,-444300000.0,1125000.0,88494000.0,-431856000.0,-92818000.0,-458169000.0,-124675000.0,-22563000.0,138544000.0,0.0,45292000.0,41672000.0,41672000.0,-138219000.0,2186000.0,0.21,98484000.0,46659000.0,158803000.0,2.253,1.848,26.821,26.598,14587580000.0,3620000.0,33.78,5.687,5.635,0.0,353659000.0,198431000.0,198431000.0,0.0,,,,,0.0,8509000.0,1.0,276144161.0,275538000,273609000.0,0.72,15417515000.0,0.0,-128000.0,0.0,55.954,
47,EQR,MRQ,2009-09-30,2009-09-30,2009-09-30,2021-08-02,-21636000.0,15791396000.0,,,,,18.124,250349000.0,637588000.0,637588000.0,195609000.0,143365000.0,,2.11,9835120000.0,,,9835120000.0,0.0,149652000.0,60517000.0,0.058,0.338,257606000.0,407258000.0,0.848,407258000.0,257606000.0,136440000.0,0.48,0.48,0.48,4959651000.0,,4959651000.0,17717538744.0,23.0,12.927,417007000.0,1.524,1.0,284632000.0,0.593,0.0,121166000.0,24988928000.0,,0.0,4616000.0,,,10464788000.0,,,8411053744.0,-29907000.0,2811000.0,8030000.0,-141687000.0,-132150000.0,-262587000.0,66022000.0,31801000.0,166658000.0,0.0,135981000.0,132362000.0,132362000.0,-134336000.0,7699000.0,0.276,154046000.0,130586000.0,231960000.0,0.704,1.696,31.635,31.979,14593102000.0,3619000.0,30.7,4.578,4.572,0.0,405250000.0,480241000.0,480241000.0,0.0,,,,,0.0,9881000.0,1.0,273975692.0,273658000,290215000.0,1.755,15791396000.0,0.0,459000.0,0.0,57.705,
48,EQR,MRQ,2009-06-30,2009-06-30,2009-06-30,2021-08-02,-22222000.0,15923062000.0,,,,,18.061,55858000.0,667495000.0,667495000.0,186786000.0,105932000.0,,2.162,9973980000.0,,,9973980000.0,0.0,151347000.0,62035000.0,0.087,0.482,216134000.0,367481000.0,0.765,367481000.0,216134000.0,100464000.0,0.35,0.35,0.35,4928979000.0,,4928979000.0,15741590453.0,20.0,11.112,279017000.0,1.022,1.0,293547000.0,0.611,0.0,115670000.0,25229547000.0,,0.0,3666000.0,,,10658360000.0,,,6087551453.0,238899000.0,2475000.0,1196000.0,-98209000.0,-132069000.0,-218541000.0,234281000.0,160295000.0,223159000.0,0.0,100205000.0,96585000.0,96585000.0,-93593000.0,5729000.0,0.201,164621000.0,128926000.0,256102000.0,1.377,1.235,19.91,19.848,14867662000.0,3620000.0,22.23,3.259,3.247,0.0,365705000.0,480333000.0,480333000.0,0.0,,,,,0.0,10201000.0,1.0,273843970.0,272901000,289338000.0,1.76,15923062000.0,0.0,259000.0,0.0,58.347,
49,EQR,MRQ,2009-03-31,2009-03-31,2009-03-31,2021-08-02,-29289000.0,16035656000.0,,,,,18.298,12910000.0,428596000.0,428596000.0,196485000.0,85421000.0,,2.154,10082635000.0,,,10082635000.0,0.0,150488000.0,63484000.0,0.105,0.482,206425000.0,356913000.0,0.739,356913000.0,206425000.0,82923000.0,0.28,0.28,0.28,4983043000.0,,4983043000.0,14616230231.0,17.0,10.101,155361000.0,0.571,1.0,286593000.0,0.593,0.0,123502000.0,25689695000.0,,0.0,8196000.0,,,10735145000.0,,,5005778231.0,-462198000.0,110000.0,1768000.0,-396350000.0,-131567000.0,-534250000.0,-70399000.0,-40645000.0,142451000.0,0.0,80795000.0,77175000.0,77175000.0,-73331000.0,4691000.0,0.16,152203000.0,134390000.0,270217000.0,1.721,1.005,14.907,14.798,15024927000.0,3620000.0,18.35,2.633,2.628,0.0,401262000.0,483078000.0,483078000.0,0.0,,,,,0.0,10394000.0,1.0,272794454.0,272324000,288853000.0,1.774,16035656000.0,0.0,2128000.0,0.0,58.884,
50,EQR,MRQ,2008-12-31,2008-12-31,2008-12-31,2021-08-02,-35799000.0,16535110000.0,,,,,18.081,-161538000.0,890794000.0,890794000.0,155542000.0,-38233000.0,,2.284,10483942000.0,,,10483942000.0,0.0,154972000.0,64355000.0,0.065,0.482,83908000.0,238880000.0,0.607,238880000.0,83908000.0,-37284000.0,-0.15,-0.13,-0.15,4905356000.0,,4905356000.0,17683077401.0,20.0,11.803,23205000.0,0.086,1.0,238235000.0,0.605,0.0,121192000.0,26128258000.0,,0.0,5795000.0,,,11202011000.0,,,8111722401.0,360744000.0,0.0,7334000.0,385415000.0,-131123000.0,259440000.0,-83439000.0,-156232000.0,184743000.0,0.0,-36626000.0,-40246000.0,-40246000.0,-72608000.0,-2496000.0,-0.102,245950000.0,-7715000.0,250306000.0,-3.213,1.654,20.634,20.425,15128939000.0,3620000.0,29.82,4.299,4.267,0.0,456152000.0,393777000.0,393777000.0,0.0,,,,,0.0,10911000.0,1.0,272022884.0,271302000,270012000.0,1.451,16535110000.0,0.0,-658000.0,0.0,60.947,
51,EQR,MRQ,2008-09-30,2008-09-30,2008-09-30,2021-08-02,-26677000.0,16367324000.0,,,,,19.072,149383000.0,530050000.0,530050000.0,205617000.0,187125000.0,,2.109,10101405000.0,,,10101405000.0,0.0,153762000.0,64066000.0,0.043,0.482,299536000.0,453298000.0,0.887,453298000.0,299536000.0,177191000.0,0.64,0.63,0.64,5156103000.0,,5156103000.0,21627990243.0,20.0,13.077,330766000.0,1.223,1.0,305389000.0,0.598,0.0,122345000.0,25938679000.0,,0.0,3131000.0,,,10873959000.0,,,12031874243.0,256450000.0,405000.0,10598000.0,241506000.0,-130646000.0,122405000.0,-47338000.0,-2206000.0,181383000.0,0.0,175874000.0,172246000.0,172246000.0,-161031000.0,11141000.0,0.337,155231000.0,150158000.0,315287000.0,0.753,2.334,22.135,21.77,15211455000.0,3628000.0,44.41,6.319,6.306,0.0,647871000.0,511006000.0,511006000.0,0.0,,,,,0.0,9849000.0,1.0,270927139.0,270345000,290795000.0,1.89,16367324000.0,0.0,1317000.0,0.0,60.542,
52,EQR,MRQ,2008-06-30,2008-06-30,2008-06-30,2021-08-02,-20245000.0,16083223000.0,,,,,18.885,-302383000.0,273600000.0,273600000.0,201350000.0,139993000.0,,2.091,9869716000.0,,,9869716000.0,0.0,146594000.0,64225000.0,0.05,0.482,251390000.0,397984000.0,0.775,397984000.0,251390000.0,131879000.0,0.47,0.46,0.47,5091573000.0,,5091573000.0,19712904069.0,15.0,10.153,-79733000.0,-0.296,1.0,311933000.0,0.608,0.0,119511000.0,25679339000.0,,0.0,3308000.0,,,10644870000.0,,,10352121069.0,-229049000.0,0.0,5507000.0,-13506000.0,-130313000.0,-143410000.0,-308289000.0,255000.0,222650000.0,0.0,130251000.0,126625000.0,126625000.0,-100845000.0,8348000.0,0.247,151586000.0,160347000.0,290138000.0,1.026,2.033,12.647,12.589,15363572000.0,3626000.0,38.27,5.465,5.447,0.0,604373000.0,513283000.0,513283000.0,0.0,,,,,0.0,11774000.0,1.0,270502249.0,269608000,290445000.0,1.904,16083223000.0,0.0,1628000.0,0.0,59.654,
53,EQR,MRQ,2008-03-31,2008-03-31,2008-03-31,2021-08-02,-24913000.0,16010945000.0,,,,,18.874,60023000.0,502649000.0,502649000.0,207340000.0,147528000.0,,2.087,9863432000.0,,,9863432000.0,0.0,147580000.0,63186000.0,0.046,0.482,260636000.0,408216000.0,0.812,408216000.0,260636000.0,141118000.0,0.5,0.5,0.5,5072948000.0,,5072948000.0,20645460810.0,14.0,9.808,226499000.0,0.843,1.0,295301000.0,0.587,0.0,119518000.0,25371728000.0,,0.0,3429000.0,,,10589251000.0,,,11187558810.0,451818000.0,2629000.0,-5183000.0,349570000.0,-130113000.0,190304000.0,95038000.0,241000.0,166476000.0,0.0,138123000.0,134490000.0,134490000.0,-129594000.0,9133000.0,0.268,153612000.0,141689000.0,295702000.0,0.964,2.205,11.57,11.72,15089551000.0,3633000.0,41.49,5.975,5.956,0.0,606045000.0,502641000.0,502641000.0,0.0,,,,,0.0,12417000.0,1.0,269644705.0,268784000,289317000.0,1.87,16010945000.0,0.0,2995000.0,0.0,59.568,
54,EQR,MRQ,2007-12-31,2007-12-31,2007-12-31,2021-08-02,-15882000.0,15689777000.0,,,,,18.814,-152010000.0,50831000.0,50831000.0,145195000.0,181011000.0,,2.028,9508733000.0,,,9508733000.0,0.0,150379000.0,62159000.0,0.051,0.482,243996000.0,394375000.0,1.046,394375000.0,243996000.0,114893000.0,0.43,0.47,0.43,5062518000.0,,5062518000.0,19350391701.0,13.0,9.266,52386000.0,0.195,1.0,231873000.0,0.615,0.0,129103000.0,25147679000.0,,0.0,3547000.0,,,10269213000.0,,,9885592701.0,-11903000.0,109000.0,-65496000.0,-51325000.0,-125374000.0,-250155000.0,33856000.0,5250000.0,204396000.0,0.0,113843000.0,110198000.0,110198000.0,-197277000.0,64527000.0,0.292,123396000.0,108477000.0,250629000.0,1.121,1.953,10.392,10.726,15163225000.0,3645000.0,36.47,5.42,5.586,0.0,599504000.0,377068000.0,377068000.0,0.0,,,,,0.0,13585000.0,1.0,271060946.0,269083000,279406000.0,1.401,15689777000.0,0.0,1050000.0,0.0,58.308,
55,EQR,MRQ,2007-09-30,2007-09-30,2007-09-30,2021-08-02,-8660000.0,15789585000.0,,,,,18.887,337817000.0,62734000.0,62734000.0,203625000.0,457707000.0,,2.002,9527533000.0,,,9527533000.0,0.0,154294000.0,62196000.0,0.044,0.463,586691000.0,740985000.0,1.479,740985000.0,586691000.0,458477000.0,1.64,1.62,1.64,5138940000.0,,5138940000.0,21004687538.0,12.0,8.675,570860000.0,2.098,1.0,297477000.0,0.594,0.0,128214000.0,25254384000.0,,0.0,3535000.0,,,10285969000.0,,,11739419538.0,-3532000.0,9000.0,-297196000.0,146447000.0,-129858000.0,-458201000.0,221626000.0,-4314000.0,233043000.0,0.0,457707000.0,447246000.0,447246000.0,-440952000.0,0.0,0.893,156979000.0,140498000.0,291622000.0,0.282,2.284,9.04,9.209,15038157000.0,10461000.0,42.36,6.399,6.282,0.0,609991000.0,501102000.0,501102000.0,0.0,,,,,0.0,12366000.0,1.0,277134550.0,272086000,294331000.0,1.842,15789585000.0,0.0,770000.0,0.0,58.032,
56,EQR,MRQ,2007-06-30,2007-06-30,2007-06-30,2021-08-02,-6867000.0,15668664000.0,,,,,18.4,-95254000.0,66266000.0,66266000.0,198552000.0,282401000.0,,1.926,9331534000.0,,,9331534000.0,0.0,157067000.0,62812000.0,0.04,0.463,404291000.0,561358000.0,1.142,561358000.0,404291000.0,282502000.0,0.97,0.95,0.97,5233324000.0,,5233324000.0,21568948610.0,15.0,10.772,93439000.0,0.329,1.0,293008000.0,0.596,0.0,121789000.0,24933932000.0,,0.0,4225000.0,,,10078708000.0,,,13266785610.0,-105476000.0,-187000.0,-690697000.0,823020000.0,-135220000.0,-160962000.0,-133207000.0,2212000.0,188693000.0,0.0,282401000.0,274985000.0,274985000.0,-265027000.0,0.0,0.559,155061000.0,137947000.0,256252000.0,0.477,2.535,14.615,14.486,15018857000.0,7416000.0,45.63,7.375,7.215,0.0,288109000.0,491560000.0,491560000.0,0.0,,,,,0.0,11447000.0,1.0,290747000.0,284424000,307631000.0,1.728,15668664000.0,0.0,101000.0,0.0,55.089,
57,EQR,MRQ,2007-03-31,2007-03-31,2007-03-31,2021-08-02,-13568000.0,15321894000.0,,,,,19.488,-543350000.0,171742000.0,171742000.0,204043000.0,126237000.0,,1.623,8473905000.0,,,8473905000.0,0.0,154674000.0,60474000.0,0.038,0.463,237490000.0,392164000.0,0.824,392164000.0,237490000.0,126834000.0,0.41,0.4,0.41,5695431000.0,,5695431000.0,21977759442.0,18.0,11.849,-376250000.0,-1.287,1.0,271806000.0,0.571,0.0,110656000.0,23624057000.0,,0.0,4196000.0,,,9241145000.0,,,14180380442.0,-88535000.0,0.0,-132366000.0,379402000.0,-135829000.0,67389000.0,-323024000.0,2102000.0,167100000.0,0.0,126237000.0,118813000.0,118813000.0,-117483000.0,0.0,0.25,148537000.0,123269000.0,268896000.0,1.129,2.49,18.114,17.863,14753747000.0,7424000.0,48.23,7.99,7.942,0.0,143024000.0,475849000.0,475849000.0,0.0,,,,,0.0,9369000.0,1.0,294015767.0,292251000,316265000.0,1.628,15321894000.0,0.0,597000.0,0.0,52.427,
58,EQR,MRQ,2006-12-31,2006-12-31,2006-12-31,2021-08-02,-14010000.0,15062219000.0,,,,,20.173,749964000.0,260277000.0,260277000.0,150288000.0,465061000.0,,1.49,8057656000.0,,,8057656000.0,0.0,151910000.0,58072000.0,0.035,0.463,574777000.0,726687000.0,1.985,726687000.0,574777000.0,469407000.0,1.58,1.61,1.58,5884222000.0,,5884222000.0,23077868707.0,15.0,11.056,920141000.0,3.155,1.0,215797000.0,0.589,0.0,105370000.0,22859598000.0,,0.0,4448000.0,,,8766538000.0,,,14825736707.0,183953000.0,-20000.0,20654000.0,-302828000.0,-129154000.0,-436444000.0,450220000.0,6883000.0,170177000.0,0.0,465061000.0,457606000.0,457606000.0,-492064000.0,0.0,1.25,149279000.0,66518000.0,248081000.0,0.293,2.52,14.369,14.256,14212695000.0,7455000.0,50.75,8.708,8.645,0.0,159528000.0,366085000.0,366085000.0,0.0,,,,,0.0,8319000.0,1.0,292132743.0,291687000,290019000.0,1.255,15062219000.0,0.0,4346000.0,0.0,51.638,
59,EQR,MRQ,2006-09-30,2006-09-30,2006-09-30,2021-08-02,-14626000.0,14970066000.0,,,,,19.048,-581399000.0,76324000.0,76324000.0,194301000.0,69811000.0,,1.638,8328456000.0,,,8328456000.0,0.0,143255000.0,63901000.0,0.035,0.443,178779000.0,322034000.0,0.692,322034000.0,178779000.0,69811000.0,0.19,0.19,0.19,5524585000.0,,5524585000.0,22333526780.0,18.0,12.295,-359841000.0,-1.241,1.0,271049000.0,0.582,30000000.0,108968000.0,23192198000.0,,0.0,4528000.0,,,9048895000.0,,,14716545780.0,4152000.0,-62000.0,26418000.0,604699000.0,-128310000.0,363773000.0,-581179000.0,-3579000.0,221558000.0,0.0,69811000.0,56356000.0,56356000.0,-46971000.0,0.0,0.121,143902000.0,127147000.0,290849000.0,2.332,2.664,18.644,18.527,14582964000.0,13455000.0,50.58,8.942,8.914,1452000.0,-162408000.0,465350000.0,465350000.0,0.0,,,,,0.0,13522000.0,1.0,290955828.0,290036000,315886000.0,1.604,14940066000.0,0.0,0.0,0.0,51.511,
60,EQR,MRQ,2006-06-30,2006-06-30,2006-06-30,2021-08-02,-10927000.0,14457873000.0,,,,,19.602,-420443000.0,72172000.0,72172000.0,189032000.0,160157000.0,,1.478,7689153000.0,,,7689153000.0,0.0,150701000.0,60111000.0,0.039,0.443,263277000.0,413978000.0,0.885,413978000.0,263277000.0,160157000.0,0.52,0.51,0.52,5673868000.0,,5673868000.0,20380368229.0,14.0,10.261,-217789000.0,-0.752,1.0,278501000.0,0.596,30000000.0,103120000.0,22044854000.0,,0.0,4733000.0,,,8385077000.0,,,13027354229.0,-14605000.0,-10000.0,-33309000.0,343967000.0,-128680000.0,143523000.0,-360782000.0,3403000.0,202654000.0,0.0,160157000.0,150084000.0,150084000.0,-131346000.0,0.0,0.321,142348000.0,136153000.0,259081000.0,0.852,2.296,13.249,13.117,14081126000.0,10073000.0,44.73,8.085,8.036,879000.0,-89783000.0,467533000.0,467533000.0,0.0,,,,,0.0,9338000.0,1.0,291244226.0,289460000,314698000.0,1.615,14427873000.0,0.0,0.0,0.0,49.844,
61,EQR,MRQ,2006-03-31,2006-03-31,2006-03-31,2021-08-02,-12360000.0,14180907000.0,,,,,19.576,274116000.0,86777000.0,86777000.0,191774000.0,377815000.0,,1.436,7439791000.0,,,7439791000.0,0.0,146771000.0,56716000.0,0.037,0.443,482370000.0,629141000.0,1.36,629141000.0,482370000.0,377815000.0,1.27,1.25,1.27,5655107000.0,,5655107000.0,21091237675.0,15.0,10.912,435193000.0,1.506,1.0,270684000.0,0.585,30000000.0,104555000.0,21503921000.0,,0.0,4891000.0,,,8122956000.0,,,13588992675.0,-2051000.0,850000.0,-19295000.0,-205154000.0,-127911000.0,-395397000.0,232269000.0,3391000.0,161077000.0,0.0,377815000.0,367720000.0,367720000.0,-360260000.0,0.0,0.795,142282000.0,128402000.0,250224000.0,0.349,2.403,14.133,14.009,13748867000.0,10095000.0,46.79,8.717,8.671,1364000.0,-111305000.0,462458000.0,462458000.0,0.0,,,,,0.0,13040000.0,1.0,290425148.0,288880000,314049000.0,1.601,14150907000.0,0.0,0.0,0.0,48.985,
62,EQR,MRQ,2005-12-31,2005-12-31,2005-12-31,2021-08-02,-14472000.0,14108751000.0,,,,,18.796,-968789000.0,88828000.0,88828000.0,107997000.0,225886000.0,,1.537,7591073000.0,,,7591073000.0,0.0,137807000.0,54823000.0,0.044,0.443,313497000.0,451304000.0,1.802,451304000.0,313497000.0,225886000.0,0.75,0.74,0.75,5395340000.0,,5395340000.0,17733631688.0,15.0,10.166,-847212000.0,-2.951,1.0,142471000.0,0.569,30000000.0,87611000.0,21580996000.0,,0.0,6838000.0,,,8291228000.0,,,11273044688.0,-218105000.0,5896000.0,21164000.0,701793000.0,-124631000.0,452000000.0,-791682000.0,1247000.0,121577000.0,0.0,225886000.0,215205000.0,215205000.0,-238091000.0,0.0,0.859,89504000.0,52967000.0,261355000.0,0.591,2.089,13.955,13.823,13702230000.0,10681000.0,39.12,7.538,7.475,789000.0,-350367000.0,250468000.0,250468000.0,0.0,,,,,0.0,24438000.0,1.0,288165764.0,287047000,312507000.0,0.873,14078751000.0,0.0,0.0,0.0,49.047,
63,EQR,MRQ,2005-09-30,2005-09-30,2005-09-30,2021-08-02,-17563000.0,13311829000.0,,,,,18.379,281287000.0,306933000.0,306933000.0,193687000.0,267524000.0,,1.453,6767520000.0,,,6767520000.0,0.0,131883000.0,49977000.0,0.046,0.432,359859000.0,491742000.0,1.142,491742000.0,359859000.0,267524000.0,0.87,0.87,0.87,5259820000.0,,5259820000.0,17418320004.0,16.0,10.603,501243000.0,1.751,1.0,237071000.0,0.55,30000000.0,92335000.0,19742416000.0,,0.0,11390000.0,,,7641072000.0,,,10868413004.0,204181000.0,-1536000.0,15043000.0,-62763000.0,-124180000.0,-214251000.0,198476000.0,-1802000.0,219956000.0,0.0,267524000.0,250247000.0,250247000.0,-252691000.0,0.0,0.581,125812000.0,111259000.0,268480000.0,0.497,2.066,14.885,14.785,12479286000.0,17277000.0,37.85,7.455,7.43,940000.0,-437639000.0,430758000.0,430758000.0,0.0,,,,,0.0,14442000.0,1.0,287144333.0,286182000,286182000.0,1.505,13281829000.0,0.0,0.0,0.0,46.41,
64,EQR,MRQ,2005-06-30,2005-06-30,2005-06-30,2021-08-02,-31876000.0,12908036000.0,,,,,18.273,-173028000.0,102752000.0,102752000.0,175301000.0,141344000.0,,1.399,6652659000.0,,,6652659000.0,0.0,130200000.0,49995000.0,0.047,0.432,230511000.0,360711000.0,0.869,360711000.0,230511000.0,141344000.0,0.45,0.44,0.45,5212882000.0,,5212882000.0,16869938639.0,18.0,11.663,7059000.0,0.025,1.0,239929000.0,0.578,30000000.0,89167000.0,19427943000.0,,0.0,10658000.0,,,7294236000.0,,,10553213639.0,11684000.0,-211000.0,12122000.0,191391000.0,-123955000.0,-37313000.0,-131090000.0,2079000.0,180087000.0,0.0,141344000.0,128326000.0,128326000.0,-116962000.0,0.0,0.309,121590000.0,118339000.0,248047000.0,0.96,2.024,19.047,18.882,12425395000.0,13018000.0,36.82,7.113,7.08,942000.0,-563253000.0,415230000.0,415230000.0,0.0,,,,,0.0,13758000.0,1.0,286616340.0,285283000,309979000.0,1.456,12878036000.0,0.0,0.0,0.0,45.141,
65,EQR,MRQ,2005-03-31,2005-03-31,2005-03-31,2021-08-02,-17620000.0,12697335000.0,,,,,18.283,180723000.0,91068000.0,91068000.0,190340000.0,227039000.0,,1.348,6407793000.0,,,6407793000.0,0.0,129068000.0,49225000.0,0.054,0.432,316561000.0,445629000.0,1.004,445629000.0,316561000.0,227039000.0,0.75,0.74,0.75,5201595000.0,,5201595000.0,15590164438.0,17.0,11.014,357634000.0,1.257,1.0,253624000.0,0.571,30000000.0,89522000.0,18984060000.0,,0.0,10743000.0,,,7009835000.0,,,9213863438.0,7563000.0,-953000.0,14814000.0,-96540000.0,-123238000.0,-301443000.0,132095000.0,-841000.0,176911000.0,0.0,227039000.0,214014000.0,214014000.0,-139778000.0,0.0,0.482,133301000.0,120323000.0,237447000.0,0.576,1.771,17.245,17.042,12190135000.0,13025000.0,32.21,6.028,5.995,348000.0,-567401000.0,443964000.0,443964000.0,0.0,,,,,0.0,18070000.0,1.0,286055990.0,284511000,308576000.0,1.56,12667335000.0,0.0,0.0,0.0,44.523,
66,EQR,MRQ,2004-12-31,2004-12-31,2004-12-31,2021-08-02,-21370000.0,12645275000.0,,,,,17.966,-53327000.0,83505000.0,83505000.0,66169000.0,150633000.0,,1.387,6459806000.0,,,6459806000.0,0.0,128701000.0,49501000.0,0.048,0.432,215969000.0,344670000.0,2.053,344670000.0,215969000.0,150633000.0,0.49,0.48,0.49,5072528000.0,,5072528000.0,16511402955.0,21.0,12.934,75543000.0,0.268,1.0,101700000.0,0.606,30000000.0,65336000.0,18991576000.0,,0.0,11461000.0,,,7037165000.0,,,10230476955.0,18512000.0,497000.0,35794000.0,85476000.0,-122296000.0,-70758000.0,-39600000.0,9144000.0,128870000.0,0.0,150633000.0,137558000.0,137558000.0,-361685000.0,0.0,0.819,60209000.0,41491000.0,229859000.0,0.882,2.017,24.441,24.12,12252794000.0,13075000.0,36.18,6.848,6.775,1681000.0,-657462000.0,167869000.0,167869000.0,0.0,,,,,0.0,12350000.0,1.0,282766085.0,282348000,307267000.0,0.595,12615275000.0,0.0,0.0,0.0,44.68,
67,EQR,MRQ,2004-09-30,2004-09-30,2004-09-30,2021-08-02,-23634000.0,12533458000.0,,,,,17.896,-142654000.0,64993000.0,64993000.0,210957000.0,87509000.0,,1.393,6345919000.0,,,6345919000.0,0.0,126121000.0,48741000.0,0.056,0.432,169371000.0,295492000.0,0.647,295492000.0,169371000.0,87509000.0,0.26,0.26,0.26,5014000000.0,,5014000000.0,14934722389.0,19.0,11.926,70537000.0,0.252,1.0,245607000.0,0.538,30000000.0,81862000.0,18784384000.0,,0.0,11629000.0,,,6983049000.0,,,8700950389.0,-78259000.0,2897000.0,19406000.0,-22325000.0,-121350000.0,-169597000.0,-121853000.0,-3045000.0,213191000.0,0.0,87509000.0,74163000.0,74163000.0,-5288000.0,0.0,0.162,128131000.0,117476000.0,261694000.0,1.662,1.735,23.404,23.308,12161992000.0,13346000.0,31.0,5.322,5.313,3209000.0,-671779000.0,456564000.0,456564000.0,0.0,,,,,0.0,11961000.0,1.0,280675819.0,280167000,304028000.0,1.63,12503458000.0,0.0,0.0,0.0,44.629,
68,EQR,MRQ,2004-06-30,2004-06-30,2004-06-30,2021-08-02,-13028000.0,12550795000.0,,,,,18.057,-86079000.0,143252000.0,143252000.0,195857000.0,122206000.0,,1.376,6377024000.0,,,6377024000.0,0.0,124576000.0,47620000.0,0.058,0.432,205099000.0,329675000.0,0.716,329675000.0,205099000.0,122206000.0,0.39,0.39,0.39,5036923000.0,,5036923000.0,14556500037.0,18.0,11.299,100922000.0,0.362,1.0,264335000.0,0.574,30000000.0,82893000.0,18754567000.0,,0.0,12409000.0,,,6929751000.0,,,8329929037.0,71725000.0,2442000.0,6235000.0,72175000.0,-121154000.0,-80556000.0,-34720000.0,3045000.0,187001000.0,0.0,122206000.0,108553000.0,108553000.0,-4322000.0,0.0,0.236,128752000.0,135583000.0,237746000.0,1.108,1.654,20.308,20.088,12082184000.0,13653000.0,29.73,5.151,5.129,2002000.0,-623647000.0,460192000.0,460192000.0,0.0,,,,,0.0,12876000.0,1.0,280185975.0,278949000,302201000.0,1.65,12520795000.0,0.0,0.0,0.0,44.886,
69,EQR,MRQ,2004-03-31,2004-03-31,2004-03-31,2021-08-02,-29406000.0,12457228000.0,,,,,18.098,62060000.0,71527000.0,71527000.0,185307000.0,111981000.0,,1.363,6298098000.0,,,6298098000.0,0.0,117185000.0,46937000.0,0.058,0.432,190868000.0,308053000.0,0.702,308053000.0,190868000.0,111981000.0,0.35,0.35,0.35,5022088000.0,,5022088000.0,13625444311.0,16.0,10.508,240059000.0,0.865,1.0,253646000.0,0.578,30000000.0,78887000.0,18653799000.0,,0.0,13503000.0,,,6847009000.0,,,8314534311.0,21948000.0,-423494000.0,24461000.0,339613000.0,-119740000.0,203055000.0,-359106000.0,0.0,177999000.0,0.0,111981000.0,98309000.0,98309000.0,-5134000.0,0.0,0.224,120252000.0,133394000.0,231435000.0,1.234,1.656,20.094,19.9,12017973000.0,13672000.0,29.85,5.206,5.187,2584000.0,-610865000.0,438953000.0,438953000.0,0.0,,,,,0.0,10142000.0,1.0,278543863.0,277498000,301781000.0,1.582,12427228000.0,0.0,0.0,0.0,44.783,
70,EQR,MRQ,2003-12-31,2003-12-31,2003-12-31,2021-08-02,-23401000.0,11466893000.0,,,,,18.272,38446000.0,49579000.0,49579000.0,122756000.0,129702000.0,,1.167,5360489000.0,,,5360489000.0,0.0,116671000.0,44670000.0,0.059,0.432,202374000.0,319045000.0,1.143,319045000.0,202374000.0,129702000.0,0.33,0.32,0.33,5015441000.0,,5015441000.0,13322936264.0,16.0,10.161,184899000.0,0.674,1.0,156379000.0,0.56,30000000.0,72672000.0,16747803000.0,,0.0,473977000.0,,,5850523000.0,,,8128856264.0,-323007000.0,16511000.0,18496000.0,-215202000.0,-119000000.0,-653155000.0,183695000.0,5236000.0,146453000.0,0.0,129702000.0,90743000.0,90743000.0,-51517000.0,0.0,0.325,76659000.0,79720000.0,195658000.0,1.309,1.621,19.053,18.796,10578366000.0,38959000.0,29.51,5.142,5.083,426000.0,-588005000.0,279135000.0,279135000.0,0.0,,,,,0.0,7746000.0,1.0,275461073.0,274482000,299612000.0,1.017,11436893000.0,0.0,0.0,0.0,41.667,
71,EQR,MRQ,2003-09-30,2003-09-30,2003-09-30,2021-08-02,-29262000.0,11990098000.0,,,,,19.389,157007000.0,372586000.0,372586000.0,184238000.0,132139000.0,,1.153,5566666000.0,,,5566666000.0,0.0,117506000.0,44987000.0,0.059,0.432,214033000.0,331539000.0,0.756,331539000.0,214033000.0,132139000.0,0.41,0.41,0.41,5288993000.0,,5288993000.0,13474972117.0,16.0,10.399,384528000.0,1.41,1.0,254533000.0,0.58,30000000.0,81894000.0,17154178000.0,,0.0,521750000.0,,,6096459000.0,,,8014119117.0,128748000.0,-5928000.0,38355000.0,-161382000.0,-118130000.0,-275437000.0,176664000.0,214000.0,227521000.0,0.0,132139000.0,112575000.0,112575000.0,-9479000.0,0.0,0.257,115285000.0,139248000.0,234759000.0,1.054,1.515,18.629,18.532,10578418000.0,19564000.0,29.28,5.005,4.988,1038000.0,-559446000.0,438771000.0,438771000.0,0.0,,,,,0.0,9133000.0,1.0,273706254.0,272787000,297941000.0,1.608,11960098000.0,0.0,0.0,0.0,43.844,
72,EQR,MRQ,2003-06-30,2003-06-30,2003-06-30,2021-08-02,-38450000.0,12043692000.0,,,,,19.318,69486000.0,243838000.0,243838000.0,179726000.0,136391000.0,,1.181,5704691000.0,,,5704691000.0,0.0,118474000.0,44965000.0,0.067,0.432,219618000.0,338092000.0,0.768,338092000.0,219618000.0,136391000.0,0.41,0.41,0.41,5242602000.0,,5242602000.0,12517541168.0,16.0,9.979,246029000.0,0.907,1.0,260397000.0,0.592,30000000.0,83227000.0,17474545000.0,,0.0,509937000.0,,,6193024000.0,,,7072414168.0,-66471000.0,13757000.0,10997000.0,-68026000.0,-117839000.0,-165129000.0,-77885000.0,-29000.0,176543000.0,0.0,136391000.0,112154000.0,112154000.0,-11406000.0,0.0,0.255,114896000.0,145501000.0,213750000.0,1.054,1.349,18.51,18.404,10749647000.0,24237000.0,25.95,4.335,4.317,2119000.0,-547693000.0,440123000.0,440123000.0,0.0,,,,,0.0,8970000.0,1.0,272540045.0,271380000,296084000.0,1.622,12013692000.0,0.0,0.0,0.0,44.269,
73,EQR,MRQ,2003-03-31,2003-03-31,2003-03-31,2021-08-02,-42228000.0,12030770000.0,,,,,19.147,77647000.0,310309000.0,310309000.0,182130000.0,135347000.0,,1.204,5755436000.0,,,5755436000.0,0.0,118918000.0,45192000.0,0.072,0.432,214764000.0,333682000.0,0.761,333682000.0,214764000.0,135347000.0,0.41,0.41,0.41,5182643000.0,,5182643000.0,12032946944.0,16.0,9.749,271449000.0,1.003,1.0,256161000.0,0.584,30000000.0,79417000.0,17445897000.0,,0.0,515741000.0,,,6240903000.0,,,6539122944.0,280434000.0,3027000.0,6876000.0,197226000.0,-117242000.0,35078000.0,51554000.0,5877000.0,193802000.0,0.0,135347000.0,111167000.0,111167000.0,-12853000.0,0.0,0.254,116954000.0,139207000.0,207647000.0,1.054,1.262,18.216,18.098,10843444000.0,24180000.0,24.07,3.903,3.888,1410000.0,-541721000.0,438291000.0,438291000.0,0.0,,,,,0.0,11176000.0,1.0,271671082.0,270678000,294508000.0,1.619,12000770000.0,0.0,0.0,0.0,44.336,
74,EQR,MRQ,2002-12-31,2002-12-31,2002-12-31,2021-08-02,-43789000.0,11810917000.0,,,,,19.271,86895000.0,29875000.0,29875000.0,114428000.0,97941000.0,,1.155,5523699000.0,,,5523699000.0,0.0,119750000.0,45333000.0,0.07,0.432,172711000.0,292461000.0,1.03,292461000.0,172711000.0,97941000.0,0.35,0.35,0.35,5197123000.0,,5197123000.0,12206454057.0,17.0,10.16,264441000.0,0.981,1.0,169587000.0,0.597,30000000.0,74770000.0,17274741000.0,,0.0,509789000.0,,,6002491000.0,,,6657633057.0,8119000.0,-21930000.0,-112982000.0,36890000.0,-119313000.0,-220410000.0,50983000.0,7820000.0,177546000.0,0.0,97941000.0,94295000.0,94295000.0,-66115000.0,0.0,0.332,80457000.0,89130000.0,199628000.0,1.234,1.281,20.538,20.655,10934246000.0,3646000.0,24.58,3.946,3.963,2926000.0,-539942000.0,284015000.0,284015000.0,0.0,,,,,0.0,13492000.0,1.0,270855698.0,269682000,295806000.0,1.053,11780917000.0,0.0,0.0,0.0,43.684,
75,EQR,MRQ,2002-09-30,2002-09-30,2002-09-30,2021-08-02,-45030000.0,11998196000.0,,,,,19.49,-47563000.0,21756000.0,21756000.0,189412000.0,88661000.0,,1.131,5570577000.0,,,5570577000.0,0.0,118360000.0,46250000.0,0.072,0.432,171802000.0,290162000.0,0.619,290162000.0,171802000.0,88661000.0,0.24,0.23,0.24,5339188000.0,,5339188000.0,12156931775.0,16.0,9.735,204008000.0,0.745,1.0,279614000.0,0.596,30000000.0,83141000.0,17517017000.0,,0.0,435701000.0,,,6037865000.0,,,6596389775.0,-67186000.0,-22321000.0,3583000.0,-84381000.0,-119135000.0,-239405000.0,-79352000.0,4954000.0,251571000.0,0.0,88661000.0,64473000.0,64473000.0,-11137000.0,0.0,0.137,120004000.0,159610000.0,282276000.0,1.8,1.235,19.28,18.85,11182077000.0,24188000.0,23.94,3.808,3.786,2951000.0,-512093000.0,469026000.0,469026000.0,0.0,,,,,0.0,10673000.0,1.0,275538420.0,273943000,299057000.0,1.712,11968196000.0,0.0,0.0,0.0,43.689,
76,EQR,MRQ,2002-06-30,2002-06-30,2002-06-30,2021-08-02,-30665000.0,12111800000.0,,,,,19.761,-50601000.0,88942000.0,88942000.0,186818000.0,113297000.0,,1.128,5649484000.0,,,5649484000.0,0.0,118078000.0,47098000.0,0.06,0.432,199870000.0,317948000.0,0.657,317948000.0,199870000.0,113297000.0,0.33,0.32,0.33,5397662000.0,,5397662000.0,13479977430.0,17.0,10.689,145156000.0,0.531,1.0,297398000.0,0.614,47122000.0,86573000.0,17625220000.0,,0.0,423529000.0,,,6086556000.0,,,7894276430.0,-160820000.0,-23878000.0,19371000.0,-207784000.0,-118210000.0,-351098000.0,-5479000.0,10546000.0,195757000.0,0.0,113297000.0,89041000.0,89041000.0,-10731000.0,0.0,0.184,121991000.0,175407000.0,262072000.0,1.309,1.463,22.738,22.287,11227981000.0,24256000.0,28.75,4.412,4.389,2627000.0,-457264000.0,484216000.0,484216000.0,0.0,,,,,0.0,11527000.0,1.0,274583528.0,273146000,299494000.0,1.773,12064678000.0,0.0,0.0,0.0,44.169,
77,EQR,MRQ,2002-03-31,2002-03-31,2002-03-31,2021-08-02,-25663000.0,12328253000.0,,,,,19.943,-51485000.0,249762000.0,249762000.0,191839000.0,100878000.0,,1.163,5835463000.0,,,5835463000.0,0.0,116768000.0,47574000.0,0.059,0.432,185209000.0,301977000.0,0.615,301977000.0,185209000.0,100878000.0,0.28,0.28,0.28,5406401000.0,,5406401000.0,13506098438.0,17.0,10.79,211904000.0,0.782,1.0,299123000.0,0.609,47122000.0,84331000.0,17866832000.0,,0.0,396733000.0,,,6287681000.0,,,7814943438.0,198159000.0,42517000.0,14013000.0,96100000.0,-117338000.0,-50456000.0,-14774000.0,4105000.0,263389000.0,0.0,100878000.0,76353000.0,76353000.0,-9964000.0,0.0,0.156,121792000.0,177331000.0,245102000.0,1.543,1.445,23.526,23.177,11255541000.0,24525000.0,28.74,4.276,4.263,1355000.0,-427190000.0,490962000.0,490962000.0,0.0,,,,,0.0,10800000.0,1.0,271918700.0,271094000,297229000.0,1.811,12281131000.0,0.0,0.0,0.0,45.302,
78,EQR,MRQ,2001-12-31,2001-12-31,2001-12-31,2021-08-02,-33040000.0,12235625000.0,,,,,20.085,-84973000.0,51603000.0,51603000.0,119486000.0,141961000.0,,1.143,5742758000.0,,,5742758000.0,0.0,119556000.0,47644000.0,0.053,0.432,219144000.0,338700000.0,1.176,338700000.0,219144000.0,141961000.0,0.42,0.41,0.42,5413950000.0,,5413950000.0,13352044273.0,16.0,10.346,94993000.0,0.352,1.0,168518000.0,0.585,47291000.0,77183000.0,17879489000.0,,0.0,397237000.0,,,6185853000.0,,,7774671273.0,-59204000.0,-64271000.0,10799000.0,19758000.0,-116902000.0,-113387000.0,-125783000.0,2541000.0,179966000.0,0.0,141961000.0,112277000.0,112277000.0,-70945000.0,0.0,0.39,76000000.0,92518000.0,250086000.0,1.029,1.436,21.443,21.11,11323940000.0,29684000.0,28.71,4.216,4.162,2400000.0,-385320000.0,288004000.0,288004000.0,0.0,,,,,0.0,11810000.0,1.0,270800114.0,269554000,296869000.0,1.068,12188334000.0,0.0,0.0,0.0,45.217,
79,EQR,MRQ,2001-09-30,2001-09-30,2001-09-30,2021-08-02,-25388000.0,12194617000.0,,,,,20.112,2321000.0,110807000.0,110807000.0,205506000.0,93851000.0,,1.143,5688180000.0,,,5688180000.0,0.0,119436000.0,48632000.0,0.052,0.432,183063000.0,302499000.0,0.575,302499000.0,183063000.0,93851000.0,0.26,0.26,0.26,5395054000.0,,5395054000.0,13426450388.0,17.0,10.557,287384000.0,1.071,1.0,320444000.0,0.609,48218000.0,89212000.0,17723772000.0,,0.0,351947000.0,,,6164804000.0,,,7862476388.0,84193000.0,-17056000.0,28752000.0,-209413000.0,-109443000.0,-356160000.0,155290000.0,53921000.0,285063000.0,0.0,93851000.0,69511000.0,69511000.0,56257000.0,0.0,0.132,123406000.0,197038000.0,279688000.0,1.662,1.457,22.574,22.121,11309439000.0,24340000.0,29.2,3.938,3.923,4070000.0,-385160000.0,525950000.0,525950000.0,0.0,,,,,0.0,9525000.0,1.0,269262890.0,268253000,296391000.0,1.961,12146399000.0,0.0,0.0,0.0,45.28,
80,EQR,MRQ,2001-06-30,2001-06-30,2001-06-30,2021-08-02,-8504000.0,12077736000.0,,,,,20.358,-14329000.0,26614000.0,26614000.0,204598000.0,102931000.0,,1.109,5590588000.0,,,5590588000.0,0.0,116767000.0,46775000.0,0.052,0.407,191788000.0,308555000.0,0.59,308555000.0,191788000.0,102931000.0,0.28,0.27,0.28,5422484000.0,,5422484000.0,12965831250.0,15.0,9.635,173897000.0,0.653,1.0,318041000.0,0.609,75288000.0,88857000.0,17566422000.0,,0.0,401996000.0,,,6014688000.0,,,7554718250.0,-78217000.0,-19913000.0,23375000.0,80828000.0,-108773000.0,-246203000.0,-20240000.0,-537000.0,188226000.0,0.0,102931000.0,74038000.0,74038000.0,-1574000.0,0.0,0.142,119259000.0,198782000.0,244926000.0,1.454,1.393,17.981,17.672,11131532000.0,28893000.0,28.275,3.773,3.761,2497000.0,-337723000.0,522639000.0,522639000.0,0.0,,,,,0.0,7325000.0,1.0,267187206.0,266357000,293939000.0,1.962,12002448000.0,0.0,0.0,0.0,45.062,
81,EQR,MRQ,2001-03-31,2001-03-31,2001-03-31,2021-08-02,-17033000.0,12245495000.0,,,,,21.218,100393000.0,104831000.0,104831000.0,202609000.0,135280000.0,,1.063,5515944000.0,,,5515944000.0,0.0,115962000.0,46595000.0,0.056,0.258,225178000.0,341140000.0,0.654,341140000.0,225178000.0,135280000.0,0.4,0.4,0.4,5626841000.0,,5626841000.0,12591464876.0,13.0,9.009,336806000.0,1.27,1.0,319284000.0,0.612,70357000.0,89898000.0,17586251000.0,,0.0,407517000.0,,,5981362000.0,,,6909084876.0,81059000.0,-13787000.0,11476000.0,-212410000.0,-416000.0,-203516000.0,48162000.0,3868000.0,236413000.0,0.0,135280000.0,106754000.0,106754000.0,-143000.0,0.0,0.205,119242000.0,200042000.0,238875000.0,0.645,1.228,14.653,14.413,11218007000.0,28526000.0,26.015,3.51,3.505,1980000.0,-302363000.0,521893000.0,521893000.0,0.0,,,,,0.0,6754000.0,1.0,265580814.0,265198000,297184000.0,1.968,12175138000.0,0.0,0.0,0.0,45.91,
82,EQR,MRQ,2000-12-31,2000-12-31,2000-12-31,2021-08-02,0.0,12263966000.0,,,,,21.659,-122970000.0,23772000.0,23772000.0,158421000.0,126337000.0,,1.073,5706152000.0,,,5706152000.0,0.0,114733000.0,46272000.0,0.057,0.407,204851000.0,319584000.0,0.75,319584000.0,204851000.0,126337000.0,0.38,0.37,0.38,5619547000.0,,5619547000.0,12396127173.0,14.0,9.084,53773000.0,0.207,1.0,267831000.0,0.628,67589000.0,78514000.0,17878757000.0,,0.0,399593000.0,,,6031801000.0,,,7280171173.0,-32470000.0,-195080000.0,8039000.0,355391000.0,-215208000.0,103579000.0,-312792000.0,21452000.0,176743000.0,0.0,126337000.0,97993000.0,97993000.0,-35059000.0,0.0,0.23,100303000.0,167528000.0,126681000.0,1.071,1.296,16.64,16.364,11358743000.0,28344000.0,27.655,3.777,3.716,1801000.0,-300351000.0,426252000.0,426252000.0,0.0,,,,,0.0,7031000.0,1.0,263249726.0,259450000,295382000.0,1.643,12196377000.0,0.0,0.0,0.0,47.009,
83,EQR,MRQ,2000-09-30,2000-09-30,2000-09-30,2021-08-02,0.0,11820862000.0,,,,,21.229,58549000.0,56242000.0,56242000.0,216831000.0,169316000.0,,1.012,5172198000.0,,,5172198000.0,0.0,112099000.0,40946000.0,0.064,0.407,264390000.0,376489000.0,0.708,376489000.0,264390000.0,169316000.0,0.54,0.53,0.54,5579361000.0,,5579361000.0,11340097240.0,13.0,8.381,311799000.0,1.186,1.0,314898000.0,0.592,70844000.0,95074000.0,16865974000.0,,0.0,350081000.0,,,5648978000.0,,,6299562240.0,-180824000.0,-95268000.0,10817000.0,-213873000.0,-99627000.0,-288121000.0,-145953000.0,2087000.0,253250000.0,0.0,169316000.0,141373000.0,141373000.0,0.0,0.0,0.266,117233000.0,197665000.0,288713000.0,0.754,1.129,15.027,14.769,10887744000.0,27943000.0,24.0,3.197,3.201,1611000.0,-201092000.0,531729000.0,531729000.0,0.0,,,,,0.0,6138000.0,1.0,262481760.0,262824000,304988000.0,2.023,11750018000.0,0.0,0.0,0.0,44.707,
84,EQR,MRQ,2000-06-30,2000-06-30,2000-06-30,2021-08-02,0.0,11746743000.0,,,,,21.413,-30977000.0,237066000.0,237066000.0,179490000.0,152659000.0,,1.028,5277601000.0,,,5277601000.0,0.0,112626000.0,39077000.0,0.066,0.38,247811000.0,360437000.0,0.738,360437000.0,247811000.0,152659000.0,0.485,0.48,0.485,5527685000.0,,5527685000.0,11187420091.0,14.0,8.908,170662000.0,0.661,1.0,308782000.0,0.632,0.0,95152000.0,16787278000.0,,0.0,81777000.0,,,5682177000.0,,,5893737091.0,164556000.0,-35535000.0,7148000.0,132335000.0,-97229000.0,24012000.0,-61095000.0,-3083000.0,201639000.0,0.0,152659000.0,125393000.0,125393000.0,0.0,0.0,0.257,119144000.0,189638000.0,246808000.0,0.784,1.066,17.048,16.842,10873542000.0,27266000.0,22.99,3.145,3.167,1408000.0,-324561000.0,488272000.0,488272000.0,0.0,,,,,0.0,6518000.0,1.0,256360900.0,258144000,293020000.0,1.891,11746743000.0,0.0,0.0,0.0,45.505,
85,EQR,MRQ,2000-03-31,2000-03-31,2000-03-31,2021-08-02,0.0,11784166000.0,,,,,21.492,45467000.0,72510000.0,72510000.0,181116000.0,101139000.0,,1.051,5366193000.0,,,5366193000.0,0.0,111886000.0,40037000.0,0.074,0.38,196250000.0,308136000.0,0.64,308136000.0,196250000.0,101139000.0,0.285,0.285,0.285,5493332000.0,,5493332000.0,10585533838.0,14.0,9.035,255661000.0,1.0,1.0,300071000.0,0.624,0.0,95111000.0,17077849000.0,,0.0,83290000.0,,,5774061000.0,,,5140782838.0,43393000.0,-41586000.0,6900000.0,-172627000.0,-257000.0,-123466000.0,-43335000.0,6283000.0,210194000.0,0.0,101139000.0,72751000.0,72751000.0,0.0,0.0,0.151,118584000.0,181487000.0,230270000.0,1.333,0.936,17.772,17.249,11111308000.0,28388000.0,20.095,2.844,2.841,1226000.0,-350328000.0,481187000.0,481187000.0,0.0,,,,,0.0,6698000.0,1.0,255823978.0,255596000,281372000.0,1.883,11784166000.0,0.0,0.0,0.0,46.105,
86,EQR,MRQ,1999-12-31,1999-12-31,1999-12-31,2021-08-02,0.0,11715689000.0,,,,,21.701,-80206000.0,29117000.0,29117000.0,177022000.0,107774000.0,,1.045,5473868000.0,,,5473868000.0,0.0,111183000.0,39687000.0,0.069,0.38,196806000.0,307989000.0,0.657,307989000.0,196806000.0,107774000.0,0.315,0.31,0.315,5504934000.0,,5504934000.0,10179409773.0,14.0,8.984,75603000.0,0.298,1.0,292058000.0,0.623,0.0,89032000.0,17160440000.0,,0.0,225261000.0,,,5753776000.0,,,5396668773.0,-33688000.0,-24682000.0,-2426000.0,113047000.0,-192695000.0,-129235000.0,-60262000.0,10200000.0,155809000.0,0.0,107774000.0,79696000.0,79696000.0,0.0,0.0,0.17,117743000.0,174315000.0,121768000.0,1.206,0.98,19.227,18.561,11181344000.0,28078000.0,21.345,3.097,2.993,1731000.0,-325856000.0,469080000.0,469080000.0,0.0,,,,,0.0,6560000.0,1.0,252830582.0,253674000,271310000.0,1.849,11715689000.0,0.0,0.0,0.0,46.184,
87,EQR,MRQ,1999-09-30,1999-09-30,1999-09-30,2021-08-02,0.0,11049110000.0,,,,,21.806,-237166000.0,62805000.0,62805000.0,160566000.0,95891000.0,,0.985,4845546000.0,,,4845546000.0,0.0,100371000.0,35715000.0,0.068,0.38,178908000.0,279279000.0,0.642,279279000.0,178908000.0,95891000.0,0.28,0.275,0.28,5334231000.0,,5334231000.0,9795318864.0,14.0,9.143,-21796000.0,-0.089,1.0,274622000.0,0.631,0.0,83017000.0,15831851000.0,,0.0,85295000.0,,,5254416000.0,,,5183070864.0,-32691000.0,20733000.0,4726000.0,126043000.0,-86816000.0,39952000.0,-288013000.0,2856000.0,215370000.0,0.0,95891000.0,67884000.0,67884000.0,0.0,0.0,0.156,105393000.0,169229000.0,250745000.0,1.357,0.972,20.777,20.181,10465850000.0,28007000.0,21.19,3.094,3.095,1602000.0,-308968000.0,435188000.0,435188000.0,0.0,,,,,0.0,5022000.0,1.0,244599852.0,244624000,244624000.0,1.779,11049110000.0,0.0,0.0,0.0,45.168,
88,EQR,MRQ,1999-06-30,1999-06-30,1999-06-30,2021-08-02,0.0,10841809000.0,,,,,22.205,-76787000.0,95496000.0,95496000.0,156057000.0,96662000.0,,0.947,4707744000.0,,,4707744000.0,0.0,100233000.0,35967000.0,0.062,0.355,175964000.0,276197000.0,0.654,276197000.0,175964000.0,96662000.0,0.285,0.285,0.285,5353973000.0,,5353973000.0,9944552820.0,16.0,10.049,146749000.0,0.609,1.0,266165000.0,0.63,0.0,79302000.0,15454057000.0,,0.0,85882000.0,,,5068520000.0,,,5387628820.0,84758000.0,-28467000.0,12344000.0,97429000.0,-84601000.0,-10824000.0,-127954000.0,-702000.0,223536000.0,0.0,96662000.0,68928000.0,68928000.0,0.0,0.0,0.163,105180000.0,160985000.0,221866000.0,1.246,1.006,24.89,23.716,10294483000.0,27734000.0,22.53,3.412,3.44,957000.0,-283877000.0,422222000.0,422222000.0,0.0,,,,,0.0,4947000.0,1.0,239131328.0,241116000,241116000.0,1.751,10841809000.0,0.0,0.0,0.0,44.965,
89,EQR,MRQ,1999-03-31,1999-03-31,1999-03-31,2021-08-02,0.0,10701961000.0,,,,,22.434,-59042000.0,10738000.0,10738000.0,153296000.0,93554000.0,,0.924,4567662000.0,,,4567662000.0,0.0,96901000.0,37013000.0,0.067,0.355,172751000.0,269652000.0,0.648,269652000.0,172751000.0,93554000.0,0.27,0.27,0.27,5337357000.0,,5337357000.0,9578419166.0,17.0,10.595,135213000.0,0.568,1.0,262841000.0,0.632,0.0,79197000.0,15258885000.0,,0.0,86913000.0,,,4930205000.0,,,4901857166.0,6773000.0,-15847000.0,17571000.0,-129161000.0,-71000.0,-136860000.0,-50622000.0,2992000.0,194255000.0,0.0,93554000.0,64177000.0,64177000.0,0.0,0.0,0.154,102668000.0,160173000.0,200605000.0,1.315,0.918,25.323,22.917,10267952000.0,29377000.0,20.625,3.349,3.352,1765000.0,-265962000.0,416137000.0,416137000.0,0.0,,,,,0.0,5767000.0,1.0,237665802.0,237912000,237912000.0,1.749,10701961000.0,0.0,0.0,0.0,44.983,
90,EQR,MRQ,1998-12-31,1998-12-31,1998-12-31,2021-08-02,0.0,10700260000.0,,,,,23.465,20012000.0,3965000.0,3965000.0,153692000.0,76312000.0,,0.926,4680527000.0,,,4680527000.0,0.0,93475000.0,37439000.0,0.067,0.355,152754000.0,246229000.0,0.613,246229000.0,152754000.0,76312000.0,0.215,0.21,0.215,5330447000.0,,5330447000.0,8525818302.0,17.0,10.569,112620000.0,0.496,1.0,247700000.0,0.617,0.0,76442000.0,15376822000.0,,0.0,88041000.0,,,4938439000.0,,,4737343302.0,-150048000.0,-51311000.0,10767000.0,-22337000.0,-148017000.0,-205867000.0,-36789000.0,-19488000.0,92608000.0,0.0,76312000.0,48470000.0,48470000.0,0.0,0.0,0.121,99618000.0,148082000.0,119681000.0,1.651,0.889,28.661,24.43,10253458000.0,27842000.0,20.155,3.552,3.033,4758000.0,-245538000.0,401392000.0,401392000.0,0.0,,,,,0.0,6143000.0,1.0,235045562.0,227170000,225156000.0,1.767,10700260000.0,0.0,0.0,0.0,47.102,
91,EQR,MRQ,1998-09-30,1998-09-30,1998-09-30,2021-08-02,0.0,8632607000.0,,,,,20.498,-443180000.0,154013000.0,154013000.0,132357000.0,56572000.0,,1.072,3942488000.0,,,3942488000.0,0.0,76484000.0,36558000.0,0.064,0.335,121064000.0,197548000.0,0.582,197548000.0,121064000.0,56572000.0,0.18,0.18,0.18,3980191000.0,,3980191000.0,7243540538.0,16.0,10.199,-265594000.0,-1.368,1.0,206892000.0,0.61,0.0,64492000.0,12421082000.0,,0.0,87937000.0,,,4267592000.0,,,4130595538.0,-111902000.0,-8666000.0,-89815000.0,363195000.0,-65540000.0,178423000.0,-467911000.0,13670000.0,177586000.0,0.0,56572000.0,34881000.0,34881000.0,0.0,0.0,0.103,81139000.0,125753000.0,187501000.0,1.861,1.038,26.515,24.529,8112196000.0,21691000.0,21.095,3.53,3.501,3978000.0,-210291000.0,339249000.0,339249000.0,0.0,,,,,0.0,4655000.0,1.0,195809222.0,194178000,194178000.0,1.747,8632607000.0,0.0,0.0,0.0,44.457,
92,EQR,MRQ,1998-06-30,1998-06-30,1998-06-30,2021-08-02,0.0,8000039000.0,,,,,20.795,-354390000.0,265915000.0,265915000.0,113948000.0,67735000.0,,0.903,3378860000.0,,,3378860000.0,0.0,67520000.0,33800000.0,0.056,0.335,123132000.0,190652000.0,0.621,190652000.0,123132000.0,67735000.0,0.235,0.235,0.235,4051002000.0,,4051002000.0,7338079456.0,18.0,11.555,-216171000.0,-1.11,1.0,193102000.0,0.629,0.0,55397000.0,11112984000.0,,0.0,87916000.0,,,3658267000.0,,,4629558456.0,188340000.0,-1948000.0,65681000.0,461993000.0,-41023000.0,433988000.0,-383867000.0,-11909000.0,138219000.0,0.0,67735000.0,46043000.0,46043000.0,0.0,0.0,0.15,72723000.0,120379000.0,168833000.0,1.426,1.143,30.501,26.618,7394762000.0,21692000.0,23.69,4.477,4.463,5127000.0,-180989000.0,307050000.0,307050000.0,0.0,,,,,0.0,5203000.0,1.0,195422476.0,194810000,194810000.0,1.576,8000039000.0,0.0,0.0,0.0,41.066,
93,EQR,MRQ,1998-03-31,1998-03-31,1998-03-31,2021-08-02,0.0,7329342000.0,,,,,21.415,-142014000.0,77575000.0,77575000.0,105735000.0,57587000.0,,0.762,2786096000.0,,,2786096000.0,0.0,64390000.0,29711000.0,0.052,0.335,107841000.0,172231000.0,0.601,172231000.0,107841000.0,57587000.0,0.19,0.19,0.19,3998562000.0,,3998562000.0,7728905590.0,22.0,14.269,-8280000.0,-0.044,1.0,180606000.0,0.631,0.0,50254000.0,10037863000.0,,0.0,175532000.0,,,3048540000.0,,,4813877590.0,44280000.0,-11094000.0,358397000.0,-255542000.0,-23235000.0,68287000.0,-157741000.0,81000.0,133734000.0,0.0,57587000.0,35895000.0,35895000.0,0.0,0.0,0.125,69270000.0,111336000.0,155802000.0,1.763,1.204,37.152,29.386,6854535000.0,21692000.0,25.125,5.397,5.259,3798000.0,-161459000.0,286341000.0,286341000.0,0.0,,,,,0.0,4880000.0,1.0,191597118.0,186722000,186722000.0,1.534,7329342000.0,0.0,0.0,0.0,39.253,
94,EQR,MRQ,1997-12-31,1997-12-31,1997-12-31,2021-08-02,0.0,7094631000.0,,,,,23.598,-574126000.0,33295000.0,33295000.0,87382000.0,60687000.0,,0.849,2948323000.0,,,2948323000.0,0.0,50530000.0,28193000.0,0.05,0.335,99236000.0,149766000.0,0.631,149766000.0,99236000.0,60687000.0,0.255,0.25,0.255,3689991000.0,,3689991000.0,,,,-479471000.0,-3.066,1.0,150018000.0,0.632,0.0,38549000.0,10009659000.0,,0.0,176063000.0,,,3131236000.0,,,4843575143.0,-244254000.0,-6900000.0,25223000.0,432860000.0,-73009000.0,348020000.0,-686929000.0,-24913000.0,94655000.0,0.0,60687000.0,38962000.0,38962000.0,0.0,0.0,0.164,59237000.0,90781000.0,87922000.0,1.314,1.313,41.194,28.246,6676673000.0,21725000.0,25.28,6.483,4.448,3302000.0,-133129000.0,237400000.0,237400000.0,0.0,,,,,0.0,4784000.0,1.0,191597118.0,156370000,156370000.0,1.518,7094631000.0,0.0,0.0,0.0,45.371,
95,EQR,MRQ,1997-09-30,1997-09-30,1997-09-30,2021-08-02,,,,,,,,-309672000.0,,,72760000.0,47234000.0,,,,,,,,43339000.0,,0.046,0.312,79085000.0,122424000.0,0.602,122424000.0,79085000.0,47234000.0,0.21,0.205,0.21,,,,,,,-201130000.0,-1.363,1.0,130594000.0,0.642,,31851000.0,,,,,,,,,,,-33809000.0,0.0,27647000.0,-23556000.0,-60558000.0,202523000.0,-344874000.0,443000.0,108542000.0,0.0,47234000.0,30886000.0,30886000.0,0.0,0.0,0.152,46879000.0,83715000.0,,1.486,,,,,16348000.0,27.315,,,,,203354000.0,203354000.0,0.0,,,,,0.0,3831000.0,1.0,,147514000,147514000.0,1.379,,,0.0,,,
96,EQR,MRQ,1997-06-30,1997-06-30,1997-06-30,2021-08-02,,,,,,,,-187248000.0,,,60330000.0,35709000.0,,,,,,,,33898000.0,,0.052,0.312,63340000.0,97238000.0,0.59,97238000.0,63340000.0,35709000.0,0.2,0.2,0.2,,,,,,,-103154000.0,-0.875,1.0,104607000.0,0.634,,27631000.0,,,,,,,,,,,226529000.0,0.0,400937000.0,-9525000.0,-42628000.0,513595000.0,-371160000.0,-87869000.0,84094000.0,0.0,35709000.0,23831000.0,23831000.0,0.0,0.0,0.144,37129000.0,67478000.0,,1.56,,,,,11878000.0,23.75,,,,,164937000.0,164937000.0,0.0,,,,,0.0,3231000.0,1.0,,117880000,117880000.0,1.399,,,0.0,,,
97,EQR,MRQ,1997-03-31,1997-03-31,1997-03-31,2021-08-02,,,,,,,,-144129000.0,,,51916000.0,32962000.0,,,,,,,,28877000.0,,0.055,0.312,56255000.0,85132000.0,0.602,85132000.0,56255000.0,32962000.0,0.23,0.225,0.23,,,,,,,-82423000.0,-0.796,1.0,89471000.0,0.633,,23293000.0,,,,,,,,,,,-62442000.0,0.0,91202000.0,-20562000.0,-41034000.0,25279000.0,-149427000.0,451000.0,61706000.0,0.0,32962000.0,23901000.0,23901000.0,0.0,0.0,0.169,28220000.0,61251000.0,,1.357,,,,,9061000.0,22.25,,,,,141387000.0,141387000.0,0.0,,,,,0.0,2975000.0,1.0,,103582000,103582000.0,1.365,,,0.0,,,
98,EQR,MRQ,1996-12-31,1996-12-31,1996-12-31,2021-08-02,0.0,2986127000.0,,,,,17.128,,147271000.0,147271000.0,,,,0.944,1254274000.0,,,1254274000.0,0.0,,14128000.0,0.058,0.312,,,,,,,,,,1458830000.0,,1458830000.0,,,,,,1.0,,,0.0,,4093130000.0,,0.0,86596000.0,,,1376660000.0,,,,,,,,,,,,,,,,,,,,,,79055000.0,,,,24.265,2681998000.0,,20.625,,3.672,1450000.0,-76641000.0,,,,,,,,,,1.0,,85172000,,,2986127000.0,0.0,,0.0,35.06,
0,EQR,MRT,2021-06-30,2021-06-30,2021-06-30,2021-08-02,-39029000.0,20464346000.0,20386057500.0,,,0.119,27.912,21695000.0,392501000.0,392501000.0,928286000.0,746753000.0,,0.899,8565071000.0,,,8565071000.0,0.0,815977000.0,62228000.0,0.031,2.41,1051154000.0,1867131000.0,0.768,1867131000.0,1051154000.0,719074000.0,1.91,1.91,1.91,10433991000.0,10447980500.0,10433991000.0,37054972183.0,35.0,19.846,1228270000.0,3.286,1.0,1503243000.0,0.618,0.0,332080000.0,28636916000.0,28684554000.0,0.0,53364000.0,,,9382176000.0,,,28798414183.0,146968000.0,-3000000.0,45392000.0,-183145000.0,-897494000.0,-1102491000.0,42884000.0,24189000.0,1206575000.0,0.0,718067000.0,714977000.0,714977000.0,0.0,25818000.0,0.294,855082000.0,648161000.0,347246000.0,1.262,2.76,40.279,40.314,19721762000.0,3090000.0,77.0,11.844,11.838,0.0,1321875000.0,2431529000.0,2431529000.0,0.0,0.035,0.068,0.037,0.432,0.0,52013000.0,1.0,374005379.0,373812000,387820000.0,6.505,20464346000.0,0.0,1007000.0,0.0,54.745,
1,EQR,MRT,2021-03-31,2021-03-31,2021-03-31,2021-08-02,-41363000.0,20169015000.0,20448708750.0,,,0.122,27.707,299394000.0,97836000.0,97836000.0,921782000.0,690194000.0,,0.893,8354394000.0,,,8354394000.0,0.0,819956000.0,60939000.0,0.034,2.41,1010362000.0,1830318000.0,0.736,1830318000.0,1010362000.0,663521000.0,1.77,1.77,1.77,10314800000.0,10488901000.0,10314800000.0,34967524090.0,35.0,19.105,1528532000.0,4.106,1.0,1565220000.0,0.629,0.0,346841000.0,28425573000.0,28830678000.0,0.0,53274000.0,,,9207251000.0,,,26693866090.0,-42934000.0,-1055000.0,29376000.0,-604487000.0,-897007000.0,-1543304000.0,271232000.0,-773000.0,1229138000.0,0.0,662569000.0,659479000.0,659479000.0,0.0,24618000.0,0.265,857542000.0,707678000.0,400765000.0,1.362,2.588,40.477,40.469,19727184000.0,3090000.0,71.63,10.733,10.722,0.0,1231808000.0,2487002000.0,2487002000.0,0.0,0.032,0.063,0.035,0.406,0.0,49170000.0,1.0,372663215.0,372280000,386916000.0,6.68,20169015000.0,0.0,952000.0,0.0,54.177,
2,EQR,MRT,2020-12-31,2020-12-31,2020-12-31,2021-08-02,-43666000.0,20286891000.0,20636284500.0,,,0.125,28.311,668498000.0,99728000.0,99728000.0,916385000.0,962501000.0,,0.873,8373386000.0,,,8373386000.0,0.0,832443000.0,60480000.0,0.041,2.41,1279561000.0,2112004000.0,0.821,2112004000.0,1279561000.0,914488000.0,2.45,2.45,2.45,10525651000.0,10542792750.0,10525651000.0,30558372601.0,24.0,14.469,1934034000.0,5.202,1.0,1655320000.0,0.644,0.0,365073000.0,28560549000.0,29159776000.0,0.0,52782000.0,,,9184454000.0,,,22067172601.0,-17271000.0,-4139000.0,16783000.0,-1002080000.0,-883938000.0,-1946393000.0,663586000.0,-773000.0,1265536000.0,0.0,913636000.0,910546000.0,910546000.0,0.0,34010000.0,0.354,869137000.0,786183000.0,339628000.0,0.984,2.097,24.235,24.196,19842955000.0,3090000.0,59.28,8.581,8.57,0.0,1399715000.0,2571705000.0,2571705000.0,0.0,0.044,0.086,0.044,0.498,0.0,48305000.0,1.0,372253249.0,371791000,385874000.0,6.917,20286891000.0,0.0,852000.0,0.0,54.565,
3,EQR,MRT,2020-09-30,2020-09-30,2020-09-30,2021-08-02,-61478000.0,20623978000.0,20857754000.0,,,0.127,28.283,309518000.0,235214000.0,235214000.0,919581000.0,1000823000.0,,0.91,8726414000.0,,,8726414000.0,0.0,844397000.0,61453000.0,0.046,2.375,1296665000.0,2141062000.0,0.81,2141062000.0,1296665000.0,948016000.0,2.55,2.55,2.55,10517480000.0,10490256500.0,10517480000.0,27612007384.0,21.0,12.896,1706646000.0,4.589,1.0,1722584000.0,0.652,0.0,348649000.0,29115178000.0,29625653750.0,0.0,54828000.0,,,9575906000.0,,,19105546384.0,150618000.0,-6195000.0,26494000.0,-604461000.0,-870388000.0,-1549324000.0,302814000.0,-509000.0,1397128000.0,0.0,950544000.0,947454000.0,947454000.0,0.0,35319000.0,0.359,882727000.0,839857000.0,390848000.0,0.931,1.817,20.165,20.129,20076455000.0,3090000.0,51.33,7.231,7.224,0.0,1371938000.0,2642165000.0,2642165000.0,0.0,0.045,0.09,0.044,0.491,0.0,48842000.0,1.0,372210138.0,371869000,385652000.0,7.105,20623978000.0,0.0,-2528000.0,0.0,55.46,
4,EQR,MRT,2020-06-30,2020-06-30,2020-06-30,2021-08-02,-67355000.0,20714951000.0,20965273500.0,,,0.129,28.504,169845000.0,245533000.0,245533000.0,915499000.0,1183304000.0,,0.9,8751994000.0,,,8751994000.0,0.0,855391000.0,64005000.0,0.04,2.34,1477550000.0,2332941000.0,0.863,2332941000.0,1477550000.0,1123839000.0,3.03,3.02,3.03,10597673000.0,10406545500.0,10597673000.0,30711075733.0,21.0,13.164,1571142000.0,4.226,1.0,1789353000.0,0.662,0.0,353711000.0,29221412000.0,29920536250.0,0.0,55310000.0,,,9540780000.0,,,21888428733.0,-63935000.0,-6658000.0,44443000.0,-704308000.0,-856595000.0,-1627910000.0,162678000.0,-509000.0,1401297000.0,0.0,1126364000.0,1123274000.0,1123274000.0,0.0,41853000.0,0.415,894158000.0,895195000.0,341984000.0,0.772,2.065,19.486,19.413,20131760000.0,3090000.0,58.82,8.092,8.085,0.0,1505694000.0,2704852000.0,2704852000.0,0.0,0.054,0.108,0.049,0.546,0.0,49400000.0,1.0,372125616.0,371795000,385913000.0,7.275,20714951000.0,0.0,-2525000.0,0.0,55.716,
5,EQR,MRT,2020-03-31,2020-03-31,2020-03-31,2021-08-02,-72896000.0,20919318000.0,21034213500.0,,,0.129,28.339,-228242000.0,140770000.0,140770000.0,916677000.0,1233122000.0,,0.93,8963417000.0,,,8963417000.0,0.0,849968000.0,69074000.0,0.037,2.305,1552706000.0,2402674000.0,0.883,2402674000.0,1552706000.0,1171978000.0,3.16,3.15,3.16,10530367000.0,10295509500.0,10530367000.0,32206081088.0,21.0,13.404,1237648000.0,3.331,1.0,1804017000.0,0.663,0.0,380728000.0,29741965000.0,30138504250.0,0.0,55866000.0,,,9795290000.0,,,22954790088.0,47264000.0,69481000.0,61935000.0,-330147000.0,-842601000.0,-1259846000.0,-158780000.0,-18000.0,1465890000.0,0.0,1174444000.0,1171354000.0,1171354000.0,0.0,43650000.0,0.431,891184000.0,912833000.0,397882000.0,0.729,2.18,19.597,19.528,20496636000.0,3090000.0,61.71,8.437,8.428,0.0,1469821000.0,2720694000.0,2720694000.0,0.0,0.056,0.114,0.052,0.571,0.0,51894000.0,1.0,371978449.0,371582000,386949000.0,7.322,20919318000.0,0.0,-2466000.0,0.0,56.298,
6,EQR,MRT,2019-12-31,2019-12-31,2019-12-31,2021-08-02,-77563000.0,21172769000.0,20996586750.0,,,0.129,27.845,-840213000.0,116999000.0,116999000.0,908328000.0,1009708000.0,,0.985,9368290000.0,,,9368290000.0,0.0,842776000.0,70062000.0,0.028,2.27,1358172000.0,2200948000.0,0.815,2200948000.0,1358172000.0,968096000.0,2.61,2.6,2.61,10315506000.0,10174639250.0,10315506000.0,39290650938.0,29.0,17.852,616771000.0,1.665,1.0,1792363000.0,0.664,0.0,390076000.0,30424060000.0,30180566000.0,0.0,52238000.0,,,10164843000.0,,,30049998938.0,686000.0,68658000.0,80901000.0,209060000.0,-831111000.0,-684474000.0,-771824000.0,-269000.0,1456984000.0,0.0,970377000.0,967287000.0,967287000.0,0.0,36034000.0,0.358,883840000.0,908523000.0,312676000.0,0.87,2.913,31.066,31.004,20769595000.0,3090000.0,80.92,11.127,11.1,0.0,1386495000.0,2700691000.0,2700691000.0,0.0,0.046,0.095,0.045,0.503,0.0,52757000.0,1.0,371354411.0,370461000,386333000.0,7.29,21172769000.0,0.0,-2281000.0,0.0,57.152,
7,EQR,MRT,2019-09-30,2019-09-30,2019-09-30,2021-08-02,-84092000.0,21054056000.0,20801946750.0,,,0.128,27.464,-833403000.0,84596000.0,84596000.0,900824000.0,830790000.0,,0.997,9325248000.0,,,9325248000.0,0.0,829068000.0,70398000.0,0.026,2.243,1180342000.0,2009410000.0,0.753,2009410000.0,1180342000.0,798660000.0,2.15,2.13,2.15,10182636000.0,10139063750.0,10182636000.0,41092328455.0,35.0,20.45,572881000.0,1.545,1.0,1768154000.0,0.662,0.0,381682000.0,30294708000.0,29848509750.0,0.0,52474000.0,,,10152058000.0,,,31989755455.0,-4154000.0,67478000.0,94849000.0,161819000.0,-819329000.0,-644244000.0,-766194000.0,-269000.0,1406284000.0,0.0,797800000.0,794710000.0,794710000.0,0.0,29761000.0,0.298,871577000.0,896577000.0,369816000.0,1.043,3.142,40.253,40.121,20666995000.0,3090000.0,86.26,11.986,11.983,0.0,1308423000.0,2668978000.0,2668978000.0,0.0,0.038,0.078,0.04,0.442,0.0,53520000.0,1.0,370852718.0,370768000,386896000.0,7.199,21054056000.0,0.0,860000.0,0.0,56.785,
8,EQR,MRT,2019-06-30,2019-06-30,2019-06-30,2021-08-02,-89849000.0,20990711000.0,20673970250.0,,,0.128,27.417,-727762000.0,309468000.0,309468000.0,896548000.0,776790000.0,,1.002,9412041000.0,,,9412041000.0,0.0,810310000.0,69027000.0,0.029,2.215,1153471000.0,1963781000.0,0.745,1963781000.0,1153471000.0,746506000.0,2.01,2.0,2.01,10153529000.0,10152260750.0,10153529000.0,37272466030.0,32.0,18.98,633852000.0,1.712,1.0,1740177000.0,0.66,0.0,406965000.0,30093284000.0,29594131000.0,0.0,52907000.0,,,10175125000.0,,,28131065030.0,220591000.0,66218000.0,79875000.0,319246000.0,-807750000.0,-479210000.0,-661813000.0,-269000.0,1361614000.0,0.0,745631000.0,742541000.0,742541000.0,0.0,28010000.0,0.282,856642000.0,883535000.0,327271000.0,1.102,2.771,37.885,37.771,20400906000.0,3090000.0,75.92,10.669,10.663,0.0,1252809000.0,2636725000.0,2636725000.0,0.0,0.036,0.073,0.039,0.437,0.0,54743000.0,1.0,370535630.0,370342000,386107000.0,7.12,20990711000.0,0.0,875000.0,0.0,56.679,
9,EQR,MRT,2019-03-31,2019-03-31,2019-03-31,2021-08-02,-75013000.0,20768811000.0,20527938000.0,,,0.127,27.186,-860863000.0,93506000.0,93506000.0,888982000.0,573901000.0,,1.002,9234907000.0,,,9234907000.0,0.0,800929000.0,68335000.0,0.029,2.188,943362000.0,1744291000.0,0.669,1744291000.0,943362000.0,551168000.0,1.49,1.48,1.49,10046886000.0,10165987750.0,10046886000.0,36565035523.0,39.0,20.963,507959000.0,1.375,1.0,1718177000.0,0.659,0.0,392194000.0,29910212000.0,29343428500.0,0.0,62853000.0,,,10069744000.0,,,27863409523.0,-1205000.0,-10053000.0,62239000.0,266037000.0,-796387000.0,-498860000.0,-871167000.0,-251000.0,1368822000.0,0.0,550265000.0,547175000.0,547175000.0,0.0,20799000.0,0.21,847249000.0,870928000.0,371302000.0,1.468,2.773,50.922,50.55,20371323000.0,3090000.0,75.32,10.687,10.676,0.0,1155032000.0,2607159000.0,2607159000.0,0.0,0.027,0.054,0.032,0.362,0.0,52916000.0,1.0,369933743.0,369558000,385184000.0,7.055,20768811000.0,0.0,903000.0,0.0,56.199,
10,EQR,MRT,2018-12-31,2018-12-31,2018-12-31,2021-08-02,-64986000.0,20394209000.0,20431702750.0,,,0.126,27.641,-370263000.0,116313000.0,116313000.0,879634000.0,685192000.0,,0.945,8817939000.0,,,8817939000.0,0.0,790117000.0,67258000.0,0.033,2.16,1071773000.0,1861890000.0,0.722,1861890000.0,1071773000.0,658413000.0,1.78,1.77,1.78,10173204000.0,10226559250.0,10173204000.0,33055808524.0,31.0,17.754,986032000.0,2.679,1.0,1698047000.0,0.659,0.0,413360000.0,29095835000.0,29103034500.0,0.0,58349000.0,,,9615454000.0,,,24320765524.0,15551000.0,-6571000.0,34534000.0,-161913000.0,-782122000.0,-963910000.0,-376834000.0,0.0,1356295000.0,0.0,657535000.0,654445000.0,654445000.0,0.0,24939000.0,0.254,840240000.0,857807000.0,309072000.0,1.213,2.391,37.162,37.084,19814741000.0,3090000.0,66.01,9.435,9.425,0.0,1261763000.0,2577681000.0,2577681000.0,0.0,0.032,0.064,0.037,0.416,0.0,53813000.0,1.0,368440623.0,368052000,383695000.0,7.004,20394209000.0,0.0,878000.0,0.0,55.411,
11,EQR,MRT,2018-09-30,2018-09-30,2018-09-30,2021-08-02,-50689000.0,20542150000.0,20475800250.0,,,0.125,27.812,-341776000.0,88750000.0,88750000.0,862050000.0,692888000.0,,0.947,8823793000.0,,,8823793000.0,0.0,789047000.0,67177000.0,0.032,2.124,1083090000.0,1872137000.0,0.732,1872137000.0,1083090000.0,666325000.0,1.8,1.8,1.8,10235424000.0,10243874250.0,10235424000.0,33086255664.0,31.0,17.673,998067000.0,2.712,1.0,1694345000.0,0.663,0.0,416765000.0,29277193000.0,29185857750.0,0.0,57576000.0,,,9693820000.0,,,24402363664.0,-5426000.0,-5565000.0,28484000.0,-192175000.0,-768292000.0,-997928000.0,-347341000.0,0.0,1339843000.0,0.0,665790000.0,662699000.0,662699000.0,0.0,25190000.0,0.259,840327000.0,854018000.0,389345000.0,1.18,2.384,36.823,36.811,19930730000.0,3091000.0,66.26,9.546,9.539,0.0,1344825000.0,2556395000.0,2556395000.0,0.0,0.032,0.065,0.037,0.424,0.0,53278000.0,1.0,368281975.0,368028000,383884000.0,6.946,20542150000.0,0.0,535000.0,0.0,55.817,
12,EQR,MRT,2018-06-30,2018-06-30,2018-06-30,2021-08-02,-67310000.0,20406582000.0,20514721000.0,,,0.123,27.746,-627441000.0,88877000.0,88877000.0,851543000.0,613238000.0,,0.94,8772769000.0,,,8772769000.0,0.0,778443000.0,66800000.0,0.033,2.088,986256000.0,1764699000.0,0.698,1764699000.0,986256000.0,589565000.0,1.59,1.59,1.59,10208437000.0,10249835500.0,10208437000.0,32016297636.0,32.0,18.143,764688000.0,2.078,1.0,1676107000.0,0.663,0.0,396691000.0,29090474000.0,29277444500.0,0.0,58124000.0,,,9600313000.0,,,23451531636.0,-224236000.0,-6424000.0,29884000.0,-188621000.0,-754446000.0,-982500000.0,-633865000.0,0.0,1392129000.0,0.0,589082000.0,585992000.0,585992000.0,0.0,22197000.0,0.232,829034000.0,847073000.0,353244000.0,1.313,2.297,40.02,40.057,19826554000.0,3090000.0,63.69,9.278,9.271,0.0,1329600000.0,2527650000.0,2527650000.0,0.0,0.029,0.057,0.034,0.39,0.0,53205000.0,1.0,368213717.0,367930000,383423000.0,6.87,20406582000.0,0.0,483000.0,0.0,55.463,
13,EQR,MRT,2018-03-31,2018-03-31,2018-03-31,2021-08-02,-77734000.0,20383870000.0,20572219250.0,,,0.122,27.975,-367448000.0,94711000.0,94711000.0,843241000.0,698988000.0,,0.924,8659477000.0,,,8659477000.0,0.0,765160000.0,64748000.0,0.033,2.052,1065734000.0,1830894000.0,0.732,1830894000.0,1065734000.0,671950000.0,1.81,1.81,1.81,10289172000.0,10270352500.0,10289172000.0,31543137965.0,30.0,17.228,955454000.0,2.598,1.0,1657081000.0,0.663,0.0,393784000.0,28948636000.0,29395562250.0,0.0,59091000.0,,,9504210000.0,,,22686608965.0,-91512000.0,-6908000.0,33905000.0,-266612000.0,-740557000.0,-1040058000.0,-374356000.0,0.0,1322902000.0,0.0,671521000.0,668430000.0,668430000.0,0.0,25252000.0,0.267,817112000.0,839969000.0,374275000.0,1.134,2.205,33.94,34.044,19785570000.0,3091000.0,61.62,9.073,9.064,0.0,1415638000.0,2500322000.0,2500322000.0,0.0,0.032,0.065,0.036,0.426,0.0,54329000.0,1.0,368169571.0,367800000,383018000.0,6.798,20383870000.0,0.0,429000.0,0.0,55.421,
14,EQR,MRT,2017-12-31,2017-12-31,2017-12-31,2021-08-02,-88612000.0,20570599000.0,20628336250.0,,,0.12,27.911,-588596000.0,100762000.0,100762000.0,826269000.0,628381000.0,,0.95,8957291000.0,,,8957291000.0,0.0,747577000.0,65009000.0,0.032,2.016,987822000.0,1735399000.0,0.702,1735399000.0,987822000.0,603932000.0,1.64,1.63,1.64,10242464000.0,10268128500.0,10242464000.0,32380211803.0,33.0,18.659,677192000.0,1.845,1.0,1645137000.0,0.666,0.0,383890000.0,29427128000.0,29532434250.0,0.0,58254000.0,,,9729781000.0,,,23434504803.0,-118326000.0,-5700000.0,35340000.0,-29874000.0,-739375000.0,-789818000.0,-594296000.0,0.0,1265788000.0,0.0,603454000.0,600363000.0,600363000.0,0.0,22604000.0,0.243,797666000.0,847471000.0,307594000.0,1.229,2.288,39.034,38.884,19986518000.0,3091000.0,63.77,9.482,9.469,0.0,1403530000.0,2471406000.0,2471406000.0,0.0,0.029,0.058,0.033,0.4,0.0,52224000.0,1.0,367484786.0,366968000,382678000.0,6.735,20570599000.0,0.0,478000.0,0.0,56.056,
15,EQR,MRT,2017-09-30,2017-09-30,2017-09-30,2021-08-02,-94674000.0,20697833000.0,20661723500.0,,,0.118,27.955,-441252000.0,46565000.0,46565000.0,818245000.0,800678000.0,,0.958,8992272000.0,,,8992272000.0,0.0,723960000.0,65230000.0,0.031,2.016,1140905000.0,1864865000.0,0.762,1864865000.0,1140905000.0,756396000.0,2.04,2.05,2.04,10259269000.0,10264782000.0,10259269000.0,33143333034.0,29.0,17.773,923686000.0,2.517,1.0,1627946000.0,0.666,0.0,384509000.0,29643540000.0,29543731750.0,0.0,59029000.0,,,9823516000.0,,,24216963034.0,-536249000.0,-6435000.0,25732000.0,503221000.0,-1835154000.0,-1537189000.0,-363998000.0,0.0,1364938000.0,0.0,755262000.0,752171000.0,752171000.0,-394000.0,29000000.0,0.307,771169000.0,856777000.0,360553000.0,0.988,2.36,32.196,32.319,20099433000.0,3091000.0,65.93,9.9,9.891,0.0,1464249000.0,2446191000.0,2446191000.0,0.0,0.036,0.073,0.039,0.466,0.0,50798000.0,1.0,367313257.0,366996000,382945000.0,6.665,20697833000.0,0.0,1134000.0,0.0,56.398,
16,EQR,MRT,2017-06-30,2017-06-30,2017-06-30,2021-08-02,-101151000.0,20636575000.0,20811701250.0,,,0.117,28.053,-55190000.0,37719000.0,37719000.0,813652000.0,873974000.0,,0.946,8964089000.0,,,8964089000.0,0.0,720644000.0,63648000.0,0.076,5.016,1206397000.0,1927041000.0,0.794,1927041000.0,1206397000.0,826681000.0,2.24,2.24,2.24,10290505000.0,10228841000.0,10290505000.0,33057597280.0,27.0,17.155,1242970000.0,3.389,1.0,1614491000.0,0.665,0.0,379716000.0,29562945000.0,29452583000.0,0.0,59246000.0,,,9730199000.0,,,24169811280.0,-297569000.0,7462000.0,21609000.0,459583000.0,-1834265000.0,-1583057000.0,-12672000.0,4287000.0,1298160000.0,0.0,825349000.0,822257000.0,822257000.0,-640000.0,32187000.0,0.339,766127000.0,848364000.0,329637000.0,2.239,2.349,29.394,29.388,19818307000.0,3092000.0,65.83,9.954,9.945,0.0,1511899000.0,2428143000.0,2428143000.0,0.0,0.04,0.08,0.041,0.497,0.0,50626000.0,1.0,367154964.0,366820000,382692000.0,6.619,20636575000.0,0.0,1332000.0,0.0,56.258,
17,EQR,MRT,2017-03-31,2017-03-31,2017-03-31,2021-08-02,-109326000.0,20608338000.0,20960038000.0,,,0.115,28.042,-192163000.0,42139000.0,42139000.0,799957000.0,898214000.0,,0.947,8929925000.0,,,8929925000.0,0.0,716014000.0,63124000.0,0.081,5.016,1224636000.0,1940650000.0,0.805,1940650000.0,1224636000.0,849672000.0,2.31,2.3,2.31,10280276000.0,10446359250.0,10280276000.0,31750867841.0,26.0,16.361,1124482000.0,3.067,1.0,1610860000.0,0.668,0.0,374964000.0,29496124000.0,29372615000.0,0.0,59483000.0,,,9733179000.0,,,22840816841.0,-294665000.0,7505000.0,22566000.0,351208000.0,-1833375000.0,-1691374000.0,80064000.0,71385000.0,1316645000.0,0.0,848147000.0,845056000.0,845056000.0,-675000.0,33613000.0,0.351,767028000.0,843832000.0,357281000.0,2.171,2.222,27.029,26.935,19949518000.0,3091000.0,62.22,9.474,9.462,0.0,1501654000.0,2410817000.0,2410817000.0,0.0,0.04,0.081,0.042,0.508,0.0,55296000.0,1.0,367097667.0,366605000,382280000.0,6.576,20608338000.0,0.0,1525000.0,0.0,56.214,
18,EQR,MRT,2016-12-31,2016-12-31,2016-12-31,2021-08-02,-113909000.0,20704148000.0,21133276500.0,,,0.115,28.025,5822595000.0,219088000.0,219088000.0,806225000.0,4480104000.0,,0.958,8987258000.0,,,8987258000.0,0.0,709075000.0,62624000.0,0.202,13.015,4776022000.0,5485097000.0,2.261,5485097000.0,4776022000.0,4293776000.0,11.75,11.68,11.75,10229078000.0,10642233250.0,10229078000.0,31515264279.0,7.0,5.746,7036718000.0,19.279,1.0,1619575000.0,0.668,0.0,482246000.0,29472318000.0,29377849250.0,0.0,60141000.0,,,9801072000.0,,,23534063279.0,63973000.0,8532000.0,39519000.0,-1962239000.0,-4771725000.0,-7054092000.0,5903942000.0,72815000.0,1214123000.0,0.0,4292163000.0,4289072000.0,4289072000.0,-518000.0,171511000.0,1.768,763489000.0,856086000.0,339778000.0,1.108,2.301,5.487,5.477,20026036000.0,3091000.0,64.36,9.702,9.684,0.0,1543626000.0,2425800000.0,2425800000.0,0.0,0.203,0.403,0.163,1.969,0.0,57840000.0,1.0,365662885.0,365002000,381992000.0,6.646,20704148000.0,0.0,1613000.0,0.0,56.723,
19,EQR,MRT,2016-09-30,2016-09-30,2016-09-30,2021-08-02,-118730000.0,21297744000.0,21734788500.0,,,0.116,27.705,5397099000.0,517586000.0,517586000.0,833701000.0,4391443000.0,,1.04,8498787000.0,,,8498787000.0,0.0,715223000.0,64060000.0,0.203,13.064,4717664000.0,5432887000.0,2.153,5432887000.0,4717664000.0,4220807000.0,11.56,11.47,11.56,10115505000.0,10702555750.0,10115505000.0,31529375235.0,7.0,5.803,6509702000.0,17.829,1.0,1689803000.0,0.67,0.0,496857000.0,29278945000.0,30507091250.0,0.0,60911000.0,,,10517051000.0,,,23516224235.0,472671000.0,15850000.0,53206000.0,-2285282000.0,-3692018000.0,-6106995000.0,5467063000.0,74963000.0,1112603000.0,0.0,4219399000.0,4215584000.0,4215584000.0,-171000.0,168492000.0,1.671,770729000.0,919074000.0,1531158000.0,1.13,2.325,5.578,5.565,20105278000.0,3815000.0,64.33,9.319,9.307,0.0,1451452000.0,2523504000.0,2523504000.0,0.0,0.194,0.394,0.155,1.869,0.0,61454000.0,1.0,365556105.0,365109000,382373000.0,6.912,21297744000.0,0.0,1408000.0,0.0,58.333,
20,EQR,MRT,2016-06-30,2016-06-30,2016-06-30,2021-08-02,-123511000.0,21229922000.0,22162553500.0,,,0.118,30.573,5304903000.0,497843000.0,497843000.0,856064000.0,4379407000.0,,0.837,8510994000.0,,,8510994000.0,0.0,729486000.0,64242000.0,0.147,10.113,4733889000.0,5463375000.0,2.09,5463375000.0,4733889000.0,4209086000.0,11.53,11.44,11.53,11160578000.0,10793313000.0,11160578000.0,33391556197.0,7.0,6.112,6461560000.0,17.701,1.0,1757655000.0,0.672,0.0,524803000.0,29243073000.0,31631044250.0,0.0,65952000.0,,,9344994000.0,,,25175787197.0,398185000.0,5459000.0,55482000.0,-2303078000.0,-3709011000.0,-6140214000.0,5381742000.0,70902000.0,1156657000.0,0.0,4207775000.0,4203900000.0,4203900000.0,-6000.0,167917000.0,1.608,790360000.0,967295000.0,378032000.0,0.877,2.256,5.989,5.974,20128412000.0,3875000.0,68.88,9.632,9.62,0.0,2524788000.0,2613719000.0,2613719000.0,0.0,0.19,0.389,0.15,1.811,0.0,64256000.0,1.0,365502137.0,365047000,382065000.0,7.16,21229922000.0,0.0,1311000.0,0.0,58.157,
21,EQR,MRT,2016-03-31,2016-03-31,2016-03-31,2021-08-02,-126193000.0,21301292000.0,22625530500.0,,,0.119,30.346,5281168000.0,368049000.0,368049000.0,884267000.0,4449625000.0,,0.856,8583818000.0,,,8583818000.0,0.0,747641000.0,63592000.0,0.135,10.162,4825777000.0,5573418000.0,2.066,5573418000.0,4825777000.0,4276580000.0,11.72,11.63,11.72,11063772000.0,10628359500.0,11063772000.0,38322796473.0,8.0,6.876,6491283000.0,17.804,1.0,1813410000.0,0.672,0.0,549197000.0,29517061000.0,32774683000.0,0.0,66476000.0,,,9471497000.0,,,27396574473.0,311082000.0,11002000.0,51441000.0,-2253905000.0,-3725992000.0,-6133677000.0,5234644000.0,4024000.0,1210115000.0,0.0,4275356000.0,4271420000.0,4271420000.0,-85000.0,170491000.0,1.583,805878000.0,1007532000.0,407130000.0,0.867,2.476,6.414,6.402,20143592000.0,3936000.0,75.03,10.156,10.14,0.0,2490861000.0,2697677000.0,2697677000.0,0.0,0.189,0.402,0.147,1.789,0.0,61619000.0,1.0,365141603.0,364592000,382243000.0,7.399,21301292000.0,0.0,1224000.0,0.0,58.425,
22,EQR,MRT,2015-12-31,2015-12-31,2015-12-31,2021-08-02,-152016000.0,23110196000.0,23057469500.0,,,0.119,28.804,-726474000.0,42276000.0,42276000.0,905168000.0,908018000.0,,1.131,10921366000.0,,,10921366000.0,0.0,769277000.0,77582000.0,0.027,2.211,1315524000.0,2084801000.0,0.76,2084801000.0,1315524000.0,871037000.0,2.37,2.36,2.37,10470368000.0,10445257000.0,10470368000.0,40486077668.0,31.0,19.42,630154000.0,1.734,1.0,1839797000.0,0.67,0.0,444487000.0,33989286000.0,33855202250.0,0.0,68101000.0,,,11847058000.0,,,29720124668.0,-5353000.0,28125000.0,63912000.0,132148000.0,-784748000.0,-666167000.0,-695814000.0,2535000.0,1356628000.0,0.0,870120000.0,863277000.0,863277000.0,-397000.0,34241000.0,0.314,830559000.0,1009238000.0,396502000.0,0.933,2.838,34.427,34.426,22458081000.0,6843000.0,81.59,10.827,10.804,0.0,2009091000.0,2744965000.0,2744965000.0,0.0,0.037,0.083,0.039,0.479,0.0,64664000.0,1.0,364261854.0,363498000,380620000.0,7.552,23110196000.0,0.0,917000.0,0.0,63.577,
23,EQR,MRT,2015-09-30,2015-09-30,2015-09-30,2021-08-02,-157020000.0,23008804000.0,23017574000.0,,,0.118,28.821,-343040000.0,37366000.0,37366000.0,899792000.0,921339000.0,,1.124,10803319000.0,,,10803319000.0,0.0,777951000.0,76934000.0,0.029,2.159,1328501000.0,2106452000.0,0.778,2106452000.0,1328501000.0,884319000.0,2.42,2.4,2.42,10478534000.0,10419779000.0,10478534000.0,38085657597.0,29.0,18.08,1030108000.0,2.833,1.0,1806640000.0,0.668,0.0,444182000.0,33774757000.0,33796729500.0,0.0,74108000.0,,,11781555000.0,,,27349859597.0,5888000.0,47798000.0,67106000.0,-182953000.0,-764663000.0,-962524000.0,-404736000.0,1185000.0,1373148000.0,0.0,883373000.0,876991000.0,876991000.0,-432000.0,34749000.0,0.324,837952000.0,968688000.0,462113000.0,0.892,2.61,31.186,31.041,22244786000.0,6382000.0,75.12,10.106,10.092,0.0,2007590000.0,2706432000.0,2706432000.0,0.0,0.038,0.084,0.039,0.491,0.0,60001000.0,1.0,364082263.0,363579000,380663000.0,7.444,23008804000.0,0.0,946000.0,0.0,63.284,
24,EQR,MRT,2015-06-30,2015-06-30,2015-06-30,2021-08-02,-163855000.0,23081830000.0,23017396500.0,,,0.116,28.89,-323302000.0,92109000.0,92109000.0,891467000.0,947073000.0,,1.119,10827907000.0,,,10827907000.0,0.0,772361000.0,76112000.0,0.03,2.106,1357437000.0,2129798000.0,0.796,2129798000.0,1357437000.0,909302000.0,2.49,2.48,2.49,10500764000.0,10394729500.0,10500764000.0,36351181640.0,27.0,17.068,1056339000.0,2.906,1.0,1782754000.0,0.667,0.0,448135000.0,33817628000.0,33836595750.0,0.0,94718000.0,,,11748919000.0,,,25541091640.0,15977000.0,54271000.0,94656000.0,-272294000.0,-744257000.0,-1003069000.0,-360595000.0,959000.0,1379641000.0,0.0,908425000.0,901839000.0,901839000.0,-289000.0,35709000.0,0.337,827133000.0,955621000.0,402137000.0,0.846,2.432,28.321,28.181,22295993000.0,6586000.0,70.17,9.551,9.537,0.0,2012909000.0,2674221000.0,2674221000.0,0.0,0.039,0.087,0.04,0.508,0.0,54772000.0,1.0,363988765.0,363476000,380491000.0,7.357,23081830000.0,0.0,877000.0,0.0,63.503,
25,EQR,MRT,2015-03-31,2015-03-31,2015-03-31,2021-08-02,-180022000.0,23029048000.0,22994789500.0,,,0.115,28.453,-429682000.0,49418000.0,49418000.0,887543000.0,766175000.0,,1.143,10859508000.0,,,10859508000.0,0.0,768215000.0,75294000.0,0.026,2.053,1189085000.0,1957300000.0,0.739,1957300000.0,1189085000.0,735892000.0,2.01,2.01,2.01,10331362000.0,10341973000.0,10331362000.0,39130116404.0,33.0,19.992,905404000.0,2.494,1.0,1760134000.0,0.665,0.0,453193000.0,33839138000.0,33881517000.0,0.0,89284000.0,,,11813593000.0,,,28325335404.0,12209000.0,103158000.0,102579000.0,-104790000.0,-723785000.0,-800746000.0,-522131000.0,775000.0,1335086000.0,0.0,734695000.0,727906000.0,727906000.0,-685000.0,28797000.0,0.275,821080000.0,939054000.0,411064000.0,1.021,2.742,38.913,38.736,22195373000.0,6789000.0,77.86,10.698,10.678,0.0,1928449000.0,2647677000.0,2647677000.0,0.0,0.032,0.07,0.035,0.449,0.0,52865000.0,1.0,363798297.0,363098000,380327000.0,7.292,23029048000.0,0.0,1197000.0,0.0,63.424,
26,EQR,MRT,2014-12-31,2014-12-31,2014-12-31,2021-08-02,-172152000.0,22950614000.0,22959935250.0,,,0.114,28.707,-668972000.0,40080000.0,40080000.0,883564000.0,658683000.0,,1.132,10844861000.0,,,10844861000.0,0.0,758861000.0,75633000.0,0.028,2.0,1090162000.0,1849023000.0,0.707,1849023000.0,1090162000.0,632702000.0,1.74,1.73,1.74,10368456000.0,10353272750.0,10368456000.0,36958299498.0,34.0,19.988,655101000.0,1.814,1.0,1731184000.0,0.662,0.0,457460000.0,33755395000.0,33870658500.0,0.0,105434000.0,,,11742105000.0,,,26032171498.0,-13454000.0,88025000.0,84188000.0,61620000.0,-776659000.0,-692861000.0,-644666000.0,855000.0,1324073000.0,0.0,631308000.0,627163000.0,627163000.0,-1582000.0,24831000.0,0.24,809540000.0,921644000.0,342156000.0,1.149,2.511,41.508,41.287,22242578000.0,4145000.0,71.84,9.956,9.923,0.0,1950639000.0,2614748000.0,2614748000.0,0.0,0.027,0.061,0.032,0.417,0.0,50679000.0,1.0,362363189.0,361181000,377735000.0,7.239,22950614000.0,0.0,1394000.0,0.0,63.543,
27,EQR,MRT,2014-09-30,2014-09-30,2014-09-30,2021-08-02,-164806000.0,23008094000.0,22930918000.0,,,0.113,28.716,-739894000.0,31478000.0,31478000.0,883692000.0,547512000.0,,1.143,10957606000.0,,,10957606000.0,0.0,749028000.0,75738000.0,0.035,2.15,1022161000.0,1771189000.0,0.684,1771189000.0,1022161000.0,525535000.0,1.43,1.43,1.43,10378336000.0,10387959000.0,10378336000.0,33282024742.0,33.0,18.791,376200000.0,1.041,1.0,1705530000.0,0.659,0.0,496626000.0,33934222000.0,33818626000.0,0.0,128100000.0,,,11860523000.0,,,22276113742.0,-941283000.0,55366000.0,59141000.0,-619529000.0,-739710000.0,-1341920000.0,-715457000.0,-3516000.0,1116094000.0,0.0,524545000.0,520400000.0,520400000.0,-48229000.0,20604000.0,0.201,804970000.0,900560000.0,391336000.0,1.503,2.146,42.806,43.063,22260605000.0,4145000.0,61.58,8.603,8.595,0.0,1915344000.0,2589222000.0,2589222000.0,0.0,0.023,0.05,0.03,0.395,0.0,56458000.0,1.0,361742672.0,361409000,377954000.0,7.164,23008094000.0,0.0,990000.0,0.0,63.662,
28,EQR,MRT,2014-06-30,2014-06-30,2014-06-30,2021-08-02,-166990000.0,22991402000.0,23131752250.0,,,0.11,28.519,-56802000.0,76132000.0,76132000.0,878151000.0,708039000.0,,1.159,11082043000.0,,,11082043000.0,0.0,838168000.0,74508000.0,0.033,2.05,1179625000.0,2017793000.0,0.791,2017793000.0,1179625000.0,681215000.0,1.87,1.87,1.87,10289738000.0,10443034250.0,10289738000.0,33661866725.0,29.0,16.683,1013774000.0,2.81,1.0,1673622000.0,0.656,0.0,498410000.0,33997313000.0,33971537250.0,0.0,142318000.0,,,11922733000.0,,,22755793725.0,-76432000.0,67802000.0,30531000.0,-503691000.0,-703106000.0,-1212959000.0,65951000.0,-154000.0,1070576000.0,0.0,679993000.0,675848000.0,675848000.0,-453473000.0,26702000.0,0.265,895677000.0,777945000.0,356131000.0,1.096,2.212,33.67,33.69,22170651000.0,4145000.0,63.0,8.918,8.908,0.0,1875732000.0,2551773000.0,2551773000.0,0.0,0.029,0.065,0.035,0.462,0.0,60927000.0,1.0,361203075.0,360809000,377118000.0,7.072,22991402000.0,0.0,1222000.0,0.0,63.722,
29,EQR,MRT,2014-03-31,2014-03-31,2014-03-31,2021-08-02,-162894000.0,22889631000.0,23254497500.0,,,0.108,28.786,760904000.0,37209000.0,37209000.0,871433000.0,927051000.0,,1.134,10943282000.0,,,10943282000.0,0.0,978482000.0,72735000.0,0.034,1.95,1398502000.0,2376984000.0,0.945,2376984000.0,1398502000.0,893066000.0,2.46,2.46,2.46,10376561000.0,10451195750.0,10376561000.0,31651702924.0,23.0,13.316,1773188000.0,4.919,1.0,1644989000.0,0.654,0.0,505436000.0,33795704000.0,34235555250.0,0.0,205068000.0,,,11764797000.0,,,20938982924.0,-18878000.0,-39523000.0,27465000.0,-1059674000.0,-666562000.0,-1764001000.0,732839000.0,4899000.0,1012284000.0,0.0,892062000.0,887917000.0,887917000.0,-848206000.0,35048000.0,0.353,1031178000.0,613811000.0,349597000.0,0.793,2.018,23.582,23.573,22072253000.0,4145000.0,57.99,8.321,8.307,0.0,1944798000.0,2516422000.0,2516422000.0,0.0,0.038,0.085,0.041,0.556,0.0,63260000.0,1.0,361079202.0,360470000,376384000.0,6.981,22889631000.0,0.0,1004000.0,0.0,63.499,
30,EQR,MRT,2013-12-31,2013-12-31,2013-12-31,2021-08-02,-155162000.0,22834545000.0,23480879250.0,,,0.102,29.656,3925754000.0,53534000.0,53534000.0,827768000.0,1905353000.0,,1.106,10766254000.0,,,10766254000.0,0.0,1013353000.0,71592000.0,0.036,1.85,2418636000.0,3431989000.0,1.437,3431989000.0,2418636000.0,1831782000.0,5.16,5.16,5.16,10507201000.0,10388037500.0,10507201000.0,29428941706.0,12.0,8.575,4794670000.0,13.533,1.0,1559934000.0,0.653,0.0,586854000.0,33547265000.0,34760225500.0,0.0,178526000.0,,,11626205000.0,,,18694505706.0,-559056000.0,-4041875000.0,20653000.0,-681904000.0,-681610000.0,-1420995000.0,-6977000.0,4878000.0,868916000.0,0.0,1830613000.0,1826468000.0,1826468000.0,-2073527000.0,75278000.0,0.765,1041152000.0,518782000.0,362302000.0,0.359,1.779,10.235,10.052,21993239000.0,4145000.0,51.87,7.829,7.697,0.0,2047258000.0,2387702000.0,2387702000.0,0.0,0.078,0.176,0.07,1.013,0.0,62179000.0,1.0,360410752.0,354305000,354305000.0,6.739,22834545000.0,0.0,1169000.0,0.0,64.449,
31,EQR,MRT,2013-09-30,2013-09-30,2013-09-30,2021-08-02,-169392000.0,23811431000.0,22072493000.0,,,0.099,29.456,4225093000.0,972761000.0,972761000.0,761393000.0,2173882000.0,,1.181,11707197000.0,,,11707197000.0,0.0,998149000.0,71462000.0,0.037,1.968,2635103000.0,3633252000.0,1.657,3633252000.0,2635103000.0,2087891000.0,6.16,6.14,6.16,10598637000.0,9583690500.0,10598637000.0,30874125343.0,12.0,8.498,5176475000.0,14.387,1.0,1431918000.0,0.653,0.0,547212000.0,34545867000.0,32652822750.0,0.0,165898000.0,,,12512584000.0,,,19303123343.0,927138000.0,-4034635000.0,1490495000.0,-635796000.0,-622543000.0,-201552000.0,177308000.0,8300000.0,951382000.0,0.0,2086654000.0,2082507000.0,2082507000.0,-2313002000.0,87942000.0,0.949,989921000.0,441997000.0,316775000.0,0.319,1.821,9.269,8.696,22086243000.0,4147000.0,53.57,8.801,8.788,0.0,2171603000.0,2193311000.0,2193311000.0,0.0,0.094,0.217,0.081,1.201,0.0,57088000.0,1.0,360334578.0,359811000,359811000.0,6.096,23811431000.0,0.0,1237000.0,0.0,66.178,
32,EQR,MRT,2013-06-30,2013-06-30,2013-06-30,2021-08-02,-166844000.0,23482383000.0,20286771500.0,,,0.099,28.701,3643236000.0,152564000.0,152564000.0,706059000.0,2018488000.0,,1.205,11723566000.0,,,11723566000.0,0.0,887374000.0,71857000.0,0.033,1.905,2476967000.0,3364341000.0,1.667,3364341000.0,2476967000.0,1936568000.0,5.84,5.81,5.84,10322384000.0,8431724250.0,10322384000.0,33006755739.0,13.0,9.811,4522461000.0,12.575,1.0,1312322000.0,0.65,0.0,540399000.0,35053385000.0,30499374750.0,0.0,188582000.0,,,12435577000.0,,,20907528739.0,107979000.0,-4054433000.0,1299864000.0,-746635000.0,-597043000.0,-340348000.0,-430898000.0,4335000.0,879225000.0,0.0,1935601000.0,1924955000.0,1924955000.0,-2051962000.0,83602000.0,0.954,848284000.0,464038000.0,235449000.0,0.326,2.025,10.861,9.942,22441580000.0,10646000.0,58.06,10.359,10.346,0.0,1939598000.0,2018381000.0,2018381000.0,0.0,0.095,0.228,0.081,1.227,0.0,52734000.0,1.0,360102114.0,359653000,359653000.0,5.612,23482383000.0,0.0,967000.0,0.0,65.292,
33,EQR,MRT,2013-03-31,2013-03-31,2013-03-31,2021-08-02,-182508000.0,23795158000.0,18594778750.0,,,0.099,29.994,2771980000.0,56087000.0,56087000.0,653567000.0,1790071000.0,,1.281,12155314000.0,,,12155314000.0,0.0,729922000.0,72669000.0,0.033,1.842,2246934000.0,2976856000.0,1.61,2976856000.0,2246934000.0,1714858000.0,5.27,5.24,5.27,10123928000.0,7322442750.0,10123928000.0,25836636649.0,11.0,8.679,3777404000.0,11.191,1.0,1195948000.0,0.647,0.0,532076000.0,35894385000.0,28252051250.0,0.0,193338000.0,,,12973313000.0,,,17919982649.0,-163541000.0,-4003821000.0,1305209000.0,-450467000.0,-554431000.0,51898000.0,-1220863000.0,1361000.0,1005424000.0,0.0,1714106000.0,1701029000.0,1701029000.0,-1764560000.0,75546000.0,0.92,668409000.0,527539000.0,255587000.0,0.35,1.77,10.535,10.448,22929318000.0,13077000.0,55.06,9.689,10.048,0.0,1759990000.0,1849515000.0,1849515000.0,0.0,0.091,0.232,0.08,1.215,0.0,50040000.0,1.0,325462816.0,337532000,337532000.0,5.48,23795158000.0,0.0,752000.0,0.0,70.497,
34,EQR,MRT,2012-12-31,2012-12-31,2012-12-31,2021-08-02,-193148000.0,17201000000.0,16766301000.0,,,0.104,24.083,-136815000.0,612590000.0,612590000.0,620844000.0,881204000.0,,1.272,8529244000.0,,,8529244000.0,0.0,684992000.0,66988000.0,0.031,1.78,1297469000.0,1982461000.0,1.134,1982461000.0,1297469000.0,842233000.0,2.73,2.7,2.73,7289813000.0,6246962750.0,7289813000.0,26419668262.0,20.0,13.327,909340000.0,3.004,1.0,1126658000.0,0.645,0.0,455236000.0,25117654000.0,25697001250.0,0.0,17877000.0,,,9275521000.0,,,17156138262.0,228669000.0,-5291000.0,1471478000.0,-1313831000.0,-473451000.0,-556331000.0,-261155000.0,1444000.0,1046155000.0,0.0,841719000.0,826212000.0,826212000.0,-720906000.0,38641000.0,0.473,607902000.0,518756000.0,298548000.0,0.652,2.353,20.765,20.758,16096208000.0,15507000.0,56.67,9.818,9.816,0.0,887355000.0,1747502000.0,1747502000.0,0.0,0.049,0.132,0.05,0.742,0.0,47233000.0,1.0,302737573.0,302701000,319766000.0,5.773,17201000000.0,0.0,514000.0,0.0,56.825,
35,EQR,MRT,2012-09-30,2012-09-30,2012-09-30,2021-08-02,-197754000.0,16668545000.0,16630876750.0,,,0.087,19.881,-1169201000.0,45623000.0,45623000.0,526422000.0,604206000.0,,1.676,9309153000.0,,,9309153000.0,0.0,684173000.0,68758000.0,0.027,1.58,1032901000.0,1717074000.0,1.186,1717074000.0,1032901000.0,577826000.0,1.86,1.88,1.86,5990772000.0,5841763250.0,5990772000.0,26667050952.0,26.0,15.531,-120919000.0,-0.401,1.0,921478000.0,0.636,0.0,455075000.0,25932075000.0,25916698500.0,0.0,17906000.0,,,10040476000.0,,,17317371952.0,-363000.0,-6579000.0,20629000.0,350189000.0,-488467000.0,-102590000.0,-946055000.0,3737000.0,1048282000.0,0.0,577184000.0,559249000.0,559249000.0,-631639000.0,26151000.0,0.386,523741000.0,397737000.0,213650000.0,0.849,2.891,30.965,30.93,16270768000.0,17935000.0,57.53,11.96,11.973,0.0,770697000.0,1447900000.0,1447900000.0,0.0,0.034,0.096,0.04,0.713,0.0,48304000.0,1.0,301014635.0,301336000,318773000.0,4.805,16668545000.0,0.0,642000.0,0.0,55.315,
36,EQR,MRT,2012-06-30,2012-06-30,2012-06-30,2021-08-02,-198075000.0,16714412000.0,16402944750.0,,,0.091,19.605,-1138508000.0,44585000.0,44585000.0,546179000.0,480860000.0,,1.726,9394264000.0,,,9394264000.0,0.0,680792000.0,68265000.0,0.025,1.58,913898000.0,1594690000.0,1.07,1594690000.0,913898000.0,459596000.0,1.48,1.51,1.48,5885258000.0,5777995000.0,5885258000.0,27939857375.0,31.0,17.521,-145769000.0,-0.486,1.0,943894000.0,0.633,0.0,454302000.0,26064091000.0,25555680250.0,0.0,17886000.0,,,10157984000.0,,,18746919375.0,-560179000.0,-7029000.0,220387000.0,-206715000.0,-469783000.0,-558839000.0,-994079000.0,334000.0,992739000.0,0.0,458893000.0,445028000.0,445028000.0,-570257000.0,20397000.0,0.299,544046000.0,399848000.0,182110000.0,1.068,3.185,42.125,42.135,16245611000.0,13865000.0,62.36,12.581,12.563,0.0,654235000.0,1490073000.0,1490073000.0,0.0,0.027,0.077,0.036,0.613,0.0,48342000.0,1.0,300624108.0,300193000,300193000.0,4.964,16714412000.0,0.0,703000.0,0.0,55.679,
37,EQR,MRT,2012-03-31,2012-03-31,2012-03-31,2021-08-02,-189973000.0,16481247000.0,16323872250.0,,,0.093,19.484,-332425000.0,219628000.0,219628000.0,560538000.0,954298000.0,,1.718,9412566000.0,,,9412566000.0,0.0,669361000.0,65468000.0,0.025,1.58,1371917000.0,2041278000.0,1.341,2041278000.0,1371917000.0,912245000.0,3.03,3.03,3.03,5822008000.0,5744304500.0,5822008000.0,28138210818.0,21.0,13.785,514759000.0,1.723,1.0,961551000.0,0.632,0.0,459672000.0,25674185000.0,25350152500.0,0.0,14803000.0,,,10005069000.0,,,18801070818.0,-86444000.0,-4051000.0,259305000.0,-388511000.0,-467718000.0,-692561000.0,-241067000.0,-8164000.0,847184000.0,0.0,911553000.0,897688000.0,897688000.0,-1029043000.0,41423000.0,0.59,549892000.0,411659000.0,186098000.0,0.521,3.229,20.944,20.667,15878097000.0,13865000.0,62.62,12.352,12.293,0.0,656001000.0,1522089000.0,1522089000.0,0.0,0.055,0.156,0.054,0.901,0.0,45859000.0,1.0,300240671.0,298805000,298805000.0,5.094,16481247000.0,0.0,692000.0,0.0,55.157,
38,EQR,MRT,2011-12-31,2011-12-31,2011-12-31,2021-08-02,-196718000.0,16659303000.0,16222392750.0,,,0.094,19.226,-213319000.0,383921000.0,383921000.0,564653000.0,935197000.0,,1.831,9721061000.0,,,9721061000.0,0.0,663616000.0,65286000.0,0.028,1.58,1354463000.0,2018079000.0,1.323,2018079000.0,1354463000.0,894291000.0,2.98,2.98,2.98,5669015000.0,5608512000.0,5669015000.0,25647915427.0,19.0,12.709,587148000.0,1.991,1.0,960567000.0,0.63,0.0,460172000.0,25996443000.0,25293048500.0,0.0,12327000.0,,,10380042000.0,,,16916730427.0,-47487000.0,-2021000.0,274068000.0,-380228000.0,-432023000.0,-650746000.0,-197208000.0,-8751000.0,800467000.0,0.0,893585000.0,879720000.0,879720000.0,-1008138000.0,40780000.0,0.577,551515000.0,409052000.0,214285000.0,0.53,2.984,19.23,19.138,15868363000.0,13865000.0,57.03,11.091,11.025,0.0,615572000.0,1525220000.0,1525220000.0,0.0,0.054,0.157,0.054,0.888,0.0,43604000.0,1.0,296628624.0,294856000,294856000.0,5.173,16659303000.0,0.0,706000.0,0.0,56.5,
39,EQR,MRT,2011-09-30,2011-09-30,2011-09-30,2021-08-02,-185032000.0,15756817000.0,16103615500.0,,,0.112,19.388,945848000.0,45986000.0,45986000.0,662482000.0,1026008000.0,,1.66,8777171000.0,,,8777171000.0,0.0,668091000.0,62073000.0,0.028,1.47,1446606000.0,2114697000.0,1.177,2114697000.0,1446606000.0,981163000.0,3.3,3.27,3.3,5735699000.0,5463804750.0,5735699000.0,24222697666.0,17.0,11.454,1725255000.0,5.832,1.0,1133849000.0,0.631,0.0,465443000.0,24488002000.0,25219153250.0,0.0,11020000.0,,,9523248000.0,,,15378839666.0,2326000.0,-865000.0,524059000.0,-1513145000.0,-427712000.0,-1418374000.0,641293000.0,-17941000.0,779407000.0,0.0,980486000.0,966574000.0,966574000.0,-1060019000.0,45207000.0,0.538,682939000.0,450910000.0,204518000.0,0.445,2.681,15.911,15.718,15133288000.0,13912000.0,51.87,8.561,8.542,0.0,684902000.0,1796331000.0,1796331000.0,0.0,0.06,0.177,0.057,0.805,0.0,41314000.0,1.0,296488137.0,295831000,312844000.0,6.072,15756817000.0,0.0,677000.0,0.0,53.263,
40,EQR,MRT,2011-06-30,2011-06-30,2011-06-30,2021-08-02,-80553000.0,16398122000.0,16186118500.0,,,0.109,19.516,503392000.0,604764000.0,604764000.0,663964000.0,942857000.0,,1.754,9448622000.0,,,9448622000.0,0.0,676657000.0,60779000.0,0.025,1.47,1376216000.0,2052873000.0,1.169,2052873000.0,1376216000.0,902106000.0,3.04,3.01,3.04,5750496000.0,5217035750.0,5750496000.0,27049429020.0,20.0,13.176,1265159000.0,4.294,1.0,1092455000.0,0.622,0.0,474110000.0,25241980000.0,25652076750.0,0.0,3623000.0,,,10084172000.0,,,17678989020.0,556782000.0,25209000.0,526992000.0,-498418000.0,-423421000.0,-456234000.0,251249000.0,-17356000.0,761767000.0,0.0,901421000.0,887358000.0,887358000.0,-1007380000.0,41696000.0,0.505,681666000.0,410789000.0,175684000.0,0.484,3.074,19.923,19.737,15229782000.0,14063000.0,60.0,10.065,10.066,0.0,680619000.0,1756419000.0,1756419000.0,0.0,0.055,0.17,0.054,0.784,0.0,41414000.0,1.0,294649817.0,294663000,312199000.0,5.961,16398122000.0,0.0,685000.0,0.0,55.65,
41,EQR,MRT,2011-03-31,2011-03-31,2011-03-31,2021-08-02,-50634000.0,16075329000.0,15992906000.0,,,0.108,18.023,-266482000.0,306072000.0,306072000.0,662482000.0,371193000.0,,1.943,9676512000.0,,,9676512000.0,0.0,690032000.0,60784000.0,0.026,1.47,823630000.0,1513662000.0,0.878,1513662000.0,823630000.0,355794000.0,1.18,1.18,1.18,5278838000.0,4998706250.0,5278838000.0,26100137846.0,32.0,17.243,494963000.0,1.69,1.0,1060949000.0,0.616,0.0,467836000.0,25445769000.0,25650754500.0,0.0,3533000.0,,,10256546000.0,,,16583469846.0,245886000.0,25255000.0,501080000.0,-173612000.0,-419307000.0,-112929000.0,-402630000.0,16555000.0,761445000.0,0.0,355458000.0,341244000.0,341244000.0,-460787000.0,16251000.0,0.198,689092000.0,371857000.0,186405000.0,1.246,3.142,48.597,47.805,15271843000.0,14214000.0,56.41,9.622,9.587,0.0,228092000.0,1723431000.0,1723431000.0,0.0,0.021,0.068,0.032,0.478,0.0,40595000.0,1.0,293981029.0,292895000,292895000.0,5.884,16075329000.0,0.0,336000.0,0.0,54.884,
42,EQR,MRT,2010-12-31,2010-12-31,2010-12-31,2021-08-02,-57818000.0,16184194000.0,15853677000.0,,,0.106,17.994,-789010000.0,431408000.0,431408000.0,654771000.0,295983000.0,,2.081,9948076000.0,,,9948076000.0,0.0,673403000.0,60812000.0,0.028,1.47,744649000.0,1418052000.0,0.847,1418052000.0,744649000.0,283901000.0,0.95,0.95,0.95,5090186000.0,4934478750.0,5090186000.0,24909891715.0,33.0,17.566,-62973000.0,-0.223,1.0,1019938000.0,0.609,0.0,460748000.0,25700862000.0,25527552250.0,0.0,3167000.0,,,10592078000.0,,,14777024715.0,238120000.0,26924000.0,404273000.0,116929000.0,-379969000.0,151541000.0,-639458000.0,13676000.0,726037000.0,0.0,283610000.0,269242000.0,269242000.0,-399091000.0,13099000.0,0.161,666730000.0,353208000.0,180357000.0,1.547,2.903,54.884,54.684,15365014000.0,14368000.0,51.95,8.824,8.775,0.0,203581000.0,1674709000.0,1674709000.0,0.0,0.017,0.055,0.029,0.445,0.0,39881000.0,1.0,284447059.0,282888000,282888000.0,5.92,16184194000.0,0.0,291000.0,0.0,57.211,
43,EQR,MRT,2010-09-30,2010-09-30,2010-09-30,2021-08-02,-116464000.0,16086829000.0,15662007250.0,,,0.1,16.796,-1235855000.0,43660000.0,43660000.0,601695000.0,145082000.0,,2.288,10176527000.0,,,10176527000.0,0.0,650583000.0,62549000.0,0.028,1.35,621901000.0,1272484000.0,0.813,1272484000.0,621901000.0,139694000.0,0.44,0.44,0.44,4748623000.0,4923767000.0,4748623000.0,23095394852.0,37.0,18.15,-536630000.0,-1.898,1.0,963074000.0,0.615,0.0,482207000.0,26219696000.0,25256536000.0,0.0,0.0,,,10865433000.0,,,13483975852.0,-593928000.0,28049000.0,222147000.0,-70022000.0,-377003000.0,-255949000.0,-1037204000.0,-1839000.0,699225000.0,0.0,139519000.0,125044000.0,125044000.0,-255637000.0,6353000.0,0.08,596572000.0,366502000.0,213774000.0,3.068,2.84,107.834,108.114,15730869000.0,14475000.0,47.57,8.617,8.595,0.0,150344000.0,1564769000.0,1564769000.0,0.0,0.008,0.025,0.025,0.397,0.0,39540000.0,1.0,283455452.0,282717000,282717000.0,5.535,16086829000.0,0.0,175000.0,0.0,56.901,
44,EQR,MRT,2010-06-30,2010-06-30,2010-06-30,2021-08-02,-79666000.0,15625272000.0,15588149000.0,,,0.102,17.282,-520034000.0,47982000.0,47982000.0,617826000.0,258621000.0,,2.115,9659401000.0,,,9659401000.0,0.0,626216000.0,62568000.0,0.032,1.35,729317000.0,1355533000.0,0.852,1355533000.0,729317000.0,247060000.0,0.83,0.83,0.83,4877178000.0,4976524000.0,4877178000.0,21216246925.0,29.0,15.652,141915000.0,0.503,1.0,973224000.0,0.612,0.0,482257000.0,25236691000.0,24948844000.0,0.0,2889000.0,,,10315672000.0,,,11781699925.0,-619513000.0,5239000.0,215348000.0,-556905000.0,-413511000.0,-736168000.0,-545294000.0,33383000.0,661949000.0,0.0,246717000.0,232240000.0,232240000.0,-359852000.0,12821000.0,0.146,582079000.0,391145000.0,184311000.0,1.627,2.416,50.731,50.169,15267159000.0,14477000.0,41.64,7.405,7.386,0.0,220965000.0,1591050000.0,1591050000.0,0.0,0.015,0.047,0.029,0.458,0.0,39200000.0,1.0,282941881.0,282217000,282217000.0,5.638,15625272000.0,0.0,343000.0,0.0,55.366,
45,EQR,MRT,2010-03-31,2010-03-31,2010-03-31,2021-08-02,-8255000.0,15518413000.0,15662596500.0,,,0.104,17.894,-208566000.0,60186000.0,60186000.0,631953000.0,354464000.0,,2.006,9494733000.0,,,9494733000.0,0.0,602621000.0,62637000.0,0.038,1.495,821914000.0,1424535000.0,0.877,1424535000.0,821914000.0,337710000.0,1.16,1.16,1.16,5021928000.0,4989474250.0,5021928000.0,20235074974.0,25.0,14.205,471915000.0,1.682,1.0,992051000.0,0.611,0.0,484204000.0,24952960000.0,24947058000.0,0.0,5645000.0,,,10075387000.0,,,11035792974.0,-368410000.0,7714000.0,190882000.0,-678556000.0,-450354000.0,-949685000.0,-99206000.0,166150000.0,680481000.0,0.0,336961000.0,322482000.0,322482000.0,-433411000.0,18237000.0,0.199,573914000.0,418137000.0,197152000.0,1.289,2.198,34.221,33.75,15059938000.0,14479000.0,39.15,6.795,6.766,0.0,310276000.0,1624004000.0,1624004000.0,0.0,0.021,0.065,0.033,0.506,0.0,39312000.0,1.0,281884878.0,280645000,280645000.0,5.787,15518413000.0,0.0,749000.0,0.0,55.296,
46,EQR,MRT,2009-12-31,2009-12-31,2009-12-31,2021-08-02,4681000.0,15417515000.0,15791907250.0,,,0.104,18.447,254936000.0,193288000.0,193288000.0,631405000.0,382029000.0,,1.978,9392570000.0,,,9392570000.0,0.0,600375000.0,59264000.0,0.049,1.64,858267000.0,1458642000.0,0.889,1458642000.0,858267000.0,364989000.0,1.27,1.27,1.27,5047339000.0,4979753000.0,5047339000.0,18525681759.0,22.0,12.701,925748000.0,3.383,1.0,1008819000.0,0.615,0.0,493278000.0,24616797000.0,25131241750.0,0.0,6995000.0,,,9984722000.0,,,9328149759.0,-697506000.0,6521000.0,99488000.0,-1068102000.0,-488604000.0,-1473547000.0,105229000.0,128888000.0,670812000.0,0.0,362273000.0,347794000.0,347794000.0,-439736000.0,20305000.0,0.212,568835000.0,439984000.0,158803000.0,1.291,1.848,26.821,26.598,14587580000.0,14479000.0,33.78,5.687,5.635,0.0,353659000.0,1640224000.0,1640224000.0,0.0,0.022,0.07,0.034,0.523,0.0,38985000.0,1.0,276144161.0,273609000,273609000.0,5.995,15417515000.0,0.0,2716000.0,0.0,56.349,
47,EQR,MRT,2009-09-30,2009-09-30,2009-09-30,2021-08-02,-21636000.0,15791396000.0,16071306000.0,,,0.114,18.124,157579000.0,637588000.0,637588000.0,734422000.0,296485000.0,,2.11,9835120000.0,,,9835120000.0,0.0,606459000.0,60517000.0,0.058,1.785,764073000.0,1370532000.0,0.746,1370532000.0,764073000.0,282543000.0,0.96,0.98,0.96,4959651000.0,4944257250.0,4959651000.0,17717538744.0,23.0,12.927,874590000.0,3.196,1.0,1103007000.0,0.6,0.0,481530000.0,24988928000.0,25509107000.0,0.0,4616000.0,,,10464788000.0,,,8411053744.0,107538000.0,5396000.0,18328000.0,-250831000.0,-526909000.0,-755938000.0,146465000.0,-4781000.0,717011000.0,0.0,280355000.0,265876000.0,265876000.0,-373868000.0,15623000.0,0.145,716820000.0,386187000.0,231960000.0,1.859,1.696,31.635,31.979,14593102000.0,14479000.0,30.7,4.578,4.572,0.0,405250000.0,1837429000.0,1837429000.0,0.0,0.017,0.054,0.03,0.416,0.0,41387000.0,1.0,273975692.0,273658000,290215000.0,6.714,15791396000.0,0.0,2188000.0,0.0,57.705,
48,EQR,MRT,2009-06-30,2009-06-30,2009-06-30,2021-08-02,-22222000.0,15923062000.0,16215288000.0,,,0.115,18.061,56613000.0,667495000.0,667495000.0,744430000.0,340245000.0,,2.162,9973980000.0,,,9973980000.0,0.0,610569000.0,62035000.0,0.087,1.93,806003000.0,1416572000.0,0.758,1416572000.0,806003000.0,323294000.0,1.12,1.13,1.12,4928979000.0,4993370250.0,4928979000.0,15741590453.0,20.0,11.112,788349000.0,2.889,1.0,1123764000.0,0.602,0.0,482709000.0,25229547000.0,25746544750.0,0.0,3666000.0,,,10658360000.0,,,6087551453.0,393895000.0,2990000.0,20896000.0,132362000.0,-525405000.0,-370946000.0,33105000.0,-38788000.0,731736000.0,0.0,320248000.0,305760000.0,305760000.0,-400563000.0,19065000.0,0.164,718005000.0,405759000.0,256102000.0,1.723,1.235,19.91,19.848,14867662000.0,14488000.0,22.23,3.259,3.247,0.0,365705000.0,1868194000.0,1868194000.0,0.0,0.019,0.061,0.031,0.431,0.0,41355000.0,1.0,273843970.0,272901000,289338000.0,6.846,15923062000.0,0.0,3046000.0,0.0,58.347,
49,EQR,MRT,2009-03-31,2009-03-31,2009-03-31,2021-08-02,-29289000.0,16035656000.0,16255328250.0,,,0.117,18.298,-301628000.0,428596000.0,428596000.0,758994000.0,374306000.0,,2.154,10082635000.0,,,10082635000.0,0.0,605816000.0,63484000.0,0.105,1.93,841259000.0,1447075000.0,0.761,1447075000.0,841259000.0,354709000.0,1.24,1.24,1.24,4983043000.0,5034018750.0,4983043000.0,14616230231.0,17.0,10.101,429599000.0,1.578,1.0,1142150000.0,0.601,0.0,486550000.0,25689695000.0,25858992750.0,0.0,8196000.0,,,10735145000.0,,,5005778231.0,-74053000.0,515000.0,25207000.0,217065000.0,-523649000.0,-295815000.0,-509465000.0,-198828000.0,731227000.0,0.0,350294000.0,335800000.0,335800000.0,-407815000.0,21684000.0,0.177,704970000.0,437180000.0,270217000.0,1.556,1.005,14.907,14.798,15024927000.0,14494000.0,18.35,2.633,2.628,0.0,401262000.0,1901144000.0,1901144000.0,0.0,0.021,0.067,0.033,0.443,0.0,42928000.0,1.0,272794454.0,272324000,288853000.0,6.981,16035656000.0,0.0,4415000.0,0.0,58.884,
50,EQR,MRT,2008-12-31,2008-12-31,2008-12-31,2021-08-02,-35799000.0,16535110000.0,16249150500.0,,,0.116,18.167,-254515000.0,890794000.0,890794000.0,757488000.0,436413000.0,,2.284,10483942000.0,,,10483942000.0,0.0,602908000.0,64355000.0,0.065,1.93,895218000.0,1498126000.0,0.794,1498126000.0,895218000.0,412901000.0,1.46,1.46,1.46,4905356000.0,5056495000.0,4905356000.0,17683077401.0,20.0,11.803,500737000.0,1.854,1.0,1129500000.0,0.599,0.0,482317000.0,26128258000.0,25779501000.0,0.0,5795000.0,,,11202011000.0,,,8111722401.0,839963000.0,3034000.0,18256000.0,962985000.0,-522195000.0,428739000.0,-344028000.0,-157942000.0,755252000.0,0.0,407622000.0,393115000.0,393115000.0,-476467000.0,26126000.0,0.208,697652000.0,431848000.0,250306000.0,1.322,1.654,20.634,20.425,15128939000.0,14507000.0,29.82,4.299,4.267,0.0,456152000.0,1886988000.0,1886988000.0,0.0,0.024,0.078,0.035,0.474,0.0,44951000.0,1.0,272022884.0,270012000,270012000.0,6.989,16535110000.0,0.0,5279000.0,0.0,61.238,
51,EQR,MRT,2008-09-30,2008-09-30,2008-09-30,2021-08-02,-26677000.0,16367324000.0,16037817250.0,,,0.119,19.072,-244987000.0,530050000.0,530050000.0,759502000.0,655657000.0,,2.109,10101405000.0,,,10101405000.0,0.0,598315000.0,64066000.0,0.043,1.93,1055558000.0,1653873000.0,0.869,1653873000.0,1055558000.0,565081000.0,2.04,2.06,2.04,5156103000.0,5095785500.0,5156103000.0,21627990243.0,20.0,13.077,529918000.0,1.96,1.0,1144496000.0,0.601,0.0,490477000.0,25938679000.0,25534356250.0,0.0,3131000.0,,,10873959000.0,,,12031874243.0,467316000.0,3143000.0,-54574000.0,526245000.0,-516446000.0,-80856000.0,-226733000.0,3540000.0,774905000.0,0.0,558091000.0,543559000.0,543559000.0,-588747000.0,93149000.0,0.285,583825000.0,560671000.0,315287000.0,0.946,2.334,22.135,21.77,15211455000.0,14532000.0,44.41,6.319,6.306,0.0,647871000.0,1903998000.0,1903998000.0,0.0,0.034,0.107,0.041,0.554,0.0,47625000.0,1.0,270927139.0,270345000,290795000.0,7.043,16367324000.0,0.0,6990000.0,0.0,60.542,
52,EQR,MRT,2008-06-30,2008-06-30,2008-06-30,2021-08-02,-20245000.0,16083223000.0,15893382500.0,,,0.119,18.885,-56553000.0,273600000.0,273600000.0,757510000.0,926239000.0,,2.091,9869716000.0,,,9869716000.0,0.0,598847000.0,64225000.0,0.05,1.91,1342713000.0,1941560000.0,1.025,1941560000.0,1342713000.0,846367000.0,3.04,3.05,3.04,5091573000.0,5091494750.0,5091573000.0,19712904069.0,15.0,10.153,770012000.0,2.856,1.0,1136584000.0,0.6,0.0,496346000.0,25679339000.0,25363282500.0,0.0,3308000.0,,,10644870000.0,,,10352121069.0,207334000.0,2747000.0,-362368000.0,431186000.0,-515658000.0,-661462000.0,42231000.0,1432000.0,826565000.0,0.0,839924000.0,818559000.0,818559000.0,-868668000.0,82008000.0,0.432,585573000.0,551011000.0,290138000.0,0.628,2.033,12.647,12.589,15363572000.0,21365000.0,38.27,5.465,5.447,0.0,604373000.0,1894094000.0,1894094000.0,0.0,0.052,0.161,0.053,0.709,0.0,50142000.0,1.0,270502249.0,269608000,290445000.0,7.025,16083223000.0,0.0,6443000.0,0.0,59.654,
53,EQR,MRT,2008-03-31,2008-03-31,2008-03-31,2021-08-02,-24913000.0,16010945000.0,15789742750.0,,,0.119,18.874,150576000.0,502649000.0,502649000.0,754712000.0,1068647000.0,,2.087,9863432000.0,,,9863432000.0,0.0,609320000.0,63186000.0,0.046,1.89,1495614000.0,2104934000.0,1.124,2104934000.0,1495614000.0,996990000.0,3.54,3.54,3.54,5072948000.0,5126932500.0,5072948000.0,20645460810.0,14.0,9.808,943184000.0,3.509,1.0,1117659000.0,0.597,0.0,498624000.0,25371728000.0,25176930750.0,0.0,3429000.0,,,10589251000.0,,,11187558810.0,330907000.0,2560000.0,-1058572000.0,1267712000.0,-520565000.0,-679014000.0,217313000.0,3389000.0,792608000.0,0.0,992074000.0,966919000.0,966919000.0,-1032850000.0,73660000.0,0.516,589048000.0,528611000.0,295702000.0,0.534,2.205,11.57,11.72,15089551000.0,25155000.0,41.49,5.975,5.956,0.0,606045000.0,1872371000.0,1872371000.0,0.0,0.061,0.189,0.059,0.799,0.0,49815000.0,1.0,269644705.0,268784000,289317000.0,6.966,16010945000.0,0.0,4916000.0,0.0,59.568,
54,EQR,MRT,2007-12-31,2007-12-31,2007-12-31,2021-08-02,-15882000.0,15689777000.0,15617480000.0,,,0.117,18.119,-452797000.0,50831000.0,50831000.0,742262000.0,1047356000.0,,2.028,9508733000.0,,,9508733000.0,0.0,616414000.0,62159000.0,0.051,1.87,1472016000.0,2088430000.0,1.145,2088430000.0,1472016000.0,982706000.0,3.4,3.4,3.4,5062518000.0,5282553250.0,5062518000.0,19350391701.0,13.0,9.266,340435000.0,1.218,1.0,1081784000.0,0.593,0.0,489310000.0,25147679000.0,24740013000.0,0.0,3547000.0,,,10269213000.0,,,9885592701.0,-209446000.0,-69000.0,-1185755000.0,1297544000.0,-526281000.0,-801929000.0,-200749000.0,5250000.0,793232000.0,0.0,980188000.0,951242000.0,951242000.0,-1026303000.0,64527000.0,0.522,577945000.0,503839000.0,250629000.0,0.55,1.953,10.392,10.726,15163225000.0,28946000.0,36.47,5.42,5.586,0.0,599504000.0,1824046000.0,1824046000.0,0.0,0.061,0.18,0.059,0.807,0.0,46767000.0,1.0,271060946.0,279406000,279406000.0,6.528,15689777000.0,0.0,2518000.0,0.0,56.154,
55,EQR,MRT,2007-09-30,2007-09-30,2007-09-30,2021-08-02,-8660000.0,15789585000.0,15460590500.0,,,0.119,18.887,449177000.0,62734000.0,62734000.0,756508000.0,1331406000.0,,2.002,9527533000.0,,,9527533000.0,0.0,617945000.0,62196000.0,0.044,1.85,1803249000.0,2421194000.0,1.32,2421194000.0,1803249000.0,1337220000.0,4.6,4.58,4.6,5138940000.0,5487979250.0,5138940000.0,21004687538.0,12.0,8.675,1208190000.0,4.44,1.0,1078088000.0,0.588,0.0,466029000.0,25254384000.0,24167992750.0,0.0,3535000.0,,,10285969000.0,,,11739419538.0,-13590000.0,-198000.0,-1099605000.0,1046041000.0,-530061000.0,-988218000.0,215615000.0,6883000.0,759013000.0,0.0,1331406000.0,1298650000.0,1298650000.0,-1315526000.0,0.0,0.708,609856000.0,468232000.0,291622000.0,0.402,2.284,9.04,9.209,15038157000.0,32756000.0,42.36,6.399,6.282,0.0,609991000.0,1834596000.0,1834596000.0,0.0,0.084,0.237,0.075,0.983,0.0,41501000.0,1.0,277134550.0,272086000,294331000.0,6.743,15789585000.0,0.0,5814000.0,0.0,58.032,
56,EQR,MRT,2007-06-30,2007-06-30,2007-06-30,2021-08-02,-6867000.0,15668664000.0,15255710750.0,,,0.118,18.4,-470039000.0,66266000.0,66266000.0,747184000.0,943510000.0,,1.926,9331534000.0,,,9331534000.0,0.0,606906000.0,62812000.0,0.04,1.83,1395337000.0,2002243000.0,1.113,2002243000.0,1395337000.0,948554000.0,3.15,3.15,3.15,5233324000.0,5584390500.0,5233324000.0,21568948610.0,15.0,10.772,277489000.0,0.976,1.0,1051660000.0,0.585,0.0,446783000.0,24933932000.0,23652446250.0,0.0,4225000.0,,,10078708000.0,,,13266785610.0,-5906000.0,-269000.0,-775991000.0,1504293000.0,-528513000.0,-166244000.0,-587190000.0,7618000.0,747528000.0,0.0,943510000.0,907760000.0,907760000.0,-921545000.0,0.0,0.505,596779000.0,454881000.0,256252000.0,0.581,2.535,14.615,14.486,15018857000.0,35750000.0,45.63,7.375,7.215,0.0,288109000.0,1798844000.0,1798844000.0,0.0,0.06,0.163,0.059,0.776,0.0,42657000.0,1.0,290747000.0,284424000,307631000.0,6.325,15668664000.0,0.0,5044000.0,0.0,55.089,
57,EQR,MRT,2007-03-31,2007-03-31,2007-03-31,2021-08-02,-13568000.0,15321894000.0,14953013000.0,,,0.119,19.488,-795228000.0,171742000.0,171742000.0,737664000.0,821266000.0,,1.623,8473905000.0,,,8473905000.0,0.0,600540000.0,60474000.0,0.038,1.81,1254323000.0,1854863000.0,1.045,1854863000.0,1254323000.0,826209000.0,2.7,2.71,2.7,5695431000.0,5694526500.0,5695431000.0,21977759442.0,18.0,11.849,-33739000.0,-0.115,1.0,1037153000.0,0.584,0.0,428114000.0,23624057000.0,22930176750.0,0.0,4196000.0,,,9241145000.0,,,14180380442.0,84965000.0,-92000.0,-118603000.0,1025240000.0,-521973000.0,138241000.0,-814765000.0,8809000.0,761489000.0,0.0,821266000.0,782859000.0,782859000.0,-787864000.0,0.0,0.441,584066000.0,453087000.0,268896000.0,0.67,2.49,18.114,17.863,14753747000.0,38407000.0,48.23,7.99,7.942,0.0,143024000.0,1774817000.0,1774817000.0,0.0,0.052,0.137,0.055,0.707,0.0,40548000.0,1.0,294015767.0,292251000,316265000.0,6.073,15321894000.0,0.0,4943000.0,0.0,52.427,
58,EQR,MRT,2006-12-31,2006-12-31,2006-12-31,2021-08-02,-14010000.0,15062219000.0,14667766250.0,,,0.116,20.289,22238000.0,260277000.0,260277000.0,700767000.0,1072844000.0,,1.49,8057656000.0,,,8057656000.0,0.0,592637000.0,58072000.0,0.035,1.79,1494766000.0,2087403000.0,1.226,2087403000.0,1494766000.0,1077190000.0,3.56,3.56,3.56,5884222000.0,5684445500.0,5884222000.0,23077868707.0,15.0,11.056,777704000.0,2.682,1.0,1001774000.0,0.588,0.0,417576000.0,22859598000.0,22400142750.0,0.0,4448000.0,,,8766538000.0,,,14825736707.0,171449000.0,758000.0,-5532000.0,440684000.0,-514055000.0,-324545000.0,-259472000.0,10098000.0,755466000.0,0.0,1072844000.0,1031766000.0,1031766000.0,-1042551000.0,0.0,0.606,560879000.0,440895000.0,248081000.0,0.503,2.52,14.369,14.256,14212695000.0,41078000.0,50.75,8.708,8.645,0.0,159528000.0,1702541000.0,1702541000.0,0.0,0.07,0.182,0.067,0.878,0.0,44194000.0,1.0,292132743.0,290019000,290019000.0,5.87,15062219000.0,0.0,4346000.0,0.0,51.935,
59,EQR,MRT,2006-09-30,2006-09-30,2006-09-30,2021-08-02,-14626000.0,14970066000.0,14429399250.0,,,0.114,19.048,-1696515000.0,76324000.0,76324000.0,683104000.0,833669000.0,,1.638,8328456000.0,,,8328456000.0,0.0,578534000.0,63901000.0,0.035,1.77,1237923000.0,1816457000.0,1.104,1816457000.0,1237923000.0,833669000.0,2.73,2.69,2.73,5524585000.0,5562225000.0,5524585000.0,22333526780.0,18.0,12.295,-989649000.0,-3.412,1.0,962705000.0,0.585,30000000.0,404254000.0,23192198000.0,22080492250.0,0.0,4528000.0,,,9048895000.0,,,14716545780.0,-230609000.0,6674000.0,-5022000.0,1445305000.0,-509532000.0,563899000.0,-1501374000.0,4462000.0,706866000.0,0.0,833669000.0,789365000.0,789365000.0,-776668000.0,0.0,0.48,518036000.0,444669000.0,290849000.0,0.648,2.664,18.644,18.527,14582964000.0,44304000.0,50.58,8.942,8.914,1452000.0,-162408000.0,1645809000.0,1645809000.0,0.0,0.055,0.142,0.056,0.752,0.0,60338000.0,1.0,290955828.0,290036000,315886000.0,5.674,14940066000.0,0.0,0.0,0.0,51.511,
60,EQR,MRT,2006-06-30,2006-06-30,2006-06-30,2021-08-02,-10927000.0,14457873000.0,14014840000.0,,,0.115,19.602,-833829000.0,72172000.0,72172000.0,682490000.0,1031382000.0,,1.478,7689153000.0,,,7689153000.0,0.0,567162000.0,60111000.0,0.039,1.76,1419003000.0,1986165000.0,1.233,1986165000.0,1419003000.0,1031382000.0,3.41,3.37,3.41,5673868000.0,5496033750.0,5673868000.0,20380368229.0,14.0,10.261,-128565000.0,-0.444,1.0,928727000.0,0.576,30000000.0,387621000.0,22044854000.0,21218046750.0,0.0,4733000.0,,,8385077000.0,,,13027354229.0,-30580000.0,5200000.0,-16397000.0,777843000.0,-505402000.0,-14125000.0,-721719000.0,6239000.0,705264000.0,0.0,1031382000.0,983256000.0,983256000.0,-982388000.0,0.0,0.61,499946000.0,428781000.0,259081000.0,0.516,2.296,13.249,13.117,14081126000.0,48126000.0,44.73,8.085,8.036,879000.0,-89783000.0,1611217000.0,1611217000.0,0.0,0.07,0.179,0.067,0.881,0.0,61258000.0,1.0,291244226.0,289460000,314698000.0,5.566,14427873000.0,0.0,0.0,0.0,49.844,
61,EQR,MRT,2006-03-31,2006-03-31,2006-03-31,2021-08-02,-12360000.0,14180907000.0,13627380750.0,,,0.114,19.576,-586414000.0,86777000.0,86777000.0,668759000.0,1012569000.0,,1.436,7439791000.0,,,7439791000.0,0.0,546661000.0,56716000.0,0.037,1.75,1386237000.0,1932898000.0,1.24,1932898000.0,1386237000.0,1012569000.0,3.34,3.3,3.34,5655107000.0,5380787250.0,5655107000.0,21091237675.0,15.0,10.912,96283000.0,0.333,1.0,890155000.0,0.571,30000000.0,373668000.0,21503921000.0,20563819000.0,0.0,4891000.0,,,8122956000.0,,,13588992675.0,-4291000.0,4999000.0,29034000.0,625267000.0,-500677000.0,-194961000.0,-492027000.0,4915000.0,682697000.0,0.0,1012569000.0,961498000.0,961498000.0,-968004000.0,0.0,0.617,479188000.0,410967000.0,250224000.0,0.524,2.403,14.133,14.009,13748867000.0,51071000.0,46.79,8.717,8.671,1364000.0,-111305000.0,1558914000.0,1558914000.0,0.0,0.071,0.179,0.067,0.889,0.0,65678000.0,1.0,290425148.0,288880000,314049000.0,5.396,14150907000.0,0.0,0.0,0.0,48.985,
62,EQR,MRT,2005-12-31,2005-12-31,2005-12-31,2021-08-02,-14472000.0,14108751000.0,13256487750.0,,,0.113,18.881,-679807000.0,88828000.0,88828000.0,646971000.0,861793000.0,,1.537,7591073000.0,,,7591073000.0,0.0,528958000.0,54823000.0,0.044,1.74,1215467000.0,1744425000.0,1.166,1744425000.0,1215467000.0,861793000.0,2.83,2.79,2.83,5395340000.0,5267409250.0,5395340000.0,17733631688.0,15.0,10.166,18724000.0,0.066,1.0,848539000.0,0.567,30000000.0,353674000.0,21580996000.0,19933853750.0,0.0,6838000.0,,,8291228000.0,,,11273044688.0,5323000.0,3196000.0,63143000.0,733881000.0,-496004000.0,-101007000.0,-592201000.0,683000.0,698531000.0,0.0,861793000.0,807792000.0,807792000.0,-755284000.0,0.0,0.54,459056000.0,389483000.0,261355000.0,0.615,2.089,13.955,13.823,13702230000.0,54001000.0,39.12,7.538,7.475,789000.0,-350367000.0,1495510000.0,1495510000.0,0.0,0.061,0.153,0.061,0.813,0.0,70382000.0,1.0,288165764.0,285760000,310785000.0,5.233,14078751000.0,0.0,0.0,0.0,49.268,
63,EQR,MRT,2005-09-30,2005-09-30,2005-09-30,2021-08-02,-17563000.0,13311829000.0,12890618750.0,,,0.113,18.379,235655000.0,306933000.0,306933000.0,625497000.0,786540000.0,,1.453,6767520000.0,,,6767520000.0,0.0,519852000.0,49977000.0,0.046,1.73,1122900000.0,1642752000.0,1.127,1642752000.0,1122900000.0,786540000.0,2.56,2.53,2.56,5259820000.0,5186706250.0,5259820000.0,17418320004.0,16.0,10.603,941479000.0,3.29,1.0,832324000.0,0.571,30000000.0,336360000.0,19742416000.0,19286498750.0,0.0,11390000.0,,,7641072000.0,,,10868413004.0,241940000.0,-2203000.0,77773000.0,117564000.0,-493669000.0,-623765000.0,159881000.0,8580000.0,705824000.0,0.0,786540000.0,730145000.0,730145000.0,-871116000.0,0.0,0.501,440912000.0,391412000.0,268480000.0,0.676,2.066,14.885,14.785,12479286000.0,56395000.0,37.85,7.455,7.43,940000.0,-437639000.0,1457821000.0,1457821000.0,0.0,0.057,0.141,0.058,0.77,0.0,58620000.0,1.0,287144333.0,286182000,286182000.0,5.094,13281829000.0,0.0,0.0,0.0,46.41,
64,EQR,MRT,2005-06-30,2005-06-30,2005-06-30,2021-08-02,-31876000.0,12908036000.0,12696026000.0,,,0.117,18.273,-188286000.0,102752000.0,102752000.0,642767000.0,606525000.0,,1.399,6652659000.0,,,6652659000.0,0.0,514090000.0,49995000.0,0.047,1.73,932412000.0,1446502000.0,0.975,1446502000.0,932412000.0,606525000.0,1.95,1.92,1.95,5212882000.0,5125251250.0,5212882000.0,16869938639.0,18.0,11.663,510773000.0,1.79,1.0,840860000.0,0.567,30000000.0,325887000.0,19427943000.0,19046990750.0,0.0,10658000.0,,,7294236000.0,,,10553213639.0,-40500000.0,2230000.0,82136000.0,158002000.0,-490839000.0,-579111000.0,-160448000.0,7337000.0,699059000.0,0.0,606525000.0,554061000.0,554061000.0,-623713000.0,0.0,0.373,443231000.0,397629000.0,248047000.0,0.887,2.024,19.047,18.882,12425395000.0,52464000.0,36.82,7.113,7.08,942000.0,-563253000.0,1483627000.0,1483627000.0,0.0,0.044,0.108,0.049,0.628,0.0,56139000.0,1.0,286616340.0,285283000,309979000.0,5.201,12878036000.0,0.0,0.0,0.0,45.141,
65,EQR,MRT,2005-03-31,2005-03-31,2005-03-31,2021-08-02,-17620000.0,12697335000.0,12606715750.0,,,0.121,18.283,-101337000.0,91068000.0,91068000.0,663323000.0,587387000.0,,1.348,6407793000.0,,,6407793000.0,0.0,508466000.0,49225000.0,0.054,1.73,907000000.0,1415466000.0,0.926,1415466000.0,907000000.0,587387000.0,1.89,1.87,1.89,5201595000.0,5081261500.0,5201595000.0,15590164438.0,17.0,11.014,604636000.0,2.125,1.0,865266000.0,0.566,30000000.0,319613000.0,18984060000.0,18878646750.0,0.0,10743000.0,,,7009835000.0,,,9213863438.0,19541000.0,4883000.0,76249000.0,38786000.0,-488038000.0,-622354000.0,-64078000.0,8303000.0,705973000.0,0.0,587387000.0,534288000.0,534288000.0,-511073000.0,0.0,0.35,450393000.0,414873000.0,237447000.0,0.915,1.771,17.245,17.042,12190135000.0,53099000.0,32.21,6.028,5.995,348000.0,-567401000.0,1528589000.0,1528589000.0,0.0,0.042,0.105,0.048,0.593,0.0,55257000.0,1.0,286055990.0,284511000,308576000.0,5.373,12667335000.0,0.0,0.0,0.0,44.523,
66,EQR,MRT,2004-12-31,2004-12-31,2004-12-31,2021-08-02,-21370000.0,12645275000.0,12546689000.0,,,0.119,18.133,-220000000.0,83505000.0,83505000.0,644798000.0,472329000.0,,1.387,6459806000.0,,,6459806000.0,0.0,496583000.0,49501000.0,0.048,1.73,780026000.0,1276609000.0,0.855,1276609000.0,780026000.0,472329000.0,1.5,1.48,1.5,5072528000.0,5036384750.0,5072528000.0,16511402955.0,21.0,12.934,487061000.0,1.741,1.0,849129000.0,0.568,30000000.0,307697000.0,18991576000.0,18796081500.0,0.0,11461000.0,,,7037165000.0,,,10230476955.0,33926000.0,-417658000.0,85896000.0,474939000.0,-484540000.0,-117856000.0,-555279000.0,9144000.0,707061000.0,0.0,472329000.0,418583000.0,418583000.0,-383551000.0,0.0,0.28,429339000.0,419790000.0,229859000.0,1.153,2.017,24.441,24.12,12252794000.0,53746000.0,36.18,6.848,6.775,1681000.0,-657462000.0,1493927000.0,1493927000.0,0.0,0.033,0.083,0.041,0.522,0.0,47128000.0,1.0,282766085.0,279744000,303871000.0,5.34,12615275000.0,0.0,0.0,0.0,45.096,
67,EQR,MRT,2004-09-30,2004-09-30,2004-09-30,2021-08-02,-23634000.0,12533458000.0,12252093500.0,,,0.133,17.896,-128227000.0,64993000.0,64993000.0,714877000.0,451398000.0,,1.393,6345919000.0,,,6345919000.0,0.0,484553000.0,48741000.0,0.056,1.73,767712000.0,1252265000.0,0.766,1252265000.0,767712000.0,451398000.0,1.33,1.32,1.33,5014000000.0,5022113000.0,5014000000.0,14934722389.0,19.0,11.926,596417000.0,2.129,1.0,919967000.0,0.563,30000000.0,316314000.0,18784384000.0,18235138250.0,0.0,11629000.0,,,6983049000.0,,,8700950389.0,-307593000.0,-401644000.0,68598000.0,174261000.0,-481244000.0,-700253000.0,-331984000.0,5236000.0,724644000.0,0.0,451398000.0,371768000.0,371768000.0,-66261000.0,0.0,0.227,453794000.0,466173000.0,261694000.0,1.301,1.735,23.404,23.308,12161992000.0,79630000.0,31.0,5.322,5.313,3209000.0,-671779000.0,1634844000.0,1634844000.0,0.0,0.03,0.074,0.042,0.47,0.0,42725000.0,1.0,280675819.0,280167000,304028000.0,5.835,12503458000.0,0.0,0.0,0.0,44.629,
68,EQR,MRT,2004-06-30,2004-06-30,2004-06-30,2021-08-02,-13028000.0,12550795000.0,12116253500.0,,,0.133,18.057,171434000.0,143252000.0,143252000.0,688158000.0,496028000.0,,1.376,6377024000.0,,,6377024000.0,0.0,475938000.0,47620000.0,0.058,1.73,812374000.0,1288312000.0,0.797,1288312000.0,812374000.0,496028000.0,1.48,1.47,1.48,5036923000.0,5090861250.0,5036923000.0,14556500037.0,18.0,11.299,910408000.0,3.264,1.0,928893000.0,0.574,30000000.0,316346000.0,18754567000.0,17827586750.0,0.0,12409000.0,,,6929751000.0,,,8329929037.0,-100586000.0,-410469000.0,87547000.0,35204000.0,-478024000.0,-806093000.0,-33467000.0,8495000.0,738974000.0,0.0,496028000.0,410180000.0,410180000.0,-70452000.0,0.0,0.254,440948000.0,487945000.0,237746000.0,1.169,1.654,20.308,20.088,12082184000.0,85848000.0,29.73,5.151,5.129,2002000.0,-623647000.0,1617051000.0,1617051000.0,0.0,0.034,0.081,0.046,0.502,0.0,39897000.0,1.0,280185975.0,278949000,302201000.0,5.797,12520795000.0,0.0,0.0,0.0,44.886,
69,EQR,MRT,2004-03-31,2004-03-31,2004-03-31,2021-08-02,-29406000.0,12457228000.0,11989477750.0,,,0.133,18.098,326999000.0,71527000.0,71527000.0,672027000.0,510213000.0,,1.363,6298098000.0,,,6298098000.0,0.0,469836000.0,46937000.0,0.058,1.73,826893000.0,1296729000.0,0.812,1296729000.0,826893000.0,510213000.0,1.5,1.49,1.5,5022088000.0,5142281000.0,5022088000.0,13625444311.0,16.0,10.508,1055515000.0,3.804,1.0,924955000.0,0.579,30000000.0,316680000.0,18653799000.0,17507581250.0,0.0,13503000.0,,,6847009000.0,,,8314534311.0,-238782000.0,-399154000.0,92309000.0,-104997000.0,-474709000.0,-890666000.0,-76632000.0,5421000.0,728516000.0,0.0,510213000.0,413781000.0,413781000.0,-77536000.0,0.0,0.259,427092000.0,497863000.0,231435000.0,1.153,1.656,20.094,19.9,12017973000.0,96432000.0,29.85,5.206,5.187,2584000.0,-610865000.0,1596982000.0,1596982000.0,0.0,0.035,0.08,0.047,0.518,0.0,35991000.0,1.0,278543863.0,277498000,301781000.0,5.755,12427228000.0,0.0,0.0,0.0,44.783,
70,EQR,MRT,2003-12-31,2003-12-31,2003-12-31,2021-08-02,-23401000.0,11466893000.0,11882863250.0,,,0.133,18.416,342586000.0,49579000.0,49579000.0,662444000.0,523311000.0,,1.167,5360489000.0,,,5360489000.0,0.0,471569000.0,44670000.0,0.059,1.73,839562000.0,1311131000.0,0.829,1311131000.0,839562000.0,523311000.0,1.57,1.55,1.57,5015441000.0,5182419750.0,5015441000.0,13322936264.0,16.0,10.161,1086905000.0,3.991,1.0,918577000.0,0.581,30000000.0,316251000.0,16747803000.0,17205605750.0,0.0,473977000.0,,,5850523000.0,,,8128856264.0,19704000.0,27367000.0,74724000.0,-247384000.0,-472211000.0,-1058643000.0,334028000.0,11298000.0,744319000.0,0.0,523311000.0,426639000.0,426639000.0,-89311000.0,0.0,0.27,420046000.0,498531000.0,195658000.0,1.102,1.621,19.053,18.796,10578366000.0,96672000.0,29.51,5.142,5.083,426000.0,-588005000.0,1581021000.0,1581021000.0,0.0,0.036,0.082,0.049,0.531,0.0,37025000.0,1.0,275461073.0,272337000,297041000.0,5.805,11436893000.0,0.0,0.0,0.0,41.995,
71,EQR,MRT,2003-09-30,2003-09-30,2003-09-30,2021-08-02,-29262000.0,11990098000.0,11968869250.0,,,0.134,19.389,391035000.0,372586000.0,372586000.0,660522000.0,501818000.0,,1.153,5566666000.0,,,5566666000.0,0.0,474648000.0,44987000.0,0.059,1.73,821126000.0,1295774000.0,0.809,1295774000.0,821126000.0,501818000.0,1.58,1.58,1.58,5288993000.0,5227840250.0,5288993000.0,13474972117.0,16.0,10.399,1166447000.0,4.276,1.0,940678000.0,0.587,30000000.0,319308000.0,17154178000.0,17337340250.0,0.0,521750000.0,,,6096459000.0,,,8014119117.0,350830000.0,-11074000.0,-56754000.0,4708000.0,-472524000.0,-625898000.0,201316000.0,13882000.0,775412000.0,0.0,501818000.0,430191000.0,430191000.0,-99853000.0,0.0,0.269,427592000.0,513086000.0,234759000.0,1.095,1.515,18.629,18.532,10578418000.0,71627000.0,29.28,5.005,4.988,1038000.0,-559446000.0,1601200000.0,1601200000.0,0.0,0.036,0.082,0.047,0.513,0.0,42771000.0,1.0,273706254.0,272787000,297941000.0,5.87,11960098000.0,0.0,0.0,0.0,43.844,
72,EQR,MRT,2003-06-30,2003-06-30,2003-06-30,2021-08-02,-38450000.0,12043692000.0,11970893750.0,,,0.136,19.318,186465000.0,243838000.0,243838000.0,665696000.0,458340000.0,,1.181,5704691000.0,,,5704691000.0,0.0,475502000.0,44965000.0,0.067,1.73,778895000.0,1254397000.0,0.769,1254397000.0,778895000.0,458340000.0,1.41,1.4,1.41,5242602000.0,5240389000.0,5242602000.0,12517541168.0,16.0,9.979,985927000.0,3.633,1.0,965759000.0,0.592,30000000.0,320555000.0,17474545000.0,17428050000.0,0.0,509937000.0,,,6193024000.0,,,7072414168.0,154896000.0,-27467000.0,-91526000.0,81709000.0,-473529000.0,-589866000.0,-54700000.0,18622000.0,799462000.0,0.0,458340000.0,382089000.0,382089000.0,-101511000.0,0.0,0.234,432311000.0,533448000.0,213750000.0,1.227,1.349,18.51,18.404,10749647000.0,76251000.0,25.95,4.335,4.317,2119000.0,-547693000.0,1631455000.0,1631455000.0,0.0,0.032,0.073,0.045,0.477,0.0,44311000.0,1.0,272540045.0,271380000,296084000.0,6.012,12013692000.0,0.0,0.0,0.0,44.269,
73,EQR,MRT,2003-03-31,2003-03-31,2003-03-31,2021-08-02,-42228000.0,12030770000.0,11987920750.0,,,0.14,19.147,66378000.0,310309000.0,310309000.0,672788000.0,435246000.0,,1.204,5755436000.0,,,5755436000.0,0.0,475106000.0,45192000.0,0.072,1.73,759147000.0,1234253000.0,0.737,1234253000.0,759147000.0,435246000.0,1.33,1.31,1.33,5182643000.0,5279154000.0,5182643000.0,12032946944.0,16.0,9.749,885054000.0,3.27,1.0,1002760000.0,0.598,30000000.0,323901000.0,17445897000.0,17465718750.0,0.0,515741000.0,,,6240903000.0,,,6539122944.0,60547000.0,-65102000.0,-83152000.0,-58049000.0,-473900000.0,-775835000.0,17706000.0,29197000.0,818676000.0,0.0,435246000.0,358976000.0,358976000.0,-100836000.0,0.0,0.214,439406000.0,563354000.0,207647000.0,1.301,1.262,18.216,18.098,10843444000.0,76270000.0,24.07,3.903,3.888,1410000.0,-541721000.0,1675548000.0,1675548000.0,0.0,0.03,0.068,0.043,0.453,0.0,46868000.0,1.0,271671082.0,270678000,294508000.0,6.19,12000770000.0,0.0,0.0,0.0,44.336,
74,EQR,MRT,2002-12-31,2002-12-31,2002-12-31,2021-08-02,-43789000.0,11810917000.0,12062291500.0,,,0.14,19.109,-62754000.0,29875000.0,29875000.0,670405000.0,400777000.0,,1.155,5523699000.0,,,5523699000.0,0.0,472956000.0,45333000.0,0.07,1.73,728439000.0,1201395000.0,0.712,1201395000.0,728439000.0,400777000.0,1.19,1.18,1.19,5197123000.0,5335093500.0,5197123000.0,12206454057.0,17.0,10.16,825509000.0,3.035,1.0,1016636000.0,0.603,30000000.0,327662000.0,17274741000.0,17570952500.0,0.0,509789000.0,,,6002491000.0,,,6657633057.0,-21728000.0,-25612000.0,-76015000.0,-159175000.0,-473996000.0,-861369000.0,-48622000.0,27425000.0,888263000.0,0.0,400777000.0,324162000.0,324162000.0,-108367000.0,0.0,0.192,436072000.0,580564000.0,199628000.0,1.454,1.281,20.538,20.655,10934246000.0,76615000.0,24.58,3.946,3.963,2926000.0,-539942000.0,1687041000.0,1687041000.0,0.0,0.027,0.061,0.041,0.432,0.0,46492000.0,1.0,270855698.0,271974000,297969000.0,6.203,11780917000.0,0.0,0.0,0.0,43.316,
75,EQR,MRT,2002-09-30,2002-09-30,2002-09-30,2021-08-02,-45030000.0,11998196000.0,12168468500.0,,,0.142,19.49,-234622000.0,21756000.0,21756000.0,687555000.0,444797000.0,,1.131,5570577000.0,,,5570577000.0,0.0,472762000.0,46250000.0,0.072,1.73,776025000.0,1248787000.0,0.721,1248787000.0,776025000.0,444797000.0,1.27,1.24,1.27,5339188000.0,5389300250.0,5339188000.0,12156931775.0,16.0,9.735,656061000.0,2.395,1.0,1044653000.0,0.603,30000000.0,331228000.0,17517017000.0,17722139500.0,0.0,435701000.0,,,6037865000.0,,,6596389775.0,-89051000.0,-67953000.0,47766000.0,-176307000.0,-471585000.0,-754346000.0,-225388000.0,22146000.0,890683000.0,0.0,444797000.0,342144000.0,342144000.0,-102777000.0,0.0,0.198,439787000.0,604866000.0,282276000.0,1.362,1.235,19.28,18.85,11182077000.0,102653000.0,23.94,3.808,3.786,2951000.0,-512093000.0,1732208000.0,1732208000.0,0.0,0.028,0.063,0.044,0.448,0.0,44810000.0,1.0,275538420.0,273943000,299057000.0,6.323,11968196000.0,0.0,0.0,0.0,43.689,
76,EQR,MRT,2002-06-30,2002-06-30,2002-06-30,2021-08-02,-30665000.0,12111800000.0,12217573750.0,,,0.146,19.761,-184738000.0,88942000.0,88942000.0,703649000.0,449987000.0,,1.128,5649484000.0,,,5649484000.0,0.0,473838000.0,47098000.0,0.06,1.73,787286000.0,1261124000.0,0.705,1261124000.0,787286000.0,449987000.0,1.29,1.27,1.29,5397662000.0,5403266750.0,5397662000.0,13479977430.0,17.0,10.689,739437000.0,2.707,1.0,1085483000.0,0.607,47122000.0,337299000.0,17625220000.0,17773828250.0,0.0,423529000.0,,,6086556000.0,,,7894276430.0,62328000.0,-62688000.0,72935000.0,-301339000.0,-461893000.0,-871101000.0,9254000.0,71113000.0,924175000.0,0.0,449987000.0,347182000.0,347182000.0,-35383000.0,0.0,0.194,443189000.0,642294000.0,262072000.0,1.341,1.463,22.738,22.287,11227981000.0,102805000.0,28.75,4.412,4.389,2627000.0,-457264000.0,1789132000.0,1789132000.0,0.0,0.028,0.064,0.044,0.44,0.0,43662000.0,1.0,274583528.0,273146000,299494000.0,6.55,12064678000.0,0.0,0.0,0.0,44.169,
77,EQR,MRT,2002-03-31,2002-03-31,2002-03-31,2021-08-02,-25663000.0,12328253000.0,12209057750.0,,,0.15,19.943,-148466000.0,249762000.0,249762000.0,721429000.0,439621000.0,,1.163,5835463000.0,,,5835463000.0,0.0,472527000.0,47574000.0,0.059,1.705,779204000.0,1251731000.0,0.685,1251731000.0,779204000.0,439621000.0,1.24,1.22,1.24,5406401000.0,5409472250.0,5406401000.0,13506098438.0,17.0,10.79,768178000.0,2.834,1.0,1106126000.0,0.605,47122000.0,339583000.0,17866832000.0,17759128750.0,0.0,396733000.0,,,6287681000.0,,,7814943438.0,144931000.0,-58723000.0,76939000.0,-12727000.0,-452456000.0,-766206000.0,-5507000.0,60030000.0,916644000.0,0.0,439621000.0,332179000.0,332179000.0,-26226000.0,0.0,0.182,440457000.0,665669000.0,245102000.0,1.375,1.445,23.526,23.177,11255541000.0,107442000.0,28.74,4.276,4.263,1355000.0,-427190000.0,1827555000.0,1827555000.0,0.0,0.027,0.061,0.044,0.426,0.0,39460000.0,1.0,271918700.0,271094000,297229000.0,6.741,12281131000.0,0.0,0.0,0.0,45.302,
78,EQR,MRT,2001-12-31,2001-12-31,2001-12-31,2021-08-02,-33040000.0,12235625000.0,12188368250.0,,,0.151,20.25,3412000.0,51603000.0,51603000.0,726985000.0,474023000.0,,1.143,5742758000.0,,,5742758000.0,0.0,471721000.0,47644000.0,0.053,1.53,818778000.0,1290499000.0,0.7,1290499000.0,818778000.0,474023000.0,1.36,1.34,1.36,5413950000.0,5464582250.0,5413950000.0,13352044273.0,16.0,10.346,893080000.0,3.341,1.0,1117018000.0,0.606,47291000.0,344755000.0,17879489000.0,17688983500.0,0.0,397237000.0,,,6185853000.0,,,7774671273.0,27831000.0,-115027000.0,74402000.0,-321237000.0,-335534000.0,-919266000.0,57429000.0,59793000.0,889668000.0,0.0,474023000.0,362580000.0,362580000.0,-21704000.0,0.0,0.197,434507000.0,682511000.0,250086000.0,1.125,1.436,21.443,21.11,11323940000.0,111443000.0,28.71,4.216,4.162,2400000.0,-385320000.0,1844003000.0,1844003000.0,0.0,0.03,0.066,0.046,0.444,0.0,35414000.0,1.0,270800114.0,267349000,295213000.0,6.897,12188334000.0,0.0,0.0,0.0,45.59,
79,EQR,MRT,2001-09-30,2001-09-30,2001-09-30,2021-08-02,-25388000.0,12194617000.0,12195453500.0,,,0.164,20.112,-34585000.0,110807000.0,110807000.0,771134000.0,458399000.0,,1.143,5688180000.0,,,5688180000.0,0.0,466898000.0,48632000.0,0.052,1.505,804880000.0,1271778000.0,0.637,1271778000.0,804880000.0,458399000.0,1.32,1.3,1.32,5395054000.0,5515981500.0,5395054000.0,13426450388.0,17.0,10.557,851860000.0,3.176,1.0,1225600000.0,0.614,48218000.0,346481000.0,17723772000.0,17688800500.0,0.0,351947000.0,,,6164804000.0,,,7862476388.0,54565000.0,-245836000.0,71642000.0,14396000.0,-433840000.0,-702300000.0,-129580000.0,78704000.0,886445000.0,0.0,458399000.0,348296000.0,348296000.0,19481000.0,0.0,0.174,462210000.0,763390000.0,279688000.0,1.14,1.457,22.574,22.121,11309439000.0,110103000.0,29.2,3.938,3.923,4070000.0,-385160000.0,1996734000.0,1996734000.0,0.0,0.029,0.063,0.046,0.403,0.0,30635000.0,1.0,269262890.0,268253000,296391000.0,7.443,12146399000.0,0.0,0.0,0.0,45.28,
80,EQR,MRT,2001-06-30,2001-06-30,2001-06-30,2021-08-02,-8504000.0,12077736000.0,12102014750.0,,,0.165,20.358,21643000.0,26614000.0,26614000.0,782459000.0,533864000.0,,1.109,5590588000.0,,,5590588000.0,0.0,459561000.0,46775000.0,0.052,1.48,886207000.0,1345768000.0,0.672,1345768000.0,886207000.0,533864000.0,1.6,1.57,1.6,5422484000.0,5562058250.0,5422484000.0,12965831250.0,15.0,9.635,876275000.0,3.29,1.0,1220054000.0,0.609,75288000.0,352343000.0,17566422000.0,17474351000.0,0.0,401996000.0,,,6014688000.0,,,7554718250.0,-210452000.0,-324048000.0,53707000.0,9936000.0,-424024000.0,-634261000.0,-430823000.0,26870000.0,854632000.0,0.0,533864000.0,420158000.0,420158000.0,-36776000.0,0.0,0.21,456037000.0,764017000.0,244926000.0,0.925,1.393,17.981,17.672,11131532000.0,113706000.0,28.275,3.773,3.761,2497000.0,-337723000.0,2002513000.0,2002513000.0,0.0,0.035,0.076,0.051,0.443,0.0,27248000.0,1.0,267187206.0,266357000,293939000.0,7.518,12002448000.0,0.0,0.0,0.0,45.062,
81,EQR,MRT,2001-03-31,2001-03-31,2001-03-31,2021-08-02,-17033000.0,12245495000.0,12019266500.0,,,0.164,21.218,4995000.0,104831000.0,104831000.0,757351000.0,583592000.0,,1.063,5515944000.0,,,5515944000.0,0.0,455420000.0,46595000.0,0.056,1.453,942230000.0,1397650000.0,0.71,1397650000.0,942230000.0,583592000.0,1.805,1.78,1.805,5626841000.0,5588358500.0,5626841000.0,12591464876.0,13.0,9.009,873040000.0,3.292,1.0,1210795000.0,0.615,70357000.0,358638000.0,17586251000.0,17279565000.0,0.0,407517000.0,,,5981362000.0,,,6909084876.0,32321000.0,-339670000.0,37480000.0,61443000.0,-412480000.0,-364046000.0,-471678000.0,24324000.0,868045000.0,0.0,583592000.0,471513000.0,471513000.0,-35202000.0,0.0,0.24,455922000.0,754873000.0,238875000.0,0.805,1.228,14.653,14.413,11218007000.0,112079000.0,26.015,3.51,3.505,1980000.0,-302363000.0,1968146000.0,1968146000.0,0.0,0.039,0.084,0.055,0.479,0.0,26441000.0,1.0,265580814.0,265198000,297184000.0,7.421,12175138000.0,0.0,0.0,0.0,45.91,
82,EQR,MRT,2000-12-31,2000-12-31,2000-12-31,2021-08-02,0.0,12263966000.0,11903934250.0,,,0.162,21.696,-49931000.0,23772000.0,23772000.0,735858000.0,549451000.0,,1.073,5706152000.0,,,5706152000.0,0.0,451344000.0,46272000.0,0.057,1.575,913302000.0,1364646000.0,0.708,1364646000.0,913302000.0,549451000.0,1.69,1.67,1.69,5619547000.0,5554981250.0,5619547000.0,12396127173.0,14.0,9.084,791895000.0,3.057,1.0,1191582000.0,0.618,67589000.0,363851000.0,17878757000.0,17152464500.0,0.0,399593000.0,,,6031801000.0,,,7280171173.0,-5345000.0,-367469000.0,32904000.0,101226000.0,-412321000.0,-283996000.0,-563175000.0,26739000.0,841826000.0,0.0,549451000.0,437510000.0,437510000.0,-35059000.0,0.0,0.227,455264000.0,736318000.0,126681000.0,0.932,1.296,16.64,16.364,11358743000.0,111941000.0,27.655,3.777,3.716,1801000.0,-300351000.0,1927440000.0,1927440000.0,0.0,0.037,0.079,0.053,0.474,0.0,26385000.0,1.0,263249726.0,259015000,291266000.0,7.441,12196377000.0,0.0,0.0,0.0,47.088,
83,EQR,MRT,2000-09-30,2000-09-30,2000-09-30,2021-08-02,0.0,11820862000.0,11766865000.0,,,0.167,21.229,-7167000.0,56242000.0,56242000.0,754459000.0,530888000.0,,1.012,5172198000.0,,,5172198000.0,0.0,447794000.0,40946000.0,0.064,1.547,905257000.0,1353051000.0,0.687,1353051000.0,905257000.0,530888000.0,1.625,1.605,1.625,5579361000.0,5526328000.0,5579361000.0,11340097240.0,13.0,8.381,813725000.0,3.096,1.0,1215809000.0,0.617,70844000.0,374369000.0,16865974000.0,16972885250.0,0.0,350081000.0,,,5648978000.0,,,6299562240.0,-6563000.0,-197071000.0,22439000.0,-141118000.0,-389808000.0,-516810000.0,-310645000.0,15487000.0,820892000.0,0.0,530888000.0,419213000.0,419213000.0,0.0,0.0,0.213,472704000.0,743105000.0,288713000.0,0.952,1.129,15.027,14.769,10887744000.0,111675000.0,24.0,3.197,3.201,1611000.0,-201092000.0,1970268000.0,1970268000.0,0.0,0.036,0.076,0.053,0.459,0.0,25914000.0,1.0,262481760.0,262824000,304988000.0,7.497,11750018000.0,0.0,0.0,0.0,44.707,
84,EQR,MRT,2000-06-30,2000-06-30,2000-06-30,2021-08-02,0.0,11746743000.0,11573927000.0,,,0.162,21.413,-302882000.0,237066000.0,237066000.0,698194000.0,457463000.0,,1.028,5277601000.0,,,5277601000.0,0.0,436066000.0,39077000.0,0.066,1.52,819775000.0,1255841000.0,0.67,1255841000.0,819775000.0,457463000.0,1.365,1.35,1.365,5527685000.0,5465045500.0,5527685000.0,11187420091.0,14.0,8.908,480130000.0,1.86,1.0,1175533000.0,0.627,0.0,362312000.0,16787278000.0,16714354500.0,0.0,81777000.0,,,5682177000.0,,,5893737091.0,141570000.0,-81070000.0,16348000.0,198798000.0,-376997000.0,-188737000.0,-452705000.0,16256000.0,783012000.0,0.0,457463000.0,345724000.0,345724000.0,0.0,0.0,0.185,460864000.0,714669000.0,246808000.0,1.114,1.066,17.048,16.842,10873542000.0,111739000.0,22.99,3.145,3.167,1408000.0,-324561000.0,1873727000.0,1873727000.0,0.0,0.03,0.063,0.049,0.438,0.0,24798000.0,1.0,256360900.0,258144000,293020000.0,7.258,11746743000.0,0.0,0.0,0.0,45.505,
85,EQR,MRT,2000-03-31,2000-03-31,2000-03-31,2021-08-02,0.0,11784166000.0,11347693500.0,,,0.159,21.492,-348692000.0,72510000.0,72510000.0,674761000.0,401466000.0,,1.051,5366193000.0,,,5366193000.0,0.0,423673000.0,40037000.0,0.074,1.495,747928000.0,1171601000.0,0.648,1171601000.0,747928000.0,401466000.0,1.165,1.155,1.165,5493332000.0,5421617500.0,5493332000.0,10585533838.0,14.0,9.035,456217000.0,1.785,1.0,1132916000.0,0.627,0.0,346462000.0,17077849000.0,16381049250.0,0.0,83290000.0,,,5774061000.0,,,5140782838.0,61772000.0,-74002000.0,21544000.0,163892000.0,-364369000.0,-223573000.0,-519564000.0,18637000.0,804909000.0,0.0,401466000.0,289259000.0,289259000.0,0.0,0.0,0.16,446900000.0,686016000.0,230270000.0,1.283,0.936,17.772,17.249,11111308000.0,112207000.0,20.095,2.844,2.841,1226000.0,-350328000.0,1807677000.0,1807677000.0,0.0,0.025,0.053,0.046,0.414,0.0,23227000.0,1.0,255823978.0,255596000,281372000.0,7.072,11784166000.0,0.0,0.0,0.0,46.105,
86,EQR,MRT,1999-12-31,1999-12-31,1999-12-31,2021-08-02,0.0,11715689000.0,11077142250.0,,,0.157,22.529,-453201000.0,29117000.0,29117000.0,646941000.0,393881000.0,,1.045,5473868000.0,,,5473868000.0,0.0,408688000.0,39687000.0,0.069,1.47,724429000.0,1133117000.0,0.65,1133117000.0,724429000.0,393881000.0,1.15,1.14,1.15,5504934000.0,5382623750.0,5504934000.0,10179409773.0,14.0,8.984,335769000.0,1.374,1.0,1095686000.0,0.629,0.0,330548000.0,17160440000.0,15926308250.0,0.0,225261000.0,,,5753776000.0,,,5396668773.0,25152000.0,-48263000.0,32215000.0,207358000.0,-364183000.0,-236967000.0,-526851000.0,15346000.0,788970000.0,0.0,393881000.0,280685000.0,280685000.0,0.0,0.0,0.161,430984000.0,664702000.0,121768000.0,1.278,0.98,19.227,18.561,11181344000.0,113196000.0,21.345,3.097,2.993,1731000.0,-325856000.0,1742627000.0,1742627000.0,0.0,0.025,0.052,0.045,0.416,0.0,22296000.0,1.0,252830582.0,244350000,271310000.0,7.132,11715689000.0,0.0,0.0,0.0,47.946,
87,EQR,MRT,1999-09-30,1999-09-30,1999-09-30,2021-08-02,0.0,11049110000.0,10823285000.0,,,0.155,21.806,-352983000.0,62805000.0,62805000.0,623611000.0,362419000.0,,0.985,4845546000.0,,,4845546000.0,0.0,390980000.0,35715000.0,0.068,1.445,680377000.0,1071357000.0,0.64,1071357000.0,680377000.0,362419000.0,1.05,1.04,1.05,5334231000.0,5339002000.0,5334231000.0,9795318864.0,14.0,9.143,372786000.0,1.524,1.0,1051328000.0,0.628,0.0,317958000.0,15831851000.0,15480403750.0,0.0,85295000.0,,,5254416000.0,,,5183070864.0,-91208000.0,-74892000.0,45408000.0,71974000.0,-319505000.0,-313599000.0,-503378000.0,-14342000.0,725769000.0,0.0,362419000.0,249459000.0,249459000.0,0.0,0.0,0.149,412859000.0,638469000.0,250745000.0,1.376,0.972,20.777,20.181,10465850000.0,112960000.0,21.19,3.094,3.095,1602000.0,-308968000.0,1674939000.0,1674939000.0,0.0,0.023,0.047,0.044,0.406,0.0,21879000.0,1.0,244599852.0,244624000,244624000.0,6.847,11049110000.0,0.0,0.0,0.0,45.168,
88,EQR,MRT,1999-06-30,1999-06-30,1999-06-30,2021-08-02,0.0,10841809000.0,10219159250.0,,,0.155,22.205,-558997000.0,95496000.0,95496000.0,595402000.0,323100000.0,,0.947,4707744000.0,,,4707744000.0,0.0,367093000.0,35967000.0,0.062,1.4,622533000.0,989626000.0,0.627,989626000.0,622533000.0,323100000.0,0.95,0.945,0.95,5353973000.0,5000492000.0,5353973000.0,9944552820.0,16.0,10.049,128988000.0,0.535,1.0,983598000.0,0.623,0.0,299433000.0,15454057000.0,14627711500.0,0.0,85882000.0,,,5068520000.0,,,5387628820.0,-170419000.0,-104291000.0,-49133000.0,309126000.0,-298229000.0,-175128000.0,-683276000.0,-3528000.0,687985000.0,0.0,323100000.0,216456000.0,216456000.0,0.0,0.0,0.137,388605000.0,594993000.0,221866000.0,1.474,1.006,24.89,23.716,10294483000.0,106644000.0,22.53,3.412,3.44,957000.0,-283877000.0,1579000000.0,1579000000.0,0.0,0.021,0.043,0.043,0.394,0.0,21512000.0,1.0,239131328.0,241116000,241116000.0,6.549,10841809000.0,0.0,0.0,0.0,44.965,
89,EQR,MRT,1999-03-31,1999-03-31,1999-03-31,2021-08-02,0.0,10701961000.0,9508716750.0,,,0.154,22.434,-836600000.0,10738000.0,10738000.0,553293000.0,294173000.0,,0.924,4567662000.0,,,4567662000.0,0.0,334380000.0,37013000.0,0.067,1.38,569701000.0,904081000.0,0.618,904081000.0,569701000.0,294173000.0,0.9,0.895,0.9,5337357000.0,4674749250.0,5337357000.0,9578419166.0,17.0,10.595,-233932000.0,-0.983,1.0,910535000.0,0.622,0.0,275528000.0,15258885000.0,13542443250.0,0.0,86913000.0,,,4930205000.0,,,4901857166.0,-66837000.0,-77772000.0,4204000.0,673690000.0,-254651000.0,269684000.0,-939189000.0,-14735000.0,602668000.0,0.0,294173000.0,193571000.0,193571000.0,0.0,0.0,0.132,356148000.0,554387000.0,200605000.0,1.533,0.918,25.323,22.917,10267952000.0,100602000.0,20.625,3.349,3.352,1765000.0,-265962000.0,1463828000.0,1463828000.0,0.0,0.02,0.041,0.042,0.389,0.0,21768000.0,1.0,237665802.0,237912000,237912000.0,6.153,10701961000.0,0.0,0.0,0.0,44.983,
90,EQR,MRT,1998-12-31,1998-12-31,1998-12-31,2021-08-02,0.0,10700260000.0,8665562000.0,,,0.154,26.554,-919572000.0,3965000.0,3965000.0,505843000.0,258206000.0,,0.926,4680527000.0,,,4680527000.0,0.0,301869000.0,37439000.0,0.067,1.36,504791000.0,806660000.0,0.605,806660000.0,504791000.0,258206000.0,0.825,0.815,0.825,5330447000.0,4340050500.0,5330447000.0,8525818302.0,17.0,10.569,-377425000.0,-1.88,1.0,828048000.0,0.621,0.0,246585000.0,15376822000.0,12237187750.0,0.0,88041000.0,,,4938439000.0,,,4737343302.0,-29330000.0,-73019000.0,345030000.0,547309000.0,-277815000.0,474831000.0,-1046308000.0,-17646000.0,542147000.0,0.0,258206000.0,165289000.0,165289000.0,0.0,0.0,0.124,322500000.0,505548000.0,119681000.0,1.648,0.889,28.661,24.43,10253458000.0,92917000.0,20.155,3.552,3.033,4758000.0,-245538000.0,1333891000.0,1333891000.0,0.0,0.019,0.038,0.041,0.378,0.0,20631000.0,1.0,235045562.0,200740000,225156000.0,6.645,10700260000.0,0.0,0.0,0.0,53.304,
91,EQR,MRT,1998-09-30,1998-09-30,1998-09-30,2021-08-02,0.0,8632607000.0,7764154750.0,,,0.151,20.498,-1513710000.0,154013000.0,154013000.0,439422000.0,242581000.0,,1.072,3942488000.0,,,3942488000.0,0.0,258924000.0,36558000.0,0.064,1.34,451273000.0,710197000.0,0.607,710197000.0,451273000.0,242581000.0,0.86,0.855,0.86,3980191000.0,3929936500.0,3980191000.0,7243540538.0,16.0,10.199,-969516000.0,-4.993,1.0,730618000.0,0.624,0.0,208692000.0,12421082000.0,10895397000.0,0.0,87937000.0,,,4267592000.0,,,4130595538.0,-123536000.0,-28608000.0,359486000.0,1002506000.0,-202807000.0,1028718000.0,-1696448000.0,-23071000.0,544194000.0,0.0,242581000.0,155781000.0,155781000.0,0.0,0.0,0.133,282369000.0,448249000.0,187501000.0,1.558,1.038,26.515,24.529,8112196000.0,86800000.0,21.095,3.53,3.501,3978000.0,-210291000.0,1170040000.0,1170040000.0,0.0,0.02,0.04,0.041,0.386,0.0,19522000.0,1.0,195809222.0,194178000,194178000.0,6.026,8632607000.0,0.0,0.0,0.0,44.457,
92,EQR,MRT,1998-06-30,1998-06-30,1998-06-30,2021-08-02,0.0,8000039000.0,,,,,20.795,-1380202000.0,265915000.0,265915000.0,379825000.0,233243000.0,,0.903,3378860000.0,,,3378860000.0,0.0,225779000.0,33800000.0,0.056,1.318,409294000.0,635073000.0,0.614,635073000.0,409294000.0,233243000.0,0.89,0.88,0.89,4051002000.0,,4051002000.0,7338079456.0,18.0,11.555,-905052000.0,-4.646,1.0,654320000.0,0.633,0.0,176051000.0,11112984000.0,,0.0,87916000.0,,,3658267000.0,,,4629558456.0,-45443000.0,-19942000.0,476948000.0,615755000.0,-197825000.0,1052818000.0,-1573411000.0,-36298000.0,475150000.0,0.0,233243000.0,151786000.0,151786000.0,0.0,0.0,0.147,248109000.0,406211000.0,168833000.0,1.481,1.143,30.501,26.618,7394762000.0,81457000.0,23.69,4.477,4.463,5127000.0,-180989000.0,1034145000.0,1034145000.0,0.0,,,,0.396,0.0,18698000.0,1.0,195422476.0,194810000,194810000.0,5.308,8000039000.0,0.0,0.0,0.0,41.066,
93,EQR,MRT,1998-03-31,1998-03-31,1998-03-31,2021-08-02,0.0,7329342000.0,,,,,21.415,-1213060000.0,77575000.0,77575000.0,326207000.0,201217000.0,,0.762,2786096000.0,,,2786096000.0,0.0,192157000.0,29711000.0,0.052,1.295,349502000.0,541659000.0,0.607,541659000.0,349502000.0,201217000.0,0.855,0.845,0.855,3998562000.0,,3998562000.0,7728905590.0,22.0,14.269,-792035000.0,-4.242,1.0,565825000.0,0.634,0.0,148285000.0,10037863000.0,,0.0,175532000.0,,,3048540000.0,,,4813877590.0,-7254000.0,-17994000.0,812204000.0,144237000.0,-199430000.0,1132425000.0,-1560704000.0,-112258000.0,421025000.0,0.0,201217000.0,129574000.0,129574000.0,0.0,0.0,0.145,212515000.0,353310000.0,155802000.0,1.515,1.204,37.152,29.386,6854535000.0,71643000.0,25.125,5.397,5.259,3798000.0,-161459000.0,892032000.0,892032000.0,0.0,,,,0.392,0.0,16726000.0,1.0,191597118.0,186722000,186722000.0,4.777,7329342000.0,0.0,0.0,0.0,39.253,
94,EQR,MRT,1997-12-31,1997-12-31,1997-12-31,2021-08-02,0.0,7094631000.0,5040379000.0,,,0.148,28.07,-1215175000.0,33295000.0,33295000.0,272388000.0,176592000.0,,0.849,2948323000.0,,,2948323000.0,0.0,156644000.0,28193000.0,0.05,1.272,297916000.0,454560000.0,0.608,454560000.0,297916000.0,176592000.0,0.895,0.88,0.895,3689991000.0,2574410500.0,3689991000.0,,,,-866178000.0,-6.589,1.0,474690000.0,0.635,0.0,121324000.0,10009659000.0,7051394500.0,0.0,176063000.0,,,3131236000.0,,,4843575143.0,-113976000.0,-6900000.0,545009000.0,379217000.0,-217229000.0,1089417000.0,-1552390000.0,-111888000.0,348997000.0,0.0,176592000.0,117580000.0,117580000.0,0.0,0.0,0.157,171465000.0,303225000.0,87922000.0,1.421,1.313,41.194,28.246,6676673000.0,59012000.0,25.28,6.483,4.448,3302000.0,-133129000.0,747078000.0,747078000.0,0.0,0.023,0.046,0.042,0.399,0.0,14821000.0,1.0,191597118.0,131458000,131458000.0,5.683,7094631000.0,0.0,0.0,0.0,53.969,
95,EQR,MRT,1997-09-30,1997-09-30,1997-09-30,2021-08-02,,,,,,,,,,,,,,,,,,,,,,0.046,1.25,,,,,,,,,,,,,,,,,,1.0,,,,,,,,,,,,,,,,,,,,,,,,,,,,,,,,,,,,,,,,27.315,,,,,,,,,,,,,,1.0,,147514000,,,,,,,,
96,EQR,MRT,1997-06-30,1997-06-30,1997-06-30,2021-08-02,,,,,,,,,,,,,,,,,,,,,,0.052,1.232,,,,,,,,,,,,,,,,,,1.0,,,,,,,,,,,,,,,,,,,,,,,,,,,,,,,,,,,,,,,,23.75,,,,,,,,,,,,,,1.0,,117880000,,,,,,,,
97,EQR,MRT,1997-03-31,1997-03-31,1997-03-31,2021-08-02,,,,,,,,,,,,,,,,,,,,,,0.055,1.215,,,,,,,,,,,,,,,,,,1.0,,,,,,,,,,,,,,,,,,,,,,,,,,,,,,,,,,,,,,,,22.25,,,,,,,,,,,,,,1.0,,103582000,,,,,,,,
98,EQR,MRT,1996-12-31,1996-12-31,1996-12-31,2021-08-02,0.0,2986127000.0,,,,,17.128,-638079000.0,147271000.0,147271000.0,188812000.0,101624000.0,,0.944,1254274000.0,,,1254274000.0,0.0,93253000.0,14128000.0,0.058,1.197,182975000.0,276228000.0,0.577,276228000.0,182975000.0,101624000.0,0.85,0.845,0.85,1458830000.0,,1458830000.0,,,,-427149000.0,-5.015,1.0,289573000.0,0.605,0.0,81351000.0,4093130000.0,,0.0,86596000.0,,,1376660000.0,,,,133843000.0,0.0,493167000.0,-40497000.0,-121860000.0,558568000.0,-635655000.0,1171000.0,210930000.0,0.0,101624000.0,72609000.0,72609000.0,0.0,0.0,0.152,103110000.0,186463000.0,79055000.0,1.408,,,24.265,2681998000.0,29015000.0,20.625,,3.672,1450000.0,-76641000.0,478385000.0,478385000.0,0.0,,,,0.382,0.0,9857000.0,1.0,,85172000,85172000.0,5.617,2986127000.0,0.0,0.0,0.0,35.06,
99,EQR,MRT,1995-12-31,1995-12-31,1995-12-31,2021-08-02,,,,,,,,-239914000.0,,,164401000.0,67719000.0,,,,,,,,72410000.0,,0.071,1.09,146094000.0,218504000.0,0.56,218504000.0,146094000.0,67719000.0,0.84,0.835,0.84,,,,,,,-98380000.0,-1.432,1.0,225983000.0,0.579,,78375000.0,,,,,,,,,,,-6610000.0,0.0,2664000.0,6224000.0,-77081000.0,175874000.0,-324018000.0,-87154000.0,141534000.0,0.0,67719000.0,57610000.0,57610000.0,0.0,0.0,0.148,58922000.0,167061000.0,,1.298,,,18.232,,10109000.0,15.315,,2.696,,,390384000.0,390384000.0,0.0,,,,0.374,0.0,8129000.0,1.0,,68716000,68716000.0,5.681,,,0.0,,,
