None,ticker,dimension,calendardate,datekey,reportperiod,lastupdated,accoci,assets,assetsavg,assetsc,assetsnc,assetturnover,bvps,capex,cashneq,cashnequsd,cor,consolinc,currentratio,de,debt,debtc,debtnc,debtusd,deferredrev,depamor,deposits,divyield,dps,ebit,ebitda,ebitdamargin,ebitdausd,ebitusd,ebt,eps,epsdil,epsusd,equity,equityavg,equityusd,ev,evebit,evebitda,fcf,fcfps,fxusd,gp,grossmargin,intangibles,intexp,invcap,invcapavg,inventory,investments,investmentsc,investmentsnc,liabilities,liabilitiesc,liabilitiesnc,marketcap,ncf,ncfbus,ncfcommon,ncfdebt,ncfdiv,ncff,ncfi,ncfinv,ncfo,ncfx,netinc,netinccmn,netinccmnusd,netincdis,netincnci,netmargin,opex,opinc,payables,payoutratio,pb,pe,pe1,ppnenet,prefdivis,price,ps,ps1,receivables,retearn,revenue,revenueusd,rnd,roa,roe,roic,ros,sbcomp,sgna,sharefactor,sharesbas,shareswa,shareswadil,sps,tangibles,taxassets,taxexp,taxliabilities,tbvps,workingcapital
0,XEC,MRY,2020-12-31,2020-12-31,2020-12-31,2021-08-06,0.0,4621989000.0,5079023250.0,657338000.0,3964651000.0,0.307,15.235,-580993000.0,273145000.0,273145000.0,1297934000.0,-1967458000.0,0.996,1.952,2344202000.0,204449000.0,2139753000.0,2344202000.0,0.0,695954000.0,0.0,0.023,0.86,-2233471000.0,-1537517000.0,-0.986,-1537517000.0,-2233471000.0,-2326385000.0,-19.73,-19.73,-19.73,1553454000.0,1934400750.0,1553454000.0,5866026796.0,-3.0,-3.815,323174000.0,3.17,1.0,260661000.0,0.167,0.0,92914000.0,6032821000.0,6610051750.0,37150000.0,9190000.0,6848000.0,2342000.0,3031754000.0,660225000.0,2371529000.0,3824643796.0,178423000.0,0.0,0.0,-6408000.0,-92976000.0,-146869000.0,-578875000.0,0.0,904167000.0,0.0,-1967458000.0,-1967458000.0,-1967458000.0,0.0,0.0,-1.262,2509168000.0,-2248507000.0,152539000.0,-0.044,2.462,-1.944,-1.901,3872770000.0,0.0,37.51,2.454,2.454,354873000.0,-1659137000.0,1558595000.0,1558595000.0,0.0,-0.387,-1.017,-0.338,-1.433,29895000.0,111005000.0,1.0,101963311.0,101963311,,15.286,4621989000.0,20472000.0,-358927000.0,29051000.0,45.33,-2887000.0
1,XEC,MRY,2019-12-31,2019-12-31,2019-12-31,2021-08-06,0.0,7140029000.0,7478090000.0,621486000.0,6518543000.0,0.316,35.126,-1578986000.0,94722000.0,94722000.0,1632620000.0,-124619000.0,0.819,0.974,2253120000.0,82684000.0,2170436000.0,2253120000.0,0.0,882173000.0,0.0,0.015,0.78,-57603000.0,824570000.0,0.349,824570000.0,-57603000.0,-150989000.0,-1.33,-1.33,-1.33,3576141000.0,3772238500.0,3576141000.0,7597102249.0,-132.0,9.213,-235020000.0,-2.308,1.0,730349000.0,0.309,716865000.0,93386000.0,7822941000.0,8169908250.0,47893000.0,18524000.0,17944000.0,580000.0,3482268000.0,758621000.0,2723647000.0,5344014249.0,-705944000.0,0.0,1267000.0,-386357000.0,-81709000.0,-472028000.0,-1577882000.0,0.0,1343966000.0,0.0,-124619000.0,-124619000.0,-124619000.0,0.0,0.0,-0.053,768825000.0,-38476000.0,244219000.0,-0.586,1.494,-42.883,-39.466,5729989000.0,0.0,52.49,2.262,2.262,461324000.0,331795000.0,2362969000.0,2362969000.0,0.0,-0.017,-0.033,-0.007,-0.024,26398000.0,95843000.0,1.0,101810140.0,101810140,,23.21,6423164000.0,0.0,-26370000.0,392870000.0,63.09,-137135000.0
2,XEC,MRY,2018-12-31,2018-12-31,2018-12-31,2021-08-06,755000.0,6062084000.0,5668069000.0,1424139000.0,4637945000.0,0.413,34.829,-1089390000.0,800666000.0,800666000.0,1251621000.0,791851000.0,2.009,0.821,1518448000.0,27627000.0,1490821000.0,1518448000.0,0.0,590473000.0,0.0,0.009,0.58,1090731000.0,1681204000.0,0.719,1681204000.0,1090731000.0,1022507000.0,8.32,8.32,8.32,3329786000.0,2998424750.0,3329786000.0,6629674737.0,6.0,3.943,461604000.0,4.828,1.0,1087396000.0,0.465,620232000.0,68224000.0,5450927000.0,5239038250.0,55553000.0,111185000.0,101939000.0,9246000.0,2732298000.0,708707000.0,2023591000.0,5893917737.0,400132000.0,0.0,2241000.0,-100000.0,-55243000.0,-65244000.0,-1085618000.0,0.0,1550994000.0,0.0,791851000.0,791851000.0,791851000.0,0.0,0.0,0.339,126387000.0,961009000.0,271738000.0,0.07,1.77,7.443,7.41,3973016000.0,0.0,61.65,2.52,2.52,484087000.0,542885000.0,2339017000.0,2339017000.0,0.0,0.14,0.264,0.208,0.466,22895000.0,77843000.0,1.0,95602883.0,95602883,,24.466,5441852000.0,0.0,230656000.0,368095000.0,56.921,715432000.0
3,XEC,MRY,2017-12-31,2017-12-31,2017-12-31,2021-08-06,2199000.0,5042639000.0,4692168000.0,935635000.0,4107004000.0,0.409,26.96,-1266798000.0,400534000.0,400534000.0,1065555000.0,494329000.0,1.377,0.963,1533254000.0,42066000.0,1491188000.0,1533254000.0,0.0,446031000.0,0.0,0.003,0.4,756817000.0,1202848000.0,0.627,1202848000.0,756817000.0,681996000.0,5.19,5.19,5.19,2568278000.0,2373261250.0,2568278000.0,12692473531.0,17.0,10.552,-170234000.0,-1.787,1.0,852694000.0,0.445,620232000.0,74821000.0,4875553000.0,4517860750.0,49722000.0,17237000.0,15151000.0,2086000.0,2474361000.0,679574000.0,1794787000.0,11622782531.0,-252342000.0,0.0,394000.0,-31202000.0,-30532000.0,-83009000.0,-1265897000.0,0.0,1096564000.0,0.0,494329000.0,494329000.0,494329000.0,0.0,0.0,0.258,123190000.0,729504000.0,256156000.0,0.077,4.526,23.512,23.509,3452452000.0,0.0,122.01,6.059,6.059,489677000.0,-199259000.0,1918249000.0,1918249000.0,0.0,0.105,0.208,0.168,0.395,26256000.0,79996000.0,1.0,95260901.0,95260901,,20.137,4422407000.0,0.0,187667000.0,125305000.0,46.424,256061000.0
4,XEC,MRY,2016-12-31,2016-12-31,2016-12-31,2021-08-06,945000.0,4237724000.0,4552388750.0,969304000.0,3268420000.0,0.276,21.513,-700299000.0,652876000.0,652876000.0,908806000.0,-408803000.0,1.856,1.074,1539879000.0,49370000.0,1490509000.0,1539879000.0,0.0,392348000.0,0.0,0.003,0.4,-539932000.0,-147584000.0,-0.117,-147584000.0,-539932000.0,-623204000.0,-4.38,-4.38,-4.38,2042989000.0,2334351000.0,2042989000.0,13715879247.0,-25.0,-92.936,-74450000.0,-0.784,1.0,348539000.0,0.277,620232000.0,83272000.0,3982143000.0,4347157250.0,33342000.0,0.0,0.0,0.0,2194735000.0,522352000.0,1672383000.0,12905631247.0,-126506000.0,0.0,4804000.0,0.0,-38024000.0,-59945000.0,-692410000.0,0.0,625849000.0,0.0,-408803000.0,-408803000.0,-408803000.0,0.0,0.0,-0.325,864677000.0,-516138000.0,168878000.0,-0.091,6.317,-31.569,-31.027,2559732000.0,0.0,135.9,10.264,10.264,299893000.0,-722359000.0,1257345000.0,1257345000.0,0.0,-0.09,-0.175,-0.124,-0.429,24523000.0,73901000.0,1.0,94964174.0,94964174,,13.24,3617492000.0,55835000.0,-214401000.0,18766000.0,38.093,446952000.0
5,XEC,MRY,2015-12-31,2015-12-31,2015-12-31,2021-08-06,441000.0,4708422000.0,6618334750.0,1077930000.0,3630492000.0,0.219,25.998,-1009783000.0,779382000.0,779382000.0,1336098000.0,-2579604000.0,2.629,0.915,1485620000.0,0.0,1485620000.0,1485620000.0,0.0,731460000.0,0.0,0.007,0.64,-3965587000.0,-3234127000.0,-2.226,-3234127000.0,-3965587000.0,-4051333000.0,-27.75,-27.75,-27.75,2458357000.0,3543656250.0,2458357000.0,9052427729.0,-2.0,-2.799,-284055000.0,-3.004,1.0,116521000.0,0.08,620232000.0,85746000.0,4384361000.0,6344567750.0,54579000.0,11246000.0,10745000.0,501000.0,2250065000.0,410067000.0,1839998000.0,8451739729.0,373520000.0,0.0,760551000.0,0.0,-58281000.0,656397000.0,-1008605000.0,0.0,725728000.0,0.0,-2579604000.0,-2579604000.0,-2579604000.0,0.0,0.0,-1.776,4137519000.0,-4020998000.0,149128000.0,-0.023,3.438,-3.276,-3.221,2971291000.0,0.0,89.38,5.818,5.818,238791000.0,-306008000.0,1452619000.0,1452619000.0,0.0,-0.39,-0.728,-0.625,-2.73,19559000.0,74688000.0,1.0,94559630.0,94559630,,15.362,4088190000.0,0.0,-1471729000.0,174707000.0,43.234,667863000.0
6,XEC,MRY,2014-12-31,2014-12-31,2014-12-31,2021-08-06,1102000.0,8708469000.0,8342551250.0,931804000.0,7776665000.0,0.291,51.584,-1748880000.0,405862000.0,405862000.0,1477201000.0,526498000.0,1.2,0.935,1483176000.0,0.0,1483176000.0,1483176000.0,0.0,775577000.0,0.0,0.006,0.62,909210000.0,1684787000.0,0.695,1684787000.0,909210000.0,836345000.0,6.01,6.0,6.01,4500632000.0,4341243500.0,4500632000.0,10184840848.0,11.0,6.045,-129515000.0,-1.484,1.0,946975000.0,0.391,620232000.0,72865000.0,8389224000.0,8046904750.0,89780000.0,0.0,0.0,0.0,4207837000.0,776327000.0,3431510000.0,9248341848.0,401331000.0,0.0,11898000.0,576000000.0,-53849000.0,522433000.0,-1740467000.0,0.0,1619365000.0,0.0,526498000.0,526498000.0,526498000.0,0.0,0.0,0.217,106359000.0,840616000.0,293168000.0,0.103,2.055,17.566,17.637,7114742000.0,0.0,106.0,3.815,3.815,447447000.0,2501574000.0,2424176000.0,2424176000.0,0.0,0.063,0.121,0.113,0.375,15001000.0,81160000.0,1.0,87248508.0,87248508,,27.785,8088237000.0,13475000.0,309847000.0,1781656000.0,92.703,155477000.0
7,XEC,MRY,2013-12-31,2013-12-31,2013-12-31,2021-08-06,1189000.0,7253135000.0,6918454500.0,469139000.0,6783996000.0,0.289,46.318,-1562698000.0,4531000.0,4531000.0,1134804000.0,564689000.0,0.687,0.803,924389000.0,389000.0,924000000.0,924389000.0,0.0,615874000.0,0.0,0.005,0.54,948673000.0,1564547000.0,0.783,1564547000.0,948673000.0,893700000.0,6.48,6.47,6.48,4022208000.0,3768020750.0,4022208000.0,10009189957.0,11.0,6.398,-238350000.0,-2.745,1.0,863247000.0,0.432,620232000.0,54973000.0,6869594000.0,6511710750.0,66772000.0,4268000.0,4268000.0,0.0,3230927000.0,683167000.0,2547760000.0,9110218957.0,-65007000.0,0.0,14494000.0,174000000.0,-46712000.0,141682000.0,-1531037000.0,0.0,1324348000.0,0.0,564689000.0,564689000.0,564689000.0,0.0,0.0,0.283,-32600000.0,895847000.0,235091000.0,0.083,2.265,16.133,16.19,6112555000.0,0.0,104.91,4.56,4.56,402414000.0,2050034000.0,1998051000.0,1998051000.0,0.0,0.082,0.15,0.146,0.475,14279000.0,77466000.0,1.0,86838423.0,86838423,,23.009,6632903000.0,16854000.0,329011000.0,1487350000.0,76.382,-214028000.0
8,XEC,MRY,2012-12-31,2012-12-31,2012-12-31,2021-08-06,474000.0,6305152000.0,6096540000.0,470137000.0,5835015000.0,0.266,40.151,-1416132000.0,69538000.0,69538000.0,938813000.0,353823000.0,0.728,0.815,750000000.0,0.0,750000000.0,750000000.0,0.0,513916000.0,0.0,0.008,0.46,609867000.0,1123783000.0,0.692,1123783000.0,609867000.0,560550000.0,4.08,4.07,4.08,3474736000.0,3343779750.0,3474736000.0,5820586671.0,10.0,5.179,-223368000.0,-2.581,1.0,685125000.0,0.422,620232000.0,49317000.0,5719520000.0,5481489250.0,81029000.0,0.0,0.0,0.0,2830416000.0,645862000.0,2184554000.0,4995997671.0,67132000.0,0.0,11433000.0,331405000.0,-39577000.0,289440000.0,-1415072000.0,0.0,1192764000.0,0.0,353823000.0,353823000.0,353823000.0,0.0,0.0,0.218,114327000.0,570798000.0,237468000.0,0.113,1.438,14.12,14.15,5157374000.0,0.0,57.73,3.076,3.076,318020000.0,1533768000.0,1623938000.0,1623938000.0,0.0,0.058,0.106,0.111,0.376,21919000.0,54428000.0,1.0,86540753.0,86540753,,18.765,5684920000.0,8477000.0,206727000.0,1150532000.0,65.691,-175725000.0
9,XEC,MRY,2011-12-31,2011-12-31,2011-12-31,2021-08-06,-14000.0,5357377000.0,4980707000.0,457895000.0,4899482000.0,0.353,36.512,-1541457000.0,2406000.0,2406000.0,844015000.0,529932000.0,0.743,0.711,405000000.0,0.0,405000000.0,405000000.0,0.0,390461000.0,0.0,0.006,0.38,877092000.0,1267553000.0,0.721,1267553000.0,877092000.0,841481000.0,6.17,6.15,6.17,3130613000.0,2938292000.0,3130613000.0,5600278404.0,6.0,4.418,-249182000.0,-2.906,1.0,913874000.0,0.52,620232000.0,35611000.0,4523400000.0,4064590750.0,85141000.0,0.0,0.0,0.0,2226764000.0,616339000.0,1610425000.0,5307438404.0,-111720000.0,0.0,10411000.0,55000000.0,-32581000.0,25451000.0,-1429446000.0,0.0,1292275000.0,0.0,529932000.0,529932000.0,529932000.0,0.0,0.0,0.301,85919000.0,827955000.0,215511000.0,0.062,1.695,10.015,10.032,4244423000.0,0.0,61.9,3.019,3.019,326697000.0,1221263000.0,1757889000.0,1757889000.0,0.0,0.106,0.18,0.216,0.499,18949000.0,45256000.0,1.0,85742139.0,85742139,,20.502,4737145000.0,2723000.0,311549000.0,937678000.0,55.249,-158444000.0
10,XEC,MRY,2010-12-31,2010-12-31,2010-12-31,2021-08-06,264000.0,4358247000.0,4021673500.0,561068000.0,3797179000.0,0.401,30.812,-983398000.0,114126000.0,114126000.0,692148000.0,574782000.0,1.095,0.67,359587000.0,9587000.0,350000000.0,359587000.0,0.0,304222000.0,0.0,0.003,0.3,950344000.0,1254566000.0,0.777,1254566000.0,950344000.0,913731000.0,6.74,6.7,6.74,2609832000.0,2429451250.0,2609832000.0,7700234023.0,8.0,6.138,147034000.0,1.736,1.0,921535000.0,0.571,691432000.0,36613000.0,3399963000.0,3115164250.0,81871000.0,5731000.0,5731000.0,0.0,1748415000.0,512313000.0,1236102000.0,7498551023.0,111582000.0,0.0,28758000.0,-44450000.0,-25499000.0,-41292000.0,-977558000.0,0.0,1130432000.0,0.0,574782000.0,574782000.0,574782000.0,0.0,0.0,0.356,72870000.0,848665000.0,168615000.0,0.045,2.873,13.046,13.135,3078937000.0,0.0,88.53,4.647,4.647,299090000.0,725651000.0,1613683000.0,1613683000.0,0.0,0.143,0.237,0.305,0.589,12353000.0,48620000.0,1.0,84700678.0,84700678,,19.052,3666815000.0,4293000.0,338949000.0,654529000.0,43.291,48755000.0
11,XEC,MRY,2009-12-31,2009-12-31,2009-12-31,2021-08-06,-19000.0,3444537000.0,3401015750.0,407258000.0,3037279000.0,0.297,24.405,-457749000.0,3137000.0,3137000.0,573866000.0,-311943000.0,1.048,0.69,406695000.0,13902000.0,392793000.0,406695000.0,0.0,265699000.0,0.0,0.005,0.24,-448704000.0,-183005000.0,-0.181,-183005000.0,-448704000.0,-488481000.0,-3.82,-3.82,-3.82,2038106000.0,1929455750.0,2038106000.0,4956473163.0,-11.0,-27.084,217428000.0,2.604,1.0,435928000.0,0.432,691432000.0,39777000.0,2767900000.0,2975789750.0,145153000.0,1238000.0,1238000.0,0.0,1406431000.0,388763000.0,1017668000.0,4423630163.0,1331000.0,0.0,3421000.0,-195000000.0,-20172000.0,-229752000.0,-444094000.0,3328000.0,675177000.0,0.0,-311943000.0,-311943000.0,-311943000.0,0.0,0.0,-0.309,878691000.0,-442763000.0,127141000.0,-0.063,2.17,-14.181,-13.866,2312153000.0,0.0,52.97,4.381,4.381,236000000.0,178035000.0,1009794000.0,1009794000.0,0.0,-0.092,-0.162,-0.151,-0.444,9254000.0,41724000.0,1.0,83511991.0,83511991,,12.092,2753105000.0,15837000.0,-176538000.0,376853000.0,32.967,18495000.0
12,XEC,MRY,2008-12-31,2008-12-31,2008-12-31,2021-08-06,-955000.0,4164933000.0,5327923250.0,514944000.0,3649989000.0,0.37,28.862,-1607436000.0,1715000.0,1715000.0,978575000.0,-915245000.0,1.097,0.771,587630000.0,0.0,587630000.0,587630000.0,0.0,547404000.0,0.0,0.009,0.24,-1418570000.0,-871166000.0,-0.442,-871166000.0,-1418570000.0,-1451649000.0,-11.22,-11.22,-11.22,2351647000.0,3193594500.0,2351647000.0,2514718305.0,-2.0,-2.887,-239948000.0,-2.945,1.0,991772000.0,0.503,691432000.0,33079000.0,3589827000.0,4523586000.0,186062000.0,2502000.0,2502000.0,0.0,1813286000.0,469589000.0,1343697000.0,2230014305.0,-121837000.0,0.0,13141000.0,114450000.0,-20040000.0,107393000.0,-1596718000.0,10718000.0,1367488000.0,0.0,-915245000.0,-915245000.0,-915245000.0,0.0,0.0,-0.465,2432740000.0,-1440968000.0,193659000.0,-0.021,0.948,-2.437,-2.387,2928121000.0,0.0,26.78,1.132,1.107,229192000.0,510271000.0,1970347000.0,1970347000.0,0.0,-0.172,-0.287,-0.314,-0.72,10090000.0,44500000.0,1.0,83271632.0,81478000,81478000.0,24.183,3473501000.0,2435000.0,-536404000.0,527418000.0,42.631,45355000.0
13,XEC,MRY,2007-12-31,2007-12-31,2007-12-31,2021-08-06,7626000.0,5362794000.0,5144721000.0,564577000.0,4798217000.0,0.278,39.835,-844261000.0,123050000.0,123050000.0,813154000.0,345262000.0,1.33,0.645,487159000.0,0.0,487159000.0,487159000.0,0.0,461791000.0,0.0,0.004,0.16,581829000.0,1043620000.0,0.73,1043620000.0,581829000.0,542724000.0,4.15,4.05,4.15,3259287000.0,3127695750.0,3259287000.0,4027214040.0,7.0,3.859,150419000.0,1.838,1.0,617359000.0,0.432,691432000.0,39105000.0,4610900000.0,4548067000.0,29642000.0,26515000.0,26515000.0,0.0,2103507000.0,424571000.0,1678936000.0,3508261040.0,118002000.0,0.0,-32380000.0,50640000.0,-13429000.0,-1282000.0,-875396000.0,-11561000.0,994680000.0,0.0,345262000.0,345262000.0,345262000.0,0.0,0.0,0.241,75606000.0,541753000.0,172726000.0,0.039,1.076,10.161,10.248,4062316000.0,0.0,42.53,2.452,2.433,326785000.0,1448763000.0,1430513000.0,1430513000.0,0.0,0.067,0.11,0.128,0.407,10772000.0,49260000.0,1.0,82489091.0,81819000,84632000.0,17.484,4671362000.0,5697000.0,197462000.0,1102332000.0,57.094,140006000.0
14,XEC,MRY,2006-12-31,2006-12-31,2006-12-31,2021-08-06,31081000.0,4829750000.0,4556842500.0,416757000.0,4412993000.0,0.278,36.265,-1043876000.0,5048000.0,5048000.0,711116000.0,345719000.0,1.175,0.623,443667000.0,0.0,443667000.0,443667000.0,0.0,396394000.0,0.0,0.004,0.16,574264000.0,970658000.0,0.767,970658000.0,574264000.0,544324000.0,4.21,4.11,4.21,2976143000.0,2846342000.0,2976143000.0,3415554694.0,6.0,3.519,-165457000.0,-2.016,1.0,554284000.0,0.438,691432000.0,29940000.0,4222349000.0,3888473500.0,39397000.0,48996000.0,41945000.0,7051000.0,1853607000.0,354588000.0,1499019000.0,3024025694.0,-56599000.0,0.0,-6705000.0,95000000.0,-13358000.0,74784000.0,-1009802000.0,59823000.0,878419000.0,0.0,345719000.0,345719000.0,345719000.0,0.0,0.0,0.273,59613000.0,494671000.0,136919000.0,0.038,1.016,8.747,8.67,3676634000.0,0.0,36.5,2.39,2.367,276361000.0,1117402000.0,1265400000.0,1265400000.0,0.0,0.076,0.121,0.148,0.454,8243000.0,42288000.0,1.0,82850019.0,82066000,84090000.0,15.419,4138318000.0,1498000.0,198605000.0,947041000.0,50.427,62169000.0
15,XEC,MRY,2005-12-31,2005-12-31,2005-12-31,2021-08-06,81000.0,4180335000.0,3346713250.0,429028000.0,3751307000.0,0.334,40.077,-491680000.0,61647000.0,61647000.0,482942000.0,328325000.0,1.08,0.611,394377000.0,41926000.0,352451000.0,394377000.0,0.0,258287000.0,0.0,0.0,0.0,536062000.0,794349000.0,0.71,794349000.0,536062000.0,516455000.0,5.07,4.9,5.07,2595453000.0,2017902750.0,2595453000.0,3954767476.0,7.0,4.979,213054000.0,3.29,1.0,635680000.0,0.568,717391000.0,19607000.0,3398256000.0,2761945750.0,34784000.0,0.0,0.0,0.0,1584882000.0,397418000.0,1187464000.0,3543844476.0,-54099000.0,33407000.0,13637000.0,-273501000.0,0.0,-261380000.0,-497453000.0,302000.0,704734000.0,0.0,328325000.0,328325000.0,328325000.0,0.0,0.0,0.294,58172000.0,577508000.0,144998000.0,0.0,1.365,10.794,8.483,2963875000.0,0.0,43.01,3.168,2.49,320360000.0,788356000.0,1118622000.0,1118622000.0,0.0,0.098,0.163,0.194,0.479,4959000.0,33497000.0,1.0,82395826.0,64761000,67000000.0,17.273,3462944000.0,17959000.0,188130000.0,733768000.0,53.473,31610000.0
16,XEC,MRY,2004-12-31,2004-12-31,2004-12-31,2021-08-06,88000.0,1105446000.0,979245000.0,236447000.0,868999000.0,0.485,16.898,-280805000.0,115746000.0,115746000.0,209775000.0,153592000.0,1.653,0.578,0.0,0.0,0.0,0.0,0.0,124251000.0,0.0,0.0,0.0,247393000.0,371644000.0,0.782,371644000.0,247393000.0,246318000.0,3.7,3.59,3.7,700712000.0,632579250.0,700712000.0,1484468582.0,6.0,3.994,75048000.0,1.81,1.0,265389000.0,0.559,44967000.0,1075000.0,801731000.0,736694250.0,9742000.0,0.0,0.0,0.0,404734000.0,143002000.0,261732000.0,1576665582.0,75326000.0,0.0,12574000.0,0.0,0.0,12574000.0,-293101000.0,0.0,355853000.0,0.0,153592000.0,153592000.0,153592000.0,0.0,0.0,0.323,22287000.0,243102000.0,51559000.0,0.0,2.25,10.265,10.243,818402000.0,0.0,37.9,3.318,3.307,118070000.0,460031000.0,475164000.0,475164000.0,0.0,0.157,0.243,0.336,0.521,1957000.0,22483000.0,1.0,41600675.0,41466000,42763000.0,11.459,1060479000.0,2149000.0,92726000.0,237987000.0,25.575,93445000.0
17,XEC,MRY,2003-12-31,2003-12-31,2003-12-31,2021-08-06,0.0,805508000.0,758310500.0,123204000.0,682304000.0,0.429,12.879,-151492000.0,40420000.0,40420000.0,156381000.0,94633000.0,1.441,0.506,0.0,0.0,0.0,0.0,0.0,88774000.0,0.0,0.0,0.0,151059000.0,239833000.0,0.737,239833000.0,151059000.0,149774000.0,2.28,2.22,2.28,534740000.0,510612000.0,534740000.0,1054466252.0,7.0,4.397,53618000.0,1.291,1.0,169240000.0,0.52,44967000.0,1285000.0,634612000.0,594781250.0,6700000.0,0.0,0.0,0.0,270768000.0,85509000.0,185259000.0,1111324252.0,18093000.0,0.0,4624000.0,-32000000.0,0.0,-27376000.0,-159641000.0,0.0,205110000.0,0.0,94633000.0,94633000.0,94633000.0,0.0,0.0,0.291,20359000.0,148881000.0,37170000.0,0.0,2.078,11.744,11.706,636396000.0,0.0,26.69,3.413,3.403,68293000.0,306439000.0,325621000.0,325621000.0,0.0,0.125,0.185,0.254,0.464,1914000.0,17526000.0,1.0,41638226.0,41521000,42640000.0,7.842,760541000.0,1631000.0,55141000.0,161655000.0,18.317,37695000.0
18,XEC,MRY,2002-12-31,2002-12-31,2002-12-31,2021-08-06,0.0,674286000.0,463126000.0,89611000.0,584675000.0,0.453,14.712,-66145000.0,22327000.0,22327000.0,139401000.0,39819000.0,1.313,0.516,32000000.0,0.0,32000000.0,32000000.0,0.0,49231000.0,0.0,0.0,0.0,61999000.0,111230000.0,0.531,111230000.0,61999000.0,61379000.0,1.32,1.31,1.32,444880000.0,309981000.0,444880000.0,749363244.0,12.0,6.737,38310000.0,1.267,1.0,70243000.0,0.335,45836000.0,620000.0,569870000.0,388292500.0,3986000.0,0.0,0.0,0.0,229406000.0,68253000.0,161153000.0,728669244.0,15157000.0,2135000.0,403000.0,-4000000.0,0.0,-17613000.0,-71685000.0,0.0,104455000.0,0.0,39819000.0,39819000.0,39819000.0,0.0,0.0,0.19,8693000.0,61550000.0,46361000.0,0.0,1.638,18.3,13.561,537567000.0,0.0,17.9,3.476,2.582,58276000.0,211860000.0,209644000.0,209644000.0,0.0,0.086,0.128,0.16,0.296,125000.0,8568000.0,1.0,40707779.0,30239000,30317000.0,6.933,628450000.0,2073000.0,21560000.0,130766000.0,20.783,21358000.0
19,XEC,MRY,2001-12-31,2001-09-30,2001-09-30,2021-08-06,0.0,246212000.0,266151000.0,37397000.0,208815000.0,1.19,6.273,-101383000.0,0.0,0.0,175574000.0,35253000.0,0.835,0.476,0.0,0.0,0.0,0.0,0.0,49699000.0,0.0,,0.0,53329000.0,103028000.0,0.325,103028000.0,53329000.0,54838000.0,1.33,1.33,1.33,166795000.0,179883500.0,166795000.0,,,,60975000.0,2.293,1.0,141204000.0,0.446,0.0,-1509000.0,201412000.0,221120000.0,5381000.0,0.0,0.0,0.0,79417000.0,44800000.0,34617000.0,,-455000.0,0.0,0.0,0.0,0.0,-61430000.0,-101383000.0,0.0,162358000.0,0.0,35253000.0,35253000.0,35253000.0,0.0,0.0,0.111,88150000.0,53054000.0,22781000.0,0.0,,,,208815000.0,0.0,,,,30483000.0,166529000.0,316778000.0,316778000.0,0.0,0.132,0.196,0.241,0.168,0.0,10068000.0,1.0,,26591000,26591000.0,11.913,246212000.0,0.0,19585000.0,33132000.0,9.259,-7403000.0
20,XEC,MRY,2000-12-31,2000-09-30,2000-09-30,2021-08-06,0.0,286090000.0,,54640000.0,231450000.0,,7.257,-72658000.0,455000.0,455000.0,139203000.0,57386000.0,1.219,0.483,0.0,0.0,0.0,0.0,0.0,41704000.0,0.0,,0.0,89447000.0,131151000.0,0.553,131151000.0,89447000.0,90065000.0,2.16,2.16,2.16,192972000.0,,192972000.0,,,,37334000.0,1.404,1.0,97818000.0,0.413,0.0,-618000.0,240828000.0,,3387000.0,0.0,0.0,0.0,93118000.0,44807000.0,48311000.0,,256000.0,0.0,0.0,0.0,0.0,-37078000.0,-72658000.0,0.0,109992000.0,0.0,57386000.0,57386000.0,57386000.0,0.0,0.0,0.242,7598000.0,90220000.0,13418000.0,0.0,,,,231008000.0,0.0,,,,40141000.0,192972000.0,237021000.0,237021000.0,0.0,,,,0.377,0.0,7598000.0,1.0,,26591000,26591000.0,8.914,286090000.0,3272000.0,32679000.0,47021000.0,10.759,9833000.0
21,XEC,MRY,1999-12-31,1999-09-30,1999-09-30,2021-08-06,,,,,,,,-50891000.0,,,92920000.0,23559000.0,,,,,,,,31939000.0,,,0.0,38008000.0,69947000.0,0.476,69947000.0,38008000.0,36916000.0,0.89,,0.89,,,,,,,12418000.0,0.467,1.0,53982000.0,0.367,,1092000.0,,,,,,,,,,,-245000.0,0.0,0.0,0.0,0.0,-12663000.0,-50891000.0,0.0,63309000.0,0.0,23559000.0,23559000.0,23559000.0,0.0,0.0,0.16,15974000.0,38008000.0,,0.0,,,,,0.0,,,,,,146902000.0,146902000.0,0.0,,,,0.259,0.0,7340000.0,1.0,,26591321,,5.524,,,13357000.0,,,
0,XEC,MRQ,2021-06-30,2021-06-30,2021-06-30,2021-08-06,0.0,5207187000.0,,1311188000.0,3895999000.0,,17.079,-56938000.0,799315000.0,799315000.0,297222000.0,113388000.0,1.228,1.944,2540079000.0,424256000.0,2115823000.0,2540079000.0,0.0,110733000.0,0.0,0.013,0.27,171750000.0,282483000.0,0.397,282483000.0,171750000.0,148380000.0,1.1,1.1,1.1,1756053000.0,,1756053000.0,9348984770.0,132.0,16.106,306734000.0,2.983,1.0,415158000.0,0.583,0.0,23370000.0,5879968000.0,,28635000.0,3704000.0,1246000.0,2458000.0,3414353000.0,1067983000.0,2346370000.0,7449221770.0,275517000.0,0.0,284000.0,-1370000.0,-28161000.0,-31438000.0,-56717000.0,0.0,363672000.0,0.0,113388000.0,113388000.0,113388000.0,0.0,0.0,0.159,43420000.0,371738000.0,271800000.0,0.245,4.242,-280.478,-219.545,3819714000.0,0.0,72.45,3.343,3.343,498609000.0,-1417627000.0,712380000.0,712380000.0,0.0,,,,,7878000.0,24978000.0,1.0,102818796.0,102818796,,6.928,5207187000.0,0.0,34992000.0,95144000.0,50.644,243205000.0
1,XEC,MRQ,2021-03-31,2021-03-31,2021-03-31,2021-08-06,0.0,4965121000.0,,988085000.0,3977036000.0,,16.183,-128813000.0,523798000.0,523798000.0,302811000.0,128082000.0,1.115,1.962,2423561000.0,290416000.0,2133145000.0,2423561000.0,0.0,112934000.0,0.0,0.015,0.22,191330000.0,304264000.0,0.448,304264000.0,191330000.0,168252000.0,1.25,1.25,1.25,1663765000.0,,1663765000.0,8176803690.0,-6.0,-12.013,274099000.0,2.666,1.0,376655000.0,0.554,0.0,23078000.0,5978871000.0,,30846000.0,2549000.0,173000.0,2376000.0,3264575000.0,886013000.0,2378562000.0,6105746690.0,250653000.0,0.0,385000.0,-1067000.0,-23049000.0,-23831000.0,-128428000.0,0.0,402912000.0,0.0,128082000.0,128082000.0,128082000.0,0.0,0.0,0.189,35094000.0,341561000.0,241440000.0,0.176,3.67,-5.733,-5.545,3905637000.0,0.0,59.39,3.459,3.459,465551000.0,-1531023000.0,679466000.0,679466000.0,0.0,,,,,8549000.0,25260000.0,1.0,102807656.0,102807656,,6.609,4965121000.0,0.0,40170000.0,58359000.0,48.295,102072000.0
2,XEC,MRQ,2020-12-31,2020-12-31,2020-12-31,2021-08-06,0.0,4621989000.0,,657338000.0,3964651000.0,,15.235,-121473000.0,273145000.0,273145000.0,270753000.0,24711000.0,0.996,1.952,2344202000.0,204449000.0,2139753000.0,2344202000.0,0.0,130447000.0,0.0,0.023,0.22,49665000.0,180112000.0,0.414,180112000.0,49665000.0,26340000.0,0.26,0.26,0.26,1553454000.0,,1553454000.0,5866026796.0,-3.0,-3.815,70004000.0,0.687,1.0,163970000.0,0.377,0.0,23325000.0,6032821000.0,,37150000.0,9190000.0,6848000.0,2342000.0,3031754000.0,660225000.0,2371529000.0,3824643796.0,188000.0,0.0,0.0,-979000.0,-24083000.0,-70042000.0,-121247000.0,0.0,191477000.0,0.0,24711000.0,24711000.0,24711000.0,0.0,0.0,0.057,54539000.0,109431000.0,152539000.0,0.846,2.462,-1.944,-1.901,3872770000.0,0.0,37.51,2.454,2.454,354873000.0,-1659137000.0,434723000.0,434723000.0,0.0,,,,,7016000.0,30672000.0,1.0,101963311.0,101963311,,4.264,4621989000.0,20472000.0,1629000.0,29051000.0,45.33,-2887000.0
3,XEC,MRQ,2020-09-30,2020-09-30,2020-09-30,2021-08-06,0.0,4605970000.0,,634029000.0,3971941000.0,,15.128,-3718000.0,272957000.0,272957000.0,298093000.0,-292740000.0,1.064,1.931,2314340000.0,156752000.0,2157588000.0,2314340000.0,0.0,155467000.0,0.0,0.035,0.22,-341874000.0,-186407000.0,-0.464,-186407000.0,-341874000.0,-365235000.0,-2.94,-2.94,-2.94,1543802000.0,,1543802000.0,4711954407.0,-2.0,-2.433,255475000.0,2.503,1.0,103566000.0,0.258,0.0,23361000.0,6051400000.0,,45959000.0,40354000.0,39402000.0,952000.0,2980548000.0,595953000.0,2384595000.0,2482835407.0,229115000.0,0.0,0.0,-1064000.0,-23684000.0,-27064000.0,-3014000.0,0.0,259193000.0,0.0,-292740000.0,-292740000.0,-292740000.0,0.0,0.0,-0.729,393691000.0,-290125000.0,143758000.0,-0.075,1.608,-1.045,-1.019,3880200000.0,0.0,24.33,1.394,1.394,284022000.0,-1684046000.0,401659000.0,401659000.0,0.0,,,,,9738000.0,28598000.0,1.0,102048311.0,102048311,,3.936,4605970000.0,21971000.0,-72495000.0,43450000.0,45.135,38076000.0
4,XEC,MRQ,2020-06-30,2020-06-30,2020-06-30,2021-08-06,0.0,4869788000.0,,424102000.0,4445686000.0,,18.128,-164137000.0,43842000.0,43842000.0,332585000.0,-925147000.0,0.84,1.587,2272961000.0,108457000.0,2164504000.0,2272961000.0,0.0,194954000.0,0.0,0.03,0.22,-1173606000.0,-978652000.0,-3.924,-978652000.0,-1173606000.0,-1196653000.0,-9.28,-9.28,-9.28,1850847000.0,,1850847000.0,4975355738.0,-2.0,-3.732,-19431000.0,-0.19,1.0,-83202000.0,-0.334,0.0,23047000.0,6594132000.0,,51184000.0,71590000.0,71590000.0,0.0,2937321000.0,504775000.0,2432546000.0,2806748738.0,-44864000.0,0.0,0.0,-1343000.0,-23616000.0,-26440000.0,-163130000.0,0.0,144706000.0,0.0,-925147000.0,-925147000.0,-925147000.0,0.0,0.0,-3.71,975962000.0,-1059164000.0,116570000.0,-0.024,1.516,-1.432,-1.393,4376998000.0,0.0,27.49,1.431,1.431,256112000.0,-1391419000.0,249383000.0,249383000.0,0.0,,,,,6747000.0,26226000.0,1.0,102100718.0,102100718,,2.443,4869788000.0,0.0,-271506000.0,83951000.0,47.696,-80673000.0
5,XEC,MRQ,2020-03-31,2020-03-31,2020-03-31,2021-08-06,0.0,6218346000.0,,676591000.0,5541755000.0,,27.312,-291665000.0,88706000.0,88706000.0,396503000.0,-774282000.0,1.082,1.2,2257313000.0,72730000.0,2184583000.0,2257313000.0,0.0,215086000.0,0.0,0.048,0.2,-767656000.0,-552570000.0,-1.169,-552570000.0,-767656000.0,-790837000.0,-7.77,-7.77,-7.77,2789500000.0,,2789500000.0,3877339761.0,-4.0,144.736,17126000.0,0.168,1.0,76327000.0,0.161,0.0,23181000.0,7761854000.0,,45108000.0,207658000.0,200537000.0,7121000.0,3347226000.0,625099000.0,2722127000.0,1718941761.0,-6016000.0,0.0,0.0,-1465000.0,-21593000.0,-23323000.0,-291484000.0,0.0,308791000.0,0.0,-774282000.0,-774282000.0,-774282000.0,0.0,0.0,-1.638,1084976000.0,-1008649000.0,183392000.0,-0.026,0.616,-1.858,-1.794,5464786000.0,0.0,16.83,0.761,0.761,338164000.0,-466281000.0,472830000.0,472830000.0,0.0,,,,,6394000.0,25509000.0,1.0,102135577.0,102135577,,4.629,6218346000.0,0.0,-16555000.0,350416000.0,60.883,51492000.0
6,XEC,MRQ,2019-12-31,2019-12-31,2019-12-31,2021-08-06,0.0,7140029000.0,,621486000.0,6518543000.0,,35.126,-263677000.0,94722000.0,94722000.0,447585000.0,-384091000.0,0.819,0.974,2253120000.0,82684000.0,2170436000.0,2253120000.0,0.0,250451000.0,0.0,0.015,0.2,-469498000.0,-219047000.0,-0.333,-219047000.0,-469498000.0,-493219000.0,-3.89,-3.89,-3.89,3576141000.0,,3576141000.0,7597102249.0,-132.0,9.213,96132000.0,0.944,1.0,209659000.0,0.319,716865000.0,23721000.0,7822941000.0,,47893000.0,18524000.0,17944000.0,580000.0,3482268000.0,758621000.0,2723647000.0,5344014249.0,70837000.0,0.0,0.0,-1138000.0,-21579000.0,-25540000.0,-263432000.0,0.0,359809000.0,0.0,-384091000.0,-384091000.0,-384091000.0,0.0,0.0,-0.584,653870000.0,-444211000.0,244219000.0,-0.051,1.494,-42.883,-39.466,5729989000.0,0.0,52.49,2.262,2.262,461324000.0,331795000.0,657244000.0,657244000.0,0.0,,,,,6394000.0,26349000.0,1.0,101810140.0,101810140,,6.456,6423164000.0,0.0,-109128000.0,392870000.0,63.09,-137135000.0
7,XEC,MRQ,2019-09-30,2019-09-30,2019-09-30,2021-08-06,10000.0,7619205000.0,,556579000.0,7062626000.0,,38.337,-576644000.0,23885000.0,23885000.0,413741000.0,123847000.0,0.699,0.938,2276973000.0,92191000.0,2184782000.0,2276973000.0,0.0,227978000.0,0.0,0.016,0.2,189072000.0,417050000.0,0.716,417050000.0,189072000.0,164486000.0,1.21,1.21,1.21,3889558000.0,,3889558000.0,7133093011.0,9.0,4.343,-256570000.0,-2.529,1.0,168564000.0,0.289,751836000.0,24586000.0,8323758000.0,,49113000.0,55100000.0,49385000.0,5715000.0,3648027000.0,796699000.0,2851328000.0,4863849011.0,4471000.0,284441000.0,593000.0,-1183000.0,-21483000.0,-23825000.0,-291778000.0,0.0,320074000.0,0.0,123847000.0,123847000.0,123847000.0,0.0,0.0,0.213,34631000.0,133933000.0,261394000.0,0.165,1.25,8.449,8.181,6231906000.0,0.0,47.94,2.088,2.088,437611000.0,654212000.0,582305000.0,582305000.0,0.0,,,,,6797000.0,15499000.0,1.0,101457009.0,101457009,,5.739,6867369000.0,0.0,40639000.0,495455000.0,67.687,-240120000.0
8,XEC,MRQ,2019-06-30,2019-06-30,2019-06-30,2021-08-06,2208000.0,7595934000.0,,520056000.0,7075878000.0,,38.073,-393095000.0,19414000.0,19414000.0,404022000.0,109309000.0,0.638,0.946,2288658000.0,112175000.0,2176483000.0,2288658000.0,0.0,213327000.0,0.0,0.012,0.2,168029000.0,381356000.0,0.698,381356000.0,168029000.0,143355000.0,1.07,1.07,1.07,3861893000.0,,3861893000.0,8308323171.0,10.0,5.287,20897000.0,0.206,1.0,142441000.0,0.261,727573000.0,24674000.0,8322938000.0,,58306000.0,43570000.0,42957000.0,613000.0,3652421000.0,814667000.0,2837754000.0,6018032171.0,-1516000.0,0.0,594000.0,-1773000.0,-21468000.0,-22647000.0,-392861000.0,0.0,413992000.0,0.0,109309000.0,109309000.0,109309000.0,0.0,0.0,0.2,34152000.0,108289000.0,290348000.0,0.187,1.558,10.027,9.554,6277566000.0,0.0,59.33,2.573,2.573,402296000.0,635339000.0,546463000.0,546463000.0,0.0,,,,,6494000.0,24911000.0,1.0,101433207.0,101433207,,5.387,6868361000.0,0.0,34046000.0,477630000.0,67.713,-294611000.0
9,XEC,MRQ,2019-03-31,2019-03-31,2019-03-31,2021-08-06,1904000.0,7557192000.0,,596208000.0,6960984000.0,,39.281,-345570000.0,20930000.0,20930000.0,367272000.0,26316000.0,0.655,0.987,2311221000.0,140382000.0,2170839000.0,2311221000.0,0.0,190417000.0,0.0,0.01,0.18,54794000.0,245211000.0,0.425,245211000.0,54794000.0,34389000.0,0.26,0.26,0.26,3761362000.0,,3761362000.0,7411077330.0,8.0,4.833,-95479000.0,-0.997,1.0,209685000.0,0.363,727573000.0,20405000.0,8209996000.0,,62600000.0,36456000.0,35830000.0,626000.0,3714210000.0,909914000.0,2804296000.0,6693295330.0,-779736000.0,-284441000.0,80000.0,-382263000.0,-17179000.0,-400016000.0,-629811000.0,0.0,250091000.0,0.0,26316000.0,26316000.0,26316000.0,0.0,0.0,0.046,46172000.0,163513000.0,281277000.0,0.692,1.779,10.593,10.559,6164448000.0,0.0,69.9,2.85,2.85,491092000.0,547626000.0,576957000.0,576957000.0,0.0,,,,,6713000.0,29084000.0,1.0,95755298.0,95755298,,6.025,6829619000.0,0.0,8073000.0,437378000.0,71.324,-313706000.0
10,XEC,MRQ,2018-12-31,2018-12-31,2018-12-31,2021-08-06,755000.0,6062084000.0,,1424139000.0,4637945000.0,,34.829,-436236000.0,800666000.0,800666000.0,349088000.0,316182000.0,2.009,0.821,1518448000.0,27627000.0,1490821000.0,1518448000.0,0.0,177924000.0,0.0,0.009,0.18,421027000.0,598951000.0,0.96,598951000.0,421027000.0,403640000.0,3.32,3.32,3.32,3329786000.0,,3329786000.0,6629674737.0,6.0,3.943,-43055000.0,-0.45,1.0,275033000.0,0.441,620232000.0,17387000.0,5450927000.0,,55553000.0,111185000.0,101939000.0,9246000.0,2732298000.0,708707000.0,2023591000.0,5893917737.0,-63280000.0,0.0,30000.0,-100000.0,-17205000.0,-23007000.0,-433454000.0,0.0,393181000.0,0.0,316182000.0,316182000.0,316182000.0,0.0,0.0,0.507,25441000.0,249592000.0,271738000.0,0.054,1.77,7.443,7.41,3973016000.0,0.0,61.65,2.52,2.52,484087000.0,542885000.0,624121000.0,624121000.0,0.0,,,,,6633000.0,13635000.0,1.0,95602883.0,95602883,,6.528,5441852000.0,0.0,87458000.0,368095000.0,56.921,715432000.0
11,XEC,MRQ,2018-09-30,2018-09-30,2018-09-30,2021-08-06,2740000.0,5818435000.0,,1427715000.0,4390720000.0,,31.732,18923000.0,863946000.0,863946000.0,301294000.0,148354000.0,1.689,0.923,1599703000.0,97480000.0,1502223000.0,1599703000.0,0.0,136302000.0,0.0,0.005,0.16,209696000.0,345998000.0,0.585,345998000.0,209696000.0,192537000.0,1.56,1.56,1.56,3025822000.0,,3025822000.0,10041300518.0,12.0,7.151,472397000.0,4.954,1.0,290194000.0,0.491,620232000.0,17159000.0,5088615000.0,,55546000.0,31330000.0,31176000.0,154000.0,2792613000.0,845345000.0,1947268000.0,8862393518.0,453123000.0,0.0,962000.0,0.0,-15237000.0,-19739000.0,19388000.0,0.0,453474000.0,0.0,148354000.0,148354000.0,148354000.0,0.0,0.0,0.251,39493000.0,250701000.0,311796000.0,0.103,2.929,13.627,13.608,3732641000.0,0.0,92.94,3.911,3.911,494745000.0,243923000.0,591488000.0,591488000.0,0.0,,,,,6437000.0,21148000.0,1.0,95356074.0,95356074,,6.203,5198203000.0,0.0,44183000.0,279636000.0,54.514,582370000.0
12,XEC,MRQ,2018-06-30,2018-06-30,2018-06-30,2021-08-06,2201000.0,5531393000.0,,990142000.0,4541251000.0,,30.247,-359390000.0,410823000.0,410823000.0,311933000.0,140997000.0,1.344,0.916,1589730000.0,90480000.0,1499250000.0,1589730000.0,0.0,143388000.0,0.0,0.005,0.16,199958000.0,343346000.0,0.617,343346000.0,199958000.0,183063000.0,1.48,1.48,1.48,2886498000.0,,2886498000.0,10790720778.0,13.0,8.119,-38144000.0,-0.4,1.0,244341000.0,0.439,620232000.0,16895000.0,5353109000.0,,53375000.0,75273000.0,72943000.0,2330000.0,2644895000.0,736959000.0,1907936000.0,9709052778.0,-52987000.0,0.0,904000.0,0.0,-15199000.0,-14936000.0,-359297000.0,0.0,321246000.0,0.0,140997000.0,140997000.0,140997000.0,0.0,0.0,0.253,30139000.0,214202000.0,255465000.0,0.108,3.364,16.361,16.331,3883784000.0,0.0,101.74,4.541,4.541,465298000.0,112811000.0,556274000.0,556274000.0,0.0,,,,,3095000.0,19739000.0,1.0,95430045.0,95430045,,5.829,4911161000.0,0.0,42066000.0,225742000.0,51.463,253183000.0
13,XEC,MRQ,2018-03-31,2018-03-31,2018-03-31,2021-08-06,2009000.0,5260364000.0,,977990000.0,4282374000.0,,28.831,-312687000.0,463810000.0,463810000.0,289306000.0,186318000.0,1.486,0.912,1545478000.0,54168000.0,1491310000.0,1545478000.0,0.0,132859000.0,0.0,0.004,0.08,260050000.0,392909000.0,0.693,392909000.0,260050000.0,243267000.0,1.96,1.96,1.96,2751593000.0,,2751593000.0,10056184314.0,13.0,7.921,70406000.0,0.738,1.0,277828000.0,0.49,620232000.0,16783000.0,5063502000.0,,54223000.0,45598000.0,36157000.0,9441000.0,2508771000.0,658298000.0,1850473000.0,8923464314.0,63276000.0,0.0,345000.0,0.0,-7602000.0,-7562000.0,-312255000.0,0.0,383093000.0,0.0,186318000.0,186318000.0,186318000.0,0.0,0.0,0.329,31314000.0,246514000.0,271045000.0,0.041,3.243,16.234,16.205,3619147000.0,0.0,93.5,4.378,4.378,439315000.0,-12937000.0,567134000.0,567134000.0,0.0,,,,,6730000.0,23321000.0,1.0,95438121.0,95438121,,5.942,4640132000.0,0.0,56949000.0,182682000.0,48.619,319692000.0
14,XEC,MRQ,2017-12-31,2017-12-31,2017-12-31,2021-08-06,2199000.0,5042639000.0,,935635000.0,4107004000.0,,26.96,-341653000.0,400534000.0,400534000.0,298982000.0,174696000.0,1.377,0.963,1533254000.0,42066000.0,1491188000.0,1533254000.0,0.0,130935000.0,0.0,0.003,0.08,191037000.0,321972000.0,0.584,321972000.0,191037000.0,174201000.0,1.83,1.83,1.83,2568278000.0,,2568278000.0,12692473531.0,17.0,10.552,-894000.0,-0.009,1.0,251958000.0,0.457,620232000.0,16836000.0,4875553000.0,,49722000.0,17237000.0,15151000.0,2086000.0,2474361000.0,679574000.0,1794787000.0,11622782531.0,-22274000.0,0.0,168000.0,-29312000.0,-7789000.0,-21771000.0,-341262000.0,0.0,340759000.0,0.0,174696000.0,174696000.0,174696000.0,0.0,0.0,0.317,39682000.0,212276000.0,256156000.0,0.044,4.526,23.512,23.509,3452452000.0,0.0,122.01,6.059,6.059,489677000.0,-199259000.0,550940000.0,550940000.0,0.0,,,,,6637000.0,21161000.0,1.0,95260901.0,95260901,,5.783,4422407000.0,0.0,-495000.0,125305000.0,46.424,256061000.0
15,XEC,MRQ,2017-09-30,2017-09-30,2017-09-30,2021-08-06,1805000.0,4769054000.0,,894132000.0,3874922000.0,,25.211,-333927000.0,422808000.0,422808000.0,268363000.0,91399000.0,1.509,0.985,1492499000.0,5778000.0,1486721000.0,1492499000.0,0.0,111396000.0,0.0,0.004,0.16,159476000.0,270872000.0,0.584,270872000.0,159476000.0,142638000.0,0.96,0.96,0.96,2402063000.0,,2402063000.0,11796854466.0,17.0,10.885,-82922000.0,-0.87,1.0,195318000.0,0.421,620232000.0,16838000.0,4625888000.0,,54545000.0,7053000.0,6924000.0,129000.0,2366991000.0,592625000.0,1774366000.0,10830254466.0,-96787000.0,0.0,190000.0,0.0,-7590000.0,-13981000.0,-333811000.0,0.0,251005000.0,0.0,91399000.0,91399000.0,91399000.0,0.0,0.0,0.197,29669000.0,165649000.0,216212000.0,0.167,4.509,29.477,29.296,3222619000.0,0.0,113.67,6.191,6.191,430439000.0,-373955000.0,463681000.0,463681000.0,0.0,,,,,7038000.0,21039000.0,1.0,95278037.0,95278037,,4.867,4148822000.0,0.0,51239000.0,122346000.0,43.544,301507000.0
16,XEC,MRQ,2017-06-30,2017-06-30,2017-06-30,2021-08-06,1571000.0,4562980000.0,,927876000.0,3635104000.0,,24.306,-276196000.0,519595000.0,519595000.0,255210000.0,97262000.0,1.763,0.974,1486195000.0,98000.0,1486097000.0,1486195000.0,0.0,107884000.0,0.0,0.003,0.08,175974000.0,283858000.0,0.622,283858000.0,175974000.0,155879000.0,1.02,1.02,1.02,2311755000.0,,2311755000.0,9861591272.0,19.0,10.856,-20910000.0,-0.22,1.0,201242000.0,0.441,620232000.0,20095000.0,4383127000.0,,45486000.0,20245000.0,19803000.0,442000.0,2251225000.0,526221000.0,1725004000.0,8941161272.0,-59313000.0,0.0,0.0,-1890000.0,-7576000.0,-38752000.0,-275847000.0,0.0,255286000.0,0.0,97262000.0,97262000.0,97262000.0,0.0,0.0,0.213,27281000.0,173961000.0,204340000.0,0.078,3.868,33.696,33.575,2981557000.0,0.0,94.01,5.514,5.514,361967000.0,-465366000.0,456452000.0,456452000.0,0.0,,,,,6293000.0,19762000.0,1.0,95108619.0,95108619,,4.799,3942748000.0,0.0,58617000.0,66041000.0,41.455,401655000.0
17,XEC,MRQ,2017-03-31,2017-03-31,2017-03-31,2021-08-06,1347000.0,4393999000.0,,949227000.0,3444772000.0,,23.243,-315022000.0,578908000.0,578908000.0,243000000.0,130972000.0,1.871,0.987,1499338000.0,10838000.0,1488500000.0,1499338000.0,0.0,95816000.0,0.0,0.003,0.08,230330000.0,326146000.0,0.729,326146000.0,230330000.0,209278000.0,1.38,1.38,1.38,2210949000.0,,2210949000.0,12253070079.0,370.0,29.839,-65508000.0,-0.689,1.0,204176000.0,0.457,620232000.0,21052000.0,4186875000.0,,37487000.0,8819000.0,6381000.0,2438000.0,2183050000.0,507322000.0,1675728000.0,11366067079.0,-73968000.0,0.0,36000.0,0.0,-7577000.0,-8505000.0,-314977000.0,0.0,249514000.0,0.0,130972000.0,130972000.0,130972000.0,0.0,0.0,0.293,26558000.0,177618000.0,203411000.0,0.058,5.141,-245.106,-225.453,2778870000.0,0.0,119.49,7.764,7.764,343277000.0,-562645000.0,447176000.0,447176000.0,0.0,,,,,6288000.0,18034000.0,1.0,95121492.0,95121492,,4.701,3773767000.0,10424000.0,78306000.0,15554000.0,39.673,441905000.0
18,XEC,MRQ,2016-12-31,2016-12-31,2016-12-31,2021-08-06,945000.0,4237724000.0,,969304000.0,3268420000.0,,21.513,-210185000.0,652876000.0,652876000.0,217975000.0,47783000.0,1.856,1.074,1539879000.0,49370000.0,1490509000.0,1539879000.0,0.0,89349000.0,0.0,0.003,0.08,113577000.0,202926000.0,0.531,202926000.0,113577000.0,92865000.0,0.52,0.52,0.52,2042989000.0,,2042989000.0,13715879247.0,-25.0,-92.936,-25124000.0,-0.265,1.0,164180000.0,0.43,620232000.0,20712000.0,3982143000.0,,33342000.0,0.0,0.0,0.0,2194735000.0,522352000.0,1672383000.0,12905631247.0,-45820000.0,0.0,181000.0,0.0,-7781000.0,-22867000.0,-208014000.0,0.0,185061000.0,0.0,47783000.0,47783000.0,47783000.0,0.0,0.0,0.125,26412000.0,137768000.0,168878000.0,0.154,6.317,-31.569,-31.027,2559732000.0,0.0,135.9,10.264,10.264,299893000.0,-722359000.0,382155000.0,382155000.0,0.0,,,,,5741000.0,18462000.0,1.0,94964174.0,94964174,,4.024,3617492000.0,55835000.0,45082000.0,18766000.0,38.093,446952000.0
19,XEC,MRQ,2016-09-30,2016-09-30,2016-09-30,2021-08-06,1008000.0,4538747000.0,,966503000.0,3572244000.0,,24.564,-159912000.0,698696000.0,698696000.0,215838000.0,-10673000.0,2.19,0.945,1508944000.0,21573000.0,1487371000.0,1508944000.0,0.0,90277000.0,0.0,0.004,0.08,5199000.0,95476000.0,0.284,95476000.0,5199000.0,-15732000.0,-0.12,-0.12,-0.12,2333282000.0,,2333282000.0,13636838303.0,-7.0,-9.148,63090000.0,0.664,1.0,119879000.0,0.357,620232000.0,20931000.0,4287445000.0,,34909000.0,1150000.0,1147000.0,3000.0,2205465000.0,441318000.0,1764147000.0,12763383303.0,56957000.0,0.0,3336000.0,0.0,-7588000.0,-11627000.0,-154418000.0,0.0,223002000.0,0.0,-10673000.0,-10673000.0,-10673000.0,0.0,0.0,-0.032,133687000.0,-13808000.0,161194000.0,-0.667,5.47,-10.148,-9.931,2918524000.0,0.0,134.37,10.757,10.757,226983000.0,-443480000.0,335717000.0,335717000.0,0.0,,,,,5764000.0,20118000.0,1.0,94986852.0,94986852,,3.534,3918515000.0,0.0,-5059000.0,87523000.0,41.253,525185000.0
20,XEC,MRQ,2016-06-30,2016-06-30,2016-06-30,2021-08-06,721000.0,4531823000.0,,917607000.0,3614216000.0,,24.751,-157301000.0,641739000.0,641739000.0,225293000.0,-214454000.0,2.275,0.931,1515194000.0,28399000.0,1486795000.0,1515194000.0,0.0,102086000.0,0.0,0.005,0.08,-315991000.0,-213905000.0,-0.716,-213905000.0,-315991000.0,-336815000.0,-2.31,-2.31,-2.31,2346802000.0,,2346802000.0,12126710993.0,-4.0,-4.717,-24920000.0,-0.263,1.0,73580000.0,0.246,620232000.0,20824000.0,4381720000.0,,37852000.0,1119000.0,1119000.0,0.0,2185021000.0,403326000.0,1781695000.0,11313326993.0,-34900000.0,0.0,1173000.0,0.0,-7551000.0,-10116000.0,-157165000.0,0.0,132381000.0,0.0,-214454000.0,-214454000.0,-214454000.0,0.0,0.0,-0.718,363979000.0,-290399000.0,154773000.0,-0.035,4.821,-5.628,-5.519,2958814000.0,0.0,119.32,9.375,9.375,229634000.0,-430674000.0,298873000.0,298873000.0,0.0,,,,,7490000.0,21424000.0,1.0,94815010.0,94815010,,3.152,3911591000.0,0.0,-122361000.0,92446000.0,41.255,514281000.0
21,XEC,MRQ,2016-03-31,2016-03-31,2016-03-31,2021-08-06,526000.0,4901261000.0,,931090000.0,3970171000.0,,27.572,-172901000.0,676639000.0,676639000.0,249700000.0,-231459000.0,2.607,0.875,1490023000.0,3812000.0,1486211000.0,1490023000.0,0.0,110636000.0,0.0,0.007,0.16,-342717000.0,-232081000.0,-0.965,-232081000.0,-342717000.0,-363522000.0,-2.49,-2.49,-2.49,2614331000.0,,2614331000.0,9929365199.0,-3.0,-3.244,-87496000.0,-0.923,1.0,-9100000.0,-0.038,620232000.0,20805000.0,4737321000.0,,44648000.0,12290000.0,11868000.0,422000.0,2286930000.0,357092000.0,1929838000.0,9223127199.0,-102743000.0,0.0,114000.0,0.0,-15104000.0,-15335000.0,-172813000.0,0.0,85405000.0,0.0,-231459000.0,-231459000.0,-231459000.0,0.0,0.0,-0.962,340599000.0,-349699000.0,123493000.0,-0.064,3.528,-3.849,-3.773,3313969000.0,0.0,97.27,6.923,6.923,192160000.0,-160397000.0,240600000.0,240600000.0,0.0,,,,,5528000.0,13897000.0,1.0,94819854.0,94819854,,2.537,4281029000.0,0.0,-132063000.0,246553000.0,45.149,573998000.0
22,XEC,MRQ,2015-12-31,2015-12-31,2015-12-31,2021-08-06,441000.0,4708422000.0,,1077930000.0,3630492000.0,,25.998,-219012000.0,779382000.0,779382000.0,268148000.0,-801164000.0,2.629,0.915,1485620000.0,0.0,1485620000.0,1485620000.0,0.0,111577000.0,0.0,0.007,0.16,-1251789000.0,-1140212000.0,-3.663,-1140212000.0,-1251789000.0,-1273566000.0,-8.61,-8.61,-8.61,2458357000.0,,2458357000.0,9052427729.0,-2.0,-2.799,-69830000.0,-0.738,1.0,43131000.0,0.139,620232000.0,21777000.0,4384361000.0,,54579000.0,11246000.0,10745000.0,501000.0,2250065000.0,410067000.0,1839998000.0,8451739729.0,-119930000.0,0.0,-11941000.0,0.0,-15070000.0,-50221000.0,-218891000.0,0.0,149182000.0,0.0,-801164000.0,-801164000.0,-801164000.0,0.0,0.0,-2.574,1313462000.0,-1270331000.0,149128000.0,-0.019,3.438,-3.276,-3.221,2971291000.0,0.0,89.38,5.818,5.818,238791000.0,-306008000.0,311279000.0,311279000.0,0.0,,,,,4679000.0,24283000.0,1.0,94559630.0,94559630,,3.292,4088190000.0,0.0,-472402000.0,174707000.0,43.234,667863000.0
23,XEC,MRQ,2015-09-30,2015-09-30,2015-09-30,2021-08-06,303000.0,6336362000.0,,1238461000.0,5097901000.0,,36.355,-164900000.0,899312000.0,899312000.0,329424000.0,-763284000.0,2.574,0.845,1500000000.0,0.0,1500000000.0,1500000000.0,0.0,185654000.0,0.0,0.006,0.16,-1170400000.0,-984746000.0,-2.766,-984746000.0,-1170400000.0,-1191816000.0,-8.21,-8.21,-8.21,3433967000.0,,3433967000.0,10323013922.0,-4.0,-5.951,41101000.0,0.435,1.0,26631000.0,0.075,620232000.0,21416000.0,5835710000.0,,65096000.0,1968000.0,1501000.0,467000.0,2902395000.0,481108000.0,2421287000.0,9679893922.0,42432000.0,0.0,15456000.0,0.0,-15082000.0,274000.0,-163843000.0,0.0,206001000.0,0.0,-763284000.0,-763284000.0,-763284000.0,0.0,0.0,-2.144,1208474000.0,-1181843000.0,194348000.0,-0.019,2.819,-5.75,-5.554,4422838000.0,0.0,102.48,5.762,5.762,260060000.0,678950000.0,356055000.0,356055000.0,0.0,,,,,4737000.0,20413000.0,1.0,94456420.0,94456420,,3.77,5716130000.0,6863000.0,-428532000.0,733371000.0,60.516,757353000.0
24,XEC,MRQ,2015-06-30,2015-06-30,2015-06-30,2021-08-06,912000.0,7568504000.0,,1267449000.0,6301055000.0,,47.861,-237097000.0,856880000.0,856880000.0,369050000.0,-600215000.0,2.541,0.804,1500000000.0,0.0,1500000000.0,1500000000.0,0.0,217451000.0,0.0,0.006,0.16,-920974000.0,-703523000.0,-1.658,-703523000.0,-920974000.0,-942271000.0,-6.47,-6.47,-6.47,4196163000.0,,4196163000.0,11050327262.0,-10.0,-39.372,20275000.0,0.231,1.0,55233000.0,0.13,620232000.0,21297000.0,7092508000.0,,75165000.0,0.0,0.0,0.0,3372341000.0,498884000.0,2873457000.0,9671259262.0,735948000.0,0.0,752418000.0,0.0,-14182000.0,715673000.0,-237097000.0,0.0,257372000.0,0.0,-600215000.0,-600215000.0,-600215000.0,0.0,0.0,-1.415,988631000.0,-933398000.0,236157000.0,-0.025,2.305,-12.467,-12.842,5624508000.0,0.0,110.31,4.9,4.9,319370000.0,1457298000.0,424283000.0,424283000.0,0.0,,,,,4988000.0,14054000.0,1.0,87673459.0,87673459,,4.839,6948272000.0,6961000.0,-342056000.0,1177289000.0,79.252,768565000.0
25,XEC,MRQ,2015-03-31,2015-03-31,2015-03-31,2021-08-06,1204000.0,7860051000.0,,561185000.0,7298866000.0,,46.647,-388774000.0,120932000.0,120932000.0,369476000.0,-414941000.0,1.014,0.924,1500000000.0,0.0,1500000000.0,1500000000.0,0.0,216778000.0,0.0,0.006,0.16,-622424000.0,-405646000.0,-1.124,-405646000.0,-622424000.0,-643680000.0,-4.84,-4.84,-4.84,4086138000.0,,4086138000.0,11175692152.0,213.0,12.831,-275601000.0,-3.146,1.0,-8474000.0,-0.023,620232000.0,21256000.0,8065692000.0,,81462000.0,0.0,0.0,0.0,3773913000.0,553195000.0,3220718000.0,10081554152.0,-284930000.0,0.0,4618000.0,0.0,-13947000.0,-9329000.0,-388774000.0,0.0,113173000.0,0.0,-414941000.0,-414941000.0,-414941000.0,0.0,0.0,-1.149,626952000.0,-635426000.0,216589000.0,-0.033,2.467,-374.779,-280.707,6620570000.0,0.0,115.09,4.612,4.612,339711000.0,2072603000.0,361002000.0,361002000.0,0.0,,,,,5155000.0,15938000.0,1.0,87597134.0,87597134,,4.121,7239819000.0,10077000.0,-228739000.0,1522629000.0,82.649,7990000.0
26,XEC,MRQ,2014-12-31,2014-12-31,2014-12-31,2021-08-06,1102000.0,8708469000.0,,931804000.0,7776665000.0,,51.584,-492877000.0,405862000.0,405862000.0,366446000.0,95086000.0,1.2,0.935,1483176000.0,0.0,1483176000.0,1483176000.0,0.0,187298000.0,0.0,0.006,0.16,171943000.0,359241000.0,0.667,359241000.0,171943000.0,150723000.0,1.07,1.06,1.07,4500632000.0,,4500632000.0,10184840848.0,11.0,6.045,-145482000.0,-1.667,1.0,172105000.0,0.32,620232000.0,21220000.0,8389224000.0,,89780000.0,0.0,0.0,0.0,4207837000.0,776327000.0,3431510000.0,9248341848.0,-157795000.0,0.0,1369000.0,0.0,-13917000.0,-12548000.0,-492642000.0,0.0,347395000.0,0.0,95086000.0,95086000.0,95086000.0,0.0,0.0,0.177,29639000.0,142466000.0,293168000.0,0.15,2.055,17.566,17.637,7114742000.0,0.0,106.0,3.815,3.815,447447000.0,2501574000.0,538551000.0,538551000.0,0.0,,,,,4126000.0,23637000.0,1.0,87248508.0,87248508,,6.173,8088237000.0,13475000.0,55637000.0,1781656000.0,92.703,155477000.0
27,XEC,MRQ,2014-09-30,2014-09-30,2014-09-30,2021-08-06,1051000.0,8644094000.0,,1110537000.0,7533557000.0,,50.906,-67437000.0,563657000.0,563657000.0,405114000.0,144315000.0,1.362,0.951,1500156000.0,156000.0,1500000000.0,1500156000.0,0.0,219359000.0,0.0,0.005,0.16,249901000.0,469260000.0,0.722,469260000.0,249901000.0,229022000.0,1.65,1.65,1.65,4429974000.0,,4429974000.0,12390836436.0,12.0,6.747,434764000.0,4.996,1.0,244626000.0,0.376,620232000.0,20879000.0,8144718000.0,,93012000.0,1090000.0,1090000.0,0.0,4214120000.0,815643000.0,3398477000.0,11010885436.0,435102000.0,0.0,6468000.0,0.0,-13910000.0,-7840000.0,-59259000.0,0.0,502201000.0,0.0,144315000.0,144315000.0,144315000.0,0.0,0.0,0.222,25082000.0,219544000.0,341413000.0,0.097,2.486,17.252,17.309,6854110000.0,0.0,126.53,4.584,4.584,430702000.0,2439794000.0,649740000.0,649740000.0,0.0,,,,,3603000.0,20240000.0,1.0,87021935.0,87021935,,7.466,8023862000.0,13544000.0,84707000.0,1710662000.0,92.205,294894000.0
28,XEC,MRQ,2014-06-30,2014-06-30,2014-06-30,2021-08-06,1173000.0,8399007000.0,,686352000.0,7712655000.0,,49.253,-748776000.0,128555000.0,128555000.0,369916000.0,148640000.0,0.857,0.959,1508506000.0,8506000.0,1500000000.0,1508506000.0,0.0,194989000.0,0.0,0.004,0.16,253122000.0,448111000.0,0.704,448111000.0,253122000.0,236398000.0,1.71,1.7,1.71,4286631000.0,,4286631000.0,13512493961.0,13.0,7.675,-327031000.0,-3.758,1.0,266753000.0,0.419,620232000.0,16724000.0,8357536000.0,,85278000.0,0.0,0.0,0.0,4112376000.0,801190000.0,3311186000.0,12485769961.0,124025000.0,0.0,1153000.0,475000000.0,-13879000.0,451056000.0,-748776000.0,0.0,421745000.0,0.0,148640000.0,148640000.0,148640000.0,0.0,0.0,0.233,23881000.0,242872000.0,323732000.0,0.094,2.913,19.747,19.788,7032124000.0,0.0,143.46,5.396,5.396,449456000.0,2309429000.0,636669000.0,636669000.0,0.0,,,,,3548000.0,16571000.0,1.0,87033110.0,87033110,,7.315,7778775000.0,13725000.0,87758000.0,1626206000.0,89.377,-114838000.0
29,XEC,MRQ,2014-03-31,2014-03-31,2014-03-31,2021-08-06,1229000.0,7618635000.0,,514678000.0,7103957000.0,,47.669,-439790000.0,5348000.0,5348000.0,335725000.0,138457000.0,0.706,0.837,1032072000.0,7072000.0,1025000000.0,1032072000.0,0.0,173931000.0,0.0,0.005,0.14,234244000.0,408175000.0,0.681,408175000.0,234244000.0,220202000.0,1.59,1.59,1.59,4147737000.0,,4147737000.0,11283043370.0,11.0,6.716,-91766000.0,-1.055,1.0,263491000.0,0.44,620232000.0,14042000.0,7296141000.0,,84339000.0,3000.0,3000.0,0.0,3470898000.0,728986000.0,2741912000.0,10364003370.0,-1000.0,0.0,2908000.0,101000000.0,-12143000.0,91765000.0,-439790000.0,0.0,348024000.0,0.0,138457000.0,138457000.0,138457000.0,0.0,0.0,0.231,27757000.0,235734000.0,310562000.0,0.088,2.499,16.901,16.919,6434438000.0,0.0,119.11,4.774,4.774,403283000.0,2174692000.0,599216000.0,599216000.0,0.0,,,,,3724000.0,20712000.0,1.0,87012034.0,87012034,,6.887,6998403000.0,14358000.0,81745000.0,1539114000.0,80.43,-214308000.0
30,XEC,MRQ,2013-12-31,2013-12-31,2013-12-31,2021-08-06,1189000.0,7253135000.0,,469139000.0,6783996000.0,,46.318,-434850000.0,4531000.0,4531000.0,308125000.0,206827000.0,0.687,0.803,924389000.0,389000.0,924000000.0,924389000.0,0.0,173023000.0,0.0,0.005,0.14,337924000.0,510947000.0,0.989,510947000.0,337924000.0,324223000.0,2.36,2.35,2.36,4022208000.0,,4022208000.0,10009189957.0,11.0,6.398,-51250000.0,-0.59,1.0,208477000.0,0.404,620232000.0,13701000.0,6869594000.0,,66772000.0,4268000.0,4268000.0,0.0,3230927000.0,683167000.0,2547760000.0,9110218957.0,0.0,0.0,4326000.0,24000000.0,-12142000.0,16184000.0,-399784000.0,0.0,383600000.0,0.0,206827000.0,206827000.0,206827000.0,0.0,0.0,0.4,-115359000.0,323836000.0,235091000.0,0.059,2.265,16.133,16.19,6112555000.0,0.0,104.91,4.56,4.56,402414000.0,2050034000.0,516602000.0,516602000.0,0.0,,,,,3820000.0,20050000.0,1.0,86838423.0,86838423,,5.949,6632903000.0,16854000.0,117396000.0,1487350000.0,76.382,-214028000.0
31,XEC,MRQ,2013-09-30,2013-09-30,2013-09-30,2021-08-06,875000.0,7054364000.0,,496873000.0,6557491000.0,,44.117,-366117000.0,5349000.0,5349000.0,299260000.0,138370000.0,0.704,0.848,904320000.0,4320000.0,900000000.0,904320000.0,0.0,159182000.0,0.0,0.005,0.14,234147000.0,393329000.0,0.701,393329000.0,234147000.0,220193000.0,1.59,1.59,1.59,3816285000.0,,3816285000.0,9226426708.0,12.0,6.771,4845000.0,0.056,1.0,262076000.0,0.467,620232000.0,13954000.0,6627223000.0,,69517000.0,9885000.0,7168000.0,2717000.0,3238079000.0,705880000.0,2532199000.0,8338899708.0,-1000.0,0.0,8463000.0,8000000.0,-12122000.0,4241000.0,-375204000.0,0.0,370962000.0,0.0,138370000.0,138370000.0,138370000.0,0.0,0.0,0.247,26654000.0,235422000.0,298147000.0,0.088,2.185,18.246,18.292,5882917000.0,0.0,96.4,4.338,4.338,391105000.0,1855382000.0,561336000.0,561336000.0,0.0,,,,,3347000.0,19003000.0,1.0,86503109.0,86503109,,6.489,6434132000.0,13902000.0,81823000.0,1338623000.0,74.38,-209007000.0
32,XEC,MRQ,2013-06-30,2013-06-30,2013-06-30,2021-08-06,573000.0,6796370000.0,,486541000.0,6309829000.0,,42.556,-372037000.0,4532000.0,4532000.0,271677000.0,129565000.0,0.724,0.847,892059000.0,59000.0,892000000.0,892059000.0,0.0,147231000.0,0.0,0.008,0.14,220293000.0,367524000.0,0.744,367524000.0,220293000.0,206181000.0,1.5,1.49,1.5,3678997000.0,,3678997000.0,6472453993.0,9.0,5.175,-49329000.0,-0.571,1.0,222080000.0,0.45,620232000.0,14112000.0,6391849000.0,,66902000.0,10351000.0,7956000.0,2395000.0,3117373000.0,671816000.0,2445557000.0,5618368993.0,-14000000.0,0.0,216000.0,22000000.0,-12092000.0,10124000.0,-346832000.0,0.0,322708000.0,0.0,129565000.0,129565000.0,129565000.0,0.0,0.0,0.262,31592000.0,190488000.0,255646000.0,0.093,1.527,13.945,13.976,5633609000.0,0.0,64.99,3.178,3.178,381634000.0,1729178000.0,493757000.0,493757000.0,0.0,,,,,3507000.0,22836000.0,1.0,86449746.0,86449746,,5.711,6176138000.0,18111000.0,76616000.0,1260836000.0,71.442,-185275000.0
33,XEC,MRQ,2013-03-31,2013-03-31,2013-03-31,2021-08-06,554000.0,6569949000.0,,444497000.0,6125452000.0,,41.138,-389694000.0,18532000.0,18532000.0,255742000.0,89927000.0,0.688,0.848,872617000.0,2617000.0,870000000.0,872617000.0,0.0,136438000.0,0.0,0.006,0.12,156309000.0,292747000.0,0.687,292747000.0,156309000.0,143103000.0,1.04,1.04,1.04,3554593000.0,,3554593000.0,7198962174.0,12.0,6.424,-142616000.0,-1.651,1.0,170614000.0,0.4,620232000.0,13206000.0,6158177000.0,,73035000.0,288000.0,288000.0,0.0,3015356000.0,645625000.0,2369731000.0,6518500174.0,-51006000.0,0.0,1489000.0,120000000.0,-10356000.0,111133000.0,-409217000.0,0.0,247078000.0,0.0,89927000.0,89927000.0,89927000.0,0.0,0.0,0.211,24513000.0,146101000.0,231219000.0,0.115,1.834,19.306,19.344,5450480000.0,0.0,75.44,4.006,4.006,333550000.0,1611732000.0,426356000.0,426356000.0,0.0,,,,,3605000.0,15577000.0,1.0,86406418.0,86406418,,4.934,5949717000.0,12122000.0,53176000.0,1178221000.0,68.857,-201128000.0
34,XEC,MRQ,2012-12-31,2012-12-31,2012-12-31,2021-08-06,474000.0,6305152000.0,,470137000.0,5835015000.0,,40.151,-246557000.0,69538000.0,69538000.0,241503000.0,99152000.0,0.728,0.815,750000000.0,0.0,750000000.0,750000000.0,0.0,138430000.0,0.0,0.008,0.12,170607000.0,309037000.0,0.701,309037000.0,170607000.0,156860000.0,1.14,1.14,1.14,3474736000.0,,3474736000.0,5820586671.0,10.0,5.179,110059000.0,1.272,1.0,199365000.0,0.452,620232000.0,13747000.0,5719520000.0,,81029000.0,0.0,0.0,0.0,2830416000.0,645862000.0,2184554000.0,4995997671.0,64127000.0,0.0,1023000.0,-80000000.0,-10378000.0,-89355000.0,-203134000.0,0.0,356616000.0,0.0,99152000.0,99152000.0,99152000.0,0.0,0.0,0.225,38512000.0,160853000.0,237468000.0,0.105,1.438,14.12,14.15,5157374000.0,0.0,57.73,3.076,3.076,318020000.0,1533768000.0,440868000.0,440868000.0,0.0,,,,,4400000.0,12905000.0,1.0,86540753.0,86540753,,5.094,5684920000.0,8477000.0,57708000.0,1150532000.0,65.691,-175725000.0
35,XEC,MRQ,2012-09-30,2012-09-30,2012-09-30,2021-08-06,488000.0,6313255000.0,,427558000.0,5885697000.0,,39.284,-412240000.0,5411000.0,5411000.0,242758000.0,84262000.0,0.656,0.869,830000000.0,0.0,830000000.0,830000000.0,0.0,135987000.0,0.0,0.008,0.12,145424000.0,281411000.0,0.692,281411000.0,145424000.0,132201000.0,0.97,0.97,0.97,3377947000.0,,3377947000.0,5687639345.0,9.0,5.085,-151024000.0,-1.756,1.0,164154000.0,0.403,691432000.0,13223000.0,5794660000.0,,77879000.0,416000.0,416000.0,0.0,2935308000.0,651752000.0,2283556000.0,5034571345.0,-91521000.0,0.0,7646000.0,80000000.0,-10330000.0,76187000.0,-428924000.0,0.0,261216000.0,0.0,84262000.0,84262000.0,84262000.0,0.0,0.0,0.207,28791000.0,135363000.0,216786000.0,0.124,1.49,13.551,13.553,5145242000.0,0.0,58.55,3.121,3.121,335011000.0,1445011000.0,406912000.0,406912000.0,0.0,,,,,8301000.0,14742000.0,1.0,85987555.0,85987555,,4.732,5621823000.0,2126000.0,47939000.0,1128642000.0,65.379,-224194000.0
36,XEC,MRQ,2012-06-30,2012-06-30,2012-06-30,2021-08-06,250000.0,6031304000.0,,453712000.0,5577592000.0,,38.405,-357694000.0,96932000.0,96932000.0,225338000.0,64302000.0,0.743,0.832,750000000.0,0.0,750000000.0,750000000.0,0.0,121237000.0,0.0,0.008,0.12,116118000.0,237355000.0,0.672,237355000.0,116118000.0,102439000.0,0.75,0.74,0.75,3291974000.0,,3291974000.0,5296718594.0,8.0,4.582,-34654000.0,-0.404,1.0,127784000.0,0.362,691432000.0,13679000.0,5382591000.0,,91062000.0,5745000.0,5745000.0,0.0,2739330000.0,610349000.0,2128981000.0,4724791594.0,92526000.0,0.0,1139000.0,164405000.0,-10293000.0,142559000.0,-373073000.0,0.0,323040000.0,0.0,64302000.0,64302000.0,64302000.0,0.0,0.0,0.182,22478000.0,105306000.0,185356000.0,0.16,1.435,11.373,11.388,4839854000.0,0.0,55.12,2.881,2.881,251575000.0,1371087000.0,353122000.0,353122000.0,0.0,,,,,4684000.0,12634000.0,1.0,85718280.0,85718280,,4.12,5339872000.0,1193000.0,38137000.0,1074633000.0,62.296,-156637000.0
37,XEC,MRQ,2012-03-31,2012-03-31,2012-03-31,2021-08-06,385000.0,5736449000.0,,465123000.0,5271326000.0,,37.694,-399641000.0,4406000.0,4406000.0,229214000.0,106107000.0,0.791,0.776,576333000.0,4333000.0,572000000.0,576333000.0,0.0,118262000.0,0.0,0.005,0.1,177718000.0,295980000.0,0.7,295980000.0,177718000.0,169050000.0,1.24,1.23,1.24,3230462000.0,,3230462000.0,6870719583.0,8.0,5.358,-147749000.0,-1.724,1.0,193822000.0,0.458,691432000.0,8668000.0,5029186000.0,,84808000.0,0.0,0.0,0.0,2505987000.0,587758000.0,1918229000.0,6467880583.0,2000000.0,0.0,1625000.0,167000000.0,-8576000.0,160049000.0,-409941000.0,0.0,251892000.0,0.0,106107000.0,106107000.0,106107000.0,0.0,0.0,0.251,24546000.0,169276000.0,218621000.0,0.081,2.002,12.489,12.495,4543490000.0,0.0,75.47,3.687,3.687,361553000.0,1317095000.0,423036000.0,423036000.0,0.0,,,,,4534000.0,14147000.0,1.0,85701346.0,85701346,,4.936,5045017000.0,5876000.0,62943000.0,1041257000.0,58.867,-122635000.0
38,XEC,MRQ,2011-12-31,2011-12-31,2011-12-31,2021-08-06,-14000.0,5357377000.0,,457895000.0,4899482000.0,,36.512,-492944000.0,2406000.0,2406000.0,225247000.0,116869000.0,0.743,0.711,405000000.0,0.0,405000000.0,405000000.0,0.0,110907000.0,0.0,0.006,0.1,192847000.0,303754000.0,0.706,303754000.0,192847000.0,184835000.0,1.36,1.36,1.36,3130613000.0,,3130613000.0,5600278404.0,6.0,4.418,-172192000.0,-2.008,1.0,205024000.0,0.476,620232000.0,8012000.0,4523400000.0,,85141000.0,0.0,0.0,0.0,2226764000.0,616339000.0,1610425000.0,5307438404.0,-54754000.0,0.0,828000.0,55000000.0,-8583000.0,47214000.0,-422720000.0,0.0,320752000.0,0.0,116869000.0,116869000.0,116869000.0,0.0,0.0,0.272,20905000.0,184119000.0,215511000.0,0.074,1.695,10.015,10.032,4244423000.0,0.0,61.9,3.019,3.019,326697000.0,1221263000.0,430271000.0,430271000.0,0.0,,,,,4987000.0,10522000.0,1.0,85742139.0,85742139,,5.018,4737145000.0,2723000.0,67966000.0,937678000.0,55.249,-158444000.0
39,XEC,MRQ,2011-09-30,2011-09-30,2011-09-30,2021-08-06,-153000.0,5111552000.0,,501876000.0,4609676000.0,,35.216,-369858000.0,57160000.0,57160000.0,217564000.0,128152000.0,0.871,0.696,350000000.0,0.0,350000000.0,350000000.0,0.0,104681000.0,0.0,0.006,0.1,214280000.0,318961000.0,0.735,318961000.0,214280000.0,205001000.0,1.49,1.49,1.49,3013407000.0,,3013407000.0,5107539073.0,6.0,4.097,-37426000.0,-0.437,1.0,216245000.0,0.498,691432000.0,9279000.0,4136637000.0,,82947000.0,3680000.0,3680000.0,0.0,2098145000.0,576323000.0,1521822000.0,4766170073.0,44010000.0,0.0,2591000.0,0.0,-8583000.0,-13240000.0,-275182000.0,0.0,332432000.0,0.0,128152000.0,128152000.0,128152000.0,0.0,0.0,0.295,19942000.0,196303000.0,196979000.0,0.067,1.582,8.982,8.984,3885234000.0,0.0,55.7,2.746,2.746,343197000.0,1112978000.0,433809000.0,433809000.0,0.0,,,,,4595000.0,9390000.0,1.0,85568583.0,85568583,,5.07,4420120000.0,2625000.0,76849000.0,906118000.0,51.656,-74447000.0
40,XEC,MRQ,2011-06-30,2011-06-30,2011-06-30,2021-08-06,432000.0,4884128000.0,,553722000.0,4330406000.0,,33.757,-380510000.0,13150000.0,13150000.0,206104000.0,166749000.0,0.925,0.691,354519000.0,4519000.0,350000000.0,354519000.0,0.0,89847000.0,0.0,0.004,0.1,273673000.0,363520000.0,0.778,363520000.0,273673000.0,264333000.0,1.95,1.94,1.95,2887601000.0,,2887601000.0,8015719350.0,9.0,6.574,-6696000.0,-0.078,1.0,261109000.0,0.559,691432000.0,9340000.0,3935726000.0,,78584000.0,2826000.0,2826000.0,0.0,1996527000.0,598339000.0,1398188000.0,7691756350.0,-40996000.0,0.0,2749000.0,0.0,-8566000.0,-5917000.0,-408893000.0,0.0,373814000.0,0.0,166749000.0,166749000.0,166749000.0,0.0,0.0,0.357,20283000.0,240826000.0,186767000.0,0.051,2.664,14.493,14.48,3606210000.0,0.0,89.92,4.577,4.577,293419000.0,993415000.0,467213000.0,467213000.0,0.0,,,,,4617000.0,10617000.0,1.0,85539995.0,85539995,,5.462,4192696000.0,4293000.0,97584000.0,787192000.0,49.014,-44617000.0
41,XEC,MRQ,2011-03-31,2011-03-31,2011-03-31,2021-08-06,423000.0,4569771000.0,,505870000.0,4063901000.0,,31.823,-298145000.0,54146000.0,54146000.0,195100000.0,118162000.0,0.937,0.679,378109000.0,28109000.0,350000000.0,378109000.0,0.0,85026000.0,0.0,0.003,0.08,196292000.0,281318000.0,0.659,281318000.0,196292000.0,187312000.0,1.38,1.37,1.38,2721547000.0,,2721547000.0,10100159171.0,12.0,8.907,-32868000.0,-0.384,1.0,231496000.0,0.543,691432000.0,8980000.0,3662600000.0,,79599000.0,3975000.0,3975000.0,0.0,1848224000.0,539702000.0,1308522000.0,9855397171.0,-59980000.0,0.0,4243000.0,0.0,-6849000.0,-2606000.0,-322651000.0,0.0,265277000.0,0.0,118162000.0,118162000.0,118162000.0,0.0,0.0,0.277,24789000.0,206707000.0,183322000.0,0.058,3.621,20.171,20.112,3338063000.0,0.0,115.24,6.192,6.192,308946000.0,835233000.0,426596000.0,426596000.0,0.0,,,,,4750000.0,14727000.0,1.0,85520628.0,85520628,,4.988,3878339000.0,9848000.0,69150000.0,694384000.0,45.35,-33832000.0
42,XEC,MRQ,2010-12-31,2010-12-31,2010-12-31,2021-08-06,264000.0,4358247000.0,,561068000.0,3797179000.0,,30.812,-325508000.0,114126000.0,114126000.0,190118000.0,117585000.0,1.095,0.67,359587000.0,9587000.0,350000000.0,359587000.0,0.0,82661000.0,0.0,0.003,0.08,200227000.0,282888000.0,0.693,282888000.0,200227000.0,191236000.0,1.38,1.37,1.38,2609832000.0,,2609832000.0,7700234023.0,8.0,6.138,-81744000.0,-0.965,1.0,217911000.0,0.534,691432000.0,8991000.0,3399963000.0,,81871000.0,5731000.0,5731000.0,0.0,1748415000.0,512313000.0,1236102000.0,7498551023.0,-33970000.0,0.0,9830000.0,0.0,-6837000.0,2993000.0,-280727000.0,0.0,243764000.0,0.0,117585000.0,117585000.0,117585000.0,0.0,0.0,0.288,19915000.0,197996000.0,168615000.0,0.058,2.873,13.046,13.135,3078937000.0,0.0,88.53,4.647,4.647,299090000.0,725651000.0,408029000.0,408029000.0,0.0,,,,,3341000.0,12484000.0,1.0,84700678.0,84700678,,4.817,3666815000.0,4293000.0,73651000.0,654529000.0,43.291,48755000.0
43,XEC,MRQ,2010-09-30,2010-09-30,2010-09-30,2021-08-06,97000.0,4149694000.0,,567182000.0,3582512000.0,,29.755,-259854000.0,148755000.0,148755000.0,176470000.0,128216000.0,1.149,0.658,350438000.0,438000.0,350000000.0,350438000.0,0.0,78705000.0,0.0,0.004,0.08,212880000.0,291585000.0,0.77,291585000.0,212880000.0,203821000.0,1.5,1.5,1.5,2502259000.0,,2502259000.0,5790643437.0,6.0,4.804,54554000.0,0.649,1.0,202113000.0,0.534,691432000.0,9059000.0,3166324000.0,,99998000.0,25735000.0,25735000.0,0.0,1647435000.0,493621000.0,1153814000.0,5565379437.0,6039000.0,0.0,1896000.0,-19450000.0,-6827000.0,-24382000.0,-283987000.0,0.0,314408000.0,0.0,128216000.0,128216000.0,128216000.0,0.0,0.0,0.339,18007000.0,184106000.0,169687000.0,0.053,2.224,9.906,9.922,2862608000.0,0.0,66.18,3.627,3.627,232235000.0,614901000.0,378583000.0,378583000.0,0.0,,,,,3241000.0,11274000.0,1.0,84094582.0,84094582,,4.502,3458262000.0,0.0,75605000.0,531587000.0,41.123,73561000.0
44,XEC,MRQ,2010-06-30,2010-06-30,2010-06-30,2021-08-06,-168000.0,3870633000.0,,527559000.0,3343074000.0,,28.225,-194409000.0,142716000.0,142716000.0,163837000.0,124620000.0,1.252,0.635,367980000.0,17980000.0,350000000.0,367980000.0,0.0,73146000.0,0.0,0.004,0.08,205060000.0,278206000.0,0.735,278206000.0,205060000.0,195959000.0,1.47,1.46,1.47,2367652000.0,,2367652000.0,6316251793.0,8.0,6.02,78744000.0,0.939,1.0,214664000.0,0.567,691432000.0,9101000.0,2982988000.0,,111143000.0,23570000.0,23570000.0,0.0,1502981000.0,421477000.0,1081504000.0,6004383793.0,79515000.0,0.0,14623000.0,0.0,-6766000.0,7757000.0,-201395000.0,0.0,273153000.0,0.0,124620000.0,124620000.0,124620000.0,0.0,0.0,0.329,18327000.0,196337000.0,151867000.0,0.054,2.536,12.712,12.714,2619384000.0,0.0,71.58,4.274,4.274,217822000.0,493565000.0,378501000.0,378501000.0,0.0,,,,,2993000.0,11817000.0,1.0,83883540.0,83883540,,4.512,3179201000.0,0.0,71339000.0,455987000.0,37.9,106082000.0
45,XEC,MRQ,2010-03-31,2010-03-31,2010-03-31,2021-08-06,80000.0,3708120000.0,,519095000.0,3189025000.0,,26.695,-203627000.0,63135000.0,63135000.0,161723000.0,204361000.0,1.244,0.657,375003000.0,7171000.0,367832000.0,375003000.0,0.0,69710000.0,0.0,0.004,0.06,332177000.0,401887000.0,0.896,401887000.0,332177000.0,322715000.0,2.42,2.39,2.42,2238062000.0,,2238062000.0,5381937237.0,8.0,5.98,95480000.0,1.139,1.0,286847000.0,0.639,691432000.0,9462000.0,2911382000.0,,128207000.0,47497000.0,47497000.0,0.0,1470058000.0,417174000.0,1052884000.0,4978379237.0,59998000.0,0.0,2409000.0,-25000000.0,-5069000.0,-27660000.0,-211449000.0,0.0,299107000.0,0.0,204361000.0,204361000.0,204361000.0,0.0,0.0,0.456,16621000.0,270226000.0,177381000.0,0.025,2.224,12.88,12.853,2466321000.0,0.0,59.38,3.985,3.985,267366000.0,375726000.0,448570000.0,448570000.0,0.0,,,,,2778000.0,13045000.0,1.0,83839327.0,83839327,,5.35,3016688000.0,0.0,118354000.0,407166000.0,35.982,101921000.0
46,XEC,MRQ,2009-12-31,2009-12-31,2009-12-31,2021-08-06,-19000.0,3444537000.0,,407258000.0,3037279000.0,,24.405,-106197000.0,3137000.0,3137000.0,138843000.0,104645000.0,1.048,0.69,406695000.0,13902000.0,392793000.0,406695000.0,0.0,59908000.0,0.0,0.005,0.06,173861000.0,233769000.0,0.711,233769000.0,173861000.0,164228000.0,1.28,1.28,1.28,2038106000.0,,2038106000.0,4956473163.0,-11.0,-27.084,103334000.0,1.237,1.0,189953000.0,0.578,691432000.0,9633000.0,2767900000.0,,145153000.0,1238000.0,1238000.0,0.0,1406431000.0,388763000.0,1017668000.0,4423630163.0,-418000.0,0.0,845000.0,-131000000.0,-5049000.0,-135210000.0,-74739000.0,0.0,209531000.0,0.0,104645000.0,104645000.0,104645000.0,0.0,0.0,0.318,23161000.0,166792000.0,127141000.0,0.047,2.17,-14.181,-13.866,2312153000.0,0.0,52.97,4.381,4.381,236000000.0,178035000.0,328796000.0,328796000.0,0.0,,,,,2423000.0,11921000.0,1.0,83511991.0,83511991,,3.937,2753105000.0,15837000.0,59583000.0,376853000.0,32.967,18495000.0
47,XEC,MRQ,2009-09-30,2009-09-30,2009-09-30,2021-08-06,-74000.0,3396162000.0,,381509000.0,3014653000.0,,23.179,-77373000.0,3555000.0,3555000.0,135240000.0,38705000.0,1.174,0.757,536398000.0,12645000.0,523753000.0,536398000.0,0.0,59240000.0,0.0,0.006,0.06,76161000.0,135401000.0,0.543,135401000.0,76161000.0,65538000.0,0.46,0.46,0.46,1933183000.0,,1933183000.0,4316677189.0,-2.0,-2.226,193927000.0,2.325,1.0,113894000.0,0.457,691432000.0,10623000.0,2912711000.0,,166021000.0,3150000.0,3150000.0,0.0,1462979000.0,324862000.0,1138117000.0,3612955189.0,2000.0,0.0,2462000.0,-183000000.0,-5047000.0,-185619000.0,-85679000.0,2098000.0,271300000.0,0.0,38705000.0,38705000.0,38705000.0,0.0,0.0,0.155,21934000.0,91960000.0,109673000.0,0.13,1.869,-2.445,-2.395,2287801000.0,0.0,43.32,3.687,3.687,173914000.0,78546000.0,249134000.0,249134000.0,0.0,,,,,2477000.0,12522000.0,1.0,83401551.0,83401551,,2.987,2704730000.0,8566000.0,26833000.0,327653000.0,32.43,56647000.0
48,XEC,MRQ,2009-06-30,2009-06-30,2009-06-30,2021-08-06,-440000.0,3402804000.0,,447036000.0,2955768000.0,,22.72,-80454000.0,3518000.0,3518000.0,130343000.0,38807000.0,1.639,0.798,707240000.0,528000.0,706712000.0,707240000.0,0.0,56885000.0,0.0,0.008,0.06,72068000.0,128953000.0,0.579,128953000.0,72068000.0,60814000.0,0.46,0.46,0.46,1892501000.0,,1892501000.0,3069834357.0,-1.0,-1.342,31336000.0,0.376,1.0,92342000.0,0.415,691432000.0,11254000.0,3142376000.0,,191911000.0,6214000.0,6214000.0,0.0,1510303000.0,272718000.0,1237585000.0,2360622357.0,2000.0,0.0,114000.0,-6000000.0,-5036000.0,-28881000.0,-82907000.0,307000.0,111790000.0,0.0,38807000.0,38807000.0,38807000.0,0.0,0.0,0.174,19803000.0,72539000.0,109903000.0,0.13,1.247,-1.35,-1.324,2217911000.0,0.0,28.34,1.805,1.805,181652000.0,44898000.0,222685000.0,222685000.0,0.0,,,,,2097000.0,9519000.0,1.0,83296484.0,83296484,,2.673,2711372000.0,9182000.0,22007000.0,273803000.0,32.551,174318000.0
49,XEC,MRQ,2009-03-31,2009-03-31,2009-03-31,2021-08-06,-720000.0,3360560000.0,,451834000.0,2908726000.0,,22.244,-193725000.0,3460000.0,3460000.0,169440000.0,-494100000.0,1.515,0.813,712672000.0,0.0,712672000.0,712672000.0,0.0,89666000.0,0.0,0.013,0.06,-770794000.0,-681128000.0,-3.256,-681128000.0,-770794000.0,-779061000.0,-6.05,-6.05,-6.05,1854033000.0,,1854033000.0,2121489969.0,-1.0,-1.105,-111169000.0,-1.334,1.0,39739000.0,0.19,691432000.0,8267000.0,3080172000.0,,208027000.0,8346000.0,8346000.0,0.0,1506527000.0,298168000.0,1208359000.0,1531981969.0,1745000.0,0.0,0.0,125000000.0,-5040000.0,119958000.0,-200769000.0,923000.0,82556000.0,0.0,-494100000.0,-494100000.0,-494100000.0,0.0,0.0,-2.362,813793000.0,-774054000.0,119938000.0,-0.01,0.826,-0.983,-0.961,2188065000.0,0.0,18.38,0.9,0.9,171851000.0,11128000.0,209179000.0,209179000.0,0.0,,,,,2257000.0,7762000.0,1.0,83350488.0,83350488,,2.51,2669128000.0,6282000.0,-284961000.0,235147000.0,32.023,153666000.0
50,XEC,MRQ,2008-12-31,2008-12-31,2008-12-31,2021-08-06,-955000.0,4164933000.0,,514944000.0,3649989000.0,,28.827,-581151000.0,1715000.0,1715000.0,241089000.0,-1061373000.0,1.097,0.771,587630000.0,0.0,587630000.0,587630000.0,0.0,141215000.0,0.0,0.009,0.06,-1663294000.0,-1522079000.0,-5.093,-1522079000.0,-1663294000.0,-1671588000.0,-12.96,-12.93,-12.96,2351647000.0,,2351647000.0,2514718305.0,-2.0,-2.887,-354372000.0,-4.344,1.0,57747000.0,0.193,691432000.0,8294000.0,3589827000.0,,186062000.0,2502000.0,2502000.0,0.0,1813286000.0,469589000.0,1343697000.0,2230014305.0,-200170000.0,0.0,210000.0,114450000.0,-5033000.0,109519000.0,-536468000.0,1430000.0,226779000.0,0.0,-1061373000.0,-1061373000.0,-1061373000.0,0.0,0.0,-3.552,1711899000.0,-1654152000.0,193659000.0,-0.005,0.948,-2.437,-2.387,2928121000.0,0.0,26.78,1.132,1.107,229192000.0,510271000.0,298836000.0,298836000.0,0.0,,,,,2658000.0,6663000.0,1.0,83271632.0,81577000,72745000.0,3.663,3473501000.0,2435000.0,-610215000.0,527418000.0,42.579,45355000.0
51,XEC,MRQ,2008-09-30,2008-09-30,2008-09-30,2021-08-06,4167000.0,5579040000.0,,674331000.0,4904709000.0,,41.723,-385572000.0,201883000.0,201883000.0,265103000.0,-232423000.0,1.279,0.639,486587000.0,0.0,486587000.0,486587000.0,0.0,147432000.0,0.0,0.004,0.06,-360251000.0,-212819000.0,-0.369,-212819000.0,-360251000.0,-368317000.0,-2.85,-2.85,-2.85,3403424000.0,,3403424000.0,4397161754.0,10.0,4.466,57585000.0,0.706,1.0,312155000.0,0.541,691432000.0,8066000.0,4645190000.0,,112972000.0,12289000.0,12289000.0,0.0,2175616000.0,527122000.0,1648494000.0,4063314754.0,32582000.0,0.0,-30000.0,0.0,-5033000.0,-5063000.0,-405512000.0,2227000.0,443157000.0,0.0,-232423000.0,-232423000.0,-232423000.0,0.0,0.0,-0.403,686163000.0,-374008000.0,222856000.0,-0.021,1.194,14.781,15.381,4132408000.0,0.0,48.91,1.926,1.891,336089000.0,1580728000.0,577258000.0,577258000.0,0.0,,,,,2791000.0,12377000.0,1.0,83077382.0,81572000,81572000.0,7.077,4887608000.0,4543000.0,-135894000.0,1027949000.0,59.918,147209000.0
52,XEC,MRQ,2008-06-30,2008-06-30,2008-06-30,2021-08-06,-10498000.0,5969272000.0,,695253000.0,5274019000.0,,44.447,-356536000.0,169486000.0,169486000.0,245684000.0,229013000.0,1.274,0.648,503333000.0,16555000.0,486778000.0,503333000.0,0.0,133201000.0,0.0,0.003,0.06,363330000.0,496531000.0,0.805,496531000.0,363330000.0,355308000.0,2.73,2.65,2.73,3621265000.0,,3621265000.0,6117946838.0,7.0,4.249,25771000.0,0.316,1.0,371359000.0,0.602,691432000.0,8022000.0,5065786000.0,,74874000.0,7393000.0,7393000.0,0.0,2348007000.0,545901000.0,1802106000.0,5772216838.0,21514000.0,0.0,10845000.0,0.0,-5021000.0,5774000.0,-366567000.0,2061000.0,382307000.0,0.0,229013000.0,229013000.0,229013000.0,0.0,0.0,0.371,18189000.0,353170000.0,292516000.0,0.022,1.594,9.944,10.053,4496741000.0,0.0,69.67,3.077,3.026,418464000.0,1817902000.0,617043000.0,617043000.0,0.0,,,,,2366000.0,13876000.0,1.0,82850823.0,81474000,85589000.0,7.573,5277840000.0,365000.0,126295000.0,1178369000.0,64.779,149352000.0
53,XEC,MRQ,2008-03-31,2008-03-31,2008-03-31,2021-08-06,-4328000.0,5598448000.0,,564704000.0,5033744000.0,,41.804,-284177000.0,148011000.0,148011000.0,226699000.0,149538000.0,1.23,0.648,493741000.0,6773000.0,486968000.0,493741000.0,0.0,125556000.0,0.0,0.003,0.06,241645000.0,367201000.0,0.769,367201000.0,241645000.0,232948000.0,1.79,1.73,1.79,3398042000.0,,3398042000.0,4895467917.0,7.0,4.11,31068000.0,0.382,1.0,250511000.0,0.525,691432000.0,8697000.0,4793541000.0,,40785000.0,9364000.0,9364000.0,0.0,2200406000.0,459205000.0,1741201000.0,4531358917.0,24237000.0,0.0,2116000.0,0.0,-4953000.0,-2837000.0,-288171000.0,5000000.0,315245000.0,0.0,149538000.0,149538000.0,149538000.0,0.0,0.0,0.313,16489000.0,234022000.0,217768000.0,0.034,1.334,10.534,10.609,4247851000.0,0.0,54.74,2.831,2.78,355976000.0,1593627000.0,477210000.0,477210000.0,0.0,,,,,2275000.0,11584000.0,1.0,82779666.0,81286000,85200000.0,5.871,4907016000.0,79000.0,83410000.0,1121923000.0,60.367,105499000.0
54,XEC,MRQ,2007-12-31,2007-12-31,2007-12-31,2021-08-06,7626000.0,5362794000.0,,564577000.0,4798217000.0,,40.134,-113966000.0,123050000.0,123050000.0,214042000.0,128771000.0,1.33,0.645,487159000.0,0.0,487159000.0,487159000.0,0.0,122476000.0,0.0,0.004,0.04,211106000.0,333582000.0,0.762,333582000.0,211106000.0,200737000.0,1.51,1.49,1.51,3259287000.0,,3259287000.0,4027214040.0,7.0,3.859,187545000.0,2.309,1.0,223759000.0,0.511,691432000.0,10369000.0,4610900000.0,,29642000.0,26515000.0,26515000.0,0.0,2103507000.0,424571000.0,1678936000.0,3508261040.0,123027000.0,0.0,989000.0,-39000000.0,-3334000.0,-41359000.0,-137125000.0,-14576000.0,301511000.0,0.0,128771000.0,128771000.0,128771000.0,0.0,0.0,0.294,18711000.0,205048000.0,172726000.0,0.026,1.076,10.161,10.248,4062316000.0,0.0,42.53,2.452,2.433,326785000.0,1448763000.0,437801000.0,437801000.0,0.0,,,,,2704000.0,13729000.0,1.0,82489091.0,81210000,85274000.0,5.391,4671362000.0,5697000.0,71966000.0,1102332000.0,57.522,140006000.0
55,XEC,MRQ,2007-09-30,2007-09-30,2007-09-30,2021-08-06,13849000.0,5213961000.0,,393436000.0,4820525000.0,,38.443,-278596000.0,7396000.0,7396000.0,209717000.0,73156000.0,1.057,0.663,526349000.0,0.0,526349000.0,526349000.0,0.0,117634000.0,0.0,0.004,0.04,124820000.0,242454000.0,0.705,242454000.0,124820000.0,115546000.0,0.9,0.87,0.9,3135684000.0,,3135684000.0,3564392880.0,7.0,3.822,-18690000.0,-0.229,1.0,134036000.0,0.39,691432000.0,9274000.0,4669133000.0,,36750000.0,21554000.0,19626000.0,1928000.0,2078277000.0,372349000.0,1705928000.0,3096263880.0,-19388000.0,0.0,-35763000.0,39000000.0,-3348000.0,-112000.0,-279182000.0,3015000.0,259906000.0,0.0,73156000.0,73156000.0,73156000.0,0.0,0.0,0.213,19713000.0,114323000.0,145056000.0,0.044,0.987,11.249,11.086,4082105000.0,0.0,37.25,2.407,2.362,292218000.0,1323815000.0,343753000.0,343753000.0,0.0,,,,,2800000.0,10922000.0,1.0,83121178.0,81568000,84025000.0,4.214,4522529000.0,7937000.0,42390000.0,1045351000.0,55.445,21087000.0
56,XEC,MRQ,2007-06-30,2007-06-30,2007-06-30,2021-08-06,13915000.0,5070454000.0,,397914000.0,4672540000.0,,37.631,-199677000.0,19411000.0,19411000.0,201634000.0,78707000.0,1.121,0.638,487540000.0,0.0,487540000.0,487540000.0,0.0,112797000.0,0.0,0.004,0.04,134943000.0,247740000.0,0.724,247740000.0,134943000.0,124646000.0,0.96,0.93,0.96,3096339000.0,,3096339000.0,3783692330.0,7.0,4.003,47117000.0,0.573,1.0,140450000.0,0.411,691432000.0,10297000.0,4492072000.0,,40358000.0,21647000.0,19689000.0,1958000.0,1974115000.0,355079000.0,1619036000.0,3282323330.0,12060000.0,0.0,-5130000.0,-15360000.0,-3382000.0,-29970000.0,-204764000.0,0.0,246794000.0,0.0,78707000.0,78707000.0,78707000.0,0.0,0.0,0.23,19541000.0,120909000.0,155459000.0,0.042,1.06,11.088,10.917,3934620000.0,0.0,39.41,2.593,2.562,294717000.0,1253973000.0,342084000.0,342084000.0,0.0,,,,,2598000.0,11958000.0,1.0,83286560.0,82282000,84836000.0,4.157,4379022000.0,7959000.0,45939000.0,997833000.0,53.22,42835000.0
57,XEC,MRQ,2007-03-31,2007-03-31,2007-03-31,2021-08-06,8336000.0,4931675000.0,,382761000.0,4548914000.0,,36.723,-252022000.0,7351000.0,7351000.0,187761000.0,64628000.0,1.191,0.633,508720000.0,0.0,508720000.0,508720000.0,0.0,108884000.0,0.0,0.004,0.04,110960000.0,219844000.0,0.716,219844000.0,110960000.0,101795000.0,0.79,0.77,0.79,3019473000.0,,3019473000.0,3520365337.0,7.0,3.802,-65553000.0,-0.797,1.0,119114000.0,0.388,691432000.0,9165000.0,4420163000.0,,42001000.0,2823000.0,0.0,2823000.0,1912202000.0,321449000.0,1590753000.0,3081746337.0,2303000.0,0.0,7524000.0,66000000.0,-3365000.0,70159000.0,-254325000.0,0.0,186469000.0,0.0,64628000.0,64628000.0,64628000.0,0.0,0.0,0.211,17641000.0,101473000.0,145106000.0,0.051,1.021,10.266,10.115,3816255000.0,0.0,37.02,2.491,2.461,300147000.0,1178635000.0,306875000.0,306875000.0,0.0,,,,,2670000.0,12651000.0,1.0,83245444.0,82222000,84393000.0,3.732,4240243000.0,4477000.0,37167000.0,945411000.0,51.571,61312000.0
58,XEC,MRQ,2006-12-31,2006-12-31,2006-12-31,2021-08-06,31081000.0,4829750000.0,,416757000.0,4412993000.0,,36.26,-246850000.0,5048000.0,5048000.0,188319000.0,58745000.0,1.175,0.623,443667000.0,0.0,443667000.0,443667000.0,0.0,106089000.0,0.0,0.004,0.04,116462000.0,222551000.0,0.757,222551000.0,116462000.0,89968000.0,0.71,0.7,0.71,2976143000.0,,2976143000.0,3415554694.0,6.0,3.519,-45567000.0,-0.555,1.0,105568000.0,0.359,691432000.0,26494000.0,4222349000.0,,39397000.0,48996000.0,41945000.0,7051000.0,1853607000.0,354588000.0,1499019000.0,3024025694.0,-3036000.0,0.0,1522000.0,45000000.0,-3352000.0,43091000.0,-247410000.0,1538000.0,201283000.0,0.0,58745000.0,58745000.0,58745000.0,0.0,0.0,0.2,16748000.0,88820000.0,136919000.0,0.056,1.016,8.747,8.67,3676634000.0,0.0,36.5,2.39,2.367,276361000.0,1117402000.0,293887000.0,293887000.0,0.0,,,,,1914000.0,10609000.0,1.0,82850019.0,82078000,83535000.0,3.581,4138318000.0,1498000.0,31223000.0,947041000.0,50.419,62169000.0
59,XEC,MRQ,2006-09-30,2006-09-30,2006-09-30,2021-08-06,20409000.0,4603855000.0,,354221000.0,4249634000.0,,35.425,-256098000.0,8084000.0,8084000.0,183610000.0,93957000.0,1.152,0.584,399613000.0,0.0,399613000.0,399613000.0,0.0,104904000.0,0.0,0.003,0.04,150092000.0,254996000.0,0.79,254996000.0,150092000.0,148704000.0,1.15,1.11,1.15,2906685000.0,,2906685000.0,3308909703.0,4.0,2.972,-40746000.0,-0.497,1.0,139272000.0,0.431,691432000.0,1388000.0,3996555000.0,,46233000.0,9976000.0,0.0,9976000.0,1697170000.0,307397000.0,1389773000.0,2910738703.0,2695000.0,0.0,69000.0,-3000000.0,-3345000.0,-6276000.0,-206381000.0,58285000.0,215352000.0,0.0,93957000.0,93957000.0,93957000.0,0.0,0.0,0.291,15046000.0,124226000.0,153244000.0,0.035,1.001,6.392,6.026,3509446000.0,0.0,35.19,2.078,2.061,256206000.0,1062011000.0,322882000.0,322882000.0,0.0,,,,,2265000.0,10804000.0,1.0,82714939.0,82052000,84311000.0,3.935,3912423000.0,11056000.0,54747000.0,867724000.0,47.682,46824000.0
60,XEC,MRQ,2006-06-30,2006-06-30,2006-06-30,2021-08-06,114000.0,4455282000.0,,328249000.0,4127033000.0,,34.036,-319163000.0,5389000.0,5389000.0,172380000.0,82866000.0,0.962,0.595,403560000.0,0.0,403560000.0,403560000.0,0.0,94773000.0,0.0,0.002,0.04,133745000.0,228518000.0,0.729,228518000.0,133745000.0,131958000.0,1.01,0.98,1.01,2792520000.0,,2792520000.0,3852444724.0,6.0,3.688,-85394000.0,-1.041,1.0,141001000.0,0.45,691432000.0,1787000.0,3820893000.0,,43754000.0,0.0,0.0,0.0,1662762000.0,341128000.0,1321634000.0,3551613724.0,-45286000.0,0.0,-599000.0,53000000.0,-3334000.0,48993000.0,-328048000.0,0.0,233769000.0,0.0,82866000.0,82866000.0,82866000.0,0.0,0.0,0.264,13487000.0,127514000.0,150828000.0,0.04,1.272,8.347,7.861,3358762000.0,0.0,43.0,2.464,2.448,251005000.0,971376000.0,313381000.0,313381000.0,0.0,,,,,2096000.0,9990000.0,1.0,82595668.0,82046000,84861000.0,3.82,3763850000.0,11105000.0,49092000.0,800047000.0,45.875,-12879000.0
61,XEC,MRQ,2006-03-31,2006-03-31,2006-03-31,2021-08-06,81000.0,4338483000.0,,391667000.0,3946816000.0,,32.796,-221765000.0,50675000.0,50675000.0,166807000.0,110151000.0,0.959,0.601,351506000.0,0.0,351506000.0,351506000.0,0.0,90628000.0,0.0,0.001,0.04,173965000.0,264593000.0,0.789,264593000.0,173965000.0,173694000.0,1.33,1.29,1.33,2710020000.0,,2710020000.0,3873971053.0,6.0,4.061,6250000.0,0.076,1.0,168443000.0,0.502,716988000.0,271000.0,3514097000.0,,41100000.0,0.0,0.0,0.0,1628463000.0,408229000.0,1220234000.0,3583167053.0,-10972000.0,0.0,-7697000.0,0.0,-3327000.0,-11024000.0,-227963000.0,0.0,228015000.0,0.0,110151000.0,110151000.0,110151000.0,0.0,0.0,0.329,14332000.0,154111000.0,165230000.0,0.03,1.322,9.069,7.909,3154508000.0,0.0,43.26,2.723,2.716,261003000.0,891848000.0,335250000.0,335250000.0,0.0,,,,,1968000.0,10885000.0,1.0,82828642.0,82633000,85242000.0,4.057,3621495000.0,15248000.0,63543000.0,761760000.0,43.826,-16562000.0
62,XEC,MRQ,2005-12-31,2005-12-31,2005-12-31,2021-08-06,81000.0,4180335000.0,,429028000.0,3751307000.0,,40.077,-162092000.0,61647000.0,61647000.0,170549000.0,168408000.0,1.08,0.611,394377000.0,41926000.0,352451000.0,394377000.0,0.0,85794000.0,0.0,0.0,0.0,279431000.0,365225000.0,0.85,365225000.0,279431000.0,265906000.0,2.35,2.27,2.35,2595453000.0,,2595453000.0,3954767476.0,7.0,4.979,125167000.0,1.933,1.0,258977000.0,0.603,717391000.0,13525000.0,3398256000.0,,34784000.0,0.0,0.0,0.0,1584882000.0,397418000.0,1187464000.0,3543844476.0,34174000.0,0.0,2579000.0,-85079000.0,0.0,-84016000.0,-169069000.0,67000.0,287259000.0,0.0,168408000.0,168408000.0,168408000.0,0.0,0.0,0.392,20189000.0,238788000.0,144998000.0,0.0,1.365,10.794,8.483,2963875000.0,0.0,43.01,3.168,2.49,320360000.0,788356000.0,429526000.0,429526000.0,0.0,,,,,1296000.0,9530000.0,1.0,82395826.0,64761000,67000000.0,6.632,3462944000.0,17959000.0,97498000.0,733768000.0,53.473,31610000.0
63,XEC,MRQ,2005-09-30,2005-09-30,2005-09-30,2021-08-06,80000.0,4048505000.0,,351746000.0,3696759000.0,,29.495,-123617000.0,27473000.0,27473000.0,162704000.0,64075000.0,0.822,0.668,438396000.0,0.0,438396000.0,438396000.0,0.0,82826000.0,0.0,0.0,0.0,103383000.0,186209000.0,0.513,186209000.0,103383000.0,100081000.0,0.78,0.76,0.78,2426941000.0,,2426941000.0,4236461404.0,13.0,7.798,94652000.0,1.15,1.0,200390000.0,0.552,716818000.0,3302000.0,3314756000.0,,32520000.0,0.0,0.0,0.0,1621564000.0,427854000.0,1193710000.0,3720519404.0,-29832000.0,0.0,7581000.0,-128358000.0,0.0,-120777000.0,-127324000.0,235000.0,218269000.0,0.0,64075000.0,64075000.0,64075000.0,0.0,0.0,0.176,12376000.0,188014000.0,143628000.0,0.0,1.533,17.888,11.389,2910801000.0,0.0,45.33,5.409,5.422,250193000.0,619948000.0,363094000.0,363094000.0,0.0,,,,,1225000.0,8418000.0,1.0,82076316.0,82284000,84840000.0,4.413,3331687000.0,16098000.0,36006000.0,633057000.0,40.49,-76108000.0
64,XEC,MRQ,2005-06-30,2005-06-30,2005-06-30,2021-08-06,54000.0,3997660000.0,,342477000.0,3655183000.0,,44.328,-109292000.0,57305000.0,57305000.0,88011000.0,52477000.0,1.083,0.735,573247000.0,758000.0,572489000.0,573247000.0,0.0,51582000.0,0.0,0.0,0.0,86422000.0,138004000.0,0.734,138004000.0,86422000.0,82651000.0,1.01,0.98,1.01,2303606000.0,,2303606000.0,1512434063.0,5.0,3.348,-6514000.0,-0.125,1.0,100047000.0,0.532,730399000.0,3771000.0,3466951000.0,,24290000.0,0.0,0.0,0.0,1694054000.0,316252000.0,1377802000.0,1625459063.0,-55720000.0,33407000.0,2854000.0,-60064000.0,0.0,-57210000.0,-101288000.0,0.0,102778000.0,0.0,52477000.0,52477000.0,52477000.0,0.0,0.0,0.279,16105000.0,83942000.0,112790000.0,0.0,0.706,8.877,9.399,2871954000.0,0.0,38.91,3.283,4.084,208042000.0,555873000.0,188058000.0,188058000.0,0.0,,,,,1213000.0,7657000.0,1.0,41774841.0,51967000,53655000.0,3.619,3267261000.0,23183000.0,30174000.0,643673000.0,62.872,26225000.0
65,XEC,MRQ,2005-03-31,2005-03-31,2005-03-31,2021-08-06,34000.0,1160353000.0,,232587000.0,927766000.0,,17.859,-96679000.0,113025000.0,113025000.0,61678000.0,43365000.0,1.729,0.556,0.0,0.0,0.0,0.0,0.0,38085000.0,0.0,0.0,0.0,68005000.0,106090000.0,0.769,106090000.0,68005000.0,67817000.0,1.04,1.0,1.04,745611000.0,,745611000.0,1513058229.0,6.0,3.75,-251000.0,-0.006,1.0,76266000.0,0.553,44967000.0,188000.0,867820000.0,,14034000.0,0.0,0.0,0.0,414742000.0,134541000.0,280201000.0,1628804229.0,-2721000.0,0.0,623000.0,0.0,0.0,623000.0,-99772000.0,0.0,96428000.0,0.0,43365000.0,43365000.0,43365000.0,0.0,0.0,0.314,9502000.0,66764000.0,67550000.0,0.0,2.185,9.748,9.726,876337000.0,0.0,39.0,3.413,3.412,96118000.0,503396000.0,137944000.0,137944000.0,0.0,,,,,1225000.0,7892000.0,1.0,41764211.0,41749000,43218000.0,3.304,1115386000.0,1467000.0,24452000.0,241640000.0,26.716,98046000.0
66,XEC,MRQ,2004-12-31,2004-12-31,2004-12-31,2021-08-06,88000.0,1105446000.0,,236447000.0,868999000.0,,16.817,-75544000.0,115746000.0,115746000.0,-80171000.0,48075000.0,1.653,0.578,0.0,0.0,0.0,0.0,0.0,35031000.0,0.0,0.0,0.0,77940000.0,112971000.0,-92.523,112971000.0,77940000.0,77731000.0,1.15,1.12,1.15,700712000.0,,700712000.0,1484468582.0,6.0,3.994,25203000.0,0.605,1.0,78950000.0,-64.66,44967000.0,209000.0,801731000.0,,9742000.0,0.0,0.0,0.0,404734000.0,143002000.0,261732000.0,1576665582.0,23549000.0,0.0,2564000.0,0.0,0.0,2564000.0,-79762000.0,0.0,100747000.0,0.0,48075000.0,48075000.0,48075000.0,0.0,0.0,-39.373,4880000.0,74070000.0,51559000.0,0.0,2.25,10.265,10.243,818402000.0,0.0,37.9,3.318,3.307,118070000.0,460031000.0,-1221000.0,-1221000.0,0.0,,,,,503000.0,7443000.0,1.0,41600675.0,41667000,42991000.0,-0.029,1060479000.0,2149000.0,29656000.0,237987000.0,25.451,93445000.0
67,XEC,MRQ,2004-09-30,2004-09-30,2004-09-30,2021-08-06,0.0,1001941000.0,,190276000.0,811665000.0,,15.681,-77412000.0,92197000.0,92197000.0,101623000.0,39182000.0,1.575,0.539,0.0,0.0,0.0,0.0,0.0,32048000.0,0.0,0.0,0.0,62663000.0,94711000.0,0.556,94711000.0,62663000.0,62373000.0,0.94,0.91,0.94,650916000.0,,650916000.0,1388201112.0,7.0,4.46,34873000.0,0.84,1.0,68650000.0,0.403,44967000.0,290000.0,743983000.0,,11322000.0,0.0,0.0,0.0,351025000.0,120794000.0,230231000.0,1446282112.0,34116000.0,0.0,3935000.0,0.0,0.0,3935000.0,-82104000.0,0.0,112285000.0,0.0,39182000.0,39182000.0,39182000.0,0.0,0.0,0.23,6219000.0,62431000.0,58595000.0,0.0,2.222,11.68,11.725,764133000.0,0.0,34.94,3.19,3.199,81215000.0,411956000.0,170273000.0,170273000.0,0.0,,,,,502000.0,5398000.0,1.0,41393306.0,41511000,42885000.0,4.102,956974000.0,1557000.0,23191000.0,194774000.0,23.054,69482000.0
68,XEC,MRQ,2004-06-30,2004-06-30,2004-06-30,2021-08-06,0.0,947063000.0,,167286000.0,779777000.0,,14.692,-60577000.0,58081000.0,58081000.0,105496000.0,36470000.0,1.328,0.558,0.0,0.0,0.0,0.0,0.0,30834000.0,0.0,0.0,0.0,58878000.0,89712000.0,0.527,89712000.0,58878000.0,58598000.0,0.88,0.85,0.88,607954000.0,,607954000.0,1212129204.0,7.0,4.404,19197000.0,0.464,1.0,64697000.0,0.38,44967000.0,280000.0,718073000.0,,13272000.0,0.0,0.0,0.0,339109000.0,125942000.0,213167000.0,1250622204.0,19588000.0,0.0,1825000.0,0.0,0.0,1825000.0,-62011000.0,0.0,79774000.0,0.0,36470000.0,36470000.0,36470000.0,0.0,0.0,0.214,5921000.0,58776000.0,58725000.0,0.0,2.057,11.668,11.717,734036000.0,0.0,30.23,3.159,3.16,90353000.0,372774000.0,170193000.0,170193000.0,0.0,,,,,484000.0,5133000.0,1.0,41370235.0,41379000,42704000.0,4.113,902096000.0,1557000.0,22128000.0,180847000.0,21.801,41344000.0
69,XEC,MRQ,2004-03-31,2004-03-31,2004-03-31,2021-08-06,0.0,862530000.0,,135517000.0,727013000.0,,13.818,-67272000.0,38493000.0,38493000.0,82827000.0,29865000.0,1.41,0.511,0.0,0.0,0.0,0.0,0.0,26338000.0,0.0,0.0,0.0,47912000.0,74250000.0,0.546,74250000.0,47912000.0,47616000.0,0.72,0.7,0.72,570735000.0,,570735000.0,1153657571.0,8.0,4.791,-4225000.0,-0.102,1.0,53092000.0,0.391,44967000.0,296000.0,682990000.0,,9377000.0,0.0,0.0,0.0,291795000.0,96080000.0,195715000.0,1194077571.0,-1927000.0,0.0,4250000.0,0.0,0.0,4250000.0,-69224000.0,0.0,63047000.0,0.0,29865000.0,29865000.0,29865000.0,0.0,0.0,0.22,5267000.0,47825000.0,46524000.0,0.0,2.092,13.014,13.077,681181000.0,0.0,28.9,3.674,3.673,81767000.0,336304000.0,135919000.0,135919000.0,0.0,,,,,468000.0,4509000.0,1.0,41317563.0,41305000,42615000.0,3.291,817563000.0,1557000.0,17751000.0,164568000.0,19.793,39437000.0
70,XEC,MRQ,2003-12-31,2003-12-31,2003-12-31,2021-08-06,0.0,805508000.0,,123204000.0,682304000.0,,12.901,-51296000.0,40420000.0,40420000.0,-57345000.0,18304000.0,1.441,0.506,0.0,0.0,0.0,0.0,0.0,24098000.0,0.0,0.0,0.0,28487000.0,52585000.0,-2.289,52585000.0,28487000.0,28200000.0,0.44,0.41,0.44,534740000.0,,534740000.0,1054466252.0,7.0,4.397,-17346000.0,-0.418,1.0,34375000.0,-1.497,44967000.0,287000.0,634612000.0,,6700000.0,0.0,0.0,0.0,270768000.0,85509000.0,185259000.0,1111324252.0,-16438000.0,0.0,2366000.0,0.0,0.0,2366000.0,-52754000.0,0.0,33950000.0,0.0,18304000.0,18304000.0,18304000.0,0.0,0.0,-0.797,5952000.0,28423000.0,37170000.0,0.0,2.078,11.744,11.706,636396000.0,0.0,26.69,3.413,3.403,68293000.0,306439000.0,-22970000.0,-22970000.0,0.0,,,,,-63000.0,5206000.0,1.0,41638226.0,41449000,43975000.0,-0.554,760541000.0,1631000.0,9896000.0,161655000.0,18.349,37695000.0
71,XEC,MRQ,2003-09-30,2003-09-30,2003-09-30,2021-08-06,0.0,772565000.0,,125386000.0,647179000.0,,12.635,-36035000.0,56858000.0,56858000.0,72008000.0,22541000.0,1.581,0.469,0.0,0.0,0.0,0.0,0.0,22672000.0,0.0,0.0,0.0,36007000.0,58679000.0,0.52,58679000.0,36007000.0,35705000.0,0.54,0.53,0.54,525780000.0,,525780000.0,767744717.0,5.0,3.291,15827000.0,0.38,1.0,40754000.0,0.361,44967000.0,302000.0,591426000.0,,6744000.0,0.0,0.0,0.0,246785000.0,79314000.0,167471000.0,815234717.0,9368000.0,0.0,232000.0,0.0,0.0,232000.0,-42726000.0,0.0,51862000.0,0.0,22541000.0,22541000.0,22541000.0,0.0,0.0,0.2,4870000.0,35884000.0,40740000.0,0.0,1.551,8.85,8.673,601201000.0,0.0,19.6,1.915,1.916,56510000.0,288135000.0,112762000.0,112762000.0,0.0,,,,,402000.0,4181000.0,1.0,41593608.0,41612000,42297000.0,2.71,727598000.0,1741000.0,13164000.0,149641000.0,17.485,46072000.0
72,XEC,MRQ,2003-06-30,2003-06-30,2003-06-30,2021-08-06,0.0,738285000.0,,114739000.0,623546000.0,,12.096,-33653000.0,47490000.0,47490000.0,60190000.0,21040000.0,1.527,0.469,0.0,0.0,0.0,0.0,0.0,20887000.0,0.0,0.0,0.0,34409000.0,55296000.0,0.557,55296000.0,34409000.0,34135000.0,0.51,0.5,0.51,502529000.0,,502529000.0,973700351.0,8.0,4.901,31812000.0,0.766,1.0,39080000.0,0.394,44852000.0,274000.0,570805000.0,,5232000.0,0.0,0.0,0.0,235756000.0,75138000.0,160618000.0,985931351.0,27901000.0,0.0,1089000.0,-5000000.0,0.0,-3911000.0,-33653000.0,0.0,65465000.0,0.0,21040000.0,21040000.0,21040000.0,0.0,0.0,0.212,4763000.0,34317000.0,40527000.0,0.0,1.962,12.401,11.364,577470000.0,0.0,23.75,2.703,2.705,56267000.0,265594000.0,99270000.0,99270000.0,0.0,,,,,852000.0,4072000.0,1.0,41512899.0,41545000,42246000.0,2.389,693433000.0,2217000.0,13095000.0,143544000.0,16.691,39601000.0
73,XEC,MRQ,2003-03-31,2003-03-31,2003-03-31,2021-08-06,0.0,716884000.0,,102004000.0,614880000.0,,11.558,-30508000.0,17231000.0,17231000.0,81528000.0,32748000.0,1.335,0.495,5000000.0,0.0,5000000.0,5000000.0,0.0,21117000.0,0.0,0.0,0.0,52156000.0,73273000.0,0.537,73273000.0,52156000.0,51734000.0,0.79,0.78,0.79,479399000.0,,479399000.0,818828712.0,8.0,4.852,23325000.0,0.562,1.0,55031000.0,0.403,45940000.0,422000.0,582282000.0,,5002000.0,0.0,0.0,0.0,237485000.0,76431000.0,161054000.0,807089712.0,-2738000.0,0.0,937000.0,-27000000.0,0.0,-26063000.0,-30508000.0,0.0,53833000.0,0.0,32748000.0,32748000.0,32748000.0,0.0,0.0,0.24,4774000.0,50257000.0,46638000.0,0.0,1.684,11.815,9.974,565398000.0,0.0,19.45,2.59,2.589,73870000.0,244608000.0,136559000.0,136559000.0,0.0,,,,,723000.0,4067000.0,1.0,41495615.0,41479000,42027000.0,3.292,670944000.0,1988000.0,18986000.0,139631000.0,16.176,25573000.0
74,XEC,MRQ,2002-12-31,2002-12-31,2002-12-31,2021-08-06,0.0,674286000.0,,89611000.0,584675000.0,,14.712,-19325000.0,22327000.0,22327000.0,48619000.0,15787000.0,1.313,0.516,32000000.0,0.0,32000000.0,32000000.0,0.0,21086000.0,0.0,0.0,0.0,24938000.0,46024000.0,0.597,46024000.0,24938000.0,24388000.0,0.42,0.41,0.42,444880000.0,,444880000.0,749363244.0,12.0,6.737,13501000.0,0.446,1.0,28508000.0,0.37,45836000.0,550000.0,569870000.0,,3986000.0,0.0,0.0,0.0,229406000.0,68253000.0,161153000.0,728669244.0,7021000.0,4900000.0,403000.0,-4000000.0,0.0,-3705000.0,-22100000.0,0.0,32826000.0,0.0,15787000.0,15787000.0,15787000.0,0.0,0.0,0.205,3825000.0,24683000.0,46361000.0,0.0,1.638,18.3,13.561,537567000.0,0.0,17.9,3.476,2.582,58276000.0,211860000.0,77127000.0,77127000.0,0.0,,,,,125000.0,3700000.0,1.0,40707779.0,30239000,30317000.0,2.551,628450000.0,2073000.0,8601000.0,130766000.0,20.783,21358000.0
75,XEC,MRQ,2002-09-30,2002-09-30,2002-09-30,2021-08-06,0.0,650737000.0,,65901000.0,584836000.0,,16.017,-20205000.0,15306000.0,15306000.0,36245000.0,9930000.0,1.088,0.519,36000000.0,0.0,36000000.0,36000000.0,0.0,10158000.0,0.0,0.0,0.0,13942000.0,24100000.0,0.465,24100000.0,13942000.0,13954000.0,0.37,0.37,0.37,428377000.0,,428377000.0,455517287.0,10.0,5.569,21207000.0,0.793,1.0,15563000.0,0.3,52966000.0,-12000.0,557918000.0,,4557000.0,0.0,0.0,0.0,222360000.0,60547000.0,161813000.0,458700287.0,12123000.0,-2765000.0,0.0,0.0,0.0,-6319000.0,-22970000.0,0.0,41412000.0,0.0,9930000.0,9930000.0,9930000.0,0.0,0.0,0.192,1699000.0,13864000.0,19272000.0,0.0,1.071,16.089,16.121,531870000.0,0.0,17.25,2.665,2.681,44479000.0,196073000.0,51808000.0,51808000.0,0.0,,,,,0.0,1699000.0,1.0,26591321.0,26745000,26749000.0,1.937,597771000.0,0.0,4024000.0,124092000.0,22.351,5354000.0
76,XEC,MRQ,2002-06-30,2002-06-30,2002-06-30,2021-08-06,0.0,264931000.0,,40331000.0,224600000.0,,7.01,-13970000.0,3183000.0,3183000.0,28987000.0,9844000.0,1.395,0.421,0.0,0.0,0.0,0.0,0.0,9290000.0,0.0,,0.0,16089000.0,25379000.0,0.55,25379000.0,16089000.0,16175000.0,0.37,0.37,0.37,186413000.0,,186413000.0,,,,4310000.0,0.162,1.0,17147000.0,0.372,0.0,-86000.0,232832000.0,,4182000.0,0.0,0.0,0.0,78518000.0,28916000.0,49602000.0,,-1757000.0,0.0,0.0,0.0,0.0,-6067000.0,-13970000.0,0.0,18280000.0,0.0,9844000.0,9844000.0,9844000.0,0.0,0.0,0.213,1085000.0,16062000.0,11318000.0,0.0,,,,223158000.0,0.0,,,,29272000.0,186413000.0,46134000.0,46134000.0,0.0,,,,,0.0,1085000.0,1.0,26591321.0,26591000,26591000.0,1.735,264931000.0,755000.0,6331000.0,48082000.0,9.963,11415000.0
77,XEC,MRQ,2002-03-31,2002-03-31,2002-03-31,2021-08-06,,,,,,,,-12645000.0,,,25550000.0,4258000.0,,,,,,,,8697000.0,,,0.0,7030000.0,15727000.0,0.455,15727000.0,7030000.0,6862000.0,0.16,0.16,0.16,,,,,,,-708000.0,-0.027,1.0,9025000.0,0.261,,168000.0,,,,,,,,,,,-2230000.0,0.0,0.0,0.0,0.0,-1522000.0,-12645000.0,0.0,11937000.0,0.0,4258000.0,4258000.0,4258000.0,0.0,0.0,0.123,2084000.0,6941000.0,,0.0,,,,,0.0,,,,,,34575000.0,34575000.0,0.0,,,,,0.0,2084000.0,1.0,,26591000,26591000.0,1.3,,,2604000.0,,,
78,XEC,MRQ,2001-12-31,2001-12-31,2001-12-31,2021-08-06,0.0,251966000.0,,37422000.0,214544000.0,,6.584,-26396000.0,7170000.0,7170000.0,28608000.0,4479000.0,0.983,0.439,0.0,0.0,0.0,0.0,0.0,9477000.0,0.0,,0.0,7112000.0,16589000.0,0.419,16589000.0,7112000.0,7253000.0,0.17,0.17,0.17,175082000.0,,175082000.0,,,,7809000.0,0.294,1.0,10988000.0,0.278,0.0,-141000.0,206715000.0,,4840000.0,0.0,0.0,0.0,76884000.0,38081000.0,38803000.0,,-455000.0,0.0,0.0,0.0,0.0,-8264000.0,-26396000.0,0.0,34205000.0,0.0,4479000.0,4479000.0,4479000.0,0.0,0.0,0.113,3637000.0,7351000.0,23943000.0,0.0,,,,214305000.0,0.0,,,,23096000.0,174816000.0,39596000.0,39596000.0,0.0,,,,,0.0,3637000.0,1.0,,26591000,26591000.0,1.489,251966000.0,870000.0,2774000.0,41205000.0,9.476,-659000.0
79,XEC,MRQ,2001-09-30,2001-09-30,2001-09-30,2021-08-06,0.0,246212000.0,,37397000.0,208815000.0,,6.273,-26329000.0,0.0,0.0,52748000.0,-43636000.0,0.835,0.476,0.0,0.0,0.0,0.0,0.0,14349000.0,0.0,,0.0,-69739000.0,-55390000.0,-1.151,-55390000.0,-69739000.0,-70501000.0,-1.64,-1.64,-1.64,166795000.0,,166795000.0,,,,5593000.0,0.21,1.0,-4613000.0,-0.096,0.0,762000.0,201412000.0,,5381000.0,0.0,0.0,0.0,79417000.0,44800000.0,34617000.0,,0.0,0.0,0.0,0.0,0.0,-5593000.0,-26329000.0,0.0,31922000.0,0.0,-43636000.0,-43636000.0,-43636000.0,0.0,0.0,-0.907,65401000.0,-70014000.0,22781000.0,0.0,,,,208815000.0,0.0,,,,30483000.0,166529000.0,48135000.0,48135000.0,0.0,,,,,0.0,2565000.0,1.0,,26590037,26591000.0,1.81,246212000.0,0.0,-26865000.0,33132000.0,9.26,-7403000.0
80,XEC,MRQ,2000-12-31,2000-12-31,2000-12-31,2021-08-06,,,,,,,,-26245000.0,,,40011000.0,27582000.0,,,,,,,,9477000.0,,,0.0,44151000.0,53628000.0,0.621,53628000.0,44151000.0,44044000.0,1.04,1.04,1.04,,,,,,,7809000.0,0.294,1.0,46396000.0,0.537,,107000.0,,,,,,,,,,,-455000.0,0.0,0.0,0.0,0.0,-8264000.0,-26245000.0,0.0,34054000.0,0.0,27582000.0,27582000.0,27582000.0,0.0,0.0,0.319,2378000.0,44018000.0,,0.0,,,,,0.0,,,,,,86407000.0,86407000.0,0.0,,,,,0.0,2378000.0,1.0,,26591000,26591000.0,3.249,,,16462000.0,,,
81,XEC,MRQ,2000-09-30,2000-09-30,2000-09-30,2021-08-06,0.0,286090000.0,,54640000.0,231450000.0,,7.257,,455000.0,455000.0,,,1.219,0.483,0.0,0.0,0.0,0.0,0.0,,0.0,,0.0,,,,,,,,,,192972000.0,,192972000.0,,,,,,1.0,,,0.0,,240828000.0,,3387000.0,0.0,0.0,0.0,93118000.0,44807000.0,48311000.0,,,,,,,,,,,,,,,,,,,,13418000.0,,,,,231008000.0,,,,,40141000.0,192972000.0,,,,,,,,,,1.0,,26591000,,,286090000.0,3272000.0,,47021000.0,10.759,9833000.0
0,XEC,MRT,2021-06-30,2021-06-30,2021-06-30,2021-08-06,0.0,5207187000.0,4850066750.0,1311188000.0,3895999000.0,0.459,17.079,-310942000.0,799315000.0,799315000.0,1168879000.0,-26559000.0,1.228,1.944,2540079000.0,424256000.0,2115823000.0,2540079000.0,0.0,509581000.0,0.0,0.013,0.93,70871000.0,580452000.0,0.26,580452000.0,70871000.0,-22263000.0,-0.33,-0.33,-0.33,1756053000.0,1629268500.0,1756053000.0,9348984770.0,132.0,16.106,906312000.0,8.815,1.0,1059349000.0,0.475,0.0,93134000.0,5879968000.0,5985765000.0,28635000.0,3704000.0,1246000.0,2458000.0,3414353000.0,1067983000.0,2346370000.0,7449221770.0,755473000.0,0.0,669000.0,-4480000.0,-98977000.0,-152375000.0,-309406000.0,0.0,1217254000.0,0.0,-26559000.0,-26559000.0,-26559000.0,0.0,0.0,-0.012,526744000.0,532605000.0,271800000.0,-2.818,4.242,-280.478,-219.545,3819714000.0,0.0,72.45,3.343,3.343,498609000.0,-1417627000.0,2228228000.0,2228228000.0,0.0,-0.005,-0.016,0.012,0.032,33181000.0,109508000.0,1.0,102818796.0,102818796,,21.671,5207187000.0,0.0,4296000.0,95144000.0,50.644,243205000.0
1,XEC,MRT,2021-03-31,2021-03-31,2021-03-31,2021-08-06,0.0,4965121000.0,4765717000.0,988085000.0,3977036000.0,0.37,16.183,-418141000.0,523798000.0,523798000.0,1204242000.0,-1065094000.0,1.115,1.962,2423561000.0,290416000.0,2133145000.0,2423561000.0,0.0,593802000.0,0.0,0.015,0.88,-1274485000.0,-680683000.0,-0.386,-680683000.0,-1274485000.0,-1367296000.0,-10.71,-10.71,-10.71,1663765000.0,1652967000.0,1663765000.0,8176803690.0,-6.0,-12.013,580147000.0,5.643,1.0,560989000.0,0.318,0.0,92811000.0,5978871000.0,6164306000.0,30846000.0,2549000.0,173000.0,2376000.0,3264575000.0,886013000.0,2378562000.0,6105746690.0,435092000.0,0.0,385000.0,-4453000.0,-94432000.0,-147377000.0,-415819000.0,0.0,998288000.0,0.0,-1065094000.0,-1065094000.0,-1065094000.0,0.0,0.0,-0.603,1459286000.0,-898297000.0,241440000.0,-0.082,3.67,-5.733,-5.545,3905637000.0,0.0,59.39,3.459,3.459,465551000.0,-1531023000.0,1765231000.0,1765231000.0,0.0,-0.223,-0.644,-0.207,-0.722,32050000.0,110756000.0,1.0,102807656.0,102807656,,17.17,4965121000.0,0.0,-302202000.0,58359000.0,48.295,102072000.0
2,XEC,MRT,2020-12-31,2020-12-31,2020-12-31,2021-08-06,0.0,4621989000.0,5079023250.0,657338000.0,3964651000.0,0.307,15.235,-580993000.0,273145000.0,273145000.0,1297934000.0,-1967458000.0,0.996,1.952,2344202000.0,204449000.0,2139753000.0,2344202000.0,0.0,695954000.0,0.0,0.023,0.86,-2233471000.0,-1537517000.0,-0.986,-1537517000.0,-2233471000.0,-2326385000.0,-19.73,-19.73,-19.73,1553454000.0,1934400750.0,1553454000.0,5866026796.0,-3.0,-3.815,323174000.0,3.17,1.0,260661000.0,0.167,0.0,92914000.0,6032821000.0,6610051750.0,37150000.0,9190000.0,6848000.0,2342000.0,3031754000.0,660225000.0,2371529000.0,3824643796.0,178423000.0,0.0,0.0,-6408000.0,-92976000.0,-146869000.0,-578875000.0,0.0,904167000.0,0.0,-1967458000.0,-1967458000.0,-1967458000.0,0.0,0.0,-1.262,2509168000.0,-2248507000.0,152539000.0,-0.044,2.462,-1.944,-1.901,3872770000.0,0.0,37.51,2.454,2.454,354873000.0,-1659137000.0,1558595000.0,1558595000.0,0.0,-0.387,-1.017,-0.338,-1.433,29895000.0,111005000.0,1.0,101963311.0,101963311,,15.286,4621989000.0,20472000.0,-358927000.0,29051000.0,45.33,-2887000.0
3,XEC,MRT,2020-09-30,2020-09-30,2020-09-30,2021-08-06,0.0,4605970000.0,5708533250.0,634029000.0,3971941000.0,0.312,15.128,-723197000.0,272957000.0,272957000.0,1474766000.0,-2376260000.0,1.064,1.931,2314340000.0,156752000.0,2157588000.0,2314340000.0,0.0,815958000.0,0.0,0.035,0.84,-2752634000.0,-1936676000.0,-1.087,-1936676000.0,-2752634000.0,-2845944000.0,-23.88,-23.88,-23.88,1543802000.0,2440072500.0,1543802000.0,4711954407.0,-2.0,-2.433,349302000.0,3.423,1.0,306350000.0,0.172,0.0,93310000.0,6051400000.0,7057581750.0,45959000.0,40354000.0,39402000.0,952000.0,2980548000.0,595953000.0,2384595000.0,2482835407.0,249072000.0,0.0,0.0,-5010000.0,-90472000.0,-102367000.0,-721060000.0,0.0,1072499000.0,0.0,-2376260000.0,-2376260000.0,-2376260000.0,0.0,0.0,-1.334,3108499000.0,-2802149000.0,143758000.0,-0.035,1.608,-1.045,-1.019,3880200000.0,0.0,24.33,1.394,1.394,284022000.0,-1684046000.0,1781116000.0,1781116000.0,0.0,-0.416,-0.974,-0.39,-1.545,29273000.0,106682000.0,1.0,102048311.0,102048311,,17.454,4605970000.0,21971000.0,-469684000.0,43450000.0,45.135,38076000.0
4,XEC,MRT,2020-06-30,2020-06-30,2020-06-30,2021-08-06,0.0,4869788000.0,6461842000.0,424102000.0,4445686000.0,0.304,18.128,-1296123000.0,43842000.0,43842000.0,1590414000.0,-1959673000.0,0.84,1.587,2272961000.0,108457000.0,2164504000.0,2272961000.0,0.0,888469000.0,0.0,0.03,0.82,-2221688000.0,-1333219000.0,-0.68,-1333219000.0,-2221688000.0,-2316223000.0,-19.73,-19.73,-19.73,1850847000.0,3026511500.0,1850847000.0,4975355738.0,-2.0,-3.732,-162743000.0,-1.594,1.0,371348000.0,0.189,0.0,94535000.0,6594132000.0,7625671250.0,51184000.0,71590000.0,71590000.0,0.0,2937321000.0,504775000.0,2432546000.0,2806748738.0,24428000.0,284441000.0,593000.0,-5129000.0,-88271000.0,-99128000.0,-1009824000.0,0.0,1133380000.0,0.0,-1959673000.0,-1959673000.0,-1959673000.0,0.0,0.0,-0.999,2749439000.0,-2378091000.0,116570000.0,-0.042,1.516,-1.432,-1.393,4376998000.0,0.0,27.49,1.431,1.431,256112000.0,-1391419000.0,1961762000.0,1961762000.0,0.0,-0.303,-0.648,-0.291,-1.132,26332000.0,93583000.0,1.0,102100718.0,102100718,,19.214,4869788000.0,0.0,-356550000.0,83951000.0,47.696,-80673000.0
5,XEC,MRT,2020-03-31,2020-03-31,2020-03-31,2021-08-06,0.0,6218346000.0,7143378500.0,676591000.0,5541755000.0,0.316,27.312,-1525081000.0,88706000.0,88706000.0,1661851000.0,-925217000.0,1.082,1.2,2257313000.0,72730000.0,2184583000.0,2257313000.0,0.0,906842000.0,0.0,0.048,0.8,-880053000.0,26789000.0,0.012,26789000.0,-880053000.0,-976215000.0,-9.38,-9.38,-9.38,2789500000.0,3529273000.0,2789500000.0,3877339761.0,-4.0,144.736,-122415000.0,-1.199,1.0,596991000.0,0.264,0.0,96162000.0,7761854000.0,8057872750.0,45108000.0,207658000.0,200537000.0,7121000.0,3347226000.0,625099000.0,2722127000.0,1718941761.0,67776000.0,284441000.0,1187000.0,-5559000.0,-86123000.0,-95335000.0,-1239555000.0,0.0,1402666000.0,0.0,-925217000.0,-925217000.0,-925217000.0,0.0,0.0,-0.41,1807629000.0,-1210638000.0,183392000.0,-0.085,0.616,-1.858,-1.794,5464786000.0,0.0,16.83,0.761,0.761,338164000.0,-466281000.0,2258842000.0,2258842000.0,0.0,-0.13,-0.262,-0.109,-0.39,26079000.0,92268000.0,1.0,102135577.0,102135577,,22.116,6218346000.0,0.0,-50998000.0,350416000.0,60.883,51492000.0
6,XEC,MRT,2019-12-31,2019-12-31,2019-12-31,2021-08-06,0.0,7140029000.0,7478090000.0,621486000.0,6518543000.0,0.316,35.126,-1578986000.0,94722000.0,94722000.0,1632620000.0,-124619000.0,0.819,0.974,2253120000.0,82684000.0,2170436000.0,2253120000.0,0.0,882173000.0,0.0,0.015,0.78,-57603000.0,824570000.0,0.349,824570000.0,-57603000.0,-150989000.0,-1.33,-1.33,-1.33,3576141000.0,3772238500.0,3576141000.0,7597102249.0,-132.0,9.213,-235020000.0,-2.308,1.0,730349000.0,0.309,716865000.0,93386000.0,7822941000.0,8169908250.0,47893000.0,18524000.0,17944000.0,580000.0,3482268000.0,758621000.0,2723647000.0,5344014249.0,-705944000.0,0.0,1267000.0,-386357000.0,-81709000.0,-472028000.0,-1577882000.0,0.0,1343966000.0,0.0,-124619000.0,-124619000.0,-124619000.0,0.0,0.0,-0.053,768825000.0,-38476000.0,244219000.0,-0.586,1.494,-42.883,-39.466,5729989000.0,0.0,52.49,2.262,2.262,461324000.0,331795000.0,2362969000.0,2362969000.0,0.0,-0.017,-0.033,-0.007,-0.024,26398000.0,95843000.0,1.0,101810140.0,101810140,,23.21,6423164000.0,0.0,-26370000.0,392870000.0,63.09,-137135000.0
7,XEC,MRT,2019-09-30,2019-09-30,2019-09-30,2021-08-06,10000.0,7619205000.0,7208603750.0,556579000.0,7062626000.0,0.323,38.337,-1751545000.0,23885000.0,23885000.0,1534123000.0,575654000.0,0.699,0.938,2276973000.0,92191000.0,2184782000.0,2276973000.0,0.0,809646000.0,0.0,0.016,0.76,832922000.0,1642568000.0,0.705,1642568000.0,832922000.0,745870000.0,5.86,5.86,5.86,3889558000.0,3710649750.0,3889558000.0,7133093011.0,9.0,4.343,-374207000.0,-3.688,1.0,795723000.0,0.342,751836000.0,87052000.0,8323758000.0,7576904750.0,49113000.0,55100000.0,49385000.0,5715000.0,3648027000.0,796699000.0,2851328000.0,4863849011.0,-840061000.0,0.0,1297000.0,-385319000.0,-77335000.0,-469495000.0,-1747904000.0,0.0,1377338000.0,0.0,575654000.0,575654000.0,575654000.0,0.0,0.0,0.247,140396000.0,655327000.0,261394000.0,0.13,1.25,8.449,8.181,6231906000.0,0.0,47.94,2.088,2.088,437611000.0,654212000.0,2329846000.0,2329846000.0,0.0,0.08,0.155,0.11,0.358,26637000.0,83129000.0,1.0,101457009.0,101457009,,22.964,6867369000.0,0.0,170216000.0,495455000.0,67.687,-240120000.0
8,XEC,MRT,2019-06-30,2019-06-30,2019-06-30,2021-08-06,2208000.0,7595934000.0,6758411250.0,520056000.0,7075878000.0,0.346,38.073,-1155978000.0,19414000.0,19414000.0,1421676000.0,600161000.0,0.638,0.946,2288658000.0,112175000.0,2176483000.0,2288658000.0,0.0,717970000.0,0.0,0.012,0.72,853546000.0,1571516000.0,0.672,1571516000.0,853546000.0,773921000.0,6.21,6.21,6.21,3861893000.0,3494715750.0,3861893000.0,8308323171.0,10.0,5.287,354760000.0,3.497,1.0,917353000.0,0.392,727573000.0,79625000.0,8322938000.0,6768119000.0,58306000.0,43570000.0,42957000.0,613000.0,3652421000.0,814667000.0,2837754000.0,6018032171.0,-391409000.0,-284441000.0,1666000.0,-384136000.0,-71089000.0,-465409000.0,-1436738000.0,0.0,1510738000.0,0.0,600161000.0,600161000.0,600161000.0,0.0,0.0,0.257,145258000.0,772095000.0,290348000.0,0.116,1.558,10.027,9.554,6277566000.0,0.0,59.33,2.573,2.573,402296000.0,635339000.0,2339029000.0,2339029000.0,0.0,0.089,0.172,0.126,0.365,26277000.0,88778000.0,1.0,101433207.0,101433207,,23.06,6868361000.0,0.0,173760000.0,477630000.0,67.713,-294611000.0
9,XEC,MRT,2019-03-31,2019-03-31,2019-03-31,2021-08-06,1904000.0,7557192000.0,6242276000.0,596208000.0,6960984000.0,0.376,39.281,-1122273000.0,20930000.0,20930000.0,1329587000.0,631849000.0,0.655,0.987,2311221000.0,140382000.0,2170839000.0,2311221000.0,0.0,648031000.0,0.0,0.01,0.68,885475000.0,1533506000.0,0.653,1533506000.0,885475000.0,813629000.0,6.62,6.62,6.62,3761362000.0,3250867000.0,3761362000.0,7411077330.0,8.0,4.833,295719000.0,3.088,1.0,1019253000.0,0.434,727573000.0,71846000.0,8209996000.0,6025661750.0,62600000.0,36456000.0,35830000.0,626000.0,3714210000.0,909914000.0,2804296000.0,6693295330.0,-442880000.0,-284441000.0,1976000.0,-382363000.0,-64820000.0,-457698000.0,-1403174000.0,0.0,1417992000.0,0.0,631849000.0,631849000.0,631849000.0,0.0,0.0,0.269,141245000.0,878008000.0,281277000.0,0.103,1.779,10.593,10.559,6164448000.0,0.0,69.9,2.85,2.85,491092000.0,547626000.0,2348840000.0,2348840000.0,0.0,0.101,0.194,0.147,0.377,22878000.0,83606000.0,1.0,95755298.0,95755298,,24.53,6829619000.0,0.0,181780000.0,437378000.0,71.324,-313706000.0
10,XEC,MRT,2018-12-31,2018-12-31,2018-12-31,2021-08-06,755000.0,6062084000.0,5668069000.0,1424139000.0,4637945000.0,0.413,34.829,-1089390000.0,800666000.0,800666000.0,1251621000.0,791851000.0,2.009,0.821,1518448000.0,27627000.0,1490821000.0,1518448000.0,0.0,590473000.0,0.0,0.009,0.58,1090731000.0,1681204000.0,0.719,1681204000.0,1090731000.0,1022507000.0,8.32,8.32,8.32,3329786000.0,2998424750.0,3329786000.0,6629674737.0,6.0,3.943,461604000.0,4.828,1.0,1087396000.0,0.465,620232000.0,68224000.0,5450927000.0,5239038250.0,55553000.0,111185000.0,101939000.0,9246000.0,2732298000.0,708707000.0,2023591000.0,5893917737.0,400132000.0,0.0,2241000.0,-100000.0,-55243000.0,-65244000.0,-1085618000.0,0.0,1550994000.0,0.0,791851000.0,791851000.0,791851000.0,0.0,0.0,0.339,126387000.0,961009000.0,271738000.0,0.07,1.77,7.443,7.41,3973016000.0,0.0,61.65,2.52,2.52,484087000.0,542885000.0,2339017000.0,2339017000.0,0.0,0.14,0.264,0.208,0.466,22895000.0,77843000.0,1.0,95602883.0,95602883,,24.466,5441852000.0,0.0,230656000.0,368095000.0,56.921,715432000.0
11,XEC,MRT,2018-09-30,2018-09-30,2018-09-30,2021-08-06,2740000.0,5818435000.0,5413207750.0,1427715000.0,4390720000.0,0.419,31.732,-994807000.0,863946000.0,863946000.0,1201515000.0,650365000.0,1.689,0.923,1599703000.0,97480000.0,1502223000.0,1599703000.0,0.0,543484000.0,0.0,0.005,0.48,860741000.0,1404225000.0,0.62,1404225000.0,860741000.0,793068000.0,6.83,6.83,6.83,3025822000.0,2808047750.0,3025822000.0,10041300518.0,12.0,7.151,503765000.0,5.283,1.0,1064321000.0,0.47,620232000.0,67673000.0,5088615000.0,5095194750.0,55546000.0,31330000.0,31176000.0,154000.0,2792613000.0,845345000.0,1947268000.0,8862393518.0,441138000.0,0.0,2379000.0,-29312000.0,-45827000.0,-64008000.0,-993426000.0,0.0,1498572000.0,0.0,650365000.0,650365000.0,650365000.0,0.0,0.0,0.287,140628000.0,923693000.0,311796000.0,0.07,2.929,13.627,13.608,3732641000.0,0.0,92.94,3.911,3.911,494745000.0,243923000.0,2265836000.0,2265836000.0,0.0,0.12,0.232,0.169,0.38,22899000.0,85369000.0,1.0,95356074.0,95356074,,23.762,5198203000.0,0.0,142703000.0,279636000.0,54.514,582370000.0
12,XEC,MRT,2018-06-30,2018-06-30,2018-06-30,2021-08-06,2201000.0,5531393000.0,5150862500.0,990142000.0,4541251000.0,0.415,30.247,-1347657000.0,410823000.0,410823000.0,1168584000.0,593410000.0,1.344,0.916,1589730000.0,90480000.0,1499250000.0,1589730000.0,0.0,518578000.0,0.0,0.005,0.48,810521000.0,1329099000.0,0.622,1329099000.0,810521000.0,743169000.0,6.23,6.23,6.23,2886498000.0,2652108000.0,2886498000.0,10790720778.0,13.0,8.119,-51554000.0,-0.54,1.0,969445000.0,0.453,620232000.0,67352000.0,5353109000.0,4979513000.0,53375000.0,75273000.0,72943000.0,2330000.0,2644895000.0,736959000.0,1907936000.0,9709052778.0,-108772000.0,0.0,1607000.0,-29312000.0,-38180000.0,-58250000.0,-1346625000.0,0.0,1296103000.0,0.0,593410000.0,593410000.0,593410000.0,0.0,0.0,0.278,130804000.0,838641000.0,255465000.0,0.077,3.364,16.361,16.331,3883784000.0,0.0,101.74,4.541,4.541,465298000.0,112811000.0,2138029000.0,2138029000.0,0.0,0.115,0.224,0.163,0.379,23500000.0,85260000.0,1.0,95430045.0,95430045,,22.404,4911161000.0,0.0,149759000.0,225742000.0,51.463,253183000.0
13,XEC,MRT,2018-03-31,2018-03-31,2018-03-31,2021-08-06,2009000.0,5260364000.0,4908759250.0,977990000.0,4282374000.0,0.415,28.831,-1264463000.0,463810000.0,463810000.0,1111861000.0,549675000.0,1.486,0.912,1545478000.0,54168000.0,1491310000.0,1545478000.0,0.0,483074000.0,0.0,0.004,0.4,786537000.0,1269611000.0,0.623,1269611000.0,786537000.0,715985000.0,5.77,5.77,5.77,2751593000.0,2508422250.0,2751593000.0,10056184314.0,13.0,7.921,-34320000.0,-0.36,1.0,926346000.0,0.454,620232000.0,70552000.0,5063502000.0,4737017500.0,54223000.0,45598000.0,36157000.0,9441000.0,2508771000.0,658298000.0,1850473000.0,8923464314.0,-115098000.0,0.0,703000.0,-31202000.0,-30557000.0,-82066000.0,-1263175000.0,0.0,1230143000.0,0.0,549675000.0,549675000.0,549675000.0,0.0,0.0,0.27,127946000.0,798400000.0,271045000.0,0.069,3.243,16.234,16.205,3619147000.0,0.0,93.5,4.378,4.378,439315000.0,-12937000.0,2038207000.0,2038207000.0,0.0,0.112,0.219,0.166,0.386,26698000.0,85283000.0,1.0,95438121.0,95438121,,21.356,4640132000.0,0.0,166310000.0,182682000.0,48.619,319692000.0
14,XEC,MRT,2017-12-31,2017-12-31,2017-12-31,2021-08-06,2199000.0,5042639000.0,4692168000.0,935635000.0,4107004000.0,0.409,26.96,-1266798000.0,400534000.0,400534000.0,1065555000.0,494329000.0,1.377,0.963,1533254000.0,42066000.0,1491188000.0,1533254000.0,0.0,446031000.0,0.0,0.003,0.4,756817000.0,1202848000.0,0.627,1202848000.0,756817000.0,681996000.0,5.19,5.19,5.19,2568278000.0,2373261250.0,2568278000.0,12692473531.0,17.0,10.552,-170234000.0,-1.787,1.0,852694000.0,0.445,620232000.0,74821000.0,4875553000.0,4517860750.0,49722000.0,17237000.0,15151000.0,2086000.0,2474361000.0,679574000.0,1794787000.0,11622782531.0,-252342000.0,0.0,394000.0,-31202000.0,-30532000.0,-83009000.0,-1265897000.0,0.0,1096564000.0,0.0,494329000.0,494329000.0,494329000.0,0.0,0.0,0.258,123190000.0,729504000.0,256156000.0,0.077,4.526,23.512,23.509,3452452000.0,0.0,122.01,6.059,6.059,489677000.0,-199259000.0,1918249000.0,1918249000.0,0.0,0.105,0.208,0.168,0.395,26256000.0,79996000.0,1.0,95260901.0,95260901,,20.137,4422407000.0,0.0,187667000.0,125305000.0,46.424,256061000.0
15,XEC,MRT,2017-09-30,2017-09-30,2017-09-30,2021-08-06,1805000.0,4769054000.0,4490939250.0,894132000.0,3874922000.0,0.39,25.211,-1135330000.0,422808000.0,422808000.0,984548000.0,367416000.0,1.509,0.985,1492499000.0,5778000.0,1486721000.0,1492499000.0,0.0,404445000.0,0.0,0.004,0.4,679357000.0,1083802000.0,0.62,1083802000.0,679357000.0,600660000.0,3.88,3.88,3.88,2402063000.0,2241939000.0,2402063000.0,11796854466.0,17.0,10.885,-194464000.0,-2.041,1.0,764916000.0,0.437,620232000.0,78697000.0,4625888000.0,4294508250.0,54545000.0,7053000.0,6924000.0,129000.0,2366991000.0,592625000.0,1774366000.0,10830254466.0,-275888000.0,0.0,407000.0,-1890000.0,-30524000.0,-84105000.0,-1132649000.0,0.0,940866000.0,0.0,367416000.0,367416000.0,367416000.0,0.0,0.0,0.21,109920000.0,654996000.0,216212000.0,0.103,4.509,29.477,29.296,3222619000.0,0.0,113.67,6.191,6.191,430439000.0,-373955000.0,1749464000.0,1749464000.0,0.0,0.082,0.164,0.158,0.388,25360000.0,77297000.0,1.0,95278037.0,95278037,,18.362,4148822000.0,0.0,233244000.0,122346000.0,43.544,301507000.0
16,XEC,MRT,2017-06-30,2017-06-30,2017-06-30,2021-08-06,1571000.0,4562980000.0,4433362500.0,927876000.0,3635104000.0,0.366,24.306,-961315000.0,519595000.0,519595000.0,932023000.0,265344000.0,1.763,0.974,1486195000.0,98000.0,1486097000.0,1486195000.0,0.0,383326000.0,0.0,0.003,0.32,525080000.0,908406000.0,0.56,908406000.0,525080000.0,442290000.0,2.8,2.8,2.8,2311755000.0,2224743750.0,2311755000.0,9861591272.0,19.0,10.856,-48452000.0,-0.509,1.0,689477000.0,0.425,620232000.0,82790000.0,4383127000.0,4209897500.0,45486000.0,20245000.0,19803000.0,442000.0,2251225000.0,526221000.0,1725004000.0,8941161272.0,-122144000.0,0.0,3553000.0,-1890000.0,-30522000.0,-81751000.0,-953256000.0,0.0,912863000.0,0.0,265344000.0,265344000.0,265344000.0,0.0,0.0,0.164,213938000.0,475539000.0,204340000.0,0.114,3.868,33.696,33.575,2981557000.0,0.0,94.01,5.514,5.514,361967000.0,-465366000.0,1621500000.0,1621500000.0,0.0,0.06,0.119,0.125,0.324,24086000.0,76376000.0,1.0,95108619.0,95108619,,17.049,3942748000.0,0.0,176946000.0,66041000.0,41.455,401655000.0
17,XEC,MRT,2017-03-31,2017-03-31,2017-03-31,2021-08-06,1347000.0,4393999000.0,4425573250.0,949227000.0,3444772000.0,0.331,23.243,-842420000.0,578908000.0,578908000.0,902106000.0,-46372000.0,1.871,0.987,1499338000.0,10838000.0,1488500000.0,1499338000.0,0.0,377528000.0,0.0,0.003,0.32,33115000.0,410643000.0,0.281,410643000.0,33115000.0,-50404000.0,-0.53,-0.53,-0.53,2210949000.0,2233505500.0,2210949000.0,12253070079.0,370.0,29.839,-52462000.0,-0.552,1.0,561815000.0,0.384,620232000.0,83519000.0,4186875000.0,4209545750.0,37487000.0,8819000.0,6381000.0,2438000.0,2183050000.0,507322000.0,1675728000.0,11366067079.0,-97731000.0,0.0,4726000.0,0.0,-30497000.0,-53115000.0,-834574000.0,0.0,789958000.0,0.0,-46372000.0,-46372000.0,-46372000.0,0.0,0.0,-0.032,550636000.0,11179000.0,203411000.0,-0.604,5.141,-245.106,-225.453,2778870000.0,0.0,119.49,7.764,7.764,343277000.0,-562645000.0,1463921000.0,1463921000.0,0.0,-0.01,-0.021,0.008,0.023,25283000.0,78038000.0,1.0,95121492.0,95121492,,15.39,3773767000.0,10424000.0,-4032000.0,15554000.0,39.673,441905000.0
18,XEC,MRT,2016-12-31,2016-12-31,2016-12-31,2021-08-06,945000.0,4237724000.0,4552388750.0,969304000.0,3268420000.0,0.276,21.513,-700299000.0,652876000.0,652876000.0,908806000.0,-408803000.0,1.856,1.074,1539879000.0,49370000.0,1490509000.0,1539879000.0,0.0,392348000.0,0.0,0.003,0.4,-539932000.0,-147584000.0,-0.117,-147584000.0,-539932000.0,-623204000.0,-4.38,-4.38,-4.38,2042989000.0,2334351000.0,2042989000.0,13715879247.0,-25.0,-92.936,-74450000.0,-0.784,1.0,348539000.0,0.277,620232000.0,83272000.0,3982143000.0,4347157250.0,33342000.0,0.0,0.0,0.0,2194735000.0,522352000.0,1672383000.0,12905631247.0,-126506000.0,0.0,4804000.0,0.0,-38024000.0,-59945000.0,-692410000.0,0.0,625849000.0,0.0,-408803000.0,-408803000.0,-408803000.0,0.0,0.0,-0.325,864677000.0,-516138000.0,168878000.0,-0.091,6.317,-31.569,-31.027,2559732000.0,0.0,135.9,10.264,10.264,299893000.0,-722359000.0,1257345000.0,1257345000.0,0.0,-0.09,-0.175,-0.124,-0.429,24523000.0,73901000.0,1.0,94964174.0,94964174,,13.24,3617492000.0,55835000.0,-214401000.0,18766000.0,38.093,446952000.0
19,XEC,MRT,2016-09-30,2016-09-30,2016-09-30,2021-08-06,1008000.0,4538747000.0,4670063250.0,966503000.0,3572244000.0,0.254,24.564,-709126000.0,698696000.0,698696000.0,958979000.0,-1257750000.0,2.19,0.945,1508944000.0,21573000.0,1487371000.0,1508944000.0,0.0,414576000.0,0.0,0.004,0.48,-1905298000.0,-1490722000.0,-1.256,-1490722000.0,-1905298000.0,-1989635000.0,-13.53,-13.53,-13.53,2333282000.0,2438193000.0,2333282000.0,13636838303.0,-7.0,-9.148,-119156000.0,-1.254,1.0,227490000.0,0.192,620232000.0,84337000.0,4287445000.0,4447711750.0,34909000.0,1150000.0,1147000.0,3000.0,2205465000.0,441318000.0,1764147000.0,12763383303.0,-200616000.0,0.0,-7318000.0,0.0,-45313000.0,-87299000.0,-703287000.0,0.0,589970000.0,0.0,-1257750000.0,-1257750000.0,-1257750000.0,0.0,0.0,-1.06,2151727000.0,-1924237000.0,161194000.0,-0.035,5.47,-10.148,-9.931,2918524000.0,0.0,134.37,10.757,10.757,226983000.0,-443480000.0,1186469000.0,1186469000.0,0.0,-0.269,-0.516,-0.428,-1.606,23461000.0,79722000.0,1.0,94986852.0,94986852,,12.491,3918515000.0,0.0,-731885000.0,87523000.0,41.253,525185000.0
20,XEC,MRT,2016-06-30,2016-06-30,2016-06-30,2021-08-06,721000.0,4531823000.0,5119467000.0,917607000.0,3614216000.0,0.236,24.751,-714114000.0,641739000.0,641739000.0,1072565000.0,-2010361000.0,2.275,0.931,1515194000.0,28399000.0,1486795000.0,1515194000.0,0.0,509953000.0,0.0,0.005,0.56,-3080897000.0,-2570944000.0,-2.13,-2570944000.0,-3080897000.0,-3165719000.0,-21.62,-21.62,-21.62,2346802000.0,2713364250.0,2346802000.0,12126710993.0,-4.0,-4.717,-141145000.0,-1.489,1.0,134242000.0,0.111,620232000.0,84822000.0,4381720000.0,4834778000.0,37852000.0,1119000.0,1119000.0,0.0,2185021000.0,403326000.0,1781695000.0,11313326993.0,-215141000.0,0.0,4802000.0,0.0,-52807000.0,-75398000.0,-712712000.0,0.0,572969000.0,0.0,-2010361000.0,-2010361000.0,-2010361000.0,0.0,0.0,-1.666,3226514000.0,-3092272000.0,154773000.0,-0.026,4.821,-5.628,-5.519,2958814000.0,0.0,119.32,9.375,9.375,229634000.0,-430674000.0,1206807000.0,1206807000.0,0.0,-0.393,-0.741,-0.637,-2.553,22434000.0,80017000.0,1.0,94815010.0,94815010,,12.728,3911591000.0,0.0,-1155358000.0,92446000.0,41.255,514281000.0
21,XEC,MRT,2016-03-31,2016-03-31,2016-03-31,2021-08-06,526000.0,4901261000.0,5878637250.0,931090000.0,3970171000.0,0.227,27.572,-793910000.0,676639000.0,676639000.0,1216322000.0,-2396122000.0,2.607,0.875,1490023000.0,3812000.0,1486211000.0,1490023000.0,0.0,625318000.0,0.0,0.007,0.64,-3685880000.0,-3060562000.0,-2.297,-3060562000.0,-3685880000.0,-3771175000.0,-25.78,-25.78,-25.78,2614331000.0,3175704500.0,2614331000.0,9929365199.0,-3.0,-3.244,-95950000.0,-1.012,1.0,115895000.0,0.087,620232000.0,85295000.0,4737321000.0,5512475000.0,44648000.0,12290000.0,11868000.0,422000.0,2286930000.0,357092000.0,1929838000.0,9223127199.0,555707000.0,0.0,756047000.0,0.0,-59438000.0,650391000.0,-792644000.0,0.0,697960000.0,0.0,-2396122000.0,-2396122000.0,-2396122000.0,0.0,0.0,-1.799,3851166000.0,-3735271000.0,123493000.0,-0.025,3.528,-3.849,-3.773,3313969000.0,0.0,97.27,6.923,6.923,192160000.0,-160397000.0,1332217000.0,1332217000.0,0.0,-0.408,-0.755,-0.669,-2.767,19932000.0,72647000.0,1.0,94819854.0,94819854,,14.05,4281029000.0,0.0,-1375053000.0,246553000.0,45.149,573998000.0
22,XEC,MRT,2015-12-31,2015-12-31,2015-12-31,2021-08-06,441000.0,4708422000.0,6618334750.0,1077930000.0,3630492000.0,0.219,25.998,-1009783000.0,779382000.0,779382000.0,1336098000.0,-2579604000.0,2.629,0.915,1485620000.0,0.0,1485620000.0,1485620000.0,0.0,731460000.0,0.0,0.007,0.64,-3965587000.0,-3234127000.0,-2.226,-3234127000.0,-3965587000.0,-4051333000.0,-27.75,-27.75,-27.75,2458357000.0,3543656250.0,2458357000.0,9052427729.0,-2.0,-2.799,-284055000.0,-3.004,1.0,116521000.0,0.08,620232000.0,85746000.0,4384361000.0,6344567750.0,54579000.0,11246000.0,10745000.0,501000.0,2250065000.0,410067000.0,1839998000.0,8451739729.0,373520000.0,0.0,760551000.0,0.0,-58281000.0,656397000.0,-1008605000.0,0.0,725728000.0,0.0,-2579604000.0,-2579604000.0,-2579604000.0,0.0,0.0,-1.776,4137519000.0,-4020998000.0,149128000.0,-0.023,3.438,-3.276,-3.221,2971291000.0,0.0,89.38,5.818,5.818,238791000.0,-306008000.0,1452619000.0,1452619000.0,0.0,-0.39,-0.728,-0.625,-2.73,19559000.0,74688000.0,1.0,94559630.0,94559630,,15.362,4088190000.0,0.0,-1471729000.0,174707000.0,43.234,667863000.0
23,XEC,MRT,2015-09-30,2015-09-30,2015-09-30,2021-08-06,303000.0,6336362000.0,7618346500.0,1238461000.0,5097901000.0,0.221,36.355,-1283648000.0,899312000.0,899312000.0,1434396000.0,-1683354000.0,2.574,0.845,1500000000.0,0.0,1500000000.0,1500000000.0,0.0,807181000.0,0.0,0.006,0.64,-2541855000.0,-1734674000.0,-1.033,-1734674000.0,-2541855000.0,-2627044000.0,-18.45,-18.46,-18.45,3433967000.0,4054225000.0,3433967000.0,10323013922.0,-4.0,-5.951,-359707000.0,-3.808,1.0,245495000.0,0.146,620232000.0,85189000.0,5835710000.0,7345783500.0,65096000.0,1968000.0,1501000.0,467000.0,2902395000.0,481108000.0,2421287000.0,9679893922.0,335655000.0,0.0,773861000.0,0.0,-57128000.0,694070000.0,-1282356000.0,0.0,923941000.0,0.0,-1683354000.0,-1683354000.0,-1683354000.0,0.0,0.0,-1.002,2853696000.0,-2608201000.0,194348000.0,-0.035,2.819,-5.75,-5.554,4422838000.0,0.0,102.48,5.762,5.762,260060000.0,678950000.0,1679891000.0,1679891000.0,0.0,-0.221,-0.415,-0.346,-1.513,19006000.0,74042000.0,1.0,94456420.0,94456420,,17.785,5716130000.0,6863000.0,-943690000.0,733371000.0,60.516,757353000.0
24,XEC,MRT,2015-06-30,2015-06-30,2015-06-30,2021-08-06,912000.0,7568504000.0,8195279500.0,1267449000.0,6301055000.0,0.241,47.861,-1186185000.0,856880000.0,856880000.0,1510086000.0,-775755000.0,2.541,0.804,1500000000.0,0.0,1500000000.0,1500000000.0,0.0,840886000.0,0.0,0.006,0.64,-1121554000.0,-280668000.0,-0.142,-280668000.0,-1121554000.0,-1206206000.0,-8.59,-8.6,-8.59,4196163000.0,4303226750.0,4196163000.0,11050327262.0,-10.0,-39.372,33956000.0,0.387,1.0,463490000.0,0.235,620232000.0,84652000.0,7092508000.0,7923035500.0,75165000.0,0.0,0.0,0.0,3372341000.0,498884000.0,2873457000.0,9671259262.0,728325000.0,0.0,764873000.0,0.0,-55956000.0,685956000.0,-1177772000.0,0.0,1220141000.0,0.0,-775755000.0,-775755000.0,-775755000.0,0.0,0.0,-0.393,1670304000.0,-1206814000.0,236157000.0,-0.075,2.305,-12.467,-12.842,5624508000.0,0.0,110.31,4.9,4.9,319370000.0,1457298000.0,1973576000.0,1973576000.0,0.0,-0.095,-0.18,-0.142,-0.568,17872000.0,73869000.0,1.0,87673459.0,87673459,,22.511,6948272000.0,6961000.0,-430451000.0,1177289000.0,79.252,768565000.0
25,XEC,MRT,2015-03-31,2015-03-31,2015-03-31,2021-08-06,1204000.0,7860051000.0,8402905250.0,561185000.0,7298866000.0,0.26,46.647,-1697864000.0,120932000.0,120932000.0,1510952000.0,-26900000.0,1.014,0.924,1500000000.0,0.0,1500000000.0,1500000000.0,0.0,818424000.0,0.0,0.006,0.64,52542000.0,870966000.0,0.398,870966000.0,52542000.0,-27537000.0,-0.41,-0.43,-0.41,4086138000.0,4325843750.0,4086138000.0,11175692152.0,213.0,12.831,-313350000.0,-3.577,1.0,675010000.0,0.309,620232000.0,80079000.0,8065692000.0,8239292500.0,81462000.0,0.0,0.0,0.0,3773913000.0,553195000.0,3220718000.0,10081554152.0,116402000.0,0.0,13608000.0,475000000.0,-55653000.0,421339000.0,-1689451000.0,0.0,1384514000.0,0.0,-26900000.0,-26900000.0,-26900000.0,0.0,0.0,-0.012,705554000.0,-30544000.0,216589000.0,-1.561,2.467,-374.779,-280.707,6620570000.0,0.0,115.09,4.612,4.612,339711000.0,2072603000.0,2185962000.0,2185962000.0,0.0,-0.003,-0.006,0.006,0.024,16432000.0,76386000.0,1.0,87597134.0,87597134,,24.955,7239819000.0,10077000.0,-637000.0,1522629000.0,82.649,7990000.0
26,XEC,MRT,2014-12-31,2014-12-31,2014-12-31,2021-08-06,1102000.0,8708469000.0,8342551250.0,931804000.0,7776665000.0,0.291,51.584,-1748880000.0,405862000.0,405862000.0,1477201000.0,526498000.0,1.2,0.935,1483176000.0,0.0,1483176000.0,1483176000.0,0.0,775577000.0,0.0,0.006,0.62,909210000.0,1684787000.0,0.695,1684787000.0,909210000.0,836345000.0,6.01,6.0,6.01,4500632000.0,4341243500.0,4500632000.0,10184840848.0,11.0,6.045,-129515000.0,-1.484,1.0,946975000.0,0.391,620232000.0,72865000.0,8389224000.0,8046904750.0,89780000.0,0.0,0.0,0.0,4207837000.0,776327000.0,3431510000.0,9248341848.0,401331000.0,0.0,11898000.0,576000000.0,-53849000.0,522433000.0,-1740467000.0,0.0,1619365000.0,0.0,526498000.0,526498000.0,526498000.0,0.0,0.0,0.217,106359000.0,840616000.0,293168000.0,0.103,2.055,17.566,17.637,7114742000.0,0.0,106.0,3.815,3.815,447447000.0,2501574000.0,2424176000.0,2424176000.0,0.0,0.063,0.121,0.113,0.375,15001000.0,81160000.0,1.0,87248508.0,87248508,,27.785,8088237000.0,13475000.0,309847000.0,1781656000.0,92.703,155477000.0
27,XEC,MRT,2014-09-30,2014-09-30,2014-09-30,2021-08-06,1051000.0,8644094000.0,7978717750.0,1110537000.0,7533557000.0,0.301,50.906,-1690853000.0,563657000.0,563657000.0,1418880000.0,638239000.0,1.362,0.951,1500156000.0,156000.0,1500000000.0,1500156000.0,0.0,761302000.0,0.0,0.005,0.6,1075191000.0,1836493000.0,0.764,1836493000.0,1075191000.0,1009845000.0,7.31,7.29,7.31,4429974000.0,4221637500.0,4429974000.0,12390836436.0,12.0,6.747,-35283000.0,-0.405,1.0,983347000.0,0.409,620232000.0,65346000.0,8144718000.0,7666997250.0,93012000.0,1090000.0,1090000.0,0.0,4214120000.0,815643000.0,3398477000.0,11010885436.0,559126000.0,0.0,14855000.0,600000000.0,-52074000.0,551165000.0,-1647609000.0,0.0,1655570000.0,0.0,638239000.0,638239000.0,638239000.0,0.0,0.0,0.266,-38639000.0,1021986000.0,341413000.0,0.082,2.486,17.252,17.309,6854110000.0,0.0,126.53,4.584,4.584,430702000.0,2439794000.0,2402227000.0,2402227000.0,0.0,0.08,0.151,0.14,0.448,14695000.0,77573000.0,1.0,87021935.0,87021935,,27.605,8023862000.0,13544000.0,371606000.0,1710662000.0,92.205,294894000.0
28,XEC,MRT,2014-06-30,2014-06-30,2014-06-30,2021-08-06,1173000.0,8399007000.0,7581285250.0,686352000.0,7712655000.0,0.305,49.253,-1989533000.0,128555000.0,128555000.0,1313026000.0,632294000.0,0.857,0.959,1508506000.0,8506000.0,1500000000.0,1508506000.0,0.0,701125000.0,0.0,0.004,0.58,1059437000.0,1760562000.0,0.761,1760562000.0,1059437000.0,1001016000.0,7.25,7.23,7.25,4286631000.0,4068215250.0,4286631000.0,13512493961.0,13.0,7.675,-465202000.0,-5.345,1.0,1000797000.0,0.433,620232000.0,58421000.0,8357536000.0,7287623500.0,85278000.0,0.0,0.0,0.0,4112376000.0,801190000.0,3311186000.0,12485769961.0,124023000.0,0.0,16850000.0,608000000.0,-50286000.0,563246000.0,-1963554000.0,0.0,1524331000.0,0.0,632294000.0,632294000.0,632294000.0,0.0,0.0,0.273,-37067000.0,1037864000.0,323732000.0,0.08,2.913,19.747,19.788,7032124000.0,0.0,143.46,5.396,5.396,449456000.0,2309429000.0,2313823000.0,2313823000.0,0.0,0.083,0.155,0.145,0.458,14439000.0,76336000.0,1.0,87033110.0,87033110,,26.586,7778775000.0,13725000.0,368722000.0,1626206000.0,89.377,-114838000.0
29,XEC,MRT,2014-03-31,2014-03-31,2014-03-31,2021-08-06,1229000.0,7618635000.0,7180626000.0,514678000.0,7103957000.0,0.302,47.669,-1612794000.0,5348000.0,5348000.0,1214787000.0,613219000.0,0.706,0.837,1032072000.0,7072000.0,1025000000.0,1032072000.0,0.0,653367000.0,0.0,0.005,0.56,1026608000.0,1679975000.0,0.774,1679975000.0,1026608000.0,970799000.0,7.04,7.02,7.04,4147737000.0,3916306750.0,4147737000.0,11283043370.0,11.0,6.716,-187500000.0,-2.155,1.0,956124000.0,0.44,620232000.0,55809000.0,7296141000.0,6796201750.0,84339000.0,3000.0,3000.0,0.0,3470898000.0,728986000.0,2741912000.0,10364003370.0,-14002000.0,0.0,15913000.0,155000000.0,-48499000.0,122314000.0,-1561610000.0,0.0,1425294000.0,0.0,613219000.0,613219000.0,613219000.0,0.0,0.0,0.282,-29356000.0,985480000.0,310562000.0,0.08,2.499,16.901,16.919,6434438000.0,0.0,119.11,4.774,4.774,403283000.0,2174692000.0,2170911000.0,2170911000.0,0.0,0.085,0.157,0.151,0.473,14398000.0,82601000.0,1.0,87012034.0,87012034,,24.95,6998403000.0,14358000.0,357580000.0,1539114000.0,80.43,-214308000.0
30,XEC,MRT,2013-12-31,2013-12-31,2013-12-31,2021-08-06,1189000.0,7253135000.0,6918454500.0,469139000.0,6783996000.0,0.289,46.318,-1562698000.0,4531000.0,4531000.0,1134804000.0,564689000.0,0.687,0.803,924389000.0,389000.0,924000000.0,924389000.0,0.0,615874000.0,0.0,0.005,0.54,948673000.0,1564547000.0,0.783,1564547000.0,948673000.0,893700000.0,6.48,6.47,6.48,4022208000.0,3768020750.0,4022208000.0,10009189957.0,11.0,6.398,-238350000.0,-2.745,1.0,863247000.0,0.432,620232000.0,54973000.0,6869594000.0,6511710750.0,66772000.0,4268000.0,4268000.0,0.0,3230927000.0,683167000.0,2547760000.0,9110218957.0,-65007000.0,0.0,14494000.0,174000000.0,-46712000.0,141682000.0,-1531037000.0,0.0,1324348000.0,0.0,564689000.0,564689000.0,564689000.0,0.0,0.0,0.283,-32600000.0,895847000.0,235091000.0,0.083,2.265,16.133,16.19,6112555000.0,0.0,104.91,4.56,4.56,402414000.0,2050034000.0,1998051000.0,1998051000.0,0.0,0.082,0.15,0.146,0.475,14279000.0,77466000.0,1.0,86838423.0,86838423,,23.009,6632903000.0,16854000.0,329011000.0,1487350000.0,76.382,-214028000.0
31,XEC,MRT,2013-09-30,2013-09-30,2013-09-30,2021-08-06,875000.0,7054364000.0,6681458750.0,496873000.0,6557491000.0,0.288,44.117,-1374405000.0,5349000.0,5349000.0,1068182000.0,457014000.0,0.704,0.848,904320000.0,4320000.0,900000000.0,904320000.0,0.0,581281000.0,0.0,0.005,0.52,781356000.0,1362637000.0,0.709,1362637000.0,781356000.0,726337000.0,5.27,5.26,5.27,3816285000.0,3631152750.0,3816285000.0,9226426708.0,12.0,6.771,-77041000.0,-0.891,1.0,854135000.0,0.444,620232000.0,55019000.0,6627223000.0,6224192250.0,69517000.0,9885000.0,7168000.0,2717000.0,3238079000.0,705880000.0,2532199000.0,8338899708.0,-880000.0,0.0,11191000.0,70000000.0,-44948000.0,36143000.0,-1334387000.0,0.0,1297364000.0,0.0,457014000.0,457014000.0,457014000.0,0.0,0.0,0.238,121271000.0,732864000.0,298147000.0,0.099,2.185,18.246,18.292,5882917000.0,0.0,96.4,4.338,4.338,391105000.0,1855382000.0,1922317000.0,1922317000.0,0.0,0.068,0.126,0.126,0.406,14859000.0,70321000.0,1.0,86503109.0,86503109,,22.223,6434132000.0,13902000.0,269323000.0,1338623000.0,74.38,-209007000.0
32,XEC,MRT,2013-06-30,2013-06-30,2013-06-30,2021-08-06,573000.0,6796370000.0,6496181500.0,486541000.0,6309829000.0,0.272,42.556,-1420528000.0,4532000.0,4532000.0,1011680000.0,402906000.0,0.724,0.847,892059000.0,59000.0,892000000.0,892059000.0,0.0,558086000.0,0.0,0.008,0.5,692633000.0,1250719000.0,0.707,1250719000.0,692633000.0,638345000.0,4.65,4.64,4.65,3678997000.0,3521568250.0,3678997000.0,6472453993.0,9.0,5.175,-232910000.0,-2.694,1.0,756213000.0,0.428,620232000.0,54288000.0,6391849000.0,6016051500.0,66902000.0,10351000.0,7956000.0,2395000.0,3117373000.0,671816000.0,2445557000.0,5618368993.0,-92400000.0,0.0,10374000.0,142000000.0,-43156000.0,108089000.0,-1388107000.0,0.0,1187618000.0,0.0,402906000.0,402906000.0,402906000.0,0.0,0.0,0.228,123408000.0,632805000.0,255646000.0,0.108,1.527,13.945,13.976,5633609000.0,0.0,64.99,3.178,3.178,381634000.0,1729178000.0,1767893000.0,1767893000.0,0.0,0.062,0.114,0.115,0.392,19813000.0,66060000.0,1.0,86449746.0,86449746,,20.45,6176138000.0,18111000.0,235439000.0,1260836000.0,71.442,-185275000.0
33,XEC,MRT,2013-03-31,2013-03-31,2013-03-31,2021-08-06,554000.0,6569949000.0,6304915000.0,444497000.0,6125452000.0,0.258,41.138,-1406185000.0,18532000.0,18532000.0,965341000.0,337643000.0,0.688,0.848,872617000.0,2617000.0,870000000.0,872617000.0,0.0,532092000.0,0.0,0.006,0.48,588458000.0,1120550000.0,0.689,1120550000.0,588458000.0,534603000.0,3.9,3.89,3.9,3554593000.0,3424812500.0,3554593000.0,7198962174.0,12.0,6.424,-218235000.0,-2.526,1.0,661917000.0,0.407,620232000.0,53855000.0,6158177000.0,5763737000.0,73035000.0,288000.0,288000.0,0.0,3015356000.0,645625000.0,2369731000.0,6518500174.0,14126000.0,0.0,11297000.0,284405000.0,-41357000.0,240524000.0,-1414348000.0,0.0,1187950000.0,0.0,337643000.0,337643000.0,337643000.0,0.0,0.0,0.207,114294000.0,547623000.0,231219000.0,0.123,1.834,19.306,19.344,5450480000.0,0.0,75.44,4.006,4.006,333550000.0,1611732000.0,1627258000.0,1627258000.0,0.0,0.054,0.099,0.102,0.362,20990000.0,55858000.0,1.0,86406418.0,86406418,,18.833,5949717000.0,12122000.0,196960000.0,1178221000.0,68.857,-201128000.0
34,XEC,MRT,2012-12-31,2012-12-31,2012-12-31,2021-08-06,474000.0,6305152000.0,6096540000.0,470137000.0,5835015000.0,0.266,40.151,-1416132000.0,69538000.0,69538000.0,938813000.0,353823000.0,0.728,0.815,750000000.0,0.0,750000000.0,750000000.0,0.0,513916000.0,0.0,0.008,0.46,609867000.0,1123783000.0,0.692,1123783000.0,609867000.0,560550000.0,4.08,4.07,4.08,3474736000.0,3343779750.0,3474736000.0,5820586671.0,10.0,5.179,-223368000.0,-2.581,1.0,685125000.0,0.422,620232000.0,49317000.0,5719520000.0,5481489250.0,81029000.0,0.0,0.0,0.0,2830416000.0,645862000.0,2184554000.0,4995997671.0,67132000.0,0.0,11433000.0,331405000.0,-39577000.0,289440000.0,-1415072000.0,0.0,1192764000.0,0.0,353823000.0,353823000.0,353823000.0,0.0,0.0,0.218,114327000.0,570798000.0,237468000.0,0.113,1.438,14.12,14.15,5157374000.0,0.0,57.73,3.076,3.076,318020000.0,1533768000.0,1623938000.0,1623938000.0,0.0,0.058,0.106,0.111,0.376,21919000.0,54428000.0,1.0,86540753.0,86540753,,18.765,5684920000.0,8477000.0,206727000.0,1150532000.0,65.691,-175725000.0
35,XEC,MRT,2012-09-30,2012-09-30,2012-09-30,2021-08-06,488000.0,6313255000.0,5859596250.0,427558000.0,5885697000.0,0.275,39.284,-1662519000.0,5411000.0,5411000.0,922557000.0,371540000.0,0.656,0.869,830000000.0,0.0,830000000.0,830000000.0,0.0,486393000.0,0.0,0.008,0.44,632107000.0,1118500000.0,0.693,1118500000.0,632107000.0,588525000.0,4.32,4.3,4.32,3377947000.0,3257749000.0,3377947000.0,5687639345.0,9.0,5.085,-505619000.0,-5.88,1.0,690784000.0,0.428,691432000.0,43582000.0,5794660000.0,5182459250.0,77879000.0,416000.0,416000.0,0.0,2935308000.0,651752000.0,2283556000.0,5034571345.0,-51749000.0,0.0,11238000.0,466405000.0,-37782000.0,426009000.0,-1634658000.0,0.0,1156900000.0,0.0,371540000.0,371540000.0,371540000.0,0.0,0.0,0.23,96720000.0,594064000.0,216786000.0,0.102,1.49,13.551,13.553,5145242000.0,0.0,58.55,3.121,3.121,335011000.0,1445011000.0,1613341000.0,1613341000.0,0.0,0.063,0.114,0.122,0.392,22506000.0,52045000.0,1.0,85987555.0,85987555,,18.762,5621823000.0,2126000.0,216985000.0,1128642000.0,65.379,-224194000.0
36,XEC,MRT,2012-06-30,2012-06-30,2012-06-30,2021-08-06,250000.0,6031304000.0,5559170500.0,453712000.0,5577592000.0,0.295,38.405,-1620137000.0,96932000.0,96932000.0,897363000.0,415430000.0,0.743,0.832,750000000.0,0.0,750000000.0,750000000.0,0.0,455087000.0,0.0,0.008,0.42,700963000.0,1156050000.0,0.705,1156050000.0,700963000.0,661325000.0,4.84,4.82,4.84,3291974000.0,3166614000.0,3291974000.0,5296718594.0,8.0,4.582,-392021000.0,-4.573,1.0,742875000.0,0.453,691432000.0,39638000.0,5382591000.0,4767953500.0,91062000.0,5745000.0,5745000.0,0.0,2739330000.0,610349000.0,2128981000.0,4724791594.0,83782000.0,0.0,6183000.0,386405000.0,-36035000.0,336582000.0,-1480916000.0,0.0,1228116000.0,0.0,415430000.0,415430000.0,415430000.0,0.0,0.0,0.253,87871000.0,655004000.0,185356000.0,0.087,1.435,11.373,11.388,4839854000.0,0.0,55.12,2.881,2.881,251575000.0,1371087000.0,1640238000.0,1640238000.0,0.0,0.075,0.131,0.147,0.427,18800000.0,46693000.0,1.0,85718280.0,85718280,,19.135,5339872000.0,1193000.0,245895000.0,1074633000.0,62.296,-156637000.0
37,XEC,MRT,2012-03-31,2012-03-31,2012-03-31,2021-08-06,385000.0,5736449000.0,5272376500.0,465123000.0,5271326000.0,0.333,37.694,-1642953000.0,4406000.0,4406000.0,878129000.0,517877000.0,0.791,0.776,576333000.0,4333000.0,572000000.0,576333000.0,0.0,423697000.0,0.0,0.005,0.4,858518000.0,1282215000.0,0.731,1282215000.0,858518000.0,823219000.0,6.04,6.02,6.04,3230462000.0,3065520750.0,3230462000.0,6870719583.0,8.0,5.358,-364063000.0,-4.248,1.0,876200000.0,0.499,691432000.0,35299000.0,5029186000.0,4406237250.0,84808000.0,0.0,0.0,0.0,2505987000.0,587758000.0,1918229000.0,6467880583.0,-49740000.0,0.0,7793000.0,222000000.0,-34308000.0,188106000.0,-1516736000.0,0.0,1278890000.0,0.0,517877000.0,517877000.0,517877000.0,0.0,0.0,0.295,85676000.0,790524000.0,218621000.0,0.066,2.002,12.489,12.495,4543490000.0,0.0,75.47,3.687,3.687,361553000.0,1317095000.0,1754329000.0,1754329000.0,0.0,0.098,0.169,0.195,0.489,18733000.0,44676000.0,1.0,85701346.0,85701346,,20.47,5045017000.0,5876000.0,305342000.0,1041257000.0,58.867,-122635000.0
38,XEC,MRT,2011-12-31,2011-12-31,2011-12-31,2021-08-06,-14000.0,5357377000.0,4980707000.0,457895000.0,4899482000.0,0.353,36.512,-1541457000.0,2406000.0,2406000.0,844015000.0,529932000.0,0.743,0.711,405000000.0,0.0,405000000.0,405000000.0,0.0,390461000.0,0.0,0.006,0.38,877092000.0,1267553000.0,0.721,1267553000.0,877092000.0,841481000.0,6.17,6.15,6.17,3130613000.0,2938292000.0,3130613000.0,5600278404.0,6.0,4.418,-249182000.0,-2.906,1.0,913874000.0,0.52,620232000.0,35611000.0,4523400000.0,4064590750.0,85141000.0,0.0,0.0,0.0,2226764000.0,616339000.0,1610425000.0,5307438404.0,-111720000.0,0.0,10411000.0,55000000.0,-32581000.0,25451000.0,-1429446000.0,0.0,1292275000.0,0.0,529932000.0,529932000.0,529932000.0,0.0,0.0,0.301,85919000.0,827955000.0,215511000.0,0.062,1.695,10.015,10.032,4244423000.0,0.0,61.9,3.019,3.019,326697000.0,1221263000.0,1757889000.0,1757889000.0,0.0,0.106,0.18,0.216,0.499,18949000.0,45256000.0,1.0,85742139.0,85742139,,20.502,4737145000.0,2723000.0,311549000.0,937678000.0,55.249,-158444000.0
39,XEC,MRT,2011-09-30,2011-09-30,2011-09-30,2021-08-06,-153000.0,5111552000.0,4730924500.0,501876000.0,4609676000.0,0.367,35.216,-1374021000.0,57160000.0,57160000.0,808886000.0,530648000.0,0.871,0.696,350000000.0,0.0,350000000.0,350000000.0,0.0,362215000.0,0.0,0.006,0.36,884472000.0,1246687000.0,0.718,1246687000.0,884472000.0,847882000.0,6.2,6.17,6.2,3013407000.0,2808096750.0,3013407000.0,5107539073.0,6.0,4.097,-158734000.0,-1.855,1.0,926761000.0,0.534,691432000.0,36590000.0,4136637000.0,3783731500.0,82947000.0,3680000.0,3680000.0,0.0,2098145000.0,576323000.0,1521822000.0,4766170073.0,-90936000.0,0.0,19413000.0,0.0,-30835000.0,-18770000.0,-1287453000.0,0.0,1215287000.0,0.0,530648000.0,530648000.0,530648000.0,0.0,0.0,0.306,84929000.0,841832000.0,196979000.0,0.058,1.582,8.982,8.984,3885234000.0,0.0,55.7,2.746,2.746,343197000.0,1112978000.0,1735647000.0,1735647000.0,0.0,0.112,0.189,0.234,0.51,17303000.0,47218000.0,1.0,85568583.0,85568583,,20.284,4420120000.0,2625000.0,317234000.0,906118000.0,51.656,-74447000.0
40,XEC,MRT,2011-06-30,2011-06-30,2011-06-30,2021-08-06,432000.0,4884128000.0,4490460000.0,553722000.0,4330406000.0,0.374,33.757,-1264017000.0,13150000.0,13150000.0,767792000.0,530712000.0,0.925,0.691,354519000.0,4519000.0,350000000.0,354519000.0,0.0,336239000.0,0.0,0.004,0.34,883072000.0,1219311000.0,0.726,1219311000.0,883072000.0,846702000.0,6.21,6.18,6.21,2887601000.0,2680309750.0,2887601000.0,8015719350.0,9.0,6.574,-66754000.0,-0.78,1.0,912629000.0,0.543,691432000.0,36370000.0,3935726000.0,3541153250.0,78584000.0,2826000.0,2826000.0,0.0,1996527000.0,598339000.0,1398188000.0,7691756350.0,-128907000.0,0.0,18718000.0,-19450000.0,-29079000.0,-29912000.0,-1296258000.0,0.0,1197263000.0,0.0,530712000.0,530712000.0,530712000.0,0.0,0.0,0.316,82994000.0,829635000.0,186767000.0,0.055,2.664,14.493,14.48,3606210000.0,0.0,89.92,4.577,4.577,293419000.0,993415000.0,1680421000.0,1680421000.0,0.0,0.118,0.198,0.249,0.526,15949000.0,49102000.0,1.0,85539995.0,85539995,,19.645,4192696000.0,4293000.0,315990000.0,787192000.0,49.014,-44617000.0
41,XEC,MRT,2011-03-31,2011-03-31,2011-03-31,2021-08-06,423000.0,4569771000.0,4237086250.0,505870000.0,4063901000.0,0.376,31.823,-1077916000.0,54146000.0,54146000.0,725525000.0,488583000.0,0.937,0.679,378109000.0,28109000.0,350000000.0,378109000.0,0.0,319538000.0,0.0,0.003,0.32,814459000.0,1133997000.0,0.712,1133997000.0,814459000.0,778328000.0,5.73,5.7,5.73,2721547000.0,2550322500.0,2721547000.0,10100159171.0,12.0,8.907,18686000.0,0.218,1.0,866184000.0,0.544,691432000.0,36131000.0,3662600000.0,3302968750.0,79599000.0,3975000.0,3975000.0,0.0,1848224000.0,539702000.0,1308522000.0,9855397171.0,-8396000.0,0.0,30592000.0,-19450000.0,-27279000.0,-16238000.0,-1088760000.0,0.0,1096602000.0,0.0,488583000.0,488583000.0,488583000.0,0.0,0.0,0.307,81038000.0,785146000.0,183322000.0,0.056,3.621,20.171,20.112,3338063000.0,0.0,115.24,6.192,6.192,308946000.0,835233000.0,1591709000.0,1591709000.0,0.0,0.115,0.192,0.247,0.512,14325000.0,50302000.0,1.0,85520628.0,85520628,,18.612,3878339000.0,9848000.0,289745000.0,694384000.0,45.35,-33832000.0
42,XEC,MRT,2010-12-31,2010-12-31,2010-12-31,2021-08-06,264000.0,4358247000.0,4021673500.0,561068000.0,3797179000.0,0.401,30.812,-983398000.0,114126000.0,114126000.0,692148000.0,574782000.0,1.095,0.67,359587000.0,9587000.0,350000000.0,359587000.0,0.0,304222000.0,0.0,0.003,0.3,950344000.0,1254566000.0,0.777,1254566000.0,950344000.0,913731000.0,6.74,6.7,6.74,2609832000.0,2429451250.0,2609832000.0,7700234023.0,8.0,6.138,147034000.0,1.736,1.0,921535000.0,0.571,691432000.0,36613000.0,3399963000.0,3115164250.0,81871000.0,5731000.0,5731000.0,0.0,1748415000.0,512313000.0,1236102000.0,7498551023.0,111582000.0,0.0,28758000.0,-44450000.0,-25499000.0,-41292000.0,-977558000.0,0.0,1130432000.0,0.0,574782000.0,574782000.0,574782000.0,0.0,0.0,0.356,72870000.0,848665000.0,168615000.0,0.045,2.873,13.046,13.135,3078937000.0,0.0,88.53,4.647,4.647,299090000.0,725651000.0,1613683000.0,1613683000.0,0.0,0.143,0.237,0.305,0.589,12353000.0,48620000.0,1.0,84700678.0,84700678,,19.052,3666815000.0,4293000.0,338949000.0,654529000.0,43.291,48755000.0
43,XEC,MRT,2010-09-30,2010-09-30,2010-09-30,2021-08-06,97000.0,4149694000.0,3793246000.0,567182000.0,3582512000.0,0.405,29.755,-764087000.0,148755000.0,148755000.0,640873000.0,561842000.0,1.149,0.658,350438000.0,438000.0,350000000.0,350438000.0,0.0,281469000.0,0.0,0.004,0.28,923978000.0,1205447000.0,0.786,1205447000.0,923978000.0,886723000.0,6.67,6.63,6.67,2502259000.0,2286519750.0,2502259000.0,5790643437.0,6.0,4.804,332112000.0,3.949,1.0,893577000.0,0.582,691432000.0,37255000.0,3166324000.0,2957148500.0,99998000.0,25735000.0,25735000.0,0.0,1647435000.0,493621000.0,1153814000.0,5565379437.0,145134000.0,0.0,19773000.0,-175450000.0,-23711000.0,-179495000.0,-771570000.0,0.0,1096199000.0,0.0,561842000.0,561842000.0,561842000.0,0.0,0.0,0.366,76116000.0,817461000.0,169687000.0,0.042,2.224,9.906,9.922,2862608000.0,0.0,66.18,3.627,3.627,232235000.0,614901000.0,1534450000.0,1534450000.0,0.0,0.148,0.246,0.312,0.602,11435000.0,48057000.0,1.0,84094582.0,84094582,,18.247,3458262000.0,0.0,324881000.0,531587000.0,41.123,73561000.0
44,XEC,MRT,2010-06-30,2010-06-30,2010-06-30,2021-08-06,-168000.0,3870633000.0,3604863000.0,527559000.0,3343074000.0,0.39,28.225,-581606000.0,142716000.0,142716000.0,599643000.0,472331000.0,1.252,0.635,367980000.0,17980000.0,350000000.0,367980000.0,0.0,262004000.0,0.0,0.004,0.26,787259000.0,1049263000.0,0.747,1049263000.0,787259000.0,748440000.0,5.63,5.59,5.63,2367652000.0,2144250750.0,2367652000.0,6316251793.0,8.0,6.02,471485000.0,5.621,1.0,805358000.0,0.573,691432000.0,38819000.0,2982988000.0,2893745250.0,111143000.0,23570000.0,23570000.0,0.0,1502981000.0,421477000.0,1081504000.0,6004383793.0,139097000.0,0.0,20339000.0,-339000000.0,-21931000.0,-340732000.0,-573262000.0,2098000.0,1053091000.0,0.0,472331000.0,472331000.0,472331000.0,0.0,0.0,0.336,80043000.0,725315000.0,151867000.0,0.046,2.536,12.712,12.714,2619384000.0,0.0,71.58,4.274,4.274,217822000.0,493565000.0,1405001000.0,1405001000.0,0.0,0.131,0.22,0.272,0.56,10671000.0,49305000.0,1.0,83883540.0,83883540,,16.749,3179201000.0,0.0,276109000.0,455987000.0,37.9,106082000.0
45,XEC,MRT,2010-03-31,2010-03-31,2010-03-31,2021-08-06,80000.0,3708120000.0,3487905750.0,519095000.0,3189025000.0,0.358,26.695,-467651000.0,63135000.0,63135000.0,566149000.0,386518000.0,1.244,0.657,375003000.0,7171000.0,367832000.0,375003000.0,0.0,245743000.0,0.0,0.004,0.24,654267000.0,900010000.0,0.72,900010000.0,654267000.0,613295000.0,4.62,4.59,4.62,2238062000.0,2025463000.0,2238062000.0,5381937237.0,8.0,5.98,424077000.0,5.058,1.0,683036000.0,0.547,691432000.0,40972000.0,2911382000.0,2933592250.0,128207000.0,47497000.0,47497000.0,0.0,1470058000.0,417174000.0,1052884000.0,4978379237.0,59584000.0,0.0,5830000.0,-345000000.0,-20201000.0,-377370000.0,-454774000.0,2405000.0,891728000.0,0.0,386518000.0,386518000.0,386518000.0,0.0,0.0,0.309,81519000.0,601517000.0,177381000.0,0.052,2.224,12.88,12.853,2466321000.0,0.0,59.38,3.985,3.985,267366000.0,375726000.0,1249185000.0,1249185000.0,0.0,0.111,0.191,0.223,0.524,9775000.0,47007000.0,1.0,83839327.0,83839327,,14.9,3016688000.0,0.0,226777000.0,407166000.0,35.982,101921000.0
46,XEC,MRT,2009-12-31,2009-12-31,2009-12-31,2021-08-06,-19000.0,3444537000.0,3401015750.0,407258000.0,3037279000.0,0.297,24.405,-457749000.0,3137000.0,3137000.0,573866000.0,-311943000.0,1.048,0.69,406695000.0,13902000.0,392793000.0,406695000.0,0.0,265699000.0,0.0,0.005,0.24,-448704000.0,-183005000.0,-0.181,-183005000.0,-448704000.0,-488481000.0,-3.82,-3.82,-3.82,2038106000.0,1929455750.0,2038106000.0,4956473163.0,-11.0,-27.084,217428000.0,2.604,1.0,435928000.0,0.432,691432000.0,39777000.0,2767900000.0,2975789750.0,145153000.0,1238000.0,1238000.0,0.0,1406431000.0,388763000.0,1017668000.0,4423630163.0,1331000.0,0.0,3421000.0,-195000000.0,-20172000.0,-229752000.0,-444094000.0,3328000.0,675177000.0,0.0,-311943000.0,-311943000.0,-311943000.0,0.0,0.0,-0.309,878691000.0,-442763000.0,127141000.0,-0.063,2.17,-14.181,-13.866,2312153000.0,0.0,52.97,4.381,4.381,236000000.0,178035000.0,1009794000.0,1009794000.0,0.0,-0.092,-0.162,-0.151,-0.444,9254000.0,41724000.0,1.0,83511991.0,83511991,,12.092,2753105000.0,15837000.0,-176538000.0,376853000.0,32.967,18495000.0
47,XEC,MRT,2009-09-30,2009-09-30,2009-09-30,2021-08-06,-74000.0,3396162000.0,3581114750.0,381509000.0,3014653000.0,0.274,23.179,-932703000.0,3555000.0,3555000.0,676112000.0,-1477961000.0,1.174,0.757,536398000.0,12645000.0,523753000.0,536398000.0,0.0,347006000.0,0.0,0.006,0.24,-2285859000.0,-1938853000.0,-1.979,-1938853000.0,-2285859000.0,-2324297000.0,-18.09,-18.06,-18.09,1933183000.0,2007841000.0,1933183000.0,4316677189.0,-2.0,-2.226,-240278000.0,-2.881,1.0,303722000.0,0.31,691432000.0,38438000.0,2912711000.0,3181271500.0,166021000.0,3150000.0,3150000.0,0.0,1462979000.0,324862000.0,1138117000.0,3612955189.0,-198421000.0,0.0,2786000.0,50450000.0,-20156000.0,14977000.0,-905823000.0,4758000.0,692425000.0,0.0,-1477961000.0,-1477961000.0,-1477961000.0,0.0,0.0,-1.508,2567429000.0,-2263707000.0,109673000.0,-0.013,1.869,-2.445,-2.395,2287801000.0,0.0,43.32,3.687,3.687,173914000.0,78546000.0,979834000.0,979834000.0,0.0,-0.413,-0.736,-0.719,-2.333,9489000.0,36466000.0,1.0,83401551.0,83401551,,11.748,2704730000.0,8566000.0,-846336000.0,327653000.0,32.43,56647000.0
48,XEC,MRT,2009-06-30,2009-06-30,2009-06-30,2021-08-06,-440000.0,3402804000.0,4126834250.0,447036000.0,2955768000.0,0.317,22.72,-1240902000.0,3518000.0,3518000.0,805975000.0,-1749089000.0,1.639,0.798,707240000.0,528000.0,706712000.0,707240000.0,0.0,435198000.0,0.0,0.008,0.24,-2722271000.0,-2287073000.0,-1.749,-2287073000.0,-2722271000.0,-2758152000.0,-21.4,-21.37,-21.4,1892501000.0,2375401250.0,1892501000.0,3069834357.0,-1.0,-1.342,-376620000.0,-4.521,1.0,501983000.0,0.384,691432000.0,35881000.0,3142376000.0,3614391250.0,191911000.0,6214000.0,6214000.0,0.0,1510303000.0,272718000.0,1237585000.0,2360622357.0,-165841000.0,0.0,294000.0,233450000.0,-20142000.0,195533000.0,-1225656000.0,4887000.0,864282000.0,0.0,-1749089000.0,-1749089000.0,-1749089000.0,0.0,0.0,-1.337,3231658000.0,-2729675000.0,109903000.0,-0.011,1.247,-1.35,-1.324,2217911000.0,0.0,28.34,1.805,1.805,181652000.0,44898000.0,1307958000.0,1307958000.0,0.0,-0.424,-0.736,-0.753,-2.081,9803000.0,36321000.0,1.0,83296484.0,83296484,,15.702,2711372000.0,9182000.0,-1009063000.0,273803000.0,32.551,174318000.0
49,XEC,MRT,2009-03-31,2009-03-31,2009-03-31,2021-08-06,-720000.0,3360560000.0,4768451250.0,451834000.0,2908726000.0,0.357,22.244,-1516984000.0,3460000.0,3460000.0,921316000.0,-1558883000.0,1.515,0.813,712672000.0,0.0,712672000.0,712672000.0,0.0,511514000.0,0.0,0.013,0.24,-2431009000.0,-1919495000.0,-1.128,-1919495000.0,-2431009000.0,-2463658000.0,-19.13,-19.18,-19.13,1854033000.0,2807592250.0,1854033000.0,2121489969.0,-1.0,-1.105,-382185000.0,-4.585,1.0,781000000.0,0.459,691432000.0,32649000.0,3080172000.0,4095243750.0,208027000.0,8346000.0,8346000.0,0.0,1506527000.0,298168000.0,1208359000.0,1531981969.0,-144329000.0,0.0,11025000.0,239450000.0,-20127000.0,230188000.0,-1509316000.0,6641000.0,1134799000.0,0.0,-1558883000.0,-1558883000.0,-1558883000.0,0.0,0.0,-0.916,3230044000.0,-2449044000.0,119938000.0,-0.013,0.826,-0.983,-0.961,2188065000.0,0.0,18.38,0.9,0.9,171851000.0,11128000.0,1702316000.0,1702316000.0,0.0,-0.327,-0.555,-0.594,-1.428,10072000.0,40678000.0,1.0,83350488.0,83350488,,20.424,2669128000.0,6282000.0,-904775000.0,235147000.0,32.023,153666000.0
50,XEC,MRT,2008-12-31,2008-12-31,2008-12-31,2021-08-06,-955000.0,4164933000.0,5327923250.0,514944000.0,3649989000.0,0.37,28.862,-1607436000.0,1715000.0,1715000.0,978575000.0,-915245000.0,1.097,0.771,587630000.0,0.0,587630000.0,587630000.0,0.0,547404000.0,0.0,0.009,0.24,-1418570000.0,-871166000.0,-0.442,-871166000.0,-1418570000.0,-1451649000.0,-11.22,-11.22,-11.22,2351647000.0,3193594500.0,2351647000.0,2514718305.0,-2.0,-2.887,-239948000.0,-2.945,1.0,991772000.0,0.503,691432000.0,33079000.0,3589827000.0,4523586000.0,186062000.0,2502000.0,2502000.0,0.0,1813286000.0,469589000.0,1343697000.0,2230014305.0,-121837000.0,0.0,13141000.0,114450000.0,-20040000.0,107393000.0,-1596718000.0,10718000.0,1367488000.0,0.0,-915245000.0,-915245000.0,-915245000.0,0.0,0.0,-0.465,2432740000.0,-1440968000.0,193659000.0,-0.021,0.948,-2.437,-2.387,2928121000.0,0.0,26.78,1.132,1.107,229192000.0,510271000.0,1970347000.0,1970347000.0,0.0,-0.172,-0.287,-0.314,-0.72,10090000.0,44500000.0,1.0,83271632.0,81478000,81478000.0,24.183,3473501000.0,2435000.0,-536404000.0,527418000.0,42.631,45355000.0
51,XEC,MRT,2008-09-30,2008-09-30,2008-09-30,2021-08-06,4167000.0,5579040000.0,5627388500.0,674331000.0,4904709000.0,0.375,41.723,-1140251000.0,201883000.0,201883000.0,951528000.0,274899000.0,1.279,0.639,486587000.0,0.0,486587000.0,486587000.0,0.0,528665000.0,0.0,0.004,0.22,455830000.0,984495000.0,0.467,984495000.0,455830000.0,420676000.0,3.18,3.02,3.18,3403424000.0,3420504500.0,3403424000.0,4397161754.0,10.0,4.466,301969000.0,3.702,1.0,1157784000.0,0.549,691432000.0,35154000.0,4645190000.0,4778854250.0,112972000.0,12289000.0,12289000.0,0.0,2175616000.0,527122000.0,1648494000.0,4063314754.0,201360000.0,0.0,13920000.0,-39000000.0,-18341000.0,-43485000.0,-1197375000.0,-5288000.0,1442220000.0,0.0,274899000.0,274899000.0,274899000.0,0.0,0.0,0.13,739552000.0,418232000.0,222856000.0,0.069,1.194,14.781,15.381,4132408000.0,0.0,48.91,1.926,1.891,336089000.0,1580728000.0,2109312000.0,2109312000.0,0.0,0.049,0.08,0.095,0.216,10136000.0,51566000.0,1.0,83077382.0,81572000,81572000.0,25.858,4887608000.0,4543000.0,145777000.0,1027949000.0,59.918,147209000.0
52,XEC,MRT,2008-06-30,2008-06-30,2008-06-30,2021-08-06,-10498000.0,5969272000.0,5536118750.0,695253000.0,5274019000.0,0.339,44.447,-1033275000.0,169486000.0,169486000.0,896142000.0,580478000.0,1.274,0.648,503333000.0,16555000.0,486778000.0,503333000.0,0.0,498867000.0,0.0,0.003,0.2,940901000.0,1439768000.0,0.768,1439768000.0,940901000.0,904539000.0,6.93,6.74,6.93,3621265000.0,3353569500.0,3621265000.0,6117946838.0,7.0,4.249,225694000.0,2.77,1.0,979665000.0,0.522,691432000.0,36362000.0,5065786000.0,4784840000.0,74874000.0,7393000.0,7393000.0,0.0,2348007000.0,545901000.0,1802106000.0,5772216838.0,149390000.0,0.0,-21813000.0,0.0,-16656000.0,-38534000.0,-1071045000.0,-4500000.0,1258969000.0,0.0,580478000.0,580478000.0,580478000.0,0.0,0.0,0.309,73102000.0,906563000.0,292516000.0,0.029,1.594,9.944,10.053,4496741000.0,0.0,69.67,3.077,3.026,418464000.0,1817902000.0,1875807000.0,1875807000.0,0.0,0.105,0.173,0.197,0.502,10145000.0,50111000.0,1.0,82850823.0,81474000,85589000.0,23.023,5277840000.0,365000.0,324061000.0,1178369000.0,64.779,149352000.0
53,XEC,MRT,2008-03-31,2008-03-31,2008-03-31,2021-08-06,-4328000.0,5598448000.0,5311414250.0,564704000.0,5033744000.0,0.301,41.804,-876416000.0,148011000.0,148011000.0,852092000.0,430172000.0,1.23,0.648,493741000.0,6773000.0,486968000.0,493741000.0,0.0,478463000.0,0.0,0.003,0.18,712514000.0,1190977000.0,0.744,1190977000.0,712514000.0,673877000.0,5.16,5.02,5.16,3398042000.0,3222338000.0,3398042000.0,4895467917.0,7.0,4.11,247040000.0,3.039,1.0,748756000.0,0.468,691432000.0,38637000.0,4793541000.0,4641411500.0,40785000.0,9364000.0,9364000.0,0.0,2200406000.0,459205000.0,1741201000.0,4531358917.0,139936000.0,0.0,-37788000.0,-15360000.0,-15017000.0,-74278000.0,-909242000.0,-6561000.0,1123456000.0,0.0,430172000.0,430172000.0,430172000.0,0.0,0.0,0.269,74454000.0,674302000.0,217768000.0,0.035,1.334,10.534,10.609,4247851000.0,0.0,54.74,2.831,2.78,355976000.0,1593627000.0,1600848000.0,1600848000.0,0.0,0.081,0.133,0.154,0.445,10377000.0,48193000.0,1.0,82779666.0,81286000,85200000.0,19.694,4907016000.0,79000.0,243705000.0,1121923000.0,60.367,105499000.0
54,XEC,MRT,2007-12-31,2007-12-31,2007-12-31,2021-08-06,7626000.0,5362794000.0,5144721000.0,564577000.0,4798217000.0,0.278,39.835,-844261000.0,123050000.0,123050000.0,813154000.0,345262000.0,1.33,0.645,487159000.0,0.0,487159000.0,487159000.0,0.0,461791000.0,0.0,0.004,0.16,581829000.0,1043620000.0,0.73,1043620000.0,581829000.0,542724000.0,4.15,4.05,4.15,3259287000.0,3127695750.0,3259287000.0,4027214040.0,7.0,3.859,150419000.0,1.838,1.0,617359000.0,0.432,691432000.0,39105000.0,4610900000.0,4548067000.0,29642000.0,26515000.0,26515000.0,0.0,2103507000.0,424571000.0,1678936000.0,3508261040.0,118002000.0,0.0,-32380000.0,50640000.0,-13429000.0,-1282000.0,-875396000.0,-11561000.0,994680000.0,0.0,345262000.0,345262000.0,345262000.0,0.0,0.0,0.241,75606000.0,541753000.0,172726000.0,0.039,1.076,10.161,10.248,4062316000.0,0.0,42.53,2.452,2.433,326785000.0,1448763000.0,1430513000.0,1430513000.0,0.0,0.067,0.11,0.128,0.407,10772000.0,49260000.0,1.0,82489091.0,81819000,84632000.0,17.484,4671362000.0,5697000.0,197462000.0,1102332000.0,57.094,140006000.0
55,XEC,MRT,2007-09-30,2007-09-30,2007-09-30,2021-08-06,13849000.0,5213961000.0,5011460000.0,393436000.0,4820525000.0,0.257,38.443,-977145000.0,7396000.0,7396000.0,787431000.0,275236000.0,1.057,0.663,526349000.0,0.0,526349000.0,526349000.0,0.0,445404000.0,0.0,0.004,0.16,487185000.0,932589000.0,0.725,932589000.0,487185000.0,431955000.0,3.36,3.27,3.36,3135684000.0,3056909750.0,3135684000.0,3564392880.0,7.0,3.822,-82693000.0,-1.014,1.0,499168000.0,0.388,691432000.0,55230000.0,4669133000.0,4450929250.0,36750000.0,21554000.0,19626000.0,1928000.0,2078277000.0,372349000.0,1705928000.0,3096263880.0,-8061000.0,0.0,-31847000.0,134640000.0,-13447000.0,83168000.0,-985681000.0,4553000.0,894452000.0,0.0,275236000.0,275236000.0,275236000.0,0.0,0.0,0.214,73643000.0,425525000.0,145056000.0,0.048,0.987,11.249,11.086,4082105000.0,0.0,37.25,2.407,2.362,292218000.0,1323815000.0,1286599000.0,1286599000.0,0.0,0.055,0.09,0.109,0.379,9982000.0,46140000.0,1.0,83121178.0,81568000,84025000.0,15.773,4522529000.0,7937000.0,156719000.0,1045351000.0,55.445,21087000.0
56,XEC,MRT,2007-06-30,2007-06-30,2007-06-30,2021-08-06,13915000.0,5070454000.0,4858933500.0,397914000.0,4672540000.0,0.26,37.631,-954647000.0,19411000.0,19411000.0,761324000.0,296037000.0,1.121,0.638,487540000.0,0.0,487540000.0,487540000.0,0.0,432674000.0,0.0,0.004,0.16,512457000.0,945131000.0,0.747,945131000.0,512457000.0,465113000.0,3.61,3.51,3.61,3096339000.0,2999660000.0,3096339000.0,3783692330.0,7.0,4.003,-104749000.0,-1.273,1.0,504404000.0,0.399,691432000.0,47344000.0,4492072000.0,4282784750.0,40358000.0,21647000.0,19689000.0,1958000.0,1974115000.0,355079000.0,1619036000.0,3282323330.0,14022000.0,0.0,3985000.0,92640000.0,-13444000.0,77004000.0,-912880000.0,59823000.0,849898000.0,0.0,296037000.0,296037000.0,296037000.0,0.0,0.0,0.234,68976000.0,435428000.0,155459000.0,0.044,1.06,11.088,10.917,3934620000.0,0.0,39.41,2.593,2.562,294717000.0,1253973000.0,1265728000.0,1265728000.0,0.0,0.061,0.099,0.12,0.405,9447000.0,46022000.0,1.0,83286560.0,82282000,84836000.0,15.383,4379022000.0,7959000.0,169076000.0,997833000.0,53.22,42835000.0
57,XEC,MRT,2007-03-31,2007-03-31,2007-03-31,2021-08-06,8336000.0,4931675000.0,4705140500.0,382761000.0,4548914000.0,0.263,36.723,-1074133000.0,7351000.0,7351000.0,732070000.0,300196000.0,1.191,0.633,508720000.0,0.0,508720000.0,508720000.0,0.0,414650000.0,0.0,0.004,0.16,511259000.0,925909000.0,0.748,925909000.0,511259000.0,472425000.0,3.66,3.56,3.66,3019473000.0,2923705250.0,3019473000.0,3520365337.0,7.0,3.802,-237260000.0,-2.886,1.0,504955000.0,0.408,691432000.0,38834000.0,4420163000.0,4114990000.0,42001000.0,2823000.0,0.0,2823000.0,1912202000.0,321449000.0,1590753000.0,3081746337.0,-43324000.0,0.0,8516000.0,161000000.0,-13396000.0,155967000.0,-1036164000.0,59823000.0,836873000.0,0.0,300196000.0,300196000.0,300196000.0,0.0,0.0,0.243,62922000.0,442033000.0,145106000.0,0.044,1.021,10.266,10.115,3816255000.0,0.0,37.02,2.491,2.461,300147000.0,1178635000.0,1237025000.0,1237025000.0,0.0,0.064,0.103,0.124,0.413,8945000.0,44054000.0,1.0,83245444.0,82222000,84393000.0,15.045,4240243000.0,4477000.0,172229000.0,945411000.0,51.571,61312000.0
58,XEC,MRT,2006-12-31,2006-12-31,2006-12-31,2021-08-06,31081000.0,4829750000.0,4556842500.0,416757000.0,4412993000.0,0.278,36.265,-1043876000.0,5048000.0,5048000.0,711116000.0,345719000.0,1.175,0.623,443667000.0,0.0,443667000.0,443667000.0,0.0,396394000.0,0.0,0.004,0.16,574264000.0,970658000.0,0.767,970658000.0,574264000.0,544324000.0,4.21,4.11,4.21,2976143000.0,2846342000.0,2976143000.0,3415554694.0,6.0,3.519,-165457000.0,-2.016,1.0,554284000.0,0.438,691432000.0,29940000.0,4222349000.0,3888473500.0,39397000.0,48996000.0,41945000.0,7051000.0,1853607000.0,354588000.0,1499019000.0,3024025694.0,-56599000.0,0.0,-6705000.0,95000000.0,-13358000.0,74784000.0,-1009802000.0,59823000.0,878419000.0,0.0,345719000.0,345719000.0,345719000.0,0.0,0.0,0.273,59613000.0,494671000.0,136919000.0,0.038,1.016,8.747,8.67,3676634000.0,0.0,36.5,2.39,2.367,276361000.0,1117402000.0,1265400000.0,1265400000.0,0.0,0.076,0.121,0.148,0.454,8243000.0,42288000.0,1.0,82850019.0,82066000,84090000.0,15.419,4138318000.0,1498000.0,198605000.0,947041000.0,50.427,62169000.0
59,XEC,MRT,2006-09-30,2006-09-30,2006-09-30,2021-08-06,20409000.0,4603855000.0,4394488750.0,354221000.0,4249634000.0,0.319,35.425,-959118000.0,8084000.0,8084000.0,693346000.0,455382000.0,1.152,0.584,399613000.0,0.0,399613000.0,399613000.0,0.0,376099000.0,0.0,0.003,0.12,737233000.0,1113332000.0,0.795,1113332000.0,737233000.0,720262000.0,5.84,5.65,5.84,2906685000.0,2751169500.0,2906685000.0,3308909703.0,4.0,2.972,5277000.0,0.064,1.0,707693000.0,0.505,691432000.0,16971000.0,3996555000.0,3682450250.0,46233000.0,9976000.0,0.0,9976000.0,1697170000.0,307397000.0,1389773000.0,2910738703.0,-19389000.0,0.0,-5648000.0,-35079000.0,-10006000.0,-52323000.0,-931461000.0,58352000.0,964395000.0,0.0,455382000.0,455382000.0,455382000.0,0.0,0.0,0.325,63054000.0,644639000.0,153244000.0,0.021,1.001,6.392,6.026,3509446000.0,0.0,35.19,2.078,2.061,256206000.0,1062011000.0,1401039000.0,1401039000.0,0.0,0.104,0.166,0.2,0.526,7625000.0,41209000.0,1.0,82714939.0,82052000,84311000.0,17.075,3912423000.0,11056000.0,264880000.0,867724000.0,47.682,46824000.0
60,XEC,MRT,2006-06-30,2006-06-30,2006-06-30,2021-08-06,114000.0,4455282000.0,4255651250.0,328249000.0,4127033000.0,0.339,34.036,-826637000.0,5389000.0,5389000.0,672440000.0,425500000.0,0.962,0.595,403560000.0,0.0,403560000.0,403560000.0,0.0,354021000.0,0.0,0.002,0.08,690524000.0,1044545000.0,0.725,1044545000.0,690524000.0,671639000.0,5.47,5.3,5.47,2792520000.0,2631233500.0,2792520000.0,3852444724.0,6.0,3.688,140675000.0,1.715,1.0,768811000.0,0.533,691432000.0,18885000.0,3820893000.0,3512000500.0,43754000.0,0.0,0.0,0.0,1662762000.0,341128000.0,1321634000.0,3551613724.0,-51916000.0,0.0,1864000.0,-160437000.0,-6661000.0,-166824000.0,-852404000.0,302000.0,967312000.0,0.0,425500000.0,425500000.0,425500000.0,0.0,0.0,0.295,60384000.0,708427000.0,150828000.0,0.015,1.272,8.347,7.861,3358762000.0,0.0,43.0,2.464,2.448,251005000.0,971376000.0,1441251000.0,1441251000.0,0.0,0.1,0.162,0.197,0.479,6585000.0,38823000.0,1.0,82595668.0,82046000,84861000.0,17.566,3763850000.0,11105000.0,246139000.0,800047000.0,45.875,-12879000.0
61,XEC,MRT,2006-03-31,2006-03-31,2006-03-31,2021-08-06,81000.0,4338483000.0,4141245750.0,391667000.0,3946816000.0,0.318,32.796,-616766000.0,50675000.0,50675000.0,588071000.0,395111000.0,0.959,0.601,351506000.0,0.0,351506000.0,351506000.0,0.0,310830000.0,0.0,0.001,0.04,643201000.0,954031000.0,0.725,954031000.0,643201000.0,622332000.0,5.47,5.3,5.47,2710020000.0,2509005000.0,2710020000.0,3873971053.0,6.0,4.061,219555000.0,2.657,1.0,727857000.0,0.553,716988000.0,20869000.0,3514097000.0,3423515000.0,41100000.0,0.0,0.0,0.0,1628463000.0,408229000.0,1220234000.0,3583167053.0,-62350000.0,33407000.0,5317000.0,-273501000.0,-3327000.0,-273027000.0,-625644000.0,302000.0,836321000.0,0.0,395111000.0,395111000.0,395111000.0,0.0,0.0,0.3,63002000.0,664855000.0,165230000.0,0.007,1.322,9.069,7.909,3154508000.0,0.0,43.26,2.723,2.716,261003000.0,891848000.0,1315928000.0,1315928000.0,0.0,0.095,0.157,0.188,0.489,5702000.0,36490000.0,1.0,82828642.0,82633000,85242000.0,15.925,3621495000.0,15248000.0,227221000.0,761760000.0,43.826,-16562000.0
62,XEC,MRT,2005-12-31,2005-12-31,2005-12-31,2021-08-06,81000.0,4180335000.0,3346713250.0,429028000.0,3751307000.0,0.334,40.077,-491680000.0,61647000.0,61647000.0,482942000.0,328325000.0,1.08,0.611,394377000.0,41926000.0,352451000.0,394377000.0,0.0,258287000.0,0.0,0.0,0.0,536062000.0,794349000.0,0.71,794349000.0,536062000.0,516455000.0,5.07,4.9,5.07,2595453000.0,2017902750.0,2595453000.0,3954767476.0,7.0,4.979,213054000.0,3.29,1.0,635680000.0,0.568,717391000.0,19607000.0,3398256000.0,2761945750.0,34784000.0,0.0,0.0,0.0,1584882000.0,397418000.0,1187464000.0,3543844476.0,-54099000.0,33407000.0,13637000.0,-273501000.0,0.0,-261380000.0,-497453000.0,302000.0,704734000.0,0.0,328325000.0,328325000.0,328325000.0,0.0,0.0,0.294,58172000.0,577508000.0,144998000.0,0.0,1.365,10.794,8.483,2963875000.0,0.0,43.01,3.168,2.49,320360000.0,788356000.0,1118622000.0,1118622000.0,0.0,0.098,0.163,0.194,0.479,4959000.0,33497000.0,1.0,82395826.0,64761000,67000000.0,17.273,3462944000.0,17959000.0,188130000.0,733768000.0,53.473,31610000.0
63,XEC,MRT,2005-09-30,2005-09-30,2005-09-30,2021-08-06,80000.0,4048505000.0,2577991000.0,351746000.0,3696759000.0,0.267,29.495,-405132000.0,27473000.0,27473000.0,232222000.0,207992000.0,0.822,0.668,438396000.0,0.0,438396000.0,438396000.0,0.0,207524000.0,0.0,0.0,0.0,335750000.0,543274000.0,0.79,543274000.0,335750000.0,328280000.0,3.98,3.86,3.98,2426941000.0,1544217500.0,2426941000.0,4236461404.0,13.0,7.798,113090000.0,1.374,1.0,455653000.0,0.662,716818000.0,7470000.0,3314756000.0,2112814500.0,32520000.0,0.0,0.0,0.0,1621564000.0,427854000.0,1193710000.0,3720519404.0,-64724000.0,33407000.0,13622000.0,-188422000.0,0.0,-174800000.0,-408146000.0,235000.0,518222000.0,0.0,207992000.0,207992000.0,207992000.0,0.0,0.0,0.302,42863000.0,412790000.0,143628000.0,0.0,1.533,17.888,11.389,2910801000.0,0.0,45.33,5.409,5.422,250193000.0,619948000.0,687875000.0,687875000.0,0.0,0.081,0.135,0.159,0.488,4166000.0,31410000.0,1.0,82076316.0,82284000,84840000.0,8.36,3331687000.0,16098000.0,120288000.0,633057000.0,40.49,-76108000.0
64,XEC,MRT,2005-06-30,2005-06-30,2005-06-30,2021-08-06,54000.0,3997660000.0,1816350000.0,342477000.0,3655183000.0,0.273,44.328,-358927000.0,57305000.0,57305000.0,171141000.0,183099000.0,1.083,0.735,573247000.0,758000.0,572489000.0,573247000.0,0.0,156746000.0,0.0,0.0,0.0,295030000.0,451776000.0,0.913,451776000.0,295030000.0,290572000.0,4.14,4.01,4.14,2303606000.0,1100211250.0,2303606000.0,1512434063.0,5.0,3.348,53311000.0,1.026,1.0,323913000.0,0.654,730399000.0,4458000.0,3466951000.0,1470121250.0,24290000.0,0.0,0.0,0.0,1694054000.0,316252000.0,1377802000.0,1625459063.0,-776000.0,33407000.0,9976000.0,-60064000.0,0.0,-50088000.0,-362926000.0,0.0,412238000.0,0.0,183099000.0,183099000.0,183099000.0,0.0,0.0,0.37,36706000.0,287207000.0,112790000.0,0.0,0.706,8.877,9.399,2871954000.0,0.0,38.91,3.283,4.084,208042000.0,555873000.0,495054000.0,495054000.0,0.0,0.101,0.166,0.201,0.596,3443000.0,28390000.0,1.0,41774841.0,51967000,53655000.0,9.526,3267261000.0,23183000.0,107473000.0,643673000.0,62.872,26225000.0
65,XEC,MRT,2005-03-31,2005-03-31,2005-03-31,2021-08-06,34000.0,1160353000.0,1053700750.0,232587000.0,927766000.0,0.453,17.859,-310212000.0,113025000.0,113025000.0,188626000.0,167092000.0,1.729,0.556,0.0,0.0,0.0,0.0,0.0,135998000.0,0.0,0.0,0.0,267486000.0,403484000.0,0.846,403484000.0,267486000.0,266519000.0,4.01,3.88,4.01,745611000.0,676298250.0,745611000.0,1513058229.0,6.0,3.75,79022000.0,1.893,1.0,288563000.0,0.605,44967000.0,967000.0,867820000.0,782901750.0,14034000.0,0.0,0.0,0.0,414742000.0,134541000.0,280201000.0,1628804229.0,74532000.0,0.0,8947000.0,0.0,0.0,8947000.0,-323649000.0,0.0,389234000.0,0.0,167092000.0,167092000.0,167092000.0,0.0,0.0,0.35,26522000.0,262041000.0,67550000.0,0.0,2.185,9.748,9.726,876337000.0,0.0,39.0,3.413,3.412,96118000.0,503396000.0,477189000.0,477189000.0,0.0,0.159,0.247,0.342,0.561,2714000.0,25866000.0,1.0,41764211.0,41749000,43218000.0,11.43,1115386000.0,1467000.0,99427000.0,241640000.0,26.716,98046000.0
66,XEC,MRT,2004-12-31,2004-12-31,2004-12-31,2021-08-06,88000.0,1105446000.0,979245000.0,236447000.0,868999000.0,0.485,16.898,-280805000.0,115746000.0,115746000.0,209775000.0,153592000.0,1.653,0.578,0.0,0.0,0.0,0.0,0.0,124251000.0,0.0,0.0,0.0,247393000.0,371644000.0,0.782,371644000.0,247393000.0,246318000.0,3.7,3.59,3.7,700712000.0,632579250.0,700712000.0,1484468582.0,6.0,3.994,75048000.0,1.81,1.0,265389000.0,0.559,44967000.0,1075000.0,801731000.0,736694250.0,9742000.0,0.0,0.0,0.0,404734000.0,143002000.0,261732000.0,1576665582.0,75326000.0,0.0,12574000.0,0.0,0.0,12574000.0,-293101000.0,0.0,355853000.0,0.0,153592000.0,153592000.0,153592000.0,0.0,0.0,0.323,22287000.0,243102000.0,51559000.0,0.0,2.25,10.265,10.243,818402000.0,0.0,37.9,3.318,3.307,118070000.0,460031000.0,475164000.0,475164000.0,0.0,0.157,0.243,0.336,0.521,1957000.0,22483000.0,1.0,41600675.0,41466000,42763000.0,11.459,1060479000.0,2149000.0,92726000.0,237987000.0,25.575,93445000.0
67,XEC,MRT,2004-09-30,2004-09-30,2004-09-30,2021-08-06,0.0,1001941000.0,904260500.0,190276000.0,811665000.0,0.501,15.681,-256557000.0,92197000.0,92197000.0,232601000.0,123821000.0,1.575,0.539,0.0,0.0,0.0,0.0,0.0,113318000.0,0.0,0.0,0.0,197940000.0,311258000.0,0.686,311258000.0,197940000.0,196787000.0,2.98,2.87,2.98,650916000.0,591086250.0,650916000.0,1388201112.0,7.0,4.46,32499000.0,0.783,1.0,220814000.0,0.487,44967000.0,1153000.0,743983000.0,694914500.0,11322000.0,0.0,0.0,0.0,351025000.0,120794000.0,230231000.0,1446282112.0,35339000.0,0.0,12376000.0,0.0,0.0,12376000.0,-266093000.0,0.0,289056000.0,0.0,123821000.0,123821000.0,123821000.0,0.0,0.0,0.273,23359000.0,197455000.0,58595000.0,0.0,2.222,11.68,11.725,764133000.0,0.0,34.94,3.19,3.199,81215000.0,411956000.0,453415000.0,453415000.0,0.0,0.137,0.209,0.285,0.437,1391000.0,20246000.0,1.0,41393306.0,41511000,42885000.0,10.923,956974000.0,1557000.0,72966000.0,194774000.0,23.054,69482000.0
68,XEC,MRT,2004-06-30,2004-06-30,2004-06-30,2021-08-06,0.0,947063000.0,846916500.0,167286000.0,779777000.0,0.467,14.692,-215180000.0,58081000.0,58081000.0,202986000.0,107180000.0,1.328,0.558,0.0,0.0,0.0,0.0,0.0,103942000.0,0.0,0.0,0.0,171284000.0,275226000.0,0.695,275226000.0,171284000.0,170119000.0,2.58,2.49,2.58,607954000.0,559802250.0,607954000.0,1212129204.0,7.0,4.404,13453000.0,0.325,1.0,192918000.0,0.487,44967000.0,1165000.0,718073000.0,656775250.0,13272000.0,0.0,0.0,0.0,339109000.0,125942000.0,213167000.0,1250622204.0,10591000.0,0.0,8673000.0,0.0,0.0,8673000.0,-226715000.0,0.0,228633000.0,0.0,107180000.0,107180000.0,107180000.0,0.0,0.0,0.271,22010000.0,170908000.0,58725000.0,0.0,2.057,11.668,11.717,734036000.0,0.0,30.23,3.159,3.16,90353000.0,372774000.0,395904000.0,395904000.0,0.0,0.127,0.191,0.261,0.433,1291000.0,19029000.0,1.0,41370235.0,41379000,42704000.0,9.568,902096000.0,1557000.0,62939000.0,180847000.0,21.801,41344000.0
69,XEC,MRT,2004-03-31,2004-03-31,2004-03-31,2021-08-06,0.0,862530000.0,794722000.0,135517000.0,727013000.0,0.409,13.818,-188256000.0,38493000.0,38493000.0,157680000.0,91750000.0,1.41,0.511,0.0,0.0,0.0,0.0,0.0,93995000.0,0.0,0.0,0.0,146815000.0,240810000.0,0.741,240810000.0,146815000.0,145656000.0,2.21,2.14,2.21,570735000.0,533446000.0,570735000.0,1153657571.0,8.0,4.791,26068000.0,0.631,1.0,167301000.0,0.515,44967000.0,1159000.0,682990000.0,619958250.0,9377000.0,0.0,0.0,0.0,291795000.0,96080000.0,195715000.0,1194077571.0,18904000.0,0.0,7937000.0,-5000000.0,0.0,2937000.0,-198357000.0,0.0,214324000.0,0.0,91750000.0,91750000.0,91750000.0,0.0,0.0,0.282,20852000.0,146449000.0,46524000.0,0.0,2.092,13.014,13.077,681181000.0,0.0,28.9,3.674,3.673,81767000.0,336304000.0,324981000.0,324981000.0,0.0,0.115,0.172,0.237,0.452,1659000.0,17968000.0,1.0,41317563.0,41305000,42615000.0,7.868,817563000.0,1557000.0,53906000.0,164568000.0,19.793,39437000.0
70,XEC,MRT,2003-12-31,2003-12-31,2003-12-31,2021-08-06,0.0,805508000.0,758310500.0,123204000.0,682304000.0,0.429,12.879,-151492000.0,40420000.0,40420000.0,156381000.0,94633000.0,1.441,0.506,0.0,0.0,0.0,0.0,0.0,88774000.0,0.0,0.0,0.0,151059000.0,239833000.0,0.737,239833000.0,151059000.0,149774000.0,2.28,2.22,2.28,534740000.0,510612000.0,534740000.0,1054466252.0,7.0,4.397,53618000.0,1.291,1.0,169240000.0,0.52,44967000.0,1285000.0,634612000.0,594781250.0,6700000.0,0.0,0.0,0.0,270768000.0,85509000.0,185259000.0,1111324252.0,18093000.0,0.0,4624000.0,-32000000.0,0.0,-27376000.0,-159641000.0,0.0,205110000.0,0.0,94633000.0,94633000.0,94633000.0,0.0,0.0,0.291,20359000.0,148881000.0,37170000.0,0.0,2.078,11.744,11.706,636396000.0,0.0,26.69,3.413,3.403,68293000.0,306439000.0,325621000.0,325621000.0,0.0,0.125,0.185,0.254,0.464,1914000.0,17526000.0,1.0,41638226.0,41521000,42640000.0,7.842,760541000.0,1631000.0,55141000.0,161655000.0,18.317,37695000.0
71,XEC,MRT,2003-09-30,2003-09-30,2003-09-30,2021-08-06,0.0,772565000.0,725505000.0,125386000.0,647179000.0,0.587,12.635,-119521000.0,56858000.0,56858000.0,262345000.0,92116000.0,1.581,0.469,0.0,0.0,0.0,0.0,0.0,85762000.0,0.0,0.0,0.0,147510000.0,233272000.0,0.548,233272000.0,147510000.0,145962000.0,2.26,2.22,2.26,525780000.0,488147000.0,525780000.0,767744717.0,5.0,3.291,84465000.0,2.03,1.0,163373000.0,0.384,44967000.0,1548000.0,591426000.0,578595750.0,6744000.0,0.0,0.0,0.0,246785000.0,79314000.0,167471000.0,815234717.0,41552000.0,4900000.0,2661000.0,-36000000.0,0.0,-33447000.0,-128987000.0,0.0,203986000.0,0.0,92116000.0,92116000.0,92116000.0,0.0,0.0,0.216,18232000.0,145141000.0,40740000.0,0.0,1.551,8.85,8.673,601201000.0,0.0,19.6,1.915,1.916,56510000.0,288135000.0,425718000.0,425718000.0,0.0,0.127,0.189,0.255,0.346,2102000.0,16020000.0,1.0,41593608.0,41612000,42297000.0,10.231,727598000.0,1741000.0,53846000.0,149641000.0,17.485,46072000.0
72,XEC,MRT,2003-06-30,2003-06-30,2003-06-30,2021-08-06,0.0,738285000.0,695048000.0,114739000.0,623546000.0,0.525,12.096,-103691000.0,47490000.0,47490000.0,226582000.0,79505000.0,1.527,0.469,0.0,0.0,0.0,0.0,0.0,73248000.0,0.0,0.0,0.0,125445000.0,198693000.0,0.545,198693000.0,125445000.0,124211000.0,2.09,2.06,2.09,502529000.0,463796250.0,502529000.0,973700351.0,8.0,4.901,89845000.0,2.163,1.0,138182000.0,0.379,44852000.0,1234000.0,570805000.0,570218750.0,5232000.0,0.0,0.0,0.0,235756000.0,75138000.0,160618000.0,985931351.0,44307000.0,2135000.0,2429000.0,-36000000.0,0.0,-39998000.0,-109231000.0,0.0,193536000.0,0.0,79505000.0,79505000.0,79505000.0,0.0,0.0,0.218,15061000.0,123121000.0,40527000.0,0.0,1.962,12.401,11.364,577470000.0,0.0,23.75,2.703,2.705,56267000.0,265594000.0,364764000.0,364764000.0,0.0,0.114,0.171,0.22,0.344,1700000.0,13538000.0,1.0,41512899.0,41545000,42246000.0,8.78,693433000.0,2217000.0,44706000.0,143544000.0,16.691,39601000.0
73,XEC,MRT,2003-03-31,2003-03-31,2003-03-31,2021-08-06,0.0,716884000.0,576709500.0,102004000.0,614880000.0,0.54,11.558,-84008000.0,17231000.0,17231000.0,195379000.0,68309000.0,1.335,0.495,5000000.0,0.0,5000000.0,5000000.0,0.0,61651000.0,0.0,0.0,0.0,107125000.0,168776000.0,0.542,168776000.0,107125000.0,106251000.0,1.95,1.93,1.95,479399000.0,384767250.0,479399000.0,818828712.0,8.0,4.852,62343000.0,1.503,1.0,116249000.0,0.373,45940000.0,874000.0,582282000.0,485725500.0,5002000.0,0.0,0.0,0.0,237485000.0,76431000.0,161054000.0,807089712.0,14649000.0,2135000.0,1340000.0,-31000000.0,0.0,-42154000.0,-89548000.0,0.0,146351000.0,0.0,68309000.0,68309000.0,68309000.0,0.0,0.0,0.219,11383000.0,104866000.0,46638000.0,0.0,1.684,11.815,9.974,565398000.0,0.0,19.45,2.59,2.589,73870000.0,244608000.0,311628000.0,311628000.0,0.0,0.118,0.178,0.221,0.344,848000.0,10551000.0,1.0,41495615.0,41479000,42027000.0,7.513,670944000.0,1988000.0,37942000.0,139631000.0,16.176,25573000.0
74,XEC,MRT,2002-12-31,2002-12-31,2002-12-31,2021-08-06,0.0,674286000.0,463126000.0,89611000.0,584675000.0,0.453,14.712,-66145000.0,22327000.0,22327000.0,139401000.0,39819000.0,1.313,0.516,32000000.0,0.0,32000000.0,32000000.0,0.0,49231000.0,0.0,0.0,0.0,61999000.0,111230000.0,0.531,111230000.0,61999000.0,61379000.0,1.32,1.31,1.32,444880000.0,309981000.0,444880000.0,749363244.0,12.0,6.737,38310000.0,1.267,1.0,70243000.0,0.335,45836000.0,620000.0,569870000.0,388292500.0,3986000.0,0.0,0.0,0.0,229406000.0,68253000.0,161153000.0,728669244.0,15157000.0,2135000.0,403000.0,-4000000.0,0.0,-17613000.0,-71685000.0,0.0,104455000.0,0.0,39819000.0,39819000.0,39819000.0,0.0,0.0,0.19,8693000.0,61550000.0,46361000.0,0.0,1.638,18.3,13.561,537567000.0,0.0,17.9,3.476,2.582,58276000.0,211860000.0,209644000.0,209644000.0,0.0,0.086,0.128,0.16,0.296,125000.0,8568000.0,1.0,40707779.0,30239000,30317000.0,6.933,628450000.0,2073000.0,21560000.0,130766000.0,20.783,21358000.0
75,XEC,MRT,2002-09-30,2002-09-30,2002-09-30,2021-08-06,0.0,650737000.0,448474500.0,65901000.0,584836000.0,0.384,16.017,-73216000.0,15306000.0,15306000.0,119390000.0,28511000.0,1.088,0.519,36000000.0,0.0,36000000.0,36000000.0,0.0,37622000.0,0.0,0.0,0.0,44173000.0,81795000.0,0.475,81795000.0,44173000.0,44244000.0,1.07,1.07,1.07,428377000.0,297586000.0,428377000.0,455517287.0,10.0,5.569,32618000.0,1.22,1.0,52723000.0,0.306,52966000.0,-71000.0,557918000.0,379665000.0,4557000.0,0.0,0.0,0.0,222360000.0,60547000.0,161813000.0,458700287.0,7681000.0,-2765000.0,0.0,0.0,0.0,-22172000.0,-75981000.0,0.0,105834000.0,0.0,28511000.0,28511000.0,28511000.0,0.0,0.0,0.166,8505000.0,44218000.0,19272000.0,0.0,1.071,16.089,16.121,531870000.0,0.0,17.25,2.665,2.681,44479000.0,196073000.0,172113000.0,172113000.0,0.0,0.064,0.096,0.116,0.257,0.0,8505000.0,1.0,26591321.0,26745000,26749000.0,6.435,597771000.0,0.0,15733000.0,124092000.0,22.351,5354000.0
76,XEC,MRT,2002-06-30,2002-06-30,2002-06-30,2021-08-06,0.0,264931000.0,,40331000.0,224600000.0,,7.01,-79340000.0,3183000.0,3183000.0,135893000.0,-25055000.0,1.395,0.421,0.0,0.0,0.0,0.0,0.0,41813000.0,0.0,,0.0,-39508000.0,2305000.0,0.014,2305000.0,-39508000.0,-40211000.0,-0.94,-0.94,-0.94,186413000.0,,186413000.0,,,,17004000.0,0.639,1.0,32547000.0,0.193,0.0,703000.0,232832000.0,,4182000.0,0.0,0.0,0.0,78518000.0,28916000.0,49602000.0,,-4442000.0,0.0,0.0,0.0,0.0,-21446000.0,-79340000.0,0.0,96344000.0,0.0,-25055000.0,-25055000.0,-25055000.0,0.0,0.0,-0.149,72207000.0,-39660000.0,11318000.0,0.0,,,,223158000.0,0.0,,,,29272000.0,186413000.0,168440000.0,168440000.0,0.0,,,,-0.235,0.0,9371000.0,1.0,26591321.0,26591000,26591000.0,6.334,264931000.0,755000.0,-15156000.0,48082000.0,9.963,11415000.0
77,XEC,MRT,2002-03-31,2002-03-31,2002-03-31,2021-08-06,,,,,,,,,,,,,,,,,,,,,,,0.0,,,,,,,,,,,,,,,,,,1.0,,,,,,,,,,,,,,,,,,,,,,,,,,,,,,,,,,,,,,,,,,,,,,,,,,,,,,1.0,,26591000,,,,,,,,
78,XEC,MRT,2001-12-31,2001-12-31,2001-12-31,2021-08-06,0.0,251966000.0,,37422000.0,214544000.0,,6.584,,7170000.0,7170000.0,,,0.983,0.439,0.0,0.0,0.0,0.0,0.0,,0.0,,0.0,,,,,,,,,,175082000.0,,175082000.0,,,,,,1.0,,,0.0,,206715000.0,,4840000.0,0.0,0.0,0.0,76884000.0,38081000.0,38803000.0,,,,,,,,,,,,,,,,,,,,23943000.0,,,,,214305000.0,,,,,23096000.0,174816000.0,,,,,,,,,,1.0,,26591000,,,251966000.0,870000.0,,41205000.0,9.476,-659000.0
79,XEC,MRT,2001-09-30,2001-09-30,2001-09-30,2021-08-06,0.0,246212000.0,266151000.0,37397000.0,208815000.0,1.19,6.273,-101383000.0,0.0,0.0,175574000.0,35253000.0,0.835,0.476,0.0,0.0,0.0,0.0,0.0,49699000.0,0.0,,0.0,53329000.0,103028000.0,0.325,103028000.0,53329000.0,54838000.0,1.33,1.33,1.33,166795000.0,179883500.0,166795000.0,,,,60975000.0,2.293,1.0,141204000.0,0.446,0.0,-1509000.0,201412000.0,221120000.0,5381000.0,0.0,0.0,0.0,79417000.0,44800000.0,34617000.0,,-455000.0,0.0,0.0,0.0,0.0,-61430000.0,-101383000.0,0.0,162358000.0,0.0,35253000.0,35253000.0,35253000.0,0.0,0.0,0.111,88150000.0,53054000.0,22781000.0,0.0,,,,208815000.0,0.0,,,,30483000.0,166529000.0,316778000.0,316778000.0,0.0,0.132,0.196,0.241,0.168,0.0,10068000.0,1.0,,26591000,26591000.0,11.913,246212000.0,0.0,19585000.0,33132000.0,9.259,-7403000.0
80,XEC,MRT,2000-12-31,2000-12-31,2000-12-31,2021-08-06,,,,,,,,,,,,,,,,,,,,,,,0.0,,,,,,,,,,,,,,,,,,1.0,,,,,,,,,,,,,,,,,,,,,,,,,,,,,,,,,,,,,,,,,,,,,,,,,,,,,,1.0,,26591000,,,,,,,,
81,XEC,MRT,2000-09-30,2000-09-30,2000-09-30,2021-08-06,0.0,286090000.0,,54640000.0,231450000.0,,7.257,-72658000.0,455000.0,455000.0,139203000.0,57386000.0,1.219,0.483,0.0,0.0,0.0,0.0,0.0,41704000.0,0.0,,0.0,89447000.0,131151000.0,0.553,131151000.0,89447000.0,90065000.0,2.16,2.16,2.16,192972000.0,,192972000.0,,,,37334000.0,1.404,1.0,97818000.0,0.413,0.0,-618000.0,240828000.0,,3387000.0,0.0,0.0,0.0,93118000.0,44807000.0,48311000.0,,256000.0,0.0,0.0,0.0,0.0,-37078000.0,-72658000.0,0.0,109992000.0,0.0,57386000.0,57386000.0,57386000.0,0.0,0.0,0.242,7598000.0,90220000.0,13418000.0,0.0,,,,231008000.0,0.0,,,,40141000.0,192972000.0,237021000.0,237021000.0,0.0,,,,0.377,0.0,7598000.0,1.0,,26591000,26591000.0,8.914,286090000.0,3272000.0,32679000.0,47021000.0,10.759,9833000.0
82,XEC,MRT,1999-09-30,1999-09-30,1999-09-30,2021-08-06,,,,,,,,-50891000.0,,,92920000.0,23559000.0,,,,,,,,31939000.0,,,0.0,38008000.0,69947000.0,0.476,69947000.0,38008000.0,36916000.0,0.89,,0.89,,,,,,,12418000.0,0.467,1.0,53982000.0,0.367,,1092000.0,,,,,,,,,,,-245000.0,0.0,0.0,0.0,0.0,-12663000.0,-50891000.0,0.0,63309000.0,0.0,23559000.0,23559000.0,23559000.0,0.0,0.0,0.16,15974000.0,38008000.0,,0.0,,,,,0.0,,,,,,146902000.0,146902000.0,0.0,,,,0.259,0.0,7340000.0,1.0,,26591321,,5.524,,,13357000.0,,,
