None,ticker,dimension,calendardate,datekey,reportperiod,lastupdated,accoci,assets,assetsavg,assetsc,assetsnc,assetturnover,bvps,capex,cashneq,cashnequsd,cor,consolinc,currentratio,de,debt,debtc,debtnc,debtusd,deferredrev,depamor,deposits,divyield,dps,ebit,ebitda,ebitdamargin,ebitdausd,ebitusd,ebt,eps,epsdil,epsusd,equity,equityavg,equityusd,ev,evebit,evebitda,fcf,fcfps,fxusd,gp,grossmargin,intangibles,intexp,invcap,invcapavg,inventory,investments,investmentsc,investmentsnc,liabilities,liabilitiesc,liabilitiesnc,marketcap,ncf,ncfbus,ncfcommon,ncfdebt,ncfdiv,ncff,ncfi,ncfinv,ncfo,ncfx,netinc,netinccmn,netinccmnusd,netincdis,netincnci,netmargin,opex,opinc,payables,payoutratio,pb,pe,pe1,ppnenet,prefdivis,price,ps,ps1,receivables,retearn,revenue,revenueusd,rnd,roa,roe,roic,ros,sbcomp,sgna,sharefactor,sharesbas,shareswa,shareswadil,sps,tangibles,taxassets,taxexp,taxliabilities,tbvps,workingcapital
0,TRIP,MRY,2020-12-31,2020-12-31,2020-12-31,2021-08-06,-34000000.0,1969000000.0,2160250000.0,573000000.0,1396000000.0,0.28,6.563,-55000000.0,418000000.0,418000000.0,55000000.0,-289000000.0,2.368,1.222,608000000.0,0.0,608000000.0,608000000.0,28000000.0,125000000.0,0.0,0.0,0.0,-334000000.0,-209000000.0,-0.346,-209000000.0,-334000000.0,-369000000.0,-2.14,-2.14,-2.14,886000000.0,933250000.0,886000000.0,3915642422.0,-12.0,-18.735,-249000000.0,-1.844,1.0,549000000.0,0.909,948000000.0,35000000.0,969000000.0,1001250000.0,0.0,40000000.0,0.0,40000000.0,1083000000.0,242000000.0,841000000.0,3871642422.0,99000000.0,-4000000.0,-115000000.0,477000000.0,0.0,341000000.0,-56000000.0,0.0,-194000000.0,8000000.0,-289000000.0,-289000000.0,-289000000.0,0.0,0.0,-0.478,878000000.0,-329000000.0,54000000.0,0.0,4.37,-13.397,-13.449,294000000.0,0.0,28.78,6.41,6.433,83000000.0,389000000.0,604000000.0,604000000.0,220000000.0,-0.134,-0.31,-0.334,-0.553,109000000.0,489000000.0,1.0,134525449.0,135000000.0,135000000.0,4.474,1021000000.0,60000000.0,-80000000.0,10000000.0,7.563,331000000.0
1,TRIP,MRY,2019-12-31,2019-12-31,2019-12-31,2021-08-06,-63000000.0,1984000000.0,2353250000.0,533000000.0,1451000000.0,0.663,8.353,-83000000.0,319000000.0,319000000.0,94000000.0,126000000.0,1.225,0.709,142000000.0,0.0,142000000.0,142000000.0,62000000.0,126000000.0,0.0,0.115,3.5,201000000.0,327000000.0,0.21,327000000.0,201000000.0,194000000.0,0.91,0.89,0.91,1161000000.0,1472750000.0,1161000000.0,3396727684.0,17.0,10.388,341000000.0,2.453,1.0,1466000000.0,0.94,950000000.0,7000000.0,422000000.0,287000000.0,0.0,55000000.0,0.0,55000000.0,823000000.0,435000000.0,388000000.0,4234727684.0,-336000000.0,-110000000.0,-58000000.0,-5000000.0,-488000000.0,-580000000.0,-176000000.0,17000000.0,424000000.0,-4000000.0,126000000.0,126000000.0,126000000.0,0.0,0.0,0.081,1279000000.0,187000000.0,170000000.0,3.846,3.647,33.609,33.385,344000000.0,0.0,30.38,2.715,2.707,183000000.0,681000000.0,1560000000.0,1560000000.0,293000000.0,0.054,0.086,0.7,0.129,124000000.0,859000000.0,1.0,139391958.0,139000000.0,141000000.0,11.223,1034000000.0,11000000.0,68000000.0,8000000.0,7.439,98000000.0
2,TRIP,MRY,2018-12-31,2018-12-31,2018-12-31,2021-08-06,-62000000.0,2167000000.0,2225750000.0,915000000.0,1252000000.0,0.726,10.659,-61000000.0,655000000.0,655000000.0,86000000.0,113000000.0,2.328,0.473,0.0,0.0,0.0,0.0,63000000.0,116000000.0,0.0,0.0,0.0,185000000.0,301000000.0,0.186,301000000.0,185000000.0,173000000.0,0.82,0.81,0.82,1471000000.0,1412500000.0,1471000000.0,6762724645.0,37.0,22.468,344000000.0,2.493,1.0,1529000000.0,0.947,874000000.0,12000000.0,245000000.0,179250000.0,0.0,27000000.0,15000000.0,12000000.0,696000000.0,393000000.0,303000000.0,7425724645.0,-18000000.0,-24000000.0,-94000000.0,-238000000.0,0.0,-358000000.0,-49000000.0,48000000.0,405000000.0,-16000000.0,113000000.0,113000000.0,113000000.0,0.0,0.0,0.07,1346000000.0,183000000.0,179000000.0,0.0,5.048,65.714,65.78,253000000.0,0.0,53.94,4.598,4.609,212000000.0,1043000000.0,1615000000.0,1615000000.0,275000000.0,0.051,0.08,1.032,0.115,118000000.0,955000000.0,1.0,137666382.0,138000000.0,140000000.0,11.703,1293000000.0,27000000.0,60000000.0,21000000.0,9.37,522000000.0
3,TRIP,MRY,2017-12-31,2017-12-31,2017-12-31,2021-08-06,-42000000.0,2272000000.0,2341500000.0,993000000.0,1279000000.0,0.665,9.736,-64000000.0,673000000.0,673000000.0,72000000.0,-19000000.0,2.669,0.667,230000000.0,0.0,230000000.0,230000000.0,60000000.0,111000000.0,0.0,0.0,0.0,125000000.0,236000000.0,0.152,236000000.0,125000000.0,110000000.0,-0.14,-0.14,-0.14,1363000000.0,1379500000.0,1363000000.0,4307783400.0,34.0,18.253,174000000.0,1.243,1.0,1484000000.0,0.954,900000000.0,15000000.0,557000000.0,457500000.0,0.0,62000000.0,35000000.0,27000000.0,909000000.0,372000000.0,537000000.0,4785783400.0,61000000.0,0.0,-247000000.0,64000000.0,0.0,-200000000.0,6000000.0,70000000.0,238000000.0,17000000.0,-19000000.0,-19000000.0,-19000000.0,0.0,0.0,-0.012,1360000000.0,124000000.0,164000000.0,0.0,3.511,-251.883,-246.143,263000000.0,0.0,34.46,3.076,3.101,230000000.0,926000000.0,1556000000.0,1556000000.0,243000000.0,-0.008,-0.014,0.273,0.08,96000000.0,1006000000.0,1.0,138879379.0,140000000.0,140000000.0,11.114,1372000000.0,46000000.0,129000000.0,14000000.0,9.8,621000000.0
4,TRIP,MRY,2016-12-31,2016-12-31,2016-12-31,2021-08-06,-77000000.0,2238000000.0,2278500000.0,950000000.0,1288000000.0,0.65,10.359,-72000000.0,612000000.0,612000000.0,71000000.0,120000000.0,2.246,0.49,171000000.0,80000000.0,91000000.0,171000000.0,64000000.0,101000000.0,0.0,0.0,0.0,163000000.0,264000000.0,0.178,264000000.0,163000000.0,151000000.0,0.83,0.82,0.83,1502000000.0,1512750000.0,1502000000.0,6241165061.0,38.0,23.641,249000000.0,1.717,1.0,1409000000.0,0.952,903000000.0,12000000.0,471000000.0,356500000.0,0.0,134000000.0,118000000.0,16000000.0,736000000.0,423000000.0,313000000.0,6756165061.0,-2000000.0,-43000000.0,-98000000.0,-30000000.0,0.0,-143000000.0,-163000000.0,-50000000.0,321000000.0,-17000000.0,120000000.0,120000000.0,120000000.0,0.0,0.0,0.081,1243000000.0,166000000.0,142000000.0,0.0,4.498,56.301,55.867,260000000.0,0.0,46.37,4.565,4.543,189000000.0,945000000.0,1480000000.0,1480000000.0,243000000.0,0.053,0.079,0.457,0.11,85000000.0,899000000.0,1.0,145701209.0,145000000.0,147000000.0,10.207,1335000000.0,42000000.0,31000000.0,22000000.0,9.207,527000000.0
5,TRIP,MRY,2015-12-31,2015-12-31,2015-12-31,2021-08-06,-63000000.0,2128000000.0,2174250000.0,865000000.0,1263000000.0,0.686,9.806,-109000000.0,614000000.0,614000000.0,58000000.0,198000000.0,2.772,0.507,201000000.0,1000000.0,200000000.0,201000000.0,64000000.0,93000000.0,0.0,0.0,0.0,249000000.0,342000000.0,0.229,342000000.0,249000000.0,239000000.0,1.38,1.36,1.38,1412000000.0,1289500000.0,1412000000.0,12012916004.0,48.0,35.125,309000000.0,2.146,1.0,1434000000.0,0.961,908000000.0,10000000.0,495000000.0,551500000.0,0.0,84000000.0,47000000.0,37000000.0,716000000.0,312000000.0,404000000.0,12291916004.0,159000000.0,-4000000.0,12000000.0,-140000000.0,0.0,-189000000.0,-58000000.0,53000000.0,418000000.0,-12000000.0,198000000.0,198000000.0,198000000.0,0.0,0.0,0.133,1202000000.0,232000000.0,115000000.0,0.0,8.705,62.08,61.775,247000000.0,0.0,85.25,8.239,8.228,180000000.0,826000000.0,1492000000.0,1492000000.0,207000000.0,0.091,0.154,0.451,0.167,72000000.0,902000000.0,1.0,144186698.0,144000000.0,146000000.0,10.361,1220000000.0,25000000.0,41000000.0,24000000.0,8.472,553000000.0
6,TRIP,MRY,2014-12-31,2014-12-31,2014-12-31,2021-08-06,-31000000.0,1948000000.0,1837500000.0,737000000.0,1211000000.0,0.678,7.867,-81000000.0,455000000.0,455000000.0,40000000.0,226000000.0,1.934,0.732,337000000.0,78000000.0,259000000.0,337000000.0,57000000.0,65000000.0,0.0,0.0,0.0,331000000.0,396000000.0,0.318,396000000.0,331000000.0,322000000.0,1.58,1.55,1.58,1125000000.0,1045250000.0,1125000000.0,10525726222.0,32.0,26.58,326000000.0,2.28,1.0,1206000000.0,0.968,948000000.0,9000000.0,501000000.0,567500000.0,0.0,139000000.0,108000000.0,31000000.0,823000000.0,381000000.0,442000000.0,10670726222.0,104000000.0,-331000000.0,3000000.0,-30000000.0,0.0,-61000000.0,-233000000.0,178000000.0,407000000.0,-9000000.0,226000000.0,226000000.0,226000000.0,0.0,0.0,0.181,866000000.0,340000000.0,112000000.0,0.0,9.485,47.216,47.253,195000000.0,0.0,74.66,8.564,8.569,151000000.0,628000000.0,1246000000.0,1246000000.0,171000000.0,0.123,0.216,0.583,0.266,63000000.0,630000000.0,1.0,142924273.0,143000000.0,146000000.0,8.713,1000000000.0,0.0,96000000.0,49000000.0,6.993,356000000.0
7,TRIP,MRY,2013-12-31,2013-12-31,2013-12-31,2021-08-06,0.0,1473000000.0,1429604000.0,630000000.0,843000000.0,0.661,6.049,-55000000.0,351000000.0,351000000.0,18000000.0,205000000.0,2.593,0.703,368000000.0,68000000.0,300000000.0,368000000.0,44000000.0,36000000.0,0.0,0.0,0.0,294000000.0,330000000.0,0.349,330000000.0,294000000.0,284000000.0,1.44,1.41,1.44,865000000.0,836506750.0,865000000.0,11866854881.0,40.0,35.96,294000000.0,2.056,1.0,927000000.0,0.981,554000000.0,10000000.0,693000000.0,779420000.0,0.0,319000000.0,131000000.0,188000000.0,608000000.0,243000000.0,365000000.0,11767035881.0,-16000000.0,-35000000.0,-121000000.0,-45000000.0,0.0,-170000000.0,-196000000.0,-106000000.0,349000000.0,1000000.0,205000000.0,205000000.0,205000000.0,0.0,0.0,0.217,633000000.0,294000000.0,40000000.0,0.0,13.604,57.4,57.521,82000000.0,0.0,82.83,12.452,12.534,113000000.0,402000000.0,945000000.0,945000000.0,131000000.0,0.143,0.245,0.377,0.311,37000000.0,466000000.0,1.0,142062488.0,143000000.0,145000000.0,6.608,919000000.0,0.0,79000000.0,18000000.0,6.427,387000000.0
8,TRIP,MRY,2012-12-31,2012-12-31,2012-12-31,2021-08-06,-869000.0,1299194000.0,1165039500.0,632494000.0,666700000.0,0.655,5.23,-29000000.0,367515000.0,367515000.0,12000000.0,195000000.0,3.233,0.787,412145000.0,72145000.0,340000000.0,412145000.0,31563000.0,26000000.0,0.0,0.0,0.0,292000000.0,318000000.0,0.417,318000000.0,292000000.0,281000000.0,1.39,1.37,1.39,726968000.0,599322500.0,726968000.0,5833170642.0,20.0,18.343,210000000.0,1.511,1.0,751000000.0,0.984,509874000.0,11000000.0,638310000.0,494106500.0,0.0,218218000.0,118970000.0,99248000.0,572226000.0,195640000.0,376586000.0,5967059642.0,184000000.0,-3000000.0,0.0,-15000000.0,0.0,190000000.0,-244000000.0,-212000000.0,239000000.0,-1000000.0,194000000.0,194000000.0,194000000.0,0.0,1000000.0,0.254,455000000.0,296000000.0,14099000.0,0.0,8.208,30.758,30.158,43802000.0,0.0,41.92,7.821,7.637,105430000.0,196438000.0,763000000.0,763000000.0,87000000.0,0.167,0.324,0.591,0.383,27000000.0,342000000.0,1.0,142343980.0,139000000.0,141000000.0,5.489,789320000.0,30716000.0,87000000.0,25620000.0,5.679,436854000.0
9,TRIP,MRY,2011-12-31,2011-12-31,2011-12-31,2021-08-06,-2710000.0,835886000.0,779387500.0,278322000.0,557564000.0,0.817,2.199,-21323000.0,183532000.0,183532000.0,10873000.0,177791000.0,2.2,1.834,426734000.0,46734000.0,380000000.0,426734000.0,19395000.0,25885000.0,0.0,0.0,0.0,272197000.0,298082000.0,0.468,298082000.0,272197000.0,271780000.0,1.33,1.32,1.33,293537000.0,416584500.0,293537000.0,3270800488.0,12.0,10.973,196559000.0,1.473,1.0,626190000.0,0.983,510922000.0,417000.0,441636000.0,209889000.0,0.0,0.0,0.0,0.0,538486000.0,126530000.0,411956000.0,3377889488.0,90399000.0,-35993000.0,0.0,414674000.0,0.0,411834000.0,-538862000.0,-481393000.0,217882000.0,-455000.0,177677000.0,177677000.0,177677000.0,0.0,114000.0,0.279,353433000.0,272757000.0,5903000.0,0.0,11.508,19.011,18.955,34754000.0,0.0,25.21,5.302,5.281,82017000.0,2369000.0,637063000.0,637063000.0,57448000.0,0.228,0.427,1.297,0.427,15773000.0,253946000.0,1.0,133990063.0,133461000.0,134865000.0,4.773,324964000.0,6494000.0,94103000.0,33233000.0,2.435,151792000.0
10,TRIP,MRY,2010-12-31,2010-12-31,2010-12-31,2021-08-06,-1929000.0,722889000.0,648857500.0,176801000.0,546088000.0,0.747,4.043,-18813000.0,93133000.0,93133000.0,7345000.0,138954000.0,1.239,0.34,1779000.0,1779000.0,0.0,1779000.0,12119000.0,27480000.0,0.0,,0.0,224478000.0,251958000.0,0.52,251958000.0,224478000.0,224237000.0,1.04,1.04,1.04,539632000.0,464773000.0,539632000.0,,,,178102000.0,1.334,1.0,477290000.0,0.985,510704000.0,241000.0,-21858000.0,-53370500.0,0.0,20297000.0,20297000.0,0.0,183257000.0,142689000.0,40568000.0,,61769000.0,-34446000.0,0.0,1733000.0,0.0,4021000.0,-139770000.0,-86511000.0,196915000.0,603000.0,138776000.0,138776000.0,138776000.0,0.0,178000.0,0.286,250990000.0,226300000.0,25628000.0,0.0,,,,30744000.0,0.0,,,,51150000.0,0.0,484635000.0,484635000.0,43321000.0,0.214,0.299,-4.206,0.463,5370000.0,172289000.0,1.0,,133461000.0,133461000.0,3.631,212185000.0,7954000.0,85461000.0,93922000.0,1.59,34112000.0
11,TRIP,MRY,2009-12-31,2009-12-31,2009-12-31,2021-08-06,-3449000.0,574826000.0,,78997000.0,495829000.0,,2.922,-13873000.0,31364000.0,31364000.0,4569000.0,102215000.0,0.501,0.474,0.0,0.0,0.0,0.0,1208000.0,23136000.0,0.0,,0.0,166752000.0,189888000.0,0.539,189888000.0,166752000.0,166752000.0,0.77,0.77,0.77,389914000.0,,389914000.0,,,,111865000.0,0.838,1.0,347520000.0,0.987,470788000.0,0.0,-84883000.0,,0.0,0.0,0.0,0.0,184912000.0,157557000.0,27355000.0,,23363000.0,-44971000.0,0.0,0.0,0.0,46070000.0,-148930000.0,-90086000.0,125738000.0,485000.0,102427000.0,102427000.0,102427000.0,0.0,-212000.0,0.291,179342000.0,168178000.0,89093000.0,0.0,,,,24545000.0,0.0,,,,39491000.0,,352089000.0,352089000.0,29331000.0,,,,0.474,5793000.0,119965000.0,1.0,,133461000.0,133461000.0,2.638,104038000.0,4002000.0,64325000.0,72363000.0,0.78,-78560000.0
12,TRIP,MRY,2008-12-31,2008-12-31,2008-12-31,2021-08-06,,,,,,,,-17871000.0,,,2414000.0,72322000.0,,,,,,,,16183000.0,,,0.0,119159000.0,135342000.0,0.454,135342000.0,119159000.0,119159000.0,,,,,,,,,,92855000.0,,1.0,295832000.0,0.992,,0.0,,,,,,,,,,,-1563000.0,-199365000.0,0.0,0.0,0.0,190613000.0,-301859000.0,-84623000.0,110726000.0,-1043000.0,72371000.0,72371000.0,72371000.0,0.0,-49000.0,0.243,170949000.0,124883000.0,,,,,,,0.0,,,,,,298246000.0,298246000.0,30240000.0,,,,0.4,5560000.0,121228000.0,1.0,,,,,,,46788000.0,,,
0,TRIP,MRQ,2021-06-30,2021-06-30,2021-06-30,2021-08-06,-43000000.0,2387000000.0,,1006000000.0,1381000000.0,,5.686,-15000000.0,775000000.0,775000000.0,19000000.0,-40000000.0,2.266,2.064,937000000.0,0.0,937000000.0,937000000.0,49000000.0,28000000.0,0.0,0.0,0.0,-35000000.0,-7000000.0,-0.03,-7000000.0,-35000000.0,-46000000.0,-0.29,-0.29,-0.29,779000000.0,,779000000.0,5785458492.0,-23.0,-41.924,110000000.0,0.803,1.0,216000000.0,0.919,929000000.0,11000000.0,1176000000.0,,0.0,38000000.0,0.0,38000000.0,1608000000.0,444000000.0,1164000000.0,5517458492.0,101000000.0,0.0,1000000.0,-1000000.0,0.0,-6000000.0,-16000000.0,0.0,125000000.0,-2000000.0,-40000000.0,-40000000.0,-40000000.0,0.0,0.0,-0.17,251000000.0,-35000000.0,188000000.0,0.0,7.083,-22.989,-22.768,271000000.0,0.0,40.3,8.828,8.834,159000000.0,269000000.0,235000000.0,235000000.0,54000000.0,,,,,32000000.0,169000000.0,1.0,136909640.0,137000000.0,137000000.0,1.715,1458000000.0,86000000.0,-6000000.0,2000000.0,10.642,562000000.0
1,TRIP,MRQ,2021-03-31,2021-03-31,2021-03-31,2021-08-06,-46000000.0,2232000000.0,,845000000.0,1387000000.0,,5.772,-10000000.0,674000000.0,674000000.0,12000000.0,-80000000.0,3.051,1.843,942000000.0,0.0,942000000.0,942000000.0,38000000.0,29000000.0,0.0,0.0,0.0,-85000000.0,-56000000.0,-0.455,-56000000.0,-85000000.0,-96000000.0,-0.59,-0.59,-0.59,785000000.0,,785000000.0,7442465519.0,-19.0,-27.463,-29000000.0,-0.213,1.0,111000000.0,0.902,932000000.0,11000000.0,1291000000.0,,0.0,39000000.0,0.0,39000000.0,1447000000.0,277000000.0,1170000000.0,7252465519.0,256000000.0,0.0,7000000.0,303000000.0,0.0,287000000.0,-10000000.0,0.0,-19000000.0,-2000000.0,-80000000.0,-80000000.0,-80000000.0,0.0,0.0,-0.65,195000000.0,-84000000.0,84000000.0,0.0,9.239,-20.545,-20.531,279000000.0,0.0,53.79,16.152,16.293,97000000.0,309000000.0,123000000.0,123000000.0,55000000.0,,,,,29000000.0,111000000.0,1.0,134829253.0,136000000.0,136000000.0,0.904,1300000000.0,83000000.0,-16000000.0,2000000.0,9.559,568000000.0
2,TRIP,MRQ,2020-12-31,2020-12-31,2020-12-31,2021-08-06,-34000000.0,1969000000.0,,573000000.0,1396000000.0,,6.563,-9000000.0,418000000.0,418000000.0,13000000.0,-72000000.0,2.368,1.222,608000000.0,0.0,608000000.0,608000000.0,28000000.0,31000000.0,0.0,0.0,0.0,-91000000.0,-60000000.0,-0.517,-60000000.0,-91000000.0,-104000000.0,-0.53,-0.53,-0.53,886000000.0,,886000000.0,3915642422.0,-12.0,-18.735,-23000000.0,-0.17,1.0,103000000.0,0.888,948000000.0,13000000.0,969000000.0,,0.0,40000000.0,0.0,40000000.0,1083000000.0,242000000.0,841000000.0,3871642422.0,-28000000.0,-4000000.0,0.0,-5000000.0,0.0,-8000000.0,-10000000.0,0.0,-14000000.0,4000000.0,-72000000.0,-72000000.0,-72000000.0,0.0,0.0,-0.621,195000000.0,-92000000.0,54000000.0,0.0,4.37,-13.397,-13.449,294000000.0,0.0,28.78,6.41,6.433,83000000.0,389000000.0,116000000.0,116000000.0,54000000.0,,,,,29000000.0,111000000.0,1.0,134525449.0,135000000.0,135000000.0,0.859,1021000000.0,60000000.0,-32000000.0,10000000.0,7.563,331000000.0
3,TRIP,MRQ,2020-09-30,2020-09-30,2020-09-30,2021-08-06,-55000000.0,1996000000.0,,613000000.0,1383000000.0,,6.776,-10000000.0,446000000.0,446000000.0,13000000.0,-48000000.0,2.654,1.198,490000000.0,0.0,490000000.0,490000000.0,31000000.0,30000000.0,0.0,0.179,0.0,-45000000.0,-15000000.0,-0.099,-15000000.0,-45000000.0,-58000000.0,-0.36,-0.36,-0.36,908000000.0,,908000000.0,2635691589.0,-12.0,-28.964,-42000000.0,-0.313,1.0,138000000.0,0.914,934000000.0,13000000.0,875000000.0,,0.0,40000000.0,0.0,40000000.0,1088000000.0,231000000.0,857000000.0,2633691589.0,-252000000.0,0.0,0.0,-211000000.0,0.0,-212000000.0,-12000000.0,0.0,-32000000.0,4000000.0,-48000000.0,-48000000.0,-48000000.0,0.0,0.0,-0.318,184000000.0,-46000000.0,52000000.0,0.0,2.901,-13.103,-13.06,310000000.0,0.0,19.59,3.2,3.19,91000000.0,461000000.0,151000000.0,151000000.0,46000000.0,,,,,29000000.0,105000000.0,1.0,134440612.0,134000000.0,134000000.0,1.127,1062000000.0,55000000.0,-10000000.0,10000000.0,7.925,382000000.0
4,TRIP,MRQ,2020-06-30,2020-06-30,2020-06-30,2021-08-06,-68000000.0,2249000000.0,,853000000.0,1396000000.0,,6.806,-16000000.0,698000000.0,698000000.0,10000000.0,-153000000.0,3.426,1.466,700000000.0,0.0,700000000.0,700000000.0,38000000.0,32000000.0,0.0,0.184,0.0,-172000000.0,-140000000.0,-2.373,-140000000.0,-172000000.0,-179000000.0,-1.14,-1.14,-1.14,912000000.0,,912000000.0,2452986270.0,-25.0,81.766,-94000000.0,-0.701,1.0,49000000.0,0.831,932000000.0,7000000.0,1070000000.0,,0.0,41000000.0,0.0,41000000.0,1337000000.0,249000000.0,1088000000.0,2550986270.0,-100000000.0,0.0,0.0,-6000000.0,0.0,-9000000.0,-14000000.0,0.0,-78000000.0,1000000.0,-153000000.0,-153000000.0,-153000000.0,0.0,0.0,-2.593,213000000.0,-164000000.0,70000000.0,0.0,2.797,-24.767,-24.372,322000000.0,0.0,19.01,2.319,2.316,74000000.0,509000000.0,59000000.0,59000000.0,51000000.0,,,,,25000000.0,97000000.0,1.0,134191808.0,134000000.0,134000000.0,0.44,1317000000.0,61000000.0,-26000000.0,13000000.0,9.828,604000000.0
5,TRIP,MRQ,2020-03-31,2020-03-31,2020-03-31,2021-08-06,-80000000.0,2427000000.0,,1012000000.0,1415000000.0,,7.551,-20000000.0,798000000.0,798000000.0,19000000.0,-16000000.0,3.254,1.363,700000000.0,0.0,700000000.0,700000000.0,60000000.0,32000000.0,0.0,0.201,0.0,-25000000.0,7000000.0,0.025,7000000.0,-25000000.0,-27000000.0,-0.12,-0.12,-0.12,1027000000.0,,1027000000.0,2047550043.0,14.0,7.584,-90000000.0,-0.662,1.0,259000000.0,0.932,927000000.0,2000000.0,1091000000.0,,0.0,54000000.0,0.0,54000000.0,1400000000.0,311000000.0,1089000000.0,2366550043.0,479000000.0,0.0,-115000000.0,699000000.0,0.0,570000000.0,-20000000.0,0.0,-70000000.0,-1000000.0,-16000000.0,-16000000.0,-16000000.0,0.0,0.0,-0.058,286000000.0,-27000000.0,105000000.0,0.0,2.304,28.173,28.983,335000000.0,0.0,17.39,1.618,1.617,159000000.0,662000000.0,278000000.0,278000000.0,69000000.0,,,,,26000000.0,176000000.0,1.0,136086834.0,136000000.0,136000000.0,2.044,1500000000.0,33000000.0,-11000000.0,16000000.0,11.029,701000000.0
6,TRIP,MRQ,2019-12-31,2019-12-31,2019-12-31,2021-08-06,-63000000.0,1984000000.0,,533000000.0,1451000000.0,,8.353,-23000000.0,319000000.0,319000000.0,21000000.0,16000000.0,1.225,0.709,142000000.0,0.0,142000000.0,142000000.0,62000000.0,34000000.0,0.0,0.115,3.5,23000000.0,57000000.0,0.17,57000000.0,23000000.0,21000000.0,0.12,0.11,0.12,1161000000.0,,1161000000.0,3396727684.0,17.0,10.388,37000000.0,0.266,1.0,314000000.0,0.937,950000000.0,2000000.0,422000000.0,,0.0,55000000.0,0.0,55000000.0,823000000.0,435000000.0,388000000.0,4234727684.0,-519000000.0,-110000000.0,-60000000.0,-1000000.0,-488000000.0,-550000000.0,-36000000.0,95000000.0,60000000.0,7000000.0,16000000.0,16000000.0,16000000.0,0.0,0.0,0.048,291000000.0,23000000.0,170000000.0,29.167,3.647,33.609,33.385,344000000.0,0.0,30.38,2.715,2.707,183000000.0,681000000.0,335000000.0,335000000.0,69000000.0,,,,,33000000.0,187000000.0,1.0,139391958.0,139000000.0,141000000.0,2.41,1034000000.0,11000000.0,5000000.0,8000000.0,7.439,98000000.0
7,TRIP,MRQ,2019-09-30,2019-09-30,2019-09-30,2021-08-06,-75000000.0,2468000000.0,,1181000000.0,1287000000.0,,11.856,-22000000.0,838000000.0,838000000.0,25000000.0,50000000.0,2.524,0.498,0.0,0.0,0.0,0.0,72000000.0,31000000.0,0.0,0.0,0.0,75000000.0,106000000.0,0.248,106000000.0,75000000.0,73000000.0,0.36,0.36,0.36,1648000000.0,,1648000000.0,4487129299.0,22.0,13.68,-21000000.0,-0.151,1.0,403000000.0,0.942,838000000.0,2000000.0,324000000.0,,0.0,95000000.0,95000000.0,0.0,820000000.0,468000000.0,352000000.0,5388129299.0,-63000000.0,0.0,1000000.0,-1000000.0,0.0,-2000000.0,-53000000.0,-29000000.0,1000000.0,-9000000.0,50000000.0,50000000.0,50000000.0,0.0,0.0,0.117,335000000.0,68000000.0,212000000.0,0.0,3.269,45.662,45.506,341000000.0,0.0,38.68,3.428,3.42,218000000.0,1156000000.0,428000000.0,428000000.0,76000000.0,,,,,31000000.0,227000000.0,1.0,139300137.0,139000000.0,140000000.0,3.079,1630000000.0,2000000.0,23000000.0,8000000.0,11.727,713000000.0
8,TRIP,MRQ,2019-06-30,2019-06-30,2019-06-30,2021-08-06,-65000000.0,2566000000.0,,1271000000.0,1295000000.0,,11.331,-21000000.0,901000000.0,901000000.0,27000000.0,34000000.0,1.992,0.629,0.0,0.0,0.0,0.0,98000000.0,30000000.0,0.0,0.0,0.0,70000000.0,100000000.0,0.237,100000000.0,70000000.0,68000000.0,0.24,0.24,0.24,1575000000.0,,1575000000.0,5664653197.0,26.0,16.612,160000000.0,1.151,1.0,395000000.0,0.936,856000000.0,2000000.0,171000000.0,,0.0,65000000.0,65000000.0,0.0,991000000.0,638000000.0,353000000.0,6435653197.0,130000000.0,0.0,1000000.0,-2000000.0,0.0,-4000000.0,-45000000.0,-24000000.0,181000000.0,-2000000.0,34000000.0,34000000.0,34000000.0,0.0,0.0,0.081,329000000.0,66000000.0,359000000.0,0.0,4.086,46.976,46.758,337000000.0,0.0,46.29,4.017,4.016,270000000.0,1106000000.0,422000000.0,422000000.0,74000000.0,,,,,33000000.0,225000000.0,1.0,139029017.0,139000000.0,141000000.0,3.036,1710000000.0,1000000.0,34000000.0,12000000.0,12.302,633000000.0
9,TRIP,MRQ,2019-03-31,2019-03-31,2019-03-31,2021-08-06,-64000000.0,2395000000.0,,1082000000.0,1313000000.0,,10.92,-17000000.0,771000000.0,771000000.0,21000000.0,26000000.0,2.042,0.589,0.0,0.0,0.0,0.0,101000000.0,31000000.0,0.0,0.0,0.0,35000000.0,66000000.0,0.176,66000000.0,35000000.0,33000000.0,0.19,0.18,0.19,1507000000.0,,1507000000.0,6452108107.0,33.0,20.483,165000000.0,1.196,1.0,355000000.0,0.944,863000000.0,2000000.0,231000000.0,,0.0,40000000.0,40000000.0,0.0,888000000.0,530000000.0,358000000.0,7107108107.0,116000000.0,0.0,0.0,-1000000.0,0.0,-24000000.0,-42000000.0,-25000000.0,182000000.0,0.0,26000000.0,26000000.0,26000000.0,0.0,0.0,0.069,324000000.0,31000000.0,274000000.0,0.0,4.716,52.645,52.5,330000000.0,0.0,51.45,4.406,4.402,236000000.0,1072000000.0,376000000.0,376000000.0,73000000.0,,,,,27000000.0,220000000.0,1.0,138136212.0,138000000.0,141000000.0,2.725,1532000000.0,20000000.0,7000000.0,22000000.0,11.101,552000000.0
10,TRIP,MRQ,2018-12-31,2018-12-31,2018-12-31,2021-08-06,-62000000.0,2167000000.0,,915000000.0,1252000000.0,,10.659,-16000000.0,655000000.0,655000000.0,19000000.0,8000000.0,2.328,0.473,0.0,0.0,0.0,0.0,63000000.0,31000000.0,0.0,0.0,0.0,25000000.0,56000000.0,0.162,56000000.0,25000000.0,23000000.0,0.06,0.06,0.06,1471000000.0,,1471000000.0,6762724645.0,37.0,22.468,15000000.0,0.109,1.0,327000000.0,0.945,874000000.0,2000000.0,245000000.0,,0.0,27000000.0,15000000.0,12000000.0,696000000.0,393000000.0,303000000.0,7425724645.0,-8000000.0,0.0,3000000.0,0.0,0.0,-4000000.0,-31000000.0,-15000000.0,31000000.0,-4000000.0,8000000.0,8000000.0,8000000.0,0.0,0.0,0.023,304000000.0,23000000.0,179000000.0,0.0,5.048,65.714,65.78,253000000.0,0.0,53.94,4.598,4.609,212000000.0,1043000000.0,346000000.0,346000000.0,68000000.0,,,,,28000000.0,205000000.0,1.0,137666382.0,138000000.0,140000000.0,2.507,1293000000.0,27000000.0,15000000.0,21000000.0,9.37,522000000.0
11,TRIP,MRQ,2018-09-30,2018-09-30,2018-09-30,2021-08-06,-56000000.0,2192000000.0,,926000000.0,1266000000.0,,10.449,-14000000.0,663000000.0,663000000.0,23000000.0,69000000.0,2.044,0.52,0.0,0.0,0.0,0.0,73000000.0,28000000.0,0.0,0.0,0.0,91000000.0,119000000.0,0.26,119000000.0,91000000.0,87000000.0,0.5,0.49,0.5,1442000000.0,,1442000000.0,6358539641.0,38.0,22.628,0.0,0.0,1.0,435000000.0,0.95,889000000.0,4000000.0,187000000.0,,0.0,0.0,0.0,0.0,750000000.0,453000000.0,297000000.0,7024539641.0,-3000000.0,-1000000.0,0.0,0.0,0.0,-1000000.0,-13000000.0,14000000.0,14000000.0,-3000000.0,69000000.0,69000000.0,69000000.0,0.0,0.0,0.151,346000000.0,89000000.0,226000000.0,0.0,4.871,319.297,300.412,256000000.0,0.0,51.07,4.418,4.432,237000000.0,1035000000.0,458000000.0,458000000.0,72000000.0,,,,,29000000.0,246000000.0,1.0,137547281.0,138000000.0,141000000.0,3.319,1303000000.0,28000000.0,18000000.0,20000000.0,9.442,473000000.0
12,TRIP,MRQ,2018-06-30,2018-06-30,2018-06-30,2021-08-06,-51000000.0,2304000000.0,,1040000000.0,1264000000.0,,9.761,-16000000.0,666000000.0,666000000.0,24000000.0,32000000.0,1.648,0.71,0.0,0.0,0.0,0.0,104000000.0,29000000.0,0.0,0.0,0.0,45000000.0,74000000.0,0.171,74000000.0,45000000.0,42000000.0,0.23,0.23,0.23,1347000000.0,,1347000000.0,7026754835.0,60.0,30.288,170000000.0,1.232,1.0,409000000.0,0.945,901000000.0,3000000.0,106000000.0,,0.0,14000000.0,12000000.0,2000000.0,957000000.0,631000000.0,326000000.0,7654754835.0,31000000.0,-23000000.0,-93000000.0,-8000000.0,0.0,-107000000.0,-33000000.0,6000000.0,186000000.0,-15000000.0,32000000.0,32000000.0,32000000.0,0.0,0.0,0.074,360000000.0,49000000.0,364000000.0,0.0,5.683,-347.943,-371.4,258000000.0,0.0,55.71,4.873,4.894,300000000.0,966000000.0,433000000.0,433000000.0,68000000.0,,,,,32000000.0,263000000.0,1.0,137403605.0,138000000.0,140000000.0,3.138,1403000000.0,21000000.0,10000000.0,19000000.0,10.167,409000000.0
13,TRIP,MRQ,2018-03-31,2018-03-31,2018-03-31,2021-08-06,-34000000.0,2240000000.0,,983000000.0,1257000000.0,,10.0,-15000000.0,635000000.0,635000000.0,20000000.0,5000000.0,1.841,0.612,7000000.0,7000000.0,0.0,7000000.0,101000000.0,28000000.0,0.0,0.0,0.0,24000000.0,52000000.0,0.138,52000000.0,24000000.0,21000000.0,0.04,0.04,0.04,1390000000.0,,1390000000.0,5247053225.0,43.0,22.52,159000000.0,1.144,1.0,358000000.0,0.947,899000000.0,3000000.0,179000000.0,,0.0,20000000.0,15000000.0,5000000.0,850000000.0,534000000.0,316000000.0,5683053225.0,-38000000.0,0.0,-4000000.0,-230000000.0,0.0,-246000000.0,28000000.0,43000000.0,174000000.0,6000000.0,5000000.0,5000000.0,5000000.0,0.0,0.0,0.013,335000000.0,23000000.0,276000000.0,0.0,4.089,-210.483,-215.211,261000000.0,0.0,40.89,3.638,3.639,281000000.0,935000000.0,378000000.0,378000000.0,67000000.0,,,,,29000000.0,240000000.0,1.0,138983938.0,139000000.0,140000000.0,2.719,1341000000.0,18000000.0,16000000.0,16000000.0,9.647,449000000.0
14,TRIP,MRQ,2017-12-31,2017-12-31,2017-12-31,2021-08-06,-42000000.0,2272000000.0,,993000000.0,1279000000.0,,9.949,-14000000.0,673000000.0,673000000.0,16000000.0,-84000000.0,2.669,0.667,230000000.0,0.0,230000000.0,230000000.0,60000000.0,29000000.0,0.0,0.0,0.0,7000000.0,36000000.0,0.112,36000000.0,7000000.0,3000000.0,-0.6,-0.6,-0.6,1363000000.0,,1363000000.0,4307783400.0,34.0,18.253,4000000.0,0.029,1.0,305000000.0,0.95,900000000.0,4000000.0,557000000.0,,0.0,62000000.0,35000000.0,27000000.0,909000000.0,372000000.0,537000000.0,4785783400.0,-77000000.0,0.0,0.0,-35000000.0,0.0,-37000000.0,-58000000.0,-44000000.0,18000000.0,0.0,-84000000.0,-84000000.0,-84000000.0,0.0,0.0,-0.262,296000000.0,9000000.0,164000000.0,0.0,3.511,-251.883,-246.143,263000000.0,0.0,34.46,3.076,3.101,230000000.0,926000000.0,321000000.0,321000000.0,59000000.0,,,,,24000000.0,208000000.0,1.0,138879379.0,137000000.0,134000000.0,2.343,1372000000.0,46000000.0,87000000.0,14000000.0,10.015,621000000.0
15,TRIP,MRQ,2017-09-30,2017-09-30,2017-09-30,2021-08-06,-47000000.0,2348000000.0,,1042000000.0,1306000000.0,,10.194,-15000000.0,750000000.0,750000000.0,20000000.0,25000000.0,2.469,0.657,272000000.0,7000000.0,265000000.0,272000000.0,65000000.0,28000000.0,0.0,0.0,0.0,42000000.0,70000000.0,0.159,70000000.0,42000000.0,38000000.0,0.18,0.18,0.18,1417000000.0,,1417000000.0,5003645026.0,40.0,21.383,-150000000.0,-1.079,1.0,419000000.0,0.954,906000000.0,4000000.0,542000000.0,,0.0,19000000.0,13000000.0,6000000.0,931000000.0,422000000.0,509000000.0,5623645026.0,-137000000.0,0.0,0.0,5000000.0,0.0,4000000.0,-14000000.0,1000000.0,-135000000.0,8000000.0,25000000.0,25000000.0,25000000.0,0.0,0.0,0.057,377000000.0,42000000.0,218000000.0,0.0,3.969,85.207,86.234,266000000.0,0.0,40.53,3.626,3.632,254000000.0,1010000000.0,439000000.0,439000000.0,61000000.0,,,,,25000000.0,289000000.0,1.0,138752653.0,139000000.0,139000000.0,3.158,1442000000.0,58000000.0,13000000.0,20000000.0,10.374,620000000.0
16,TRIP,MRQ,2017-06-30,2017-06-30,2017-06-30,2021-08-06,-57000000.0,2472000000.0,,1180000000.0,1292000000.0,,9.671,-17000000.0,887000000.0,887000000.0,20000000.0,27000000.0,1.9,0.826,267000000.0,7000000.0,260000000.0,267000000.0,90000000.0,27000000.0,0.0,0.0,0.0,48000000.0,75000000.0,0.177,75000000.0,48000000.0,44000000.0,0.19,0.19,0.19,1354000000.0,,1354000000.0,4880869834.0,33.0,19.066,204000000.0,1.457,1.0,404000000.0,0.953,906000000.0,4000000.0,325000000.0,,0.0,21000000.0,17000000.0,4000000.0,1118000000.0,621000000.0,497000000.0,5394869834.0,156000000.0,0.0,-100000000.0,48000000.0,0.0,-53000000.0,-20000000.0,-3000000.0,221000000.0,8000000.0,27000000.0,27000000.0,27000000.0,0.0,0.0,0.064,358000000.0,46000000.0,351000000.0,0.0,3.984,56.197,57.015,266000000.0,0.0,38.2,3.519,3.489,252000000.0,985000000.0,424000000.0,424000000.0,64000000.0,,,,,28000000.0,267000000.0,1.0,141226959.0,140000000.0,141000000.0,3.029,1566000000.0,47000000.0,17000000.0,23000000.0,11.186,559000000.0
17,TRIP,MRQ,2017-03-31,2017-03-31,2017-03-31,2021-08-06,-70000000.0,2274000000.0,,1003000000.0,1271000000.0,,9.611,-18000000.0,731000000.0,731000000.0,17000000.0,13000000.0,2.219,0.643,217000000.0,7000000.0,210000000.0,217000000.0,87000000.0,27000000.0,0.0,0.0,0.0,28000000.0,55000000.0,0.148,55000000.0,28000000.0,25000000.0,0.09,0.09,0.09,1384000000.0,,1384000000.0,5780940334.0,39.0,22.94,116000000.0,0.806,1.0,355000000.0,0.954,902000000.0,3000000.0,406000000.0,,0.0,18000000.0,15000000.0,3000000.0,890000000.0,452000000.0,438000000.0,6221940334.0,119000000.0,0.0,-147000000.0,46000000.0,0.0,-114000000.0,98000000.0,116000000.0,134000000.0,1000000.0,13000000.0,13000000.0,13000000.0,0.0,0.0,0.035,328000000.0,27000000.0,230000000.0,0.0,4.496,60.407,60.789,262000000.0,0.0,43.16,4.148,4.143,232000000.0,958000000.0,372000000.0,372000000.0,59000000.0,,,,,19000000.0,242000000.0,1.0,144159878.0,144000000.0,145000000.0,2.583,1372000000.0,37000000.0,12000000.0,19000000.0,9.528,551000000.0
18,TRIP,MRQ,2016-12-31,2016-12-31,2016-12-31,2021-08-06,-77000000.0,2238000000.0,,950000000.0,1288000000.0,,10.577,-15000000.0,612000000.0,612000000.0,16000000.0,1000000.0,2.246,0.49,171000000.0,80000000.0,91000000.0,171000000.0,64000000.0,27000000.0,0.0,0.0,0.0,7000000.0,34000000.0,0.108,34000000.0,7000000.0,5000000.0,0.01,0.01,0.01,1502000000.0,,1502000000.0,6241165061.0,38.0,23.641,30000000.0,0.211,1.0,300000000.0,0.949,903000000.0,2000000.0,471000000.0,,0.0,134000000.0,118000000.0,16000000.0,736000000.0,423000000.0,313000000.0,6756165061.0,1000000.0,-20000000.0,-83000000.0,75000000.0,0.0,-10000000.0,-23000000.0,11000000.0,45000000.0,-11000000.0,1000000.0,1000000.0,1000000.0,0.0,0.0,0.003,290000000.0,10000000.0,142000000.0,0.0,4.498,56.301,55.867,260000000.0,0.0,46.37,4.565,4.543,189000000.0,945000000.0,316000000.0,316000000.0,58000000.0,,,,,21000000.0,205000000.0,1.0,145701209.0,142000000.0,147000000.0,2.225,1335000000.0,42000000.0,4000000.0,22000000.0,9.401,527000000.0
19,TRIP,MRQ,2016-09-30,2016-09-30,2016-09-30,2021-08-06,-59000000.0,2277000000.0,,966000000.0,1311000000.0,,10.822,-21000000.0,611000000.0,611000000.0,19000000.0,55000000.0,2.147,0.441,96000000.0,76000000.0,20000000.0,96000000.0,69000000.0,26000000.0,0.0,0.0,0.0,66000000.0,92000000.0,0.219,92000000.0,66000000.0,63000000.0,0.38,0.37,0.38,1580000000.0,,1580000000.0,8528653044.0,65.0,36.921,-108000000.0,-0.74,1.0,402000000.0,0.955,922000000.0,3000000.0,390000000.0,,0.0,145000000.0,116000000.0,29000000.0,697000000.0,450000000.0,247000000.0,9202653044.0,-155000000.0,-23000000.0,-6000000.0,4000000.0,0.0,-4000000.0,-64000000.0,-20000000.0,-87000000.0,0.0,55000000.0,55000000.0,55000000.0,0.0,0.0,0.131,336000000.0,66000000.0,163000000.0,0.0,5.824,76.055,75.214,262000000.0,0.0,63.18,6.248,6.262,221000000.0,944000000.0,421000000.0,421000000.0,62000000.0,,,,,21000000.0,248000000.0,1.0,145657693.0,146000000.0,147000000.0,2.884,1355000000.0,44000000.0,8000000.0,36000000.0,9.281,516000000.0
20,TRIP,MRQ,2016-06-30,2016-06-30,2016-06-30,2021-08-06,-62000000.0,2385000000.0,,1107000000.0,1278000000.0,,10.308,-19000000.0,766000000.0,766000000.0,20000000.0,34000000.0,1.925,0.585,92000000.0,1000000.0,91000000.0,92000000.0,97000000.0,24000000.0,0.0,0.0,0.0,47000000.0,71000000.0,0.182,71000000.0,47000000.0,44000000.0,0.23,0.23,0.23,1505000000.0,,1505000000.0,8826906795.0,53.0,33.435,220000000.0,1.507,1.0,371000000.0,0.949,902000000.0,3000000.0,234000000.0,,0.0,125000000.0,87000000.0,38000000.0,880000000.0,575000000.0,305000000.0,9368906795.0,113000000.0,0.0,-10000000.0,-19000000.0,0.0,-31000000.0,-87000000.0,-69000000.0,239000000.0,-8000000.0,34000000.0,34000000.0,34000000.0,0.0,0.0,0.087,324000000.0,47000000.0,313000000.0,0.0,6.225,66.921,66.289,256000000.0,0.0,64.3,6.386,6.399,230000000.0,888000000.0,391000000.0,391000000.0,63000000.0,,,,,24000000.0,236000000.0,1.0,145706171.0,146000000.0,147000000.0,2.678,1483000000.0,0.0,10000000.0,29000000.0,10.158,532000000.0
21,TRIP,MRQ,2016-03-31,2016-03-31,2016-03-31,2021-08-06,-54000000.0,2214000000.0,,964000000.0,1250000000.0,,10.097,-17000000.0,653000000.0,653000000.0,16000000.0,29000000.0,2.231,0.512,111000000.0,1000000.0,110000000.0,111000000.0,93000000.0,24000000.0,0.0,0.0,0.0,42000000.0,66000000.0,0.188,66000000.0,42000000.0,38000000.0,0.2,0.2,0.2,1464000000.0,,1464000000.0,9247133738.0,45.0,30.824,107000000.0,0.738,1.0,336000000.0,0.955,909000000.0,4000000.0,331000000.0,,0.0,56000000.0,39000000.0,17000000.0,750000000.0,432000000.0,318000000.0,9660133738.0,39000000.0,0.0,1000000.0,-90000000.0,0.0,-98000000.0,11000000.0,28000000.0,124000000.0,2000000.0,29000000.0,29000000.0,29000000.0,0.0,0.0,0.082,294000000.0,42000000.0,194000000.0,0.0,6.598,58.903,58.333,252000000.0,0.0,66.5,6.523,6.511,244000000.0,853000000.0,352000000.0,352000000.0,61000000.0,,,,,19000000.0,209000000.0,1.0,145265169.0,145000000.0,147000000.0,2.428,1305000000.0,0.0,9000000.0,26000000.0,9.0,532000000.0
22,TRIP,MRQ,2015-12-31,2015-12-31,2015-12-31,2021-08-06,-63000000.0,2128000000.0,,865000000.0,1263000000.0,,9.806,-16000000.0,614000000.0,614000000.0,12000000.0,3000000.0,2.772,0.507,201000000.0,1000000.0,200000000.0,201000000.0,64000000.0,25000000.0,0.0,0.0,0.0,-23000000.0,2000000.0,0.006,2000000.0,-23000000.0,-26000000.0,0.03,0.02,0.03,1412000000.0,,1412000000.0,12012916004.0,48.0,35.125,63000000.0,0.438,1.0,297000000.0,0.961,908000000.0,3000000.0,495000000.0,,0.0,84000000.0,47000000.0,37000000.0,716000000.0,312000000.0,404000000.0,12291916004.0,47000000.0,3000000.0,2000000.0,-90000000.0,0.0,-96000000.0,68000000.0,79000000.0,79000000.0,-4000000.0,3000000.0,3000000.0,3000000.0,0.0,0.0,0.01,322000000.0,-25000000.0,115000000.0,0.0,8.705,62.08,61.775,247000000.0,0.0,85.25,8.239,8.228,180000000.0,826000000.0,309000000.0,309000000.0,55000000.0,,,,,20000000.0,242000000.0,1.0,144186698.0,144000000.0,146000000.0,2.146,1220000000.0,25000000.0,-29000000.0,24000000.0,8.472,553000000.0
23,TRIP,MRQ,2015-09-30,2015-09-30,2015-09-30,2021-08-06,-59000000.0,2198000000.0,,943000000.0,1255000000.0,,9.208,-39000000.0,567000000.0,567000000.0,16000000.0,74000000.0,2.649,0.658,288000000.0,1000000.0,287000000.0,288000000.0,67000000.0,24000000.0,0.0,0.0,0.0,101000000.0,125000000.0,0.301,125000000.0,101000000.0,98000000.0,0.51,0.51,0.51,1326000000.0,,1326000000.0,8785952796.0,27.0,20.919,1000000.0,0.007,1.0,399000000.0,0.961,921000000.0,3000000.0,642000000.0,,0.0,163000000.0,119000000.0,44000000.0,872000000.0,356000000.0,516000000.0,9080952796.0,-16000000.0,22000000.0,1000000.0,0.0,0.0,-32000000.0,-19000000.0,-2000000.0,40000000.0,-5000000.0,74000000.0,74000000.0,74000000.0,0.0,0.0,0.178,311000000.0,88000000.0,159000000.0,0.0,6.848,39.311,39.388,247000000.0,0.0,63.02,6.173,6.169,224000000.0,823000000.0,415000000.0,415000000.0,54000000.0,,,,,48000000.0,234000000.0,1.0,144096363.0,144000000.0,146000000.0,2.882,1277000000.0,0.0,24000000.0,42000000.0,8.868,587000000.0
24,TRIP,MRQ,2015-06-30,2015-06-30,2015-06-30,2021-08-06,-50000000.0,2277000000.0,,1012000000.0,1265000000.0,,8.618,-23000000.0,583000000.0,583000000.0,16000000.0,58000000.0,1.939,0.835,288000000.0,1000000.0,287000000.0,288000000.0,88000000.0,23000000.0,0.0,0.0,0.0,84000000.0,107000000.0,0.264,107000000.0,84000000.0,82000000.0,0.4,0.4,0.4,1241000000.0,,1241000000.0,12330417656.0,40.0,31.616,177000000.0,1.229,1.0,389000000.0,0.96,942000000.0,2000000.0,518000000.0,,0.0,163000000.0,128000000.0,35000000.0,1036000000.0,522000000.0,514000000.0,12505417656.0,78000000.0,-24000000.0,1000000.0,-42000000.0,0.0,-58000000.0,-73000000.0,-26000000.0,200000000.0,9000000.0,58000000.0,58000000.0,58000000.0,0.0,0.0,0.143,310000000.0,79000000.0,280000000.0,0.0,10.077,59.267,59.279,247000000.0,0.0,87.14,8.869,8.899,243000000.0,749000000.0,405000000.0,405000000.0,50000000.0,,,,,-5000000.0,236000000.0,1.0,143509498.0,144000000.0,146000000.0,2.812,1335000000.0,24000000.0,24000000.0,54000000.0,9.271,490000000.0
25,TRIP,MRQ,2015-03-31,2015-03-31,2015-03-31,2021-08-06,-59000000.0,2094000000.0,,894000000.0,1200000000.0,,8.245,-31000000.0,505000000.0,505000000.0,13000000.0,63000000.0,1.978,0.776,330000000.0,80000000.0,250000000.0,330000000.0,77000000.0,21000000.0,0.0,0.0,0.0,88000000.0,109000000.0,0.3,109000000.0,88000000.0,86000000.0,0.44,0.43,0.44,1179000000.0,,1179000000.0,11770212142.0,36.0,29.648,68000000.0,0.476,1.0,350000000.0,0.964,916000000.0,2000000.0,551000000.0,,0.0,137000000.0,118000000.0,19000000.0,915000000.0,452000000.0,463000000.0,11887212142.0,50000000.0,-5000000.0,8000000.0,-8000000.0,0.0,-3000000.0,-34000000.0,2000000.0,99000000.0,-12000000.0,63000000.0,63000000.0,63000000.0,0.0,0.0,0.174,260000000.0,90000000.0,174000000.0,0.0,10.082,53.788,53.658,226000000.0,0.0,83.17,8.951,8.956,229000000.0,691000000.0,363000000.0,363000000.0,49000000.0,,,,,9000000.0,190000000.0,1.0,142926682.0,143000000.0,146000000.0,2.538,1178000000.0,0.0,23000000.0,45000000.0,8.238,442000000.0
26,TRIP,MRQ,2014-12-31,2014-12-31,2014-12-31,2021-08-06,-31000000.0,1948000000.0,,737000000.0,1211000000.0,,7.867,-26000000.0,455000000.0,455000000.0,12000000.0,36000000.0,1.934,0.732,337000000.0,78000000.0,259000000.0,337000000.0,57000000.0,21000000.0,0.0,0.0,0.0,58000000.0,79000000.0,0.274,79000000.0,58000000.0,55000000.0,0.25,0.25,0.25,1125000000.0,,1125000000.0,10525726222.0,32.0,26.58,55000000.0,0.385,1.0,276000000.0,0.958,948000000.0,3000000.0,501000000.0,,0.0,139000000.0,108000000.0,31000000.0,823000000.0,381000000.0,442000000.0,10670726222.0,-36000000.0,-47000000.0,1000000.0,-8000000.0,0.0,-26000000.0,-88000000.0,-16000000.0,81000000.0,-3000000.0,36000000.0,36000000.0,36000000.0,0.0,0.0,0.125,216000000.0,60000000.0,112000000.0,0.0,9.485,47.216,47.253,195000000.0,0.0,74.66,8.564,8.569,151000000.0,628000000.0,288000000.0,288000000.0,46000000.0,,,,,37000000.0,149000000.0,1.0,142924273.0,143000000.0,146000000.0,2.014,1000000000.0,0.0,19000000.0,49000000.0,6.993,356000000.0
27,TRIP,MRQ,2014-09-30,2014-09-30,2014-09-30,2021-08-06,-14000000.0,1956000000.0,,792000000.0,1164000000.0,,7.594,-13000000.0,491000000.0,491000000.0,11000000.0,54000000.0,1.899,0.801,346000000.0,76000000.0,270000000.0,346000000.0,60000000.0,18000000.0,0.0,0.0,0.0,77000000.0,95000000.0,0.268,95000000.0,77000000.0,75000000.0,0.38,0.37,0.38,1086000000.0,,1086000000.0,12819436423.0,43.0,36.01,46000000.0,0.322,1.0,343000000.0,0.969,928000000.0,2000000.0,466000000.0,,0.0,123000000.0,85000000.0,38000000.0,870000000.0,417000000.0,453000000.0,13053436423.0,-96000000.0,-132000000.0,0.0,-5000000.0,0.0,-11000000.0,-135000000.0,10000000.0,59000000.0,-9000000.0,54000000.0,54000000.0,54000000.0,0.0,0.0,0.153,259000000.0,84000000.0,133000000.0,0.0,12.02,62.159,61.356,161000000.0,0.0,91.42,11.147,11.164,180000000.0,592000000.0,354000000.0,354000000.0,46000000.0,,,,,11000000.0,195000000.0,1.0,142785347.0,143000000.0,146000000.0,2.476,1028000000.0,0.0,21000000.0,63000000.0,7.189,375000000.0
28,TRIP,MRQ,2014-06-30,2014-06-30,2014-06-30,2021-08-06,0.0,1831000000.0,,855000000.0,976000000.0,,7.175,-22000000.0,587000000.0,587000000.0,9000000.0,68000000.0,2.215,0.785,353000000.0,73000000.0,280000000.0,353000000.0,61000000.0,14000000.0,0.0,0.0,0.0,100000000.0,114000000.0,0.353,114000000.0,100000000.0,98000000.0,0.48,0.47,0.48,1026000000.0,,1026000000.0,15542696386.0,50.0,43.537,136000000.0,0.951,1.0,314000000.0,0.972,720000000.0,2000000.0,491000000.0,,0.0,134000000.0,51000000.0,83000000.0,805000000.0,386000000.0,419000000.0,15500696386.0,268000000.0,-152000000.0,0.0,-9000000.0,0.0,-10000000.0,117000000.0,291000000.0,158000000.0,3000000.0,68000000.0,68000000.0,68000000.0,0.0,0.0,0.211,214000000.0,100000000.0,136000000.0,0.0,15.108,73.116,72.44,141000000.0,0.0,108.66,14.46,14.495,185000000.0,538000000.0,323000000.0,323000000.0,41000000.0,,,,,12000000.0,159000000.0,1.0,142653197.0,143000000.0,146000000.0,2.259,1111000000.0,0.0,30000000.0,39000000.0,7.769,469000000.0
29,TRIP,MRQ,2014-03-31,2014-03-31,2014-03-31,2021-08-06,1000000.0,1615000000.0,,645000000.0,970000000.0,,6.648,-20000000.0,319000000.0,319000000.0,8000000.0,68000000.0,2.201,0.711,361000000.0,71000000.0,290000000.0,361000000.0,58000000.0,12000000.0,0.0,0.0,0.0,96000000.0,108000000.0,0.384,108000000.0,96000000.0,94000000.0,0.48,0.47,0.48,944000000.0,,944000000.0,12902181899.0,43.0,37.506,89000000.0,0.627,1.0,273000000.0,0.972,552000000.0,2000000.0,812000000.0,,0.0,426000000.0,142000000.0,284000000.0,671000000.0,293000000.0,378000000.0,12884868899.0,-32000000.0,0.0,2000000.0,-8000000.0,0.0,-14000000.0,-127000000.0,-107000000.0,109000000.0,0.0,68000000.0,68000000.0,68000000.0,0.0,0.0,0.242,177000000.0,96000000.0,74000000.0,0.0,13.649,61.066,60.799,114000000.0,0.0,90.59,12.937,12.915,151000000.0,470000000.0,281000000.0,281000000.0,38000000.0,,,,,3000000.0,127000000.0,1.0,142232795.0,142000000.0,146000000.0,1.979,1063000000.0,18000000.0,26000000.0,24000000.0,7.486,352000000.0
30,TRIP,MRQ,2013-12-31,2013-12-31,2013-12-31,2021-08-06,0.0,1473000000.0,,630000000.0,843000000.0,,6.049,-16000000.0,351000000.0,351000000.0,3000000.0,20000000.0,2.593,0.703,368000000.0,68000000.0,300000000.0,368000000.0,44000000.0,11000000.0,0.0,0.0,0.0,28000000.0,39000000.0,0.183,39000000.0,28000000.0,26000000.0,0.15,0.14,0.15,865000000.0,,865000000.0,11866854881.0,40.0,35.96,55000000.0,0.385,1.0,210000000.0,0.986,554000000.0,2000000.0,693000000.0,,0.0,319000000.0,131000000.0,188000000.0,608000000.0,243000000.0,365000000.0,11767035881.0,76000000.0,-3000000.0,-4000000.0,-8000000.0,0.0,-15000000.0,20000000.0,39000000.0,71000000.0,0.0,20000000.0,20000000.0,20000000.0,0.0,0.0,0.094,182000000.0,28000000.0,40000000.0,0.0,13.604,57.4,57.521,82000000.0,0.0,82.83,12.452,12.534,113000000.0,402000000.0,213000000.0,213000000.0,36000000.0,,,,,11000000.0,135000000.0,1.0,142062488.0,143000000.0,145000000.0,1.49,919000000.0,0.0,6000000.0,18000000.0,6.427,387000000.0
31,TRIP,MRQ,2013-09-30,2013-09-30,2013-09-30,2021-08-06,-1308000.0,1448153000.0,,647752000.0,800401000.0,,5.796,-15000000.0,276358000.0,276358000.0,6000000.0,56000000.0,2.522,0.747,376177000.0,66177000.0,310000000.0,376177000.0,44087000.0,9000000.0,0.0,0.0,0.0,87000000.0,96000000.0,0.376,96000000.0,87000000.0,84000000.0,0.39,0.38,0.39,828806000.0,,828806000.0,11028599340.0,35.0,32.12,130000000.0,0.909,1.0,249000000.0,0.976,551693000.0,3000000.0,739468000.0,,0.0,319522000.0,155997000.0,163525000.0,619347000.0,256811000.0,362536000.0,10844024340.0,76000000.0,-1000000.0,-103000000.0,-9000000.0,0.0,-112000000.0,40000000.0,56000000.0,145000000.0,3000000.0,56000000.0,56000000.0,56000000.0,0.0,0.0,0.22,165000000.0,84000000.0,40581000.0,0.0,13.084,49.627,49.569,64551000.0,0.0,75.84,12.03,12.031,185426000.0,381607000.0,255000000.0,255000000.0,34000000.0,,,,,7000000.0,122000000.0,1.0,142985553.0,143000000.0,145000000.0,1.783,896460000.0,20200000.0,28000000.0,21059000.0,6.269,390941000.0
32,TRIP,MRQ,2013-06-30,2013-06-30,2013-06-30,2021-08-06,-4975000.0,1455585000.0,,611472000.0,844113000.0,,5.916,-15000000.0,200058000.0,200058000.0,4000000.0,67000000.0,2.534,0.709,384633000.0,64633000.0,320000000.0,384633000.0,42416000.0,9000000.0,0.0,0.0,0.0,92000000.0,101000000.0,0.409,101000000.0,92000000.0,90000000.0,0.47,0.46,0.47,851959000.0,,851959000.0,8906436840.0,28.0,25.651,74000000.0,0.514,1.0,243000000.0,0.984,554137000.0,2000000.0,844724000.0,,0.0,415902000.0,196037000.0,219865000.0,603626000.0,241299000.0,362327000.0,8726994840.0,-12000000.0,-30000000.0,-20000000.0,-7000000.0,0.0,-24000000.0,-77000000.0,-32000000.0,89000000.0,0.0,67000000.0,67000000.0,67000000.0,0.0,0.0,0.271,149000000.0,94000000.0,40404000.0,0.0,10.243,39.334,39.019,54601000.0,0.0,60.87,10.158,10.202,173220000.0,325725000.0,247000000.0,247000000.0,32000000.0,,,,,6000000.0,108000000.0,1.0,143371034.0,144000000.0,146000000.0,1.715,901448000.0,26148000.0,23000000.0,20070000.0,6.26,370173000.0
33,TRIP,MRQ,2013-03-31,2013-03-31,2013-03-31,2021-08-06,-4477000.0,1341678000.0,,583824000.0,757854000.0,,5.596,-9000000.0,211867000.0,211867000.0,4000000.0,62000000.0,3.347,0.677,391309000.0,61309000.0,330000000.0,391309000.0,35202000.0,7000000.0,0.0,0.0,0.0,87000000.0,94000000.0,0.409,94000000.0,87000000.0,84000000.0,0.44,0.43,0.44,800262000.0,,800262000.0,7550048708.0,25.0,22.763,35000000.0,0.245,1.0,226000000.0,0.983,506179000.0,3000000.0,840488000.0,,0.0,385155000.0,194277000.0,190878000.0,541416000.0,174453000.0,366963000.0,7505418708.0,-156000000.0,-1000000.0,6000000.0,-21000000.0,0.0,-19000000.0,-179000000.0,-169000000.0,44000000.0,-2000000.0,62000000.0,62000000.0,62000000.0,0.0,0.0,0.27,138000000.0,88000000.0,10758000.0,0.0,9.379,36.103,35.728,46742000.0,0.0,52.52,9.274,9.28,151251000.0,258737000.0,230000000.0,230000000.0,29000000.0,,,,,13000000.0,102000000.0,1.0,142905916.0,143000000.0,145000000.0,1.608,835499000.0,15831000.0,22000000.0,18350000.0,5.843,409371000.0
34,TRIP,MRQ,2012-12-31,2012-12-31,2012-12-31,2021-08-06,-869000.0,1299194000.0,,632494000.0,666700000.0,,5.17,-8413000.0,367515000.0,367515000.0,3464000.0,34129000.0,3.233,0.787,412145000.0,72145000.0,340000000.0,412145000.0,31563000.0,7058000.0,0.0,0.0,0.0,45293000.0,52351000.0,0.309,52351000.0,45293000.0,42696000.0,0.23,0.23,0.23,726968000.0,,726968000.0,5833170642.0,20.0,18.343,62658000.0,0.446,1.0,165963000.0,0.98,509874000.0,2597000.0,638310000.0,,0.0,218218000.0,118970000.0,99248000.0,572226000.0,195640000.0,376586000.0,5967059642.0,-180840000.0,-10028000.0,0.0,-2798000.0,0.0,-22549000.0,-230441000.0,-212000000.0,71071000.0,1079000.0,33510000.0,33510000.0,33510000.0,0.0,619000.0,0.198,119267000.0,46696000.0,14099000.0,0.0,8.208,30.758,30.158,43802000.0,0.0,41.92,7.821,7.637,105430000.0,196438000.0,169427000.0,169427000.0,24050000.0,,,,,9266000.0,88159000.0,1.0,142343980.0,140626000.0,142449000.0,1.205,789320000.0,30716000.0,9186000.0,25620000.0,5.613,436854000.0
35,TRIP,MRQ,2012-09-30,2012-09-30,2012-09-30,2021-08-06,-755000.0,1259283000.0,,699583000.0,559700000.0,,4.838,-7338000.0,548372000.0,548372000.0,2876000.0,59535000.0,3.941,0.807,414483000.0,64483000.0,350000000.0,414483000.0,30014000.0,6347000.0,0.0,0.0,0.0,93517000.0,99864000.0,0.469,99864000.0,93517000.0,90635000.0,0.42,0.41,0.42,688644000.0,,688644000.0,4623116086.0,16.0,15.061,69114000.0,0.486,1.0,209834000.0,0.986,508084000.0,2882000.0,439785000.0,,0.0,0.0,0.0,0.0,555994000.0,177525000.0,378469000.0,4686996086.0,70131000.0,0.0,0.0,171000.0,0.0,177000.0,-7338000.0,0.0,76452000.0,840000.0,59360000.0,59360000.0,59360000.0,0.0,175000.0,0.279,117585000.0,92249000.0,20421000.0,0.0,6.806,25.681,24.947,41133000.0,0.0,32.93,6.409,6.409,135629000.0,162859000.0,212710000.0,212710000.0,23535000.0,,,,,8285000.0,87703000.0,1.0,142332101.0,142342000.0,143657000.0,1.494,751199000.0,6648000.0,31275000.0,28344000.0,5.277,522058000.0
36,TRIP,MRQ,2012-06-30,2012-06-30,2012-06-30,2021-08-06,-2479000.0,1187253000.0,,630421000.0,556832000.0,,4.502,-5910000.0,478241000.0,478241000.0,2926000.0,53165000.0,3.712,0.894,414361000.0,54361000.0,360000000.0,414361000.0,26970000.0,6475000.0,0.0,0.0,0.0,78993000.0,85468000.0,0.434,85468000.0,78993000.0,76588000.0,0.38,0.37,0.38,626968000.0,,626968000.0,6203642443.0,23.0,21.144,55848000.0,0.401,1.0,194222000.0,0.985,507624000.0,2405000.0,445905000.0,,0.0,0.0,0.0,0.0,560285000.0,169844000.0,390441000.0,5997640443.0,269616000.0,0.0,0.0,-266000.0,0.0,216829000.0,-5910000.0,0.0,61758000.0,-3061000.0,53019000.0,53019000.0,53019000.0,0.0,146000.0,0.269,110544000.0,83678000.0,28405000.0,0.0,9.566,33.796,34.115,38828000.0,0.0,44.69,8.575,8.899,137031000.0,103499000.0,197148000.0,197148000.0,21574000.0,,,,,6440000.0,82495000.0,1.0,134205425.0,139278000.0,141737000.0,1.415,679629000.0,6494000.0,23569000.0,29401000.0,4.88,460577000.0
37,TRIP,MRQ,2012-03-31,2012-03-31,2012-03-31,2021-08-06,-1283000.0,914428000.0,,355321000.0,559107000.0,,2.652,-7339000.0,208625000.0,208625000.0,2734000.0,48171000.0,2.257,1.578,414627000.0,44627000.0,370000000.0,414627000.0,27014000.0,6120000.0,0.0,0.0,0.0,74013000.0,80133000.0,0.436,80133000.0,74013000.0,71081000.0,0.36,0.35,0.36,354710000.0,,354710000.0,5022627547.0,18.0,16.853,22380000.0,0.167,1.0,180981000.0,0.985,510588000.0,2932000.0,452426000.0,,0.0,0.0,0.0,0.0,559718000.0,157416000.0,402302000.0,4779425547.0,25093000.0,7028000.0,0.0,-12107000.0,0.0,-4457000.0,-311000.0,0.0,29719000.0,142000.0,48111000.0,48111000.0,48111000.0,0.0,60000.0,0.262,107604000.0,73377000.0,23806000.0,0.0,13.474,26.774,26.619,37760000.0,0.0,35.67,7.117,7.104,132042000.0,50480000.0,183715000.0,183715000.0,17841000.0,,,,,3009000.0,83643000.0,1.0,133990063.0,133754000.0,136158000.0,1.374,403840000.0,6496000.0,22970000.0,40555000.0,3.019,197905000.0
38,TRIP,MRQ,2011-12-31,2011-12-31,2011-12-31,2021-08-06,-2710000.0,835886000.0,,278322000.0,557564000.0,,2.199,-5294000.0,183532000.0,183532000.0,2680000.0,22017000.0,2.2,1.834,426734000.0,46734000.0,380000000.0,426734000.0,19395000.0,6996000.0,0.0,0.0,0.0,34494000.0,41490000.0,0.301,41490000.0,34494000.0,33550000.0,0.16,0.15,0.16,293537000.0,,293537000.0,3270800488.0,12.0,10.973,20867000.0,0.156,1.0,135118000.0,0.981,510922000.0,944000.0,441636000.0,,0.0,0.0,0.0,0.0,538486000.0,126530000.0,411956000.0,3377889488.0,-4848000.0,-28099000.0,0.0,410353000.0,0.0,400727000.0,-431282000.0,-397736000.0,26161000.0,-454000.0,22021000.0,22021000.0,22021000.0,0.0,-4000.0,0.16,101562000.0,33556000.0,5903000.0,0.0,11.508,19.011,18.955,34754000.0,0.0,25.21,5.302,5.281,82017000.0,2369000.0,137798000.0,137798000.0,16232000.0,,,,,10945000.0,71385000.0,1.0,133990063.0,133461000.0,139077000.0,1.032,324964000.0,6494000.0,11529000.0,33233000.0,2.435,151792000.0
39,TRIP,MRQ,2011-09-30,2011-09-30,2011-09-30,2021-08-06,,,,,,,,-5605000.0,,,3227000.0,54293000.0,,,,,,,,7024000.0,,,0.0,79287000.0,86311000.0,0.477,86311000.0,79287000.0,79499000.0,0.41,0.41,0.41,,,,,,,72245000.0,0.541,1.0,177574000.0,0.982,,-212000.0,,,,,,,,,,,76656000.0,-3001000.0,0.0,1539000.0,0.0,1759000.0,-2138000.0,6468000.0,77850000.0,-815000.0,54314000.0,54314000.0,54314000.0,0.0,-21000.0,0.3,95506000.0,82068000.0,,0.0,,,,,0.0,,,,,,180801000.0,180801000.0,14748000.0,,,,,1817000.0,69543000.0,1.0,133990063.0,133461000.0,133461000.0,1.355,,,25185000.0,,,
40,TRIP,MRQ,2011-06-30,2011-06-30,2011-06-30,2021-08-06,-1271000.0,850594000.0,,298488000.0,552106000.0,,4.848,-5431000.0,111724000.0,111724000.0,2735000.0,54110000.0,1.852,0.315,4635000.0,4635000.0,0.0,4635000.0,19764000.0,5646000.0,0.0,,0.0,84447000.0,90093000.0,0.532,90093000.0,84447000.0,84447000.0,0.41,0.41,0.41,647012000.0,,647012000.0,,,,55124000.0,0.413,1.0,166507000.0,0.984,513060000.0,0.0,69233000.0,,0.0,20967000.0,20967000.0,0.0,203582000.0,161212000.0,42370000.0,,29807000.0,0.0,0.0,1278000.0,0.0,1780000.0,-33414000.0,-27983000.0,60555000.0,886000.0,54064000.0,54064000.0,54064000.0,0.0,46000.0,0.319,82688000.0,83819000.0,21787000.0,0.0,,,,32592000.0,0.0,,,,152306000.0,,169242000.0,169242000.0,13379000.0,,,,,1466000.0,60629000.0,1.0,133990063.0,133461000.0,133461000.0,1.268,337534000.0,8027000.0,30383000.0,107305000.0,2.529,137276000.0
41,TRIP,MRQ,2011-03-31,2011-03-31,2011-03-31,2021-08-06,-1144000.0,778548000.0,,226214000.0,552334000.0,,4.429,-4993000.0,81917000.0,81917000.0,2231000.0,47371000.0,1.561,0.317,3307000.0,3307000.0,0.0,3307000.0,17586000.0,6219000.0,0.0,,0.0,74284000.0,80503000.0,0.539,80503000.0,74284000.0,74284000.0,0.35,0.35,0.35,591078000.0,,591078000.0,,,,48323000.0,0.362,1.0,146991000.0,0.985,514942000.0,0.0,40054000.0,,0.0,20937000.0,20937000.0,0.0,187470000.0,144942000.0,42528000.0,,-11216000.0,-4893000.0,0.0,1504000.0,0.0,7568000.0,-72028000.0,-62142000.0,53316000.0,-72000.0,47278000.0,47278000.0,47278000.0,0.0,93000.0,0.317,73677000.0,73314000.0,10044000.0,0.0,,,,31657000.0,0.0,,,,110387000.0,,149222000.0,149222000.0,13089000.0,,,,,1545000.0,52389000.0,1.0,133990063.0,133461000.0,133461000.0,1.118,263606000.0,8484000.0,27006000.0,109930000.0,1.975,81272000.0
42,TRIP,MRQ,2010-12-31,2010-12-31,2010-12-31,2021-08-06,-1929000.0,722889000.0,,176801000.0,546088000.0,,4.043,,93133000.0,93133000.0,,,1.239,0.34,1779000.0,1779000.0,0.0,1779000.0,12119000.0,,0.0,,0.0,,,,,,,,,,539632000.0,,539632000.0,,,,,,1.0,,,510704000.0,,-21858000.0,,0.0,20297000.0,20297000.0,0.0,183257000.0,142689000.0,40568000.0,,,,,,,,,,,,,,,,,,,,25628000.0,,,,,30744000.0,,,,,51150000.0,0.0,,,,,,,,,,1.0,,133461000.0,,,212185000.0,7954000.0,,93922000.0,1.59,34112000.0
43,TRIP,MRQ,2010-06-30,2010-06-30,2010-06-30,2021-08-06,,,,,,,,-5532000.0,,,1735000.0,40075000.0,,,,,,,,5953000.0,,,0.0,64135000.0,70088000.0,0.559,70088000.0,64135000.0,64135000.0,,,,,,,,,,38700000.0,,1.0,123674000.0,0.986,,0.0,,,,,,,,,,,-4489000.0,-34446000.0,0.0,0.0,0.0,606000.0,-49353000.0,-9375000.0,44232000.0,26000.0,40062000.0,40062000.0,40062000.0,0.0,13000.0,0.319,58097000.0,65577000.0,,,,,,,0.0,,,,,,125409000.0,125409000.0,13015000.0,,,,,1554000.0,40243000.0,1.0,,,,,,,24073000.0,,,
44,TRIP,MRQ,2010-03-31,2010-03-31,2010-03-31,2021-08-06,,,,,,,,-4053000.0,,,1547000.0,37414000.0,,,,,,,,5967000.0,,,0.0,58023000.0,63990000.0,0.563,63990000.0,58023000.0,58023000.0,,,,,,,,,,42513000.0,,1.0,112035000.0,0.986,,0.0,,,,,,,,,,,15450000.0,0.0,0.0,0.0,0.0,1420000.0,-32220000.0,-28167000.0,46566000.0,-316000.0,37373000.0,37373000.0,37373000.0,0.0,41000.0,0.329,52578000.0,59457000.0,,,,,,,0.0,,,,,,113582000.0,113582000.0,11572000.0,,,,,2167000.0,35653000.0,1.0,,,,,,,20650000.0,,,
45,TRIP,MRQ,2009-12-31,2009-12-31,2009-12-31,2021-08-06,-3449000.0,574826000.0,,78997000.0,495829000.0,,2.922,,31364000.0,31364000.0,,,0.501,0.474,0.0,0.0,0.0,0.0,1208000.0,,0.0,,0.0,,,,,,,,,,389914000.0,,389914000.0,,,,,,1.0,,,470788000.0,,-84883000.0,,0.0,0.0,0.0,0.0,184912000.0,157557000.0,27355000.0,,,,,,,,,,,,,,,,,,,,89093000.0,,,,,24545000.0,,,,,39491000.0,,,,,,,,,,,1.0,,133461000.0,,,104038000.0,4002000.0,,72363000.0,0.78,-78560000.0
0,TRIP,MRT,2021-06-30,2021-06-30,2021-06-30,2021-08-06,-43000000.0,2387000000.0,2146000000.0,1006000000.0,1381000000.0,0.291,5.686,-44000000.0,775000000.0,775000000.0,57000000.0,-240000000.0,2.266,2.064,937000000.0,0.0,937000000.0,937000000.0,49000000.0,118000000.0,0.0,0.0,0.0,-256000000.0,-138000000.0,-0.221,-138000000.0,-256000000.0,-304000000.0,-1.77,-1.77,-1.77,779000000.0,839500000.0,779000000.0,5785458492.0,-23.0,-41.924,16000000.0,0.117,1.0,568000000.0,0.909,929000000.0,48000000.0,1176000000.0,1077750000.0,0.0,38000000.0,0.0,38000000.0,1608000000.0,444000000.0,1164000000.0,5517458492.0,77000000.0,-4000000.0,8000000.0,86000000.0,0.0,61000000.0,-48000000.0,0.0,60000000.0,4000000.0,-240000000.0,-240000000.0,-240000000.0,0.0,0.0,-0.384,825000000.0,-257000000.0,188000000.0,0.0,7.083,-22.989,-22.768,271000000.0,0.0,40.3,8.828,8.834,159000000.0,269000000.0,625000000.0,625000000.0,209000000.0,-0.112,-0.286,-0.238,-0.41,119000000.0,496000000.0,1.0,136909640.0,137000000.0,137000000.0,4.562,1458000000.0,86000000.0,-64000000.0,2000000.0,10.642,562000000.0
1,TRIP,MRT,2021-03-31,2021-03-31,2021-03-31,2021-08-06,-46000000.0,2232000000.0,2111500000.0,845000000.0,1387000000.0,0.213,5.772,-45000000.0,674000000.0,674000000.0,48000000.0,-353000000.0,3.051,1.843,942000000.0,0.0,942000000.0,942000000.0,38000000.0,122000000.0,0.0,0.0,0.0,-393000000.0,-271000000.0,-0.604,-271000000.0,-393000000.0,-437000000.0,-2.62,-2.62,-2.62,785000000.0,872750000.0,785000000.0,7442465519.0,-19.0,-27.463,-188000000.0,-1.382,1.0,401000000.0,0.893,932000000.0,44000000.0,1291000000.0,1051250000.0,0.0,39000000.0,0.0,39000000.0,1447000000.0,277000000.0,1170000000.0,7252465519.0,-124000000.0,-4000000.0,7000000.0,81000000.0,0.0,58000000.0,-46000000.0,0.0,-143000000.0,7000000.0,-353000000.0,-353000000.0,-353000000.0,0.0,0.0,-0.786,787000000.0,-386000000.0,84000000.0,0.0,9.239,-20.545,-20.531,279000000.0,0.0,53.79,16.152,16.293,97000000.0,309000000.0,449000000.0,449000000.0,206000000.0,-0.167,-0.404,-0.374,-0.875,112000000.0,424000000.0,1.0,134829253.0,136000000.0,136000000.0,3.301,1300000000.0,83000000.0,-84000000.0,2000000.0,9.559,568000000.0
2,TRIP,MRT,2020-12-31,2020-12-31,2020-12-31,2021-08-06,-34000000.0,1969000000.0,2160250000.0,573000000.0,1396000000.0,0.28,6.563,-55000000.0,418000000.0,418000000.0,55000000.0,-289000000.0,2.368,1.222,608000000.0,0.0,608000000.0,608000000.0,28000000.0,125000000.0,0.0,0.0,0.0,-334000000.0,-209000000.0,-0.346,-209000000.0,-334000000.0,-369000000.0,-2.14,-2.14,-2.14,886000000.0,933250000.0,886000000.0,3915642422.0,-12.0,-18.735,-249000000.0,-1.844,1.0,549000000.0,0.909,948000000.0,35000000.0,969000000.0,1001250000.0,0.0,40000000.0,0.0,40000000.0,1083000000.0,242000000.0,841000000.0,3871642422.0,99000000.0,-4000000.0,-115000000.0,477000000.0,0.0,341000000.0,-56000000.0,0.0,-194000000.0,8000000.0,-289000000.0,-289000000.0,-289000000.0,0.0,0.0,-0.478,878000000.0,-329000000.0,54000000.0,0.0,4.37,-13.397,-13.449,294000000.0,0.0,28.78,6.41,6.433,83000000.0,389000000.0,604000000.0,604000000.0,220000000.0,-0.134,-0.31,-0.334,-0.553,109000000.0,489000000.0,1.0,134525449.0,135000000.0,135000000.0,4.474,1021000000.0,60000000.0,-80000000.0,10000000.0,7.563,331000000.0
3,TRIP,MRT,2020-09-30,2020-09-30,2020-09-30,2021-08-06,-55000000.0,1996000000.0,2164000000.0,613000000.0,1383000000.0,0.38,6.776,-69000000.0,446000000.0,446000000.0,63000000.0,-201000000.0,2.654,1.198,490000000.0,0.0,490000000.0,490000000.0,31000000.0,128000000.0,0.0,0.179,3.5,-219000000.0,-91000000.0,-0.111,-91000000.0,-219000000.0,-243000000.0,-1.5,-1.51,-1.5,908000000.0,1002000000.0,908000000.0,2635691589.0,-12.0,-28.964,-189000000.0,-1.41,1.0,760000000.0,0.923,934000000.0,24000000.0,875000000.0,864500000.0,0.0,40000000.0,0.0,40000000.0,1088000000.0,231000000.0,857000000.0,2633691589.0,-392000000.0,-110000000.0,-175000000.0,481000000.0,-488000000.0,-201000000.0,-82000000.0,95000000.0,-120000000.0,11000000.0,-201000000.0,-201000000.0,-201000000.0,0.0,0.0,-0.244,974000000.0,-214000000.0,52000000.0,-2.333,2.901,-13.103,-13.06,310000000.0,0.0,19.59,3.2,3.19,91000000.0,461000000.0,823000000.0,823000000.0,235000000.0,-0.093,-0.201,-0.253,-0.266,113000000.0,565000000.0,1.0,134440612.0,134000000.0,134000000.0,6.142,1062000000.0,55000000.0,-42000000.0,10000000.0,7.925,382000000.0
4,TRIP,MRT,2020-06-30,2020-06-30,2020-06-30,2021-08-06,-68000000.0,2249000000.0,2282000000.0,853000000.0,1396000000.0,0.482,6.806,-81000000.0,698000000.0,698000000.0,75000000.0,-103000000.0,3.426,1.466,700000000.0,0.0,700000000.0,700000000.0,38000000.0,129000000.0,0.0,0.184,3.5,-99000000.0,30000000.0,0.027,30000000.0,-99000000.0,-112000000.0,-0.78,-0.79,-0.78,912000000.0,1187000000.0,912000000.0,2452986270.0,-25.0,81.766,-168000000.0,-1.254,1.0,1025000000.0,0.932,932000000.0,13000000.0,1070000000.0,726750000.0,0.0,41000000.0,0.0,41000000.0,1337000000.0,249000000.0,1088000000.0,2550986270.0,-203000000.0,-110000000.0,-174000000.0,691000000.0,-488000000.0,9000000.0,-123000000.0,66000000.0,-87000000.0,-2000000.0,-103000000.0,-103000000.0,-103000000.0,0.0,0.0,-0.094,1125000000.0,-100000000.0,70000000.0,-4.487,2.797,-24.767,-24.372,322000000.0,0.0,19.01,2.319,2.316,74000000.0,509000000.0,1100000000.0,1100000000.0,265000000.0,-0.045,-0.087,-0.136,-0.09,115000000.0,687000000.0,1.0,134191808.0,134000000.0,134000000.0,8.209,1317000000.0,61000000.0,-9000000.0,13000000.0,9.828,604000000.0
5,TRIP,MRT,2020-03-31,2020-03-31,2020-03-31,2021-08-06,-80000000.0,2427000000.0,2361250000.0,1012000000.0,1415000000.0,0.62,7.551,-86000000.0,798000000.0,798000000.0,92000000.0,84000000.0,3.254,1.363,700000000.0,0.0,700000000.0,700000000.0,60000000.0,127000000.0,0.0,0.201,3.5,143000000.0,270000000.0,0.185,270000000.0,143000000.0,135000000.0,0.6,0.59,0.6,1027000000.0,1352750000.0,1027000000.0,2047550043.0,14.0,7.584,86000000.0,0.632,1.0,1371000000.0,0.937,927000000.0,8000000.0,1091000000.0,502000000.0,0.0,54000000.0,0.0,54000000.0,1400000000.0,311000000.0,1089000000.0,2366550043.0,27000000.0,-110000000.0,-173000000.0,695000000.0,-488000000.0,14000000.0,-154000000.0,42000000.0,172000000.0,-5000000.0,84000000.0,84000000.0,84000000.0,0.0,0.0,0.057,1241000000.0,130000000.0,105000000.0,5.833,2.304,28.173,28.983,335000000.0,0.0,17.39,1.618,1.617,159000000.0,662000000.0,1463000000.0,1463000000.0,288000000.0,0.036,0.062,0.285,0.098,123000000.0,815000000.0,1.0,136086834.0,136000000.0,136000000.0,10.757,1500000000.0,33000000.0,51000000.0,16000000.0,11.029,701000000.0
6,TRIP,MRT,2019-12-31,2019-12-31,2019-12-31,2021-08-06,-63000000.0,1984000000.0,2353250000.0,533000000.0,1451000000.0,0.663,8.353,-83000000.0,319000000.0,319000000.0,94000000.0,126000000.0,1.225,0.709,142000000.0,0.0,142000000.0,142000000.0,62000000.0,126000000.0,0.0,0.115,3.5,201000000.0,327000000.0,0.21,327000000.0,201000000.0,194000000.0,0.91,0.89,0.91,1161000000.0,1472750000.0,1161000000.0,3396727684.0,17.0,10.388,341000000.0,2.453,1.0,1466000000.0,0.94,950000000.0,7000000.0,422000000.0,287000000.0,0.0,55000000.0,0.0,55000000.0,823000000.0,435000000.0,388000000.0,4234727684.0,-336000000.0,-110000000.0,-58000000.0,-5000000.0,-488000000.0,-580000000.0,-176000000.0,17000000.0,424000000.0,-4000000.0,126000000.0,126000000.0,126000000.0,0.0,0.0,0.081,1279000000.0,187000000.0,170000000.0,3.846,3.647,33.609,33.385,344000000.0,0.0,30.38,2.715,2.707,183000000.0,681000000.0,1560000000.0,1560000000.0,293000000.0,0.054,0.086,0.7,0.129,124000000.0,859000000.0,1.0,139391958.0,139000000.0,141000000.0,11.223,1034000000.0,11000000.0,68000000.0,8000000.0,7.439,98000000.0
7,TRIP,MRT,2019-09-30,2019-09-30,2019-09-30,2021-08-06,-75000000.0,2468000000.0,2399000000.0,1181000000.0,1287000000.0,0.655,11.856,-76000000.0,838000000.0,838000000.0,92000000.0,118000000.0,2.524,0.498,0.0,0.0,0.0,0.0,72000000.0,123000000.0,0.0,0.0,0.0,205000000.0,328000000.0,0.209,328000000.0,205000000.0,197000000.0,0.85,0.84,0.85,1648000000.0,1550250000.0,1648000000.0,4487129299.0,22.0,13.68,319000000.0,2.295,1.0,1480000000.0,0.941,838000000.0,8000000.0,324000000.0,242750000.0,0.0,95000000.0,95000000.0,0.0,820000000.0,468000000.0,352000000.0,5388129299.0,175000000.0,0.0,5000000.0,-4000000.0,0.0,-34000000.0,-171000000.0,-93000000.0,395000000.0,-15000000.0,118000000.0,118000000.0,118000000.0,0.0,0.0,0.075,1292000000.0,188000000.0,212000000.0,0.0,3.269,45.662,45.506,341000000.0,0.0,38.68,3.428,3.42,218000000.0,1156000000.0,1572000000.0,1572000000.0,291000000.0,0.049,0.076,0.844,0.13,119000000.0,877000000.0,1.0,139300137.0,139000000.0,140000000.0,11.309,1630000000.0,2000000.0,79000000.0,8000000.0,11.727,713000000.0
8,TRIP,MRT,2019-06-30,2019-06-30,2019-06-30,2021-08-06,-65000000.0,2566000000.0,2330000000.0,1271000000.0,1295000000.0,0.688,11.331,-68000000.0,901000000.0,901000000.0,90000000.0,137000000.0,1.992,0.629,0.0,0.0,0.0,0.0,98000000.0,120000000.0,0.0,0.0,0.0,221000000.0,341000000.0,0.213,341000000.0,221000000.0,211000000.0,0.99,0.97,0.99,1575000000.0,1498750000.0,1575000000.0,5664653197.0,26.0,16.612,340000000.0,2.446,1.0,1512000000.0,0.944,856000000.0,10000000.0,171000000.0,208500000.0,0.0,65000000.0,65000000.0,0.0,991000000.0,638000000.0,353000000.0,6435653197.0,235000000.0,-1000000.0,4000000.0,-3000000.0,0.0,-33000000.0,-131000000.0,-50000000.0,408000000.0,-9000000.0,137000000.0,137000000.0,137000000.0,0.0,0.0,0.086,1303000000.0,209000000.0,359000000.0,0.0,4.086,46.976,46.758,337000000.0,0.0,46.29,4.017,4.016,270000000.0,1106000000.0,1602000000.0,1602000000.0,287000000.0,0.059,0.091,1.06,0.138,117000000.0,896000000.0,1.0,139029017.0,139000000.0,141000000.0,11.525,1710000000.0,1000000.0,74000000.0,12000000.0,12.302,633000000.0
9,TRIP,MRT,2019-03-31,2019-03-31,2019-03-31,2021-08-06,-64000000.0,2395000000.0,2264500000.0,1082000000.0,1313000000.0,0.712,10.92,-63000000.0,771000000.0,771000000.0,87000000.0,135000000.0,2.042,0.589,0.0,0.0,0.0,0.0,101000000.0,119000000.0,0.0,0.0,0.0,196000000.0,315000000.0,0.195,315000000.0,196000000.0,185000000.0,0.98,0.96,0.98,1507000000.0,1441750000.0,1507000000.0,6452108107.0,33.0,20.483,350000000.0,2.536,1.0,1526000000.0,0.946,863000000.0,11000000.0,231000000.0,192250000.0,0.0,40000000.0,40000000.0,0.0,888000000.0,530000000.0,358000000.0,7107108107.0,136000000.0,-24000000.0,-90000000.0,-9000000.0,0.0,-136000000.0,-119000000.0,-20000000.0,413000000.0,-22000000.0,135000000.0,135000000.0,135000000.0,0.0,0.0,0.084,1334000000.0,192000000.0,274000000.0,0.0,4.716,52.645,52.5,330000000.0,0.0,51.45,4.406,4.402,236000000.0,1072000000.0,1613000000.0,1613000000.0,281000000.0,0.06,0.094,1.02,0.122,116000000.0,934000000.0,1.0,138136212.0,138000000.0,141000000.0,11.688,1532000000.0,20000000.0,50000000.0,22000000.0,11.101,552000000.0
10,TRIP,MRT,2018-12-31,2018-12-31,2018-12-31,2021-08-06,-62000000.0,2167000000.0,2225750000.0,915000000.0,1252000000.0,0.726,10.659,-61000000.0,655000000.0,655000000.0,86000000.0,113000000.0,2.328,0.473,0.0,0.0,0.0,0.0,63000000.0,116000000.0,0.0,0.0,0.0,185000000.0,301000000.0,0.186,301000000.0,185000000.0,173000000.0,0.82,0.81,0.82,1471000000.0,1412500000.0,1471000000.0,6762724645.0,37.0,22.468,344000000.0,2.493,1.0,1529000000.0,0.947,874000000.0,12000000.0,245000000.0,179250000.0,0.0,27000000.0,15000000.0,12000000.0,696000000.0,393000000.0,303000000.0,7425724645.0,-18000000.0,-24000000.0,-94000000.0,-238000000.0,0.0,-358000000.0,-49000000.0,48000000.0,405000000.0,-16000000.0,113000000.0,113000000.0,113000000.0,0.0,0.0,0.07,1346000000.0,183000000.0,179000000.0,0.0,5.048,65.714,65.78,253000000.0,0.0,53.94,4.598,4.609,212000000.0,1043000000.0,1615000000.0,1615000000.0,275000000.0,0.051,0.08,1.032,0.115,118000000.0,955000000.0,1.0,137666382.0,138000000.0,140000000.0,11.703,1293000000.0,27000000.0,60000000.0,21000000.0,9.37,522000000.0
11,TRIP,MRT,2018-09-30,2018-09-30,2018-09-30,2021-08-06,-56000000.0,2192000000.0,2252000000.0,926000000.0,1266000000.0,0.706,10.449,-59000000.0,663000000.0,663000000.0,83000000.0,22000000.0,2.044,0.52,0.0,0.0,0.0,0.0,73000000.0,114000000.0,0.0,0.0,0.0,167000000.0,281000000.0,0.177,281000000.0,167000000.0,153000000.0,0.17,0.16,0.17,1442000000.0,1385500000.0,1442000000.0,6358539641.0,38.0,22.628,333000000.0,2.413,1.0,1507000000.0,0.948,889000000.0,14000000.0,187000000.0,257250000.0,0.0,0.0,0.0,0.0,750000000.0,453000000.0,297000000.0,7024539641.0,-87000000.0,-24000000.0,-97000000.0,-273000000.0,0.0,-391000000.0,-76000000.0,19000000.0,392000000.0,-12000000.0,22000000.0,22000000.0,22000000.0,0.0,0.0,0.014,1337000000.0,170000000.0,226000000.0,0.0,4.871,319.297,300.412,256000000.0,0.0,51.07,4.418,4.432,237000000.0,1035000000.0,1590000000.0,1590000000.0,266000000.0,0.01,0.016,0.649,0.105,114000000.0,957000000.0,1.0,137547281.0,138000000.0,141000000.0,11.522,1303000000.0,28000000.0,131000000.0,20000000.0,9.442,473000000.0
12,TRIP,MRT,2018-06-30,2018-06-30,2018-06-30,2021-08-06,-51000000.0,2304000000.0,2291000000.0,1040000000.0,1264000000.0,0.686,9.761,-60000000.0,666000000.0,666000000.0,80000000.0,-22000000.0,1.648,0.71,0.0,0.0,0.0,0.0,104000000.0,114000000.0,0.0,0.0,0.0,118000000.0,232000000.0,0.148,232000000.0,118000000.0,104000000.0,-0.15,-0.15,-0.15,1347000000.0,1379250000.0,1347000000.0,7026754835.0,60.0,30.288,183000000.0,1.326,1.0,1491000000.0,0.949,901000000.0,14000000.0,106000000.0,346000000.0,0.0,14000000.0,12000000.0,2000000.0,957000000.0,631000000.0,326000000.0,7654754835.0,-221000000.0,-23000000.0,-97000000.0,-268000000.0,0.0,-386000000.0,-77000000.0,6000000.0,243000000.0,-1000000.0,-22000000.0,-22000000.0,-22000000.0,0.0,0.0,-0.014,1368000000.0,123000000.0,364000000.0,0.0,5.683,-347.943,-371.4,258000000.0,0.0,55.71,4.873,4.894,300000000.0,966000000.0,1571000000.0,1571000000.0,255000000.0,-0.01,-0.016,0.341,0.075,110000000.0,1000000000.0,1.0,137403605.0,138000000.0,140000000.0,11.384,1403000000.0,21000000.0,126000000.0,19000000.0,10.167,409000000.0
13,TRIP,MRT,2018-03-31,2018-03-31,2018-03-31,2021-08-06,-34000000.0,2240000000.0,2333000000.0,983000000.0,1257000000.0,0.67,10.0,-61000000.0,635000000.0,635000000.0,76000000.0,-27000000.0,1.841,0.612,7000000.0,7000000.0,0.0,7000000.0,101000000.0,112000000.0,0.0,0.0,0.0,121000000.0,233000000.0,0.149,233000000.0,121000000.0,106000000.0,-0.19,-0.19,-0.19,1390000000.0,1381000000.0,1390000000.0,5247053225.0,43.0,22.52,217000000.0,1.561,1.0,1486000000.0,0.951,899000000.0,15000000.0,179000000.0,400750000.0,0.0,20000000.0,15000000.0,5000000.0,850000000.0,534000000.0,316000000.0,5683053225.0,-96000000.0,0.0,-104000000.0,-212000000.0,0.0,-332000000.0,-64000000.0,-3000000.0,278000000.0,22000000.0,-27000000.0,-27000000.0,-27000000.0,0.0,0.0,-0.017,1366000000.0,120000000.0,276000000.0,0.0,4.089,-210.483,-215.211,261000000.0,0.0,40.89,3.638,3.639,281000000.0,935000000.0,1562000000.0,1562000000.0,251000000.0,-0.012,-0.02,0.302,0.077,106000000.0,1004000000.0,1.0,138983938.0,139000000.0,140000000.0,11.237,1341000000.0,18000000.0,133000000.0,16000000.0,9.647,449000000.0
14,TRIP,MRT,2017-12-31,2017-12-31,2017-12-31,2021-08-06,-42000000.0,2272000000.0,2341500000.0,993000000.0,1279000000.0,0.665,9.736,-64000000.0,673000000.0,673000000.0,72000000.0,-19000000.0,2.669,0.667,230000000.0,0.0,230000000.0,230000000.0,60000000.0,111000000.0,0.0,0.0,0.0,125000000.0,236000000.0,0.152,236000000.0,125000000.0,110000000.0,-0.14,-0.14,-0.14,1363000000.0,1379500000.0,1363000000.0,4307783400.0,34.0,18.253,174000000.0,1.243,1.0,1484000000.0,0.954,900000000.0,15000000.0,557000000.0,457500000.0,0.0,62000000.0,35000000.0,27000000.0,909000000.0,372000000.0,537000000.0,4785783400.0,61000000.0,0.0,-247000000.0,64000000.0,0.0,-200000000.0,6000000.0,70000000.0,238000000.0,17000000.0,-19000000.0,-19000000.0,-19000000.0,0.0,0.0,-0.012,1360000000.0,124000000.0,164000000.0,0.0,3.511,-251.883,-246.143,263000000.0,0.0,34.46,3.076,3.101,230000000.0,926000000.0,1556000000.0,1556000000.0,243000000.0,-0.008,-0.014,0.273,0.08,96000000.0,1006000000.0,1.0,138879379.0,140000000.0,140000000.0,11.114,1372000000.0,46000000.0,129000000.0,14000000.0,9.8,621000000.0
15,TRIP,MRT,2017-09-30,2017-09-30,2017-09-30,2021-08-06,-47000000.0,2348000000.0,2333000000.0,1042000000.0,1306000000.0,0.665,10.194,-65000000.0,750000000.0,750000000.0,73000000.0,66000000.0,2.469,0.657,272000000.0,7000000.0,265000000.0,272000000.0,65000000.0,109000000.0,0.0,0.0,0.0,125000000.0,234000000.0,0.151,234000000.0,125000000.0,112000000.0,0.47,0.47,0.47,1417000000.0,1414250000.0,1417000000.0,5003645026.0,40.0,21.383,200000000.0,1.439,1.0,1478000000.0,0.953,906000000.0,13000000.0,542000000.0,436000000.0,0.0,19000000.0,13000000.0,6000000.0,931000000.0,422000000.0,509000000.0,5623645026.0,139000000.0,-20000000.0,-330000000.0,174000000.0,0.0,-173000000.0,41000000.0,125000000.0,265000000.0,6000000.0,66000000.0,66000000.0,66000000.0,0.0,0.0,0.043,1353000000.0,125000000.0,218000000.0,0.0,3.969,85.207,86.234,266000000.0,0.0,40.53,3.626,3.632,254000000.0,1010000000.0,1551000000.0,1551000000.0,242000000.0,0.028,0.047,0.287,0.081,93000000.0,1003000000.0,1.0,138752653.0,139000000.0,139000000.0,11.158,1442000000.0,58000000.0,46000000.0,20000000.0,10.374,620000000.0
16,TRIP,MRT,2017-06-30,2017-06-30,2017-06-30,2021-08-06,-57000000.0,2472000000.0,2315250000.0,1180000000.0,1292000000.0,0.662,9.671,-71000000.0,887000000.0,887000000.0,72000000.0,96000000.0,1.9,0.826,267000000.0,7000000.0,260000000.0,267000000.0,90000000.0,107000000.0,0.0,0.0,0.0,149000000.0,256000000.0,0.167,256000000.0,149000000.0,137000000.0,0.67,0.66,0.67,1354000000.0,1455000000.0,1354000000.0,4880869834.0,33.0,19.066,242000000.0,1.729,1.0,1461000000.0,0.953,906000000.0,12000000.0,325000000.0,398000000.0,0.0,21000000.0,17000000.0,4000000.0,1118000000.0,621000000.0,497000000.0,5394869834.0,121000000.0,-43000000.0,-336000000.0,173000000.0,0.0,-181000000.0,-9000000.0,104000000.0,313000000.0,-2000000.0,96000000.0,96000000.0,96000000.0,0.0,0.0,0.063,1312000000.0,149000000.0,351000000.0,0.0,3.984,56.197,57.015,266000000.0,0.0,38.2,3.519,3.489,252000000.0,985000000.0,1533000000.0,1533000000.0,243000000.0,0.041,0.066,0.374,0.097,89000000.0,962000000.0,1.0,141226959.0,140000000.0,141000000.0,10.95,1566000000.0,47000000.0,41000000.0,23000000.0,11.186,559000000.0
17,TRIP,MRT,2017-03-31,2017-03-31,2017-03-31,2021-08-06,-70000000.0,2274000000.0,2293500000.0,1003000000.0,1271000000.0,0.654,9.611,-73000000.0,731000000.0,731000000.0,72000000.0,103000000.0,2.219,0.643,217000000.0,7000000.0,210000000.0,217000000.0,87000000.0,104000000.0,0.0,0.0,0.0,148000000.0,252000000.0,0.168,252000000.0,148000000.0,137000000.0,0.71,0.7,0.71,1384000000.0,1492750000.0,1384000000.0,5780940334.0,39.0,22.94,258000000.0,1.792,1.0,1428000000.0,0.952,902000000.0,11000000.0,406000000.0,375250000.0,0.0,18000000.0,15000000.0,3000000.0,890000000.0,452000000.0,438000000.0,6221940334.0,78000000.0,-43000000.0,-246000000.0,106000000.0,0.0,-159000000.0,-76000000.0,38000000.0,331000000.0,-18000000.0,103000000.0,103000000.0,103000000.0,0.0,0.0,0.069,1278000000.0,150000000.0,230000000.0,0.0,4.496,60.407,60.789,262000000.0,0.0,43.16,4.148,4.143,232000000.0,958000000.0,1500000000.0,1500000000.0,242000000.0,0.045,0.069,0.394,0.099,85000000.0,931000000.0,1.0,144159878.0,144000000.0,145000000.0,10.417,1372000000.0,37000000.0,34000000.0,19000000.0,9.528,551000000.0
18,TRIP,MRT,2016-12-31,2016-12-31,2016-12-31,2021-08-06,-77000000.0,2238000000.0,2278500000.0,950000000.0,1288000000.0,0.65,10.359,-72000000.0,612000000.0,612000000.0,71000000.0,120000000.0,2.246,0.49,171000000.0,80000000.0,91000000.0,171000000.0,64000000.0,101000000.0,0.0,0.0,0.0,163000000.0,264000000.0,0.178,264000000.0,163000000.0,151000000.0,0.83,0.82,0.83,1502000000.0,1512750000.0,1502000000.0,6241165061.0,38.0,23.641,249000000.0,1.717,1.0,1409000000.0,0.952,903000000.0,12000000.0,471000000.0,356500000.0,0.0,134000000.0,118000000.0,16000000.0,736000000.0,423000000.0,313000000.0,6756165061.0,-2000000.0,-43000000.0,-98000000.0,-30000000.0,0.0,-143000000.0,-163000000.0,-50000000.0,321000000.0,-17000000.0,120000000.0,120000000.0,120000000.0,0.0,0.0,0.081,1243000000.0,166000000.0,142000000.0,0.0,4.498,56.301,55.867,260000000.0,0.0,46.37,4.565,4.543,189000000.0,945000000.0,1480000000.0,1480000000.0,243000000.0,0.053,0.079,0.457,0.11,85000000.0,899000000.0,1.0,145701209.0,145000000.0,147000000.0,10.207,1335000000.0,42000000.0,31000000.0,22000000.0,9.207,527000000.0
19,TRIP,MRT,2016-09-30,2016-09-30,2016-09-30,2021-08-06,-59000000.0,2277000000.0,2251000000.0,966000000.0,1311000000.0,0.654,10.822,-73000000.0,611000000.0,611000000.0,67000000.0,121000000.0,2.147,0.441,96000000.0,76000000.0,20000000.0,96000000.0,69000000.0,99000000.0,0.0,0.0,0.0,132000000.0,231000000.0,0.157,231000000.0,132000000.0,119000000.0,0.84,0.82,0.84,1580000000.0,1490250000.0,1580000000.0,8528653044.0,65.0,36.921,282000000.0,1.932,1.0,1406000000.0,0.955,922000000.0,13000000.0,390000000.0,362500000.0,0.0,145000000.0,116000000.0,29000000.0,697000000.0,450000000.0,247000000.0,9202653044.0,44000000.0,-20000000.0,-13000000.0,-195000000.0,0.0,-229000000.0,-72000000.0,18000000.0,355000000.0,-10000000.0,121000000.0,121000000.0,121000000.0,0.0,0.0,0.082,1276000000.0,130000000.0,163000000.0,0.0,5.824,76.055,75.214,262000000.0,0.0,63.18,6.248,6.262,221000000.0,944000000.0,1473000000.0,1473000000.0,241000000.0,0.054,0.081,0.364,0.09,84000000.0,935000000.0,1.0,145657693.0,146000000.0,147000000.0,10.089,1355000000.0,44000000.0,-2000000.0,36000000.0,9.281,516000000.0
20,TRIP,MRT,2016-06-30,2016-06-30,2016-06-30,2021-08-06,-62000000.0,2385000000.0,2231250000.0,1107000000.0,1278000000.0,0.657,10.308,-91000000.0,766000000.0,766000000.0,64000000.0,140000000.0,1.925,0.585,92000000.0,1000000.0,91000000.0,92000000.0,97000000.0,97000000.0,0.0,0.0,0.0,167000000.0,264000000.0,0.18,264000000.0,167000000.0,154000000.0,0.97,0.96,0.97,1505000000.0,1426750000.0,1505000000.0,8826906795.0,53.0,33.435,391000000.0,2.678,1.0,1403000000.0,0.956,902000000.0,13000000.0,234000000.0,425500000.0,0.0,125000000.0,87000000.0,38000000.0,880000000.0,575000000.0,305000000.0,9368906795.0,183000000.0,25000000.0,-6000000.0,-199000000.0,0.0,-257000000.0,-27000000.0,36000000.0,482000000.0,-15000000.0,140000000.0,140000000.0,140000000.0,0.0,0.0,0.095,1251000000.0,152000000.0,313000000.0,0.0,6.225,66.921,66.289,256000000.0,0.0,64.3,6.386,6.399,230000000.0,888000000.0,1467000000.0,1467000000.0,233000000.0,0.063,0.098,0.392,0.114,111000000.0,921000000.0,1.0,145706171.0,146000000.0,147000000.0,10.048,1483000000.0,0.0,14000000.0,29000000.0,10.158,532000000.0
21,TRIP,MRT,2016-03-31,2016-03-31,2016-03-31,2021-08-06,-54000000.0,2214000000.0,2204250000.0,964000000.0,1250000000.0,0.672,10.097,-95000000.0,653000000.0,653000000.0,60000000.0,164000000.0,2.231,0.512,111000000.0,1000000.0,110000000.0,111000000.0,93000000.0,96000000.0,0.0,0.0,0.0,204000000.0,300000000.0,0.203,300000000.0,204000000.0,192000000.0,1.14,1.13,1.14,1464000000.0,1360750000.0,1464000000.0,9247133738.0,45.0,30.824,348000000.0,2.4,1.0,1421000000.0,0.959,909000000.0,12000000.0,331000000.0,496500000.0,0.0,56000000.0,39000000.0,17000000.0,750000000.0,432000000.0,318000000.0,9660133738.0,148000000.0,1000000.0,5000000.0,-222000000.0,0.0,-284000000.0,-13000000.0,79000000.0,443000000.0,2000000.0,164000000.0,164000000.0,164000000.0,0.0,0.0,0.111,1237000000.0,184000000.0,194000000.0,0.0,6.598,58.903,58.333,252000000.0,0.0,66.5,6.523,6.511,244000000.0,853000000.0,1481000000.0,1481000000.0,220000000.0,0.074,0.121,0.411,0.138,82000000.0,921000000.0,1.0,145265169.0,145000000.0,147000000.0,10.214,1305000000.0,0.0,28000000.0,26000000.0,9.0,532000000.0
22,TRIP,MRT,2015-12-31,2015-12-31,2015-12-31,2021-08-06,-63000000.0,2128000000.0,2174250000.0,865000000.0,1263000000.0,0.686,9.806,-109000000.0,614000000.0,614000000.0,58000000.0,198000000.0,2.772,0.507,201000000.0,1000000.0,200000000.0,201000000.0,64000000.0,93000000.0,0.0,0.0,0.0,249000000.0,342000000.0,0.229,342000000.0,249000000.0,239000000.0,1.38,1.36,1.38,1412000000.0,1289500000.0,1412000000.0,12012916004.0,48.0,35.125,309000000.0,2.146,1.0,1434000000.0,0.961,908000000.0,10000000.0,495000000.0,551500000.0,0.0,84000000.0,47000000.0,37000000.0,716000000.0,312000000.0,404000000.0,12291916004.0,159000000.0,-4000000.0,12000000.0,-140000000.0,0.0,-189000000.0,-58000000.0,53000000.0,418000000.0,-12000000.0,198000000.0,198000000.0,198000000.0,0.0,0.0,0.133,1202000000.0,232000000.0,115000000.0,0.0,8.705,62.08,61.775,247000000.0,0.0,85.25,8.239,8.228,180000000.0,826000000.0,1492000000.0,1492000000.0,207000000.0,0.091,0.154,0.451,0.167,72000000.0,902000000.0,1.0,144186698.0,144000000.0,146000000.0,10.361,1220000000.0,25000000.0,41000000.0,24000000.0,8.472,553000000.0
23,TRIP,MRT,2015-09-30,2015-09-30,2015-09-30,2021-08-06,-59000000.0,2198000000.0,2129250000.0,943000000.0,1255000000.0,0.691,9.208,-119000000.0,567000000.0,567000000.0,57000000.0,231000000.0,2.649,0.658,288000000.0,1000000.0,287000000.0,288000000.0,67000000.0,89000000.0,0.0,0.0,0.0,331000000.0,420000000.0,0.286,420000000.0,331000000.0,321000000.0,1.6,1.59,1.6,1326000000.0,1217750000.0,1326000000.0,8785952796.0,27.0,20.919,301000000.0,2.09,1.0,1414000000.0,0.961,921000000.0,10000000.0,642000000.0,553000000.0,0.0,163000000.0,119000000.0,44000000.0,872000000.0,356000000.0,516000000.0,9080952796.0,76000000.0,-54000000.0,11000000.0,-58000000.0,0.0,-119000000.0,-214000000.0,-42000000.0,420000000.0,-11000000.0,231000000.0,231000000.0,231000000.0,0.0,0.0,0.157,1097000000.0,317000000.0,159000000.0,0.0,6.848,39.311,39.388,247000000.0,0.0,63.02,6.173,6.169,224000000.0,823000000.0,1471000000.0,1471000000.0,199000000.0,0.108,0.19,0.599,0.225,89000000.0,809000000.0,1.0,144096363.0,144000000.0,146000000.0,10.215,1277000000.0,0.0,90000000.0,42000000.0,8.868,587000000.0
24,TRIP,MRT,2015-06-30,2015-06-30,2015-06-30,2021-08-06,-50000000.0,2277000000.0,2068750000.0,1012000000.0,1265000000.0,0.682,8.618,-93000000.0,583000000.0,583000000.0,52000000.0,211000000.0,1.939,0.835,288000000.0,1000000.0,287000000.0,288000000.0,88000000.0,83000000.0,0.0,0.0,0.0,307000000.0,390000000.0,0.277,390000000.0,307000000.0,298000000.0,1.47,1.45,1.47,1241000000.0,1157750000.0,1241000000.0,12330417656.0,40.0,31.616,346000000.0,2.403,1.0,1358000000.0,0.963,942000000.0,9000000.0,518000000.0,509000000.0,0.0,163000000.0,128000000.0,35000000.0,1036000000.0,522000000.0,514000000.0,12505417656.0,-4000000.0,-208000000.0,10000000.0,-63000000.0,0.0,-98000000.0,-330000000.0,-30000000.0,439000000.0,-15000000.0,211000000.0,211000000.0,211000000.0,0.0,0.0,0.15,1045000000.0,313000000.0,280000000.0,0.0,10.077,59.267,59.279,247000000.0,0.0,87.14,8.869,8.899,243000000.0,749000000.0,1410000000.0,1410000000.0,191000000.0,0.102,0.182,0.603,0.218,52000000.0,770000000.0,1.0,143509498.0,144000000.0,146000000.0,9.792,1335000000.0,24000000.0,87000000.0,54000000.0,9.271,490000000.0
25,TRIP,MRT,2015-03-31,2015-03-31,2015-03-31,2021-08-06,-59000000.0,2094000000.0,1957250000.0,894000000.0,1200000000.0,0.679,8.245,-92000000.0,505000000.0,505000000.0,45000000.0,221000000.0,1.978,0.776,330000000.0,80000000.0,250000000.0,330000000.0,77000000.0,74000000.0,0.0,0.0,0.0,323000000.0,397000000.0,0.299,397000000.0,323000000.0,314000000.0,1.55,1.52,1.55,1179000000.0,1104000000.0,1179000000.0,11770212142.0,36.0,29.648,305000000.0,2.133,1.0,1283000000.0,0.966,916000000.0,9000000.0,551000000.0,502250000.0,0.0,137000000.0,118000000.0,19000000.0,915000000.0,452000000.0,463000000.0,11887212142.0,186000000.0,-336000000.0,9000000.0,-30000000.0,0.0,-50000000.0,-140000000.0,287000000.0,397000000.0,-21000000.0,221000000.0,221000000.0,221000000.0,0.0,0.0,0.166,949000000.0,334000000.0,174000000.0,0.0,10.082,53.788,53.658,226000000.0,0.0,83.17,8.951,8.956,229000000.0,691000000.0,1328000000.0,1328000000.0,182000000.0,0.113,0.2,0.643,0.243,69000000.0,693000000.0,1.0,142926682.0,143000000.0,146000000.0,9.287,1178000000.0,0.0,93000000.0,45000000.0,8.238,442000000.0
26,TRIP,MRT,2014-12-31,2014-12-31,2014-12-31,2021-08-06,-31000000.0,1948000000.0,1837500000.0,737000000.0,1211000000.0,0.678,7.867,-81000000.0,455000000.0,455000000.0,40000000.0,226000000.0,1.934,0.732,337000000.0,78000000.0,259000000.0,337000000.0,57000000.0,65000000.0,0.0,0.0,0.0,331000000.0,396000000.0,0.318,396000000.0,331000000.0,322000000.0,1.58,1.55,1.58,1125000000.0,1045250000.0,1125000000.0,10525726222.0,32.0,26.58,326000000.0,2.28,1.0,1206000000.0,0.968,948000000.0,9000000.0,501000000.0,567500000.0,0.0,139000000.0,108000000.0,31000000.0,823000000.0,381000000.0,442000000.0,10670726222.0,104000000.0,-331000000.0,3000000.0,-30000000.0,0.0,-61000000.0,-233000000.0,178000000.0,407000000.0,-9000000.0,226000000.0,226000000.0,226000000.0,0.0,0.0,0.181,866000000.0,340000000.0,112000000.0,0.0,9.485,47.216,47.253,195000000.0,0.0,74.66,8.564,8.569,151000000.0,628000000.0,1246000000.0,1246000000.0,171000000.0,0.123,0.216,0.583,0.266,63000000.0,630000000.0,1.0,142924273.0,143000000.0,146000000.0,8.713,1000000000.0,0.0,96000000.0,49000000.0,6.993,356000000.0
27,TRIP,MRT,2014-09-30,2014-09-30,2014-09-30,2021-08-06,-14000000.0,1956000000.0,1718750000.0,792000000.0,1164000000.0,0.681,7.594,-71000000.0,491000000.0,491000000.0,31000000.0,210000000.0,1.899,0.801,346000000.0,76000000.0,270000000.0,346000000.0,60000000.0,55000000.0,0.0,0.0,0.0,301000000.0,356000000.0,0.304,356000000.0,301000000.0,293000000.0,1.49,1.45,1.49,1086000000.0,980250000.0,1086000000.0,12819436423.0,43.0,36.01,326000000.0,2.28,1.0,1140000000.0,0.974,928000000.0,8000000.0,466000000.0,615500000.0,0.0,123000000.0,85000000.0,38000000.0,870000000.0,417000000.0,453000000.0,13053436423.0,216000000.0,-287000000.0,-2000000.0,-30000000.0,0.0,-50000000.0,-125000000.0,233000000.0,397000000.0,-6000000.0,210000000.0,210000000.0,210000000.0,0.0,0.0,0.179,832000000.0,308000000.0,133000000.0,0.0,12.02,62.159,61.356,161000000.0,0.0,91.42,11.147,11.164,180000000.0,592000000.0,1171000000.0,1171000000.0,161000000.0,0.122,0.214,0.489,0.257,37000000.0,616000000.0,1.0,142785347.0,143000000.0,146000000.0,8.189,1028000000.0,0.0,83000000.0,63000000.0,7.189,375000000.0
28,TRIP,MRT,2014-06-30,2014-06-30,2014-06-30,2021-08-06,0.0,1831000000.0,1591788250.0,855000000.0,976000000.0,0.673,7.175,-73000000.0,587000000.0,587000000.0,26000000.0,212000000.0,2.215,0.785,353000000.0,73000000.0,280000000.0,353000000.0,61000000.0,46000000.0,0.0,0.0,0.0,311000000.0,357000000.0,0.333,357000000.0,311000000.0,302000000.0,1.5,1.46,1.5,1026000000.0,915951500.0,1026000000.0,15542696386.0,50.0,43.537,410000000.0,2.867,1.0,1046000000.0,0.976,720000000.0,9000000.0,491000000.0,683867000.0,0.0,134000000.0,51000000.0,83000000.0,805000000.0,386000000.0,419000000.0,15500696386.0,388000000.0,-156000000.0,-105000000.0,-34000000.0,0.0,-151000000.0,50000000.0,279000000.0,483000000.0,6000000.0,212000000.0,212000000.0,212000000.0,0.0,0.0,0.198,738000000.0,308000000.0,136000000.0,0.0,15.108,73.116,72.44,141000000.0,0.0,108.66,14.46,14.495,185000000.0,538000000.0,1072000000.0,1072000000.0,149000000.0,0.133,0.231,0.455,0.29,33000000.0,543000000.0,1.0,142653197.0,143000000.0,146000000.0,7.497,1111000000.0,0.0,90000000.0,39000000.0,7.769,469000000.0
29,TRIP,MRT,2014-03-31,2014-03-31,2014-03-31,2021-08-06,1000000.0,1615000000.0,1497934500.0,645000000.0,970000000.0,0.665,6.648,-66000000.0,319000000.0,319000000.0,21000000.0,211000000.0,2.201,0.711,361000000.0,71000000.0,290000000.0,361000000.0,58000000.0,41000000.0,0.0,0.0,0.0,303000000.0,344000000.0,0.345,344000000.0,303000000.0,294000000.0,1.49,1.45,1.49,944000000.0,872441250.0,944000000.0,12902181899.0,43.0,37.506,348000000.0,2.451,1.0,975000000.0,0.979,552000000.0,9000000.0,812000000.0,772298000.0,0.0,426000000.0,142000000.0,284000000.0,671000000.0,293000000.0,378000000.0,12884868899.0,108000000.0,-34000000.0,-125000000.0,-32000000.0,0.0,-165000000.0,-144000000.0,-44000000.0,414000000.0,3000000.0,211000000.0,211000000.0,211000000.0,0.0,0.0,0.212,673000000.0,302000000.0,74000000.0,0.0,13.649,61.066,60.799,114000000.0,0.0,90.59,12.937,12.915,151000000.0,470000000.0,996000000.0,996000000.0,140000000.0,0.141,0.242,0.392,0.304,27000000.0,492000000.0,1.0,142232795.0,142000000.0,146000000.0,7.014,1063000000.0,18000000.0,83000000.0,24000000.0,7.486,352000000.0
30,TRIP,MRT,2013-12-31,2013-12-31,2013-12-31,2021-08-06,0.0,1473000000.0,1429604000.0,630000000.0,843000000.0,0.661,6.049,-55000000.0,351000000.0,351000000.0,18000000.0,205000000.0,2.593,0.703,368000000.0,68000000.0,300000000.0,368000000.0,44000000.0,36000000.0,0.0,0.0,0.0,294000000.0,330000000.0,0.349,330000000.0,294000000.0,284000000.0,1.44,1.41,1.44,865000000.0,836506750.0,865000000.0,11866854881.0,40.0,35.96,294000000.0,2.056,1.0,927000000.0,0.981,554000000.0,10000000.0,693000000.0,779420000.0,0.0,319000000.0,131000000.0,188000000.0,608000000.0,243000000.0,365000000.0,11767035881.0,-16000000.0,-35000000.0,-121000000.0,-45000000.0,0.0,-170000000.0,-196000000.0,-106000000.0,349000000.0,1000000.0,205000000.0,205000000.0,205000000.0,0.0,0.0,0.217,633000000.0,294000000.0,40000000.0,0.0,13.604,57.4,57.521,82000000.0,0.0,82.83,12.452,12.534,113000000.0,402000000.0,945000000.0,945000000.0,131000000.0,0.143,0.245,0.377,0.311,37000000.0,466000000.0,1.0,142062488.0,143000000.0,145000000.0,6.608,919000000.0,0.0,79000000.0,18000000.0,6.427,387000000.0
31,TRIP,MRT,2013-09-30,2013-09-30,2013-09-30,2021-08-06,-1308000.0,1448153000.0,1386152500.0,647752000.0,800401000.0,0.65,5.796,-47413000.0,276358000.0,276358000.0,17464000.0,219129000.0,2.522,0.747,376177000.0,66177000.0,310000000.0,376177000.0,44087000.0,32058000.0,0.0,0.0,0.0,311293000.0,343351000.0,0.381,343351000.0,311293000.0,300696000.0,1.53,1.5,1.53,828806000.0,801998750.0,828806000.0,11028599340.0,35.0,32.12,301658000.0,2.109,1.0,883963000.0,0.981,551693000.0,10597000.0,739468000.0,765747500.0,0.0,319522000.0,155997000.0,163525000.0,619347000.0,256811000.0,362536000.0,10844024340.0,-272840000.0,-42028000.0,-117000000.0,-39798000.0,0.0,-177549000.0,-446441000.0,-357000000.0,349071000.0,2079000.0,218510000.0,218510000.0,218510000.0,0.0,619000.0,0.242,571267000.0,312696000.0,40581000.0,0.0,13.084,49.627,49.569,64551000.0,0.0,75.84,12.03,12.031,185426000.0,381607000.0,901427000.0,901427000.0,119050000.0,0.158,0.272,0.407,0.345,35266000.0,420159000.0,1.0,142985553.0,143000000.0,145000000.0,6.304,896460000.0,20200000.0,82186000.0,21059000.0,6.269,390941000.0
32,TRIP,MRT,2013-06-30,2013-06-30,2013-06-30,2021-08-06,-4975000.0,1455585000.0,1338935000.0,611472000.0,844113000.0,0.642,5.916,-39751000.0,200058000.0,200058000.0,14340000.0,222664000.0,2.534,0.709,384633000.0,64633000.0,320000000.0,384633000.0,42416000.0,29405000.0,0.0,0.0,0.0,317810000.0,347215000.0,0.404,347215000.0,317810000.0,307331000.0,1.56,1.53,1.56,851959000.0,766958250.0,851959000.0,8906436840.0,28.0,25.651,240772000.0,1.672,1.0,844797000.0,0.983,554137000.0,10479000.0,844724000.0,690826750.0,0.0,415902000.0,196037000.0,219865000.0,603626000.0,241299000.0,362327000.0,8726994840.0,-278709000.0,-41028000.0,-14000000.0,-30627000.0,0.0,-65372000.0,-493779000.0,-413000000.0,280523000.0,-81000.0,221870000.0,221870000.0,221870000.0,0.0,794000.0,0.258,523852000.0,320945000.0,40404000.0,0.0,10.243,39.334,39.019,54601000.0,0.0,60.87,10.158,10.202,173220000.0,325725000.0,859137000.0,859137000.0,108585000.0,0.166,0.289,0.46,0.37,36551000.0,385862000.0,1.0,143371034.0,144000000.0,146000000.0,5.966,901448000.0,26148000.0,85461000.0,20070000.0,6.26,370173000.0
33,TRIP,MRT,2013-03-31,2013-03-31,2013-03-31,2021-08-06,-4477000.0,1341678000.0,1271852000.0,583824000.0,757854000.0,0.636,5.596,-30661000.0,211867000.0,211867000.0,13266000.0,208829000.0,3.347,0.677,391309000.0,61309000.0,330000000.0,391309000.0,35202000.0,26880000.0,0.0,0.0,0.0,304803000.0,331683000.0,0.41,331683000.0,304803000.0,293919000.0,1.47,1.44,1.47,800262000.0,710710500.0,800262000.0,7550048708.0,25.0,22.763,222620000.0,1.557,1.0,796019000.0,0.984,506179000.0,10884000.0,840488000.0,591122000.0,0.0,385155000.0,194277000.0,190878000.0,541416000.0,174453000.0,366963000.0,7505418708.0,2907000.0,-11028000.0,6000000.0,-23893000.0,0.0,175457000.0,-422689000.0,-381000000.0,253281000.0,-3142000.0,207889000.0,207889000.0,207889000.0,0.0,940000.0,0.257,485396000.0,310623000.0,10758000.0,0.0,9.379,36.103,35.728,46742000.0,0.0,52.52,9.274,9.28,151251000.0,258737000.0,809285000.0,809285000.0,98159000.0,0.163,0.293,0.516,0.377,36991000.0,360357000.0,1.0,142905916.0,143000000.0,145000000.0,5.659,835499000.0,15831000.0,86030000.0,18350000.0,5.843,409371000.0
34,TRIP,MRT,2012-12-31,2012-12-31,2012-12-31,2021-08-06,-869000.0,1299194000.0,1165039500.0,632494000.0,666700000.0,0.655,5.23,-29000000.0,367515000.0,367515000.0,12000000.0,195000000.0,3.233,0.787,412145000.0,72145000.0,340000000.0,412145000.0,31563000.0,26000000.0,0.0,0.0,0.0,292000000.0,318000000.0,0.417,318000000.0,292000000.0,281000000.0,1.39,1.37,1.39,726968000.0,599322500.0,726968000.0,5833170642.0,20.0,18.343,210000000.0,1.511,1.0,751000000.0,0.984,509874000.0,11000000.0,638310000.0,494106500.0,0.0,218218000.0,118970000.0,99248000.0,572226000.0,195640000.0,376586000.0,5967059642.0,184000000.0,-3000000.0,0.0,-15000000.0,0.0,190000000.0,-244000000.0,-212000000.0,239000000.0,-1000000.0,194000000.0,194000000.0,194000000.0,0.0,1000000.0,0.254,455000000.0,296000000.0,14099000.0,0.0,8.208,30.758,30.158,43802000.0,0.0,41.92,7.821,7.637,105430000.0,196438000.0,763000000.0,763000000.0,87000000.0,0.167,0.324,0.591,0.383,27000000.0,342000000.0,1.0,142343980.0,139000000.0,141000000.0,5.489,789320000.0,30716000.0,87000000.0,25620000.0,5.679,436854000.0
35,TRIP,MRT,2012-09-30,2012-09-30,2012-09-30,2021-08-06,-755000.0,1259283000.0,1049212500.0,699583000.0,559700000.0,0.697,4.838,-25881000.0,548372000.0,548372000.0,11216000.0,182888000.0,3.941,0.807,414483000.0,64483000.0,350000000.0,414483000.0,30014000.0,25938000.0,0.0,0.0,0.0,281017000.0,306955000.0,0.42,306955000.0,281017000.0,271854000.0,1.32,1.28,1.32,688644000.0,490964750.0,688644000.0,4623116086.0,16.0,15.061,168209000.0,1.182,1.0,720155000.0,0.985,508084000.0,9163000.0,439785000.0,444938000.0,0.0,0.0,0.0,0.0,555994000.0,177525000.0,378469000.0,4686996086.0,359992000.0,-21071000.0,0.0,398151000.0,0.0,613276000.0,-444841000.0,-397736000.0,194090000.0,-2533000.0,182511000.0,182511000.0,182511000.0,0.0,377000.0,0.25,437295000.0,282860000.0,20421000.0,0.0,6.806,25.681,24.947,41133000.0,0.0,32.93,6.409,6.409,135629000.0,162859000.0,731371000.0,731371000.0,79182000.0,0.174,0.372,0.632,0.384,28679000.0,325226000.0,1.0,142332101.0,142342000.0,143657000.0,5.138,751199000.0,6648000.0,89343000.0,28344000.0,5.277,522058000.0
36,TRIP,MRT,2012-06-30,2012-06-30,2012-06-30,2021-08-06,-2479000.0,1187253000.0,1018923500.0,630421000.0,556832000.0,0.686,4.502,-24148000.0,478241000.0,478241000.0,11567000.0,177646000.0,3.712,0.894,414361000.0,54361000.0,360000000.0,414361000.0,26970000.0,26615000.0,0.0,0.0,0.0,266787000.0,293402000.0,0.419,293402000.0,266787000.0,260718000.0,1.31,1.28,1.31,626968000.0,636990000.0,626968000.0,6203642443.0,23.0,21.144,171340000.0,1.23,1.0,687895000.0,0.983,507624000.0,6069000.0,445905000.0,257569000.0,0.0,0.0,0.0,0.0,560285000.0,169844000.0,390441000.0,5997640443.0,366517000.0,-24072000.0,0.0,399519000.0,0.0,614858000.0,-439641000.0,-391268000.0,195488000.0,-4188000.0,177465000.0,177465000.0,177465000.0,0.0,181000.0,0.254,415216000.0,272679000.0,28405000.0,0.0,9.566,33.796,34.115,38828000.0,0.0,44.69,8.575,8.899,137031000.0,103499000.0,699462000.0,699462000.0,70395000.0,0.174,0.279,1.036,0.381,22211000.0,307066000.0,1.0,134205425.0,139278000.0,141737000.0,5.022,679629000.0,6494000.0,83253000.0,29401000.0,4.88,460577000.0
37,TRIP,MRT,2012-03-31,2012-03-31,2012-03-31,2021-08-06,-1283000.0,914428000.0,846488000.0,355321000.0,559107000.0,0.793,2.652,-23669000.0,208625000.0,208625000.0,11376000.0,178591000.0,2.257,1.578,414627000.0,44627000.0,370000000.0,414627000.0,27014000.0,25786000.0,0.0,0.0,0.0,272241000.0,298027000.0,0.444,298027000.0,272241000.0,268577000.0,1.34,1.32,1.34,354710000.0,472894000.0,354710000.0,5022627547.0,18.0,16.853,170616000.0,1.276,1.0,660180000.0,0.983,510588000.0,3664000.0,452426000.0,246240000.0,0.0,0.0,0.0,0.0,559718000.0,157416000.0,402302000.0,4779425547.0,126708000.0,-24072000.0,0.0,401063000.0,0.0,399809000.0,-467145000.0,-419251000.0,194285000.0,-241000.0,178510000.0,178510000.0,178510000.0,0.0,81000.0,0.266,387360000.0,272820000.0,23806000.0,0.0,13.474,26.774,26.619,37760000.0,0.0,35.67,7.117,7.104,132042000.0,50480000.0,671556000.0,671556000.0,62200000.0,0.211,0.377,1.106,0.405,17237000.0,285200000.0,1.0,133990063.0,133754000.0,136158000.0,5.021,403840000.0,6496000.0,90067000.0,40555000.0,3.019,197905000.0
38,TRIP,MRT,2011-12-31,2011-12-31,2011-12-31,2021-08-06,-2710000.0,835886000.0,779387500.0,278322000.0,557564000.0,0.817,2.199,-21323000.0,183532000.0,183532000.0,10873000.0,177791000.0,2.2,1.834,426734000.0,46734000.0,380000000.0,426734000.0,19395000.0,25885000.0,0.0,0.0,0.0,272197000.0,298082000.0,0.468,298082000.0,272197000.0,271780000.0,1.33,1.32,1.33,293537000.0,416584500.0,293537000.0,3270800488.0,12.0,10.973,196559000.0,1.473,1.0,626190000.0,0.983,510922000.0,417000.0,441636000.0,209889000.0,0.0,0.0,0.0,0.0,538486000.0,126530000.0,411956000.0,3377889488.0,90399000.0,-35993000.0,0.0,414674000.0,0.0,411834000.0,-538862000.0,-481393000.0,217882000.0,-455000.0,177677000.0,177677000.0,177677000.0,0.0,114000.0,0.279,353433000.0,272757000.0,5903000.0,0.0,11.508,19.011,18.955,34754000.0,0.0,25.21,5.302,5.281,82017000.0,2369000.0,637063000.0,637063000.0,57448000.0,0.228,0.427,1.297,0.427,15773000.0,253946000.0,1.0,133990063.0,133461000.0,134865000.0,4.773,324964000.0,6494000.0,94103000.0,33233000.0,2.435,151792000.0
39,TRIP,MRT,2011-09-30,2011-09-30,2011-09-30,2021-08-06,,,,,,,,,,,,,,,,,,,,,,,0.0,,,,,,,,,,,,,,,,,,1.0,,,,,,,,,,,,,,,,,,,,,,,,,,,,,,,,,,,,,,,,,,,,,,,,,,,,,,1.0,133990063.0,133461000.0,,,,,,,,
40,TRIP,MRT,2011-06-30,2011-06-30,2011-06-30,2021-08-06,-1271000.0,850594000.0,,298488000.0,552106000.0,,4.848,-19652000.0,111724000.0,111724000.0,9029000.0,162946000.0,1.852,0.315,4635000.0,4635000.0,0.0,4635000.0,19764000.0,27425000.0,0.0,,0.0,261051000.0,288476000.0,0.511,288476000.0,261051000.0,260810000.0,,,,647012000.0,,647012000.0,,,,200336000.0,1.501,1.0,555079000.0,0.984,513060000.0,241000.0,69233000.0,,0.0,20967000.0,20967000.0,0.0,203582000.0,161212000.0,42370000.0,,69399000.0,-4893000.0,0.0,4515000.0,0.0,11343000.0,-163639000.0,-139094000.0,219988000.0,1707000.0,162683000.0,162683000.0,162683000.0,0.0,263000.0,0.288,296680000.0,258399000.0,21787000.0,,,,,32592000.0,0.0,,,,152306000.0,,564108000.0,564108000.0,45202000.0,,,,0.463,4660000.0,209411000.0,1.0,133990063.0,133461000.0,,4.227,337534000.0,8027000.0,98127000.0,107305000.0,2.529,137276000.0
41,TRIP,MRT,2011-03-31,2011-03-31,2011-03-31,2021-08-06,-1144000.0,778548000.0,,226214000.0,552334000.0,,4.429,,81917000.0,81917000.0,,,1.561,0.317,3307000.0,3307000.0,0.0,3307000.0,17586000.0,,0.0,,0.0,,,,,,,,,,591078000.0,,591078000.0,,,,,,1.0,,,514942000.0,,40054000.0,,0.0,20937000.0,20937000.0,0.0,187470000.0,144942000.0,42528000.0,,,,,,,,,,,,,,,,,,,,10044000.0,,,,,31657000.0,,,,,110387000.0,,,,,,,,,,,1.0,133990063.0,133461000.0,,,263606000.0,8484000.0,,109930000.0,1.975,81272000.0
42,TRIP,MRT,2010-12-31,2010-12-31,2010-12-31,2021-08-06,-1929000.0,722889000.0,648857500.0,176801000.0,546088000.0,0.747,4.043,-18813000.0,93133000.0,93133000.0,7345000.0,138954000.0,1.239,0.34,1779000.0,1779000.0,0.0,1779000.0,12119000.0,27480000.0,0.0,,0.0,224478000.0,251958000.0,0.52,251958000.0,224478000.0,224237000.0,1.04,1.04,1.04,539632000.0,464773000.0,539632000.0,,,,178102000.0,1.334,1.0,477290000.0,0.985,510704000.0,241000.0,-21858000.0,-53370500.0,0.0,20297000.0,20297000.0,0.0,183257000.0,142689000.0,40568000.0,,61769000.0,-34446000.0,0.0,1733000.0,0.0,4021000.0,-139770000.0,-86511000.0,196915000.0,603000.0,138776000.0,138776000.0,138776000.0,0.0,178000.0,0.286,250990000.0,226300000.0,25628000.0,0.0,,,,30744000.0,0.0,,,,51150000.0,0.0,484635000.0,484635000.0,43321000.0,0.214,0.299,-4.206,0.463,5370000.0,172289000.0,1.0,,133461000.0,133461000.0,3.631,212185000.0,7954000.0,85461000.0,93922000.0,1.59,34112000.0
43,TRIP,MRT,2010-06-30,2010-06-30,2010-06-30,2021-08-06,,,,,,,,,,,,,,,,,,,,,,,0.0,,,,,,,,,,,,,,,,,,1.0,,,,,,,,,,,,,,,,,,,,,,,,,,,,,,,,,,,,,,,,,,,,,,,,,,,,,,1.0,,,,,,,,,,
44,TRIP,MRT,2010-03-31,2010-03-31,2010-03-31,2021-08-06,,,,,,,,,,,,,,,,,,,,,,,0.0,,,,,,,,,,,,,,,,,,1.0,,,,,,,,,,,,,,,,,,,,,,,,,,,,,,,,,,,,,,,,,,,,,,,,,,,,,,1.0,,,,,,,,,,
45,TRIP,MRT,2009-12-31,2009-12-31,2009-12-31,2021-08-06,-3449000.0,574826000.0,,78997000.0,495829000.0,,2.922,-13873000.0,31364000.0,31364000.0,4569000.0,102215000.0,0.501,0.474,0.0,0.0,0.0,0.0,1208000.0,23136000.0,0.0,,0.0,166752000.0,189888000.0,0.539,189888000.0,166752000.0,166752000.0,0.77,0.77,0.77,389914000.0,,389914000.0,,,,111865000.0,0.838,1.0,347520000.0,0.987,470788000.0,0.0,-84883000.0,,0.0,0.0,0.0,0.0,184912000.0,157557000.0,27355000.0,,23363000.0,-44971000.0,0.0,0.0,0.0,46070000.0,-148930000.0,-90086000.0,125738000.0,485000.0,102427000.0,102427000.0,102427000.0,0.0,-212000.0,0.291,179342000.0,168178000.0,89093000.0,0.0,,,,24545000.0,0.0,,,,39491000.0,,352089000.0,352089000.0,29331000.0,,,,0.474,5793000.0,119965000.0,1.0,,133461000.0,133461000.0,2.638,104038000.0,4002000.0,64325000.0,72363000.0,0.78,-78560000.0
46,TRIP,MRT,2008-12-31,2008-12-31,2008-12-31,2021-08-06,,,,,,,,-17871000.0,,,2414000.0,72322000.0,,,,,,,,16183000.0,,,0.0,119159000.0,135342000.0,0.454,135342000.0,119159000.0,119159000.0,,,,,,,,,,92855000.0,,1.0,295832000.0,0.992,,0.0,,,,,,,,,,,-1563000.0,-199365000.0,0.0,0.0,0.0,190613000.0,-301859000.0,-84623000.0,110726000.0,-1043000.0,72371000.0,72371000.0,72371000.0,0.0,-49000.0,0.243,170949000.0,124883000.0,,,,,,,0.0,,,,,,298246000.0,298246000.0,30240000.0,,,,0.4,5560000.0,121228000.0,1.0,,,,,,,46788000.0,,,
