None,ticker,dimension,calendardate,datekey,reportperiod,lastupdated,accoci,assets,assetsavg,assetsc,assetsnc,assetturnover,bvps,capex,cashneq,cashnequsd,cor,consolinc,currentratio,de,debt,debtc,debtnc,debtusd,deferredrev,depamor,deposits,divyield,dps,ebit,ebitda,ebitdamargin,ebitdausd,ebitusd,ebt,eps,epsdil,epsusd,equity,equityavg,equityusd,ev,evebit,evebitda,fcf,fcfps,fxusd,gp,grossmargin,intangibles,intexp,invcap,invcapavg,inventory,investments,investmentsc,investmentsnc,liabilities,liabilitiesc,liabilitiesnc,marketcap,ncf,ncfbus,ncfcommon,ncfdebt,ncfdiv,ncff,ncfi,ncfinv,ncfo,ncfx,netinc,netinccmn,netinccmnusd,netincdis,netincnci,netmargin,opex,opinc,payables,payoutratio,pb,pe,pe1,ppnenet,prefdivis,price,ps,ps1,receivables,retearn,revenue,revenueusd,rnd,roa,roe,roic,ros,sbcomp,sgna,sharefactor,sharesbas,shareswa,shareswadil,sps,tangibles,taxassets,taxexp,taxliabilities,tbvps,workingcapital
0,QRVO,MRY,2021-12-31,2021-04-03,2021-04-03,2021-08-05,29649000.0,7221470000.0,7242489000.0,2483804000.0,4737666000.0,0.554,40.597,-186960000.0,1397880000.0,1397880000.0,2131741000.0,733611000.0,3.644,0.56,1747642000.0,5092000.0,1742550000.0,1747642000.0,0.0,456104000.0,0.0,0.0,0.0,882578000.0,1338682000.0,0.333,1338682000.0,882578000.0,807380000.0,6.43,6.32,6.43,4629425000.0,4472884250.0,4629425000.0,22362846180.0,25.0,16.705,1114893000.0,9.777,1.0,1883566000.0,0.469,3253863000.0,75198000.0,3635788000.0,3673081500.0,507787000.0,35370000.0,0.0,35370000.0,2592045000.0,681581000.0,1910464000.0,21848376180.0,682697000.0,-47069000.0,-472486000.0,118756000.0,0.0,-401923000.0,-218658000.0,0.0,1301853000.0,1425000.0,733611000.0,733611000.0,733611000.0,0.0,0.0,0.183,976939000.0,906627000.0,313868000.0,0.0,4.719,29.782,30.0,1266031000.0,0.0,192.9,5.441,5.478,484755000.0,355036000.0,4015307000.0,4015307000.0,570395000.0,0.101,0.164,0.24,0.22,89322000.0,367238000.0,1.0,113262707.0,114034000,116016000.0,35.211,3967607000.0,0.0,73769000.0,0.0,34.793,1802223000.0
1,QRVO,MRY,2020-12-31,2020-03-28,2020-03-28,2021-08-05,2288000.0,6560682000.0,6213784250.0,1690502000.0,4870180000.0,0.521,36.687,-164104000.0,714939000.0,714939000.0,1917378000.0,334325000.0,3.136,0.528,1574124000.0,6893000.0,1567231000.0,1574124000.0,0.0,468931000.0,0.0,0.0,0.0,455481000.0,924412000.0,0.285,924412000.0,455481000.0,395089000.0,2.86,2.8,2.86,4292665000.0,4308719750.0,4292665000.0,9810724472.0,22.0,10.613,781542000.0,6.679,1.0,1321763000.0,0.408,3423166000.0,60392000.0,3457698000.0,3270612500.0,517198000.0,22515000.0,0.0,22515000.0,2268017000.0,539003000.0,1729014000.0,9334592472.0,4230000.0,-946043000.0,-464933000.0,659000000.0,0.0,165559000.0,-1105742000.0,1950000.0,945646000.0,-1233000.0,334325000.0,334325000.0,334325000.0,0.0,0.0,0.103,898547000.0,423216000.0,246954000.0,0.0,2.175,27.921,28.213,1259203000.0,0.0,80.69,2.882,2.915,382188000.0,0.0,3239141000.0,3239141000.0,484414000.0,0.054,0.078,0.139,0.141,75978000.0,343569000.0,1.0,115684626.0,117007000,119293000.0,27.683,3137516000.0,0.0,60764000.0,0.0,26.815,1151499000.0
2,QRVO,MRY,2019-12-31,2019-03-30,2019-03-30,2021-08-05,-6624000.0,5808024000.0,5835927000.0,1684841000.0,4123183000.0,0.53,35.008,-220937000.0,711035000.0,711035000.0,1895142000.0,133125000.0,3.868,0.332,921015000.0,80000.0,920935000.0,921015000.0,0.0,663097000.0,0.0,0.0,0.0,135755000.0,798852000.0,0.259,798852000.0,135755000.0,91792000.0,1.07,1.05,1.07,4359679000.0,4561810250.0,4359679000.0,8872314767.0,65.0,11.106,589427000.0,4.733,1.0,1195183000.0,0.387,2582099000.0,43963000.0,3000291000.0,2853071500.0,511793000.0,97786000.0,0.0,97786000.0,1448345000.0,435614000.0,1012731000.0,8807623767.0,-215020000.0,0.0,-596785000.0,-145330000.0,0.0,-776664000.0,-247554000.0,400000.0,810364000.0,-1166000.0,133125000.0,133125000.0,133125000.0,0.0,0.0,0.043,978717000.0,216466000.0,233307000.0,0.0,2.02,66.161,67.037,1366513000.0,0.0,71.73,2.85,2.891,400106000.0,-321152000.0,3090325000.0,3090325000.0,450482000.0,0.023,0.029,0.048,0.044,71580000.0,476074000.0,1.0,122788565.0,124534000,127356000.0,24.815,3225925000.0,0.0,-41333000.0,0.0,25.904,1249227000.0
3,QRVO,MRY,2018-12-31,2018-03-31,2018-03-31,2021-08-05,-2752000.0,6381519000.0,6457235500.0,1843805000.0,4537714000.0,0.46,37.619,-269835000.0,926037000.0,926037000.0,1826570000.0,-40288000.0,4.178,0.336,983290000.0,0.0,983290000.0,983290000.0,0.0,714215000.0,0.0,0.0,0.0,76693000.0,790908000.0,0.266,790908000.0,76693000.0,17145000.0,-0.32,-0.32,-0.32,4775564000.0,4853474750.0,4775564000.0,9158878050.0,119.0,11.58,582685000.0,4.59,1.0,1146966000.0,0.386,3034225000.0,59548000.0,2963268000.0,3117264250.0,472292000.0,63765000.0,0.0,63765000.0,1605955000.0,441279000.0,1164676000.0,8911474050.0,380623000.0,0.0,-162495000.0,-7729000.0,0.0,-196848000.0,-277409000.0,0.0,852520000.0,2360000.0,-40288000.0,-40288000.0,-40288000.0,0.0,0.0,-0.014,1076684000.0,70282000.0,213193000.0,0.0,1.866,-221.194,-220.156,1374112000.0,0.0,70.45,2.997,3.008,390752000.0,-458769000.0,2973536000.0,2973536000.0,445103000.0,-0.006,-0.008,0.025,0.026,68158000.0,527751000.0,1.0,126493599.0,126946000,126946000.0,23.424,3347294000.0,0.0,57433000.0,63084000.0,26.368,1402526000.0
4,QRVO,MRY,2017-12-31,2017-04-01,2017-04-01,2021-08-05,-4306000.0,6522323000.0,6646710750.0,1461605000.0,5060718000.0,0.456,38.52,-552702000.0,545463000.0,545463000.0,1897062000.0,-16558000.0,3.49,0.332,989154000.0,0.0,989154000.0,989154000.0,0.0,704577000.0,0.0,0.0,0.0,86184000.0,790761000.0,0.261,790761000.0,86184000.0,27305000.0,-0.13,-0.13,-0.13,4896722000.0,4942447500.0,4896722000.0,9162663679.0,106.0,11.587,224118000.0,1.763,1.0,1135512000.0,0.374,3574477000.0,58879000.0,2972709000.0,2897252500.0,430454000.0,35494000.0,0.0,35494000.0,1625601000.0,418828000.0,1206773000.0,8669588679.0,119717000.0,-117994000.0,-150209000.0,0.0,0.0,-165650000.0,-490348000.0,186324000.0,776820000.0,-1105000.0,-16558000.0,-16558000.0,-16558000.0,0.0,0.0,-0.005,1050540000.0,84972000.0,216246000.0,0.0,1.77,-523.589,-527.385,1391932000.0,0.0,68.56,2.859,2.874,423195000.0,-456366000.0,3032574000.0,3032574000.0,470836000.0,-0.002,-0.003,0.03,0.028,88845000.0,545588000.0,1.0,126452577.0,127121000,127121000.0,23.856,2947846000.0,0.0,43863000.0,131511000.0,23.189,1042777000.0
5,QRVO,MRY,2016-12-31,2016-04-02,2016-04-02,2021-08-05,-3133000.0,6596819000.0,6762474000.0,1509210000.0,5087609000.0,0.386,35.225,-315624000.0,425881000.0,425881000.0,1561173000.0,-28845000.0,4.037,0.319,988130000.0,0.0,988130000.0,988130000.0,0.0,674951000.0,0.0,0.0,0.0,20454000.0,695405000.0,0.266,695405000.0,20454000.0,-2862000.0,-0.2,-0.2,-0.2,4999672000.0,5596008250.0,4999672000.0,7103950584.0,347.0,10.216,372303000.0,2.623,1.0,1049553000.0,0.402,3948212000.0,23316000.0,2837055000.0,2359948750.0,427551000.0,212858000.0,186808000.0,26050000.0,1597147000.0,373801000.0,1223346000.0,6967659584.0,125935000.0,0.0,-1248134000.0,986412000.0,0.0,-282984000.0,-278714000.0,49482000.0,687927000.0,-294000.0,-28845000.0,-28845000.0,-28845000.0,0.0,0.0,-0.011,1037585000.0,11968000.0,205364000.0,0.0,1.394,-241.555,-254.1,1046888000.0,0.0,50.82,2.669,2.763,363736000.0,-439808000.0,2610726000.0,2610726000.0,448763000.0,-0.004,-0.005,0.009,0.008,138581000.0,534099000.0,1.0,137104675.0,141937000,141937000.0,18.394,2648607000.0,0.0,25983000.0,152160000.0,18.66,1135409000.0
6,QRVO,MRY,2015-12-31,2015-03-28,2015-03-28,2021-08-05,-124000.0,6892379000.0,2014498500.0,1500105000.0,5392274000.0,0.849,68.229,-169862000.0,299814000.0,299814000.0,1021658000.0,196303000.0,4.611,0.117,0.0,0.0,0.0,0.0,0.0,216988000.0,0.0,0.0,0.0,122662000.0,339650000.0,0.199,339650000.0,122662000.0,121241000.0,2.17,2.11,2.17,6173160000.0,1767180500.0,6173160000.0,11652506884.0,95.0,34.307,135762000.0,1.501,1.0,689308000.0,0.403,4447815000.0,1421000.0,1819440000.0,626693750.0,346900000.0,248913000.0,244830000.0,4083000.0,719219000.0,325310000.0,393909000.0,11770599884.0,127916000.0,224324000.0,-4802000.0,-87539000.0,0.0,-112898000.0,-63942000.0,-126549000.0,305624000.0,-868000.0,196303000.0,196303000.0,196303000.0,0.0,0.0,0.115,566842000.0,122466000.0,182468000.0,0.0,1.907,59.961,36.535,883371000.0,0.0,79.28,6.88,4.192,379646000.0,-410963000.0,1710966000.0,1710966000.0,257494000.0,0.097,0.111,0.196,0.072,50948000.0,249886000.0,1.0,148468717.0,90477000,93211000.0,18.911,2444564000.0,150208000.0,-75062000.0,310189000.0,27.019,1174795000.0
7,QRVO,MRY,2014-12-31,2014-03-29,2014-03-29,2021-08-05,-785000.0,920312000.0,,537418000.0,382894000.0,,9.594,-64254000.0,171898000.0,171898000.0,743304000.0,12642000.0,2.443,0.361,87263000.0,87263000.0,0.0,87263000.0,0.0,74336000.0,0.0,,0.0,29856000.0,104192000.0,0.091,104192000.0,29856000.0,23873000.0,0.18,0.18,0.18,676351000.0,,676351000.0,,,,66595000.0,0.945,1.0,404927000.0,0.353,158891000.0,5983000.0,456813000.0,,125703000.0,75908000.0,72067000.0,3841000.0,243961000.0,219973000.0,23988000.0,,70236000.0,0.0,4700000.0,-122000.0,0.0,-4245000.0,-57033000.0,8548000.0,130849000.0,665000.0,12642000.0,12642000.0,12642000.0,0.0,0.0,0.011,377586000.0,27341000.0,79783000.0,0.0,,,,195996000.0,0.0,,,,150598000.0,-607266000.0,1148231000.0,1148231000.0,197269000.0,,,,0.026,29851000.0,151404000.0,1.0,,70499000,72019000.0,16.287,761421000.0,4419000.0,11231000.0,884000.0,10.8,317445000.0
8,QRVO,MRY,2013-12-31,2013-03-28,2013-03-28,2021-08-05,,,,,,,,-53796000.0,,,658332000.0,-52999000.0,,,,,,,,72464000.0,,,0.0,-19367000.0,53097000.0,0.055,53097000.0,-19367000.0,-25899000.0,-0.76,-0.76,-0.76,,,,,,,17456000.0,0.251,1.0,305815000.0,0.317,,6532000.0,,,,,,,,,,,-33862000.0,-47697000.0,-3011000.0,-80672000.0,0.0,-89670000.0,-14477000.0,87016000.0,71252000.0,-967000.0,-52999000.0,-52999000.0,-52999000.0,0.0,0.0,-0.055,321495000.0,-15680000.0,,0.0,,,,,0.0,,,,,,964147000.0,964147000.0,178793000.0,,,,-0.02,30819000.0,132916000.0,1.0,,69650000,69650000.0,13.843,,,27100000.0,,,
0,QRVO,MRQ,2021-06-30,2021-07-03,2021-07-03,2021-08-05,32918000.0,7271859000.0,,2374085000.0,4897774000.0,,41.494,-65248000.0,1200245000.0,1200245000.0,564168000.0,285626000.0,3.374,0.564,1746785000.0,5237000.0,1741548000.0,1746785000.0,0.0,89832000.0,0.0,0.0,0.0,313893000.0,403725000.0,0.364,403725000.0,313893000.0,298614000.0,2.55,2.51,2.55,4648394000.0,,4648394000.0,22379623504.0,21.0,14.876,276322000.0,2.467,1.0,546183000.0,0.492,3394526000.0,15279000.0,3720165000.0,,570144000.0,45939000.0,0.0,45939000.0,2623465000.0,703708000.0,1919757000.0,22029861504.0,-197779000.0,-166818000.0,-290459000.0,-1250000.0,0.0,-311379000.0,-227962000.0,0.0,341570000.0,-8000.0,285626000.0,285626000.0,285626000.0,0.0,0.0,0.257,249081000.0,297102000.0,352143000.0,0.0,4.739,23.885,24.009,1270727000.0,0.0,195.67,5.078,5.053,516540000.0,404562000.0,1110351000.0,1110351000.0,152079000.0,,,,,25238000.0,90299000.0,1.0,112586812.0,112026000,113872000.0,9.912,3877333000.0,0.0,12988000.0,0.0,34.611,1670377000.0
1,QRVO,MRQ,2021-03-31,2021-04-03,2021-04-03,2021-08-05,29649000.0,7221470000.0,,2483804000.0,4737666000.0,,40.874,-77455000.0,1397880000.0,1397880000.0,544255000.0,298737000.0,3.644,0.56,1747642000.0,5092000.0,1742550000.0,1747642000.0,0.0,85986000.0,0.0,0.0,0.0,302196000.0,388182000.0,0.362,388182000.0,302196000.0,286786000.0,2.63,2.58,2.63,4629425000.0,,4629425000.0,22362846180.0,25.0,16.705,325474000.0,2.874,1.0,528475000.0,0.493,3253863000.0,15410000.0,3635788000.0,,507787000.0,35370000.0,0.0,35370000.0,2592045000.0,681581000.0,1910464000.0,21848376180.0,163389000.0,0.0,-161074000.0,-1250000.0,0.0,-161035000.0,-77361000.0,0.0,402929000.0,-1144000.0,298737000.0,298737000.0,298737000.0,0.0,0.0,0.278,235407000.0,293068000.0,313868000.0,0.0,4.719,29.782,30.0,1266031000.0,0.0,192.9,5.441,5.478,484755000.0,355036000.0,1072730000.0,1072730000.0,147285000.0,,,,,18168000.0,78123000.0,1.0,113262707.0,113260000,115293000.0,9.471,3967607000.0,0.0,-11951000.0,0.0,35.031,1802223000.0
2,QRVO,MRQ,2020-12-31,2021-01-02,2021-01-02,2021-08-05,47489000.0,7041378000.0,,2322257000.0,4719121000.0,,39.572,-36119000.0,1234415000.0,1234415000.0,557082000.0,201035000.0,3.783,0.563,1748885000.0,5091000.0,1743794000.0,1748885000.0,0.0,124849000.0,0.0,0.0,0.0,240969000.0,365818000.0,0.334,365818000.0,240969000.0,223516000.0,1.77,1.74,1.77,4503701000.0,,4503701000.0,19633000540.0,30.0,17.031,367556000.0,3.23,1.0,537752000.0,0.491,3307151000.0,17453000.0,3634799000.0,,479340000.0,31271000.0,0.0,31271000.0,2537677000.0,613898000.0,1923779000.0,18963775540.0,-765987000.0,451000.0,-153156000.0,-986744000.0,0.0,-1141323000.0,-29972000.0,0.0,403675000.0,1633000.0,201035000.0,201035000.0,201035000.0,0.0,0.0,0.184,238549000.0,299203000.0,301576000.0,0.0,4.211,39.079,39.031,1232374000.0,0.0,166.27,5.084,5.073,519699000.0,193329000.0,1094834000.0,1094834000.0,136697000.0,,,,,19247000.0,93139000.0,1.0,114054102.0,113811000,115690000.0,9.62,3734227000.0,0.0,22481000.0,0.0,32.811,1708359000.0
3,QRVO,MRQ,2020-09-30,2020-10-03,2020-10-03,2021-08-05,26616000.0,7824422000.0,,3062726000.0,4761696000.0,,38.548,-43554000.0,2000257000.0,2000257000.0,568742000.0,136917000.0,2.074,0.775,2669482000.0,905086000.0,1764396000.0,2669482000.0,0.0,123154000.0,0.0,0.0,0.0,223564000.0,346718000.0,0.327,346718000.0,223564000.0,200078000.0,1.2,1.18,1.2,4407166000.0,,4407166000.0,15655641713.0,25.0,14.183,237414000.0,2.077,1.0,491550000.0,0.464,3354508000.0,23486000.0,3662122000.0,,476846000.0,37848000.0,0.0,37848000.0,3417256000.0,1477017000.0,1940239000.0,14915854713.0,864013000.0,-47675000.0,-93681000.0,801250000.0,0.0,670594000.0,-87978000.0,0.0,280968000.0,429000.0,136917000.0,136917000.0,136917000.0,0.0,0.0,0.129,269906000.0,221644000.0,242147000.0,0.0,3.384,33.475,33.652,1224853000.0,0.0,130.57,4.256,4.26,498931000.0,112563000.0,1060292000.0,1060292000.0,156342000.0,,,,,30048000.0,109372000.0,1.0,114236461.0,114328000,116177000.0,9.274,4469914000.0,0.0,63161000.0,0.0,39.097,1585709000.0
4,QRVO,MRQ,2020-06-30,2020-06-27,2020-06-27,2021-08-05,8394000.0,6882686000.0,,2079329000.0,4803357000.0,,37.974,-29832000.0,1136302000.0,1136302000.0,461662000.0,96922000.0,4.082,0.582,1876089000.0,6587000.0,1869502000.0,1876089000.0,0.0,122115000.0,0.0,0.0,0.0,115849000.0,237964000.0,0.302,237964000.0,115849000.0,97000000.0,0.85,0.83,0.85,4351245000.0,,4351245000.0,13178197128.0,26.0,13.405,184449000.0,1.61,1.0,325789000.0,0.414,3353524000.0,18849000.0,3759617000.0,,523690000.0,36921000.0,0.0,36921000.0,2531441000.0,509332000.0,2022109000.0,12319012128.0,421282000.0,155000.0,-64575000.0,305500000.0,0.0,229841000.0,-23347000.0,0.0,214281000.0,507000.0,96922000.0,96922000.0,96922000.0,0.0,0.0,0.123,233077000.0,92712000.0,225905000.0,0.0,2.831,31.45,31.673,1235676000.0,0.0,107.37,3.789,3.784,337362000.0,49230000.0,787451000.0,787451000.0,130071000.0,,,,,21859000.0,86604000.0,1.0,114734210.0,114585000,116751000.0,6.872,3529162000.0,0.0,78000.0,0.0,30.8,1569997000.0
5,QRVO,MRQ,2020-03-31,2020-03-28,2020-03-28,2021-08-05,2288000.0,6560682000.0,,1690502000.0,4870180000.0,,37.095,-35100000.0,714939000.0,714939000.0,451991000.0,50390000.0,3.136,0.528,1574124000.0,6893000.0,1567231000.0,1574124000.0,0.0,118687000.0,0.0,0.0,0.0,83570000.0,202257000.0,0.257,202257000.0,83570000.0,64635000.0,0.44,0.43,0.44,4292665000.0,,4292665000.0,9810724472.0,22.0,10.613,179295000.0,1.549,1.0,335781000.0,0.426,3423166000.0,18935000.0,3457698000.0,,517198000.0,22515000.0,0.0,22515000.0,2268017000.0,539003000.0,1729014000.0,9334592472.0,-382568000.0,-451260000.0,-112346000.0,0.0,0.0,-113589000.0,-482642000.0,0.0,214395000.0,-732000.0,50390000.0,50390000.0,50390000.0,0.0,0.0,0.064,233627000.0,102154000.0,246954000.0,0.0,2.175,27.921,28.213,1259203000.0,0.0,80.69,2.882,2.915,382188000.0,0.0,787772000.0,787772000.0,127029000.0,,,,,13768000.0,85111000.0,1.0,115684626.0,115720000,118036000.0,6.808,3137516000.0,0.0,14245000.0,0.0,27.113,1151499000.0
6,QRVO,MRQ,2019-12-31,2019-12-28,2019-12-28,2021-08-05,-6843000.0,6519503000.0,,2067672000.0,4451831000.0,,37.367,-40666000.0,1097724000.0,1097724000.0,500962000.0,161356000.0,4.209,0.502,1573856000.0,5302000.0,1568554000.0,1573856000.0,0.0,116785000.0,0.0,0.0,0.0,200091000.0,316876000.0,0.365,316876000.0,200091000.0,183191000.0,1.39,1.36,1.39,4339377000.0,,4339377000.0,14007287466.0,32.0,15.502,260055000.0,2.239,1.0,368111000.0,0.424,3011109000.0,16900000.0,3493321000.0,,479885000.0,40896000.0,0.0,40896000.0,2180126000.0,491205000.0,1688921000.0,13573785466.0,510939000.0,-195110000.0,-107687000.0,559000000.0,0.0,445425000.0,-235797000.0,0.0,300721000.0,590000.0,161356000.0,161356000.0,161356000.0,0.0,0.0,0.186,215042000.0,153069000.0,239180000.0,0.0,3.128,39.293,39.877,1278988000.0,0.0,116.84,4.334,4.332,426455000.0,-37148000.0,869073000.0,869073000.0,122851000.0,,,,,16381000.0,81205000.0,1.0,116174131.0,116129000,118455000.0,7.484,3508394000.0,0.0,21835000.0,0.0,30.211,1576467000.0
7,QRVO,MRQ,2019-09-30,2019-09-28,2019-09-28,2021-08-05,-7658000.0,5848571000.0,,1551814000.0,4296757000.0,,36.366,-38043000.0,586794000.0,586794000.0,483116000.0,83038000.0,3.451,0.371,1020296000.0,4233000.0,1016063000.0,1020296000.0,0.0,111189000.0,0.0,0.0,0.0,114759000.0,225948000.0,0.28,225948000.0,114759000.0,102066000.0,0.71,0.7,0.71,4265494000.0,,4265494000.0,9016117432.0,29.0,10.577,135369000.0,1.154,1.0,323582000.0,0.401,2756924000.0,12693000.0,3075520000.0,,485284000.0,97549000.0,0.0,97549000.0,1583077000.0,449629000.0,1133448000.0,8625370432.0,-42709000.0,-8122000.0,-154206000.0,0.0,0.0,-170143000.0,-45171000.0,0.0,173412000.0,-807000.0,83038000.0,83038000.0,83038000.0,0.0,0.0,0.103,210815000.0,112767000.0,213936000.0,0.0,2.022,34.01,34.871,1296103000.0,0.0,73.23,2.786,2.775,419245000.0,-198504000.0,806698000.0,806698000.0,115614000.0,,,,,20876000.0,88274000.0,1.0,117784657.0,117294000,119429000.0,6.878,3091647000.0,0.0,19028000.0,0.0,26.358,1102185000.0
8,QRVO,MRQ,2019-06-30,2019-06-29,2019-06-29,2021-08-05,-6681000.0,5926381000.0,,1556833000.0,4369548000.0,,36.523,-50295000.0,629599000.0,629599000.0,481309000.0,39541000.0,3.443,0.366,1020346000.0,1732000.0,1018614000.0,1020346000.0,0.0,122270000.0,0.0,0.0,0.0,57061000.0,179331000.0,0.231,179331000.0,57061000.0,45197000.0,0.33,0.33,0.33,4337343000.0,,4337343000.0,8144784860.0,34.0,9.591,206823000.0,1.742,1.0,294289000.0,0.379,2809071000.0,11864000.0,3055911000.0,,517755000.0,97990000.0,0.0,97990000.0,1589038000.0,452146000.0,1136892000.0,7936549860.0,-81432000.0,-291551000.0,-90694000.0,100000000.0,0.0,3866000.0,-342132000.0,1950000.0,257118000.0,-284000.0,39541000.0,39541000.0,39541000.0,0.0,0.0,0.051,239063000.0,55226000.0,224735000.0,0.0,1.83,39.162,40.37,1309471000.0,0.0,66.61,2.501,2.493,343220000.0,-281542000.0,775598000.0,775598000.0,118920000.0,,,,,24953000.0,88979000.0,1.0,119149525.0,118756000,121123000.0,6.531,3117310000.0,0.0,5656000.0,0.0,26.25,1104687000.0
9,QRVO,MRQ,2019-03-31,2019-03-30,2019-03-30,2021-08-05,-6624000.0,5808024000.0,,1684841000.0,4123183000.0,,35.786,-35310000.0,711035000.0,711035000.0,414309000.0,61517000.0,3.868,0.332,921015000.0,80000.0,920935000.0,921015000.0,0.0,120889000.0,0.0,0.0,0.0,60555000.0,181444000.0,0.266,181444000.0,60555000.0,50196000.0,0.5,0.49,0.5,4359679000.0,,4359679000.0,8872314767.0,65.0,11.106,152035000.0,1.248,1.0,266573000.0,0.392,2582099000.0,10359000.0,3000291000.0,,511793000.0,97786000.0,0.0,97786000.0,1448345000.0,435614000.0,1012731000.0,8807623767.0,61318000.0,0.0,-283562000.0,200868000.0,0.0,-85138000.0,-42092000.0,-3000.0,187345000.0,1203000.0,61517000.0,61517000.0,61517000.0,0.0,0.0,0.09,202526000.0,64047000.0,233307000.0,0.0,2.02,66.161,67.037,1366513000.0,0.0,71.73,2.85,2.891,400106000.0,-321152000.0,680882000.0,680882000.0,112846000.0,,,,,12706000.0,75033000.0,1.0,122788565.0,121825000,124344000.0,5.589,3225925000.0,0.0,-11321000.0,0.0,26.48,1249227000.0
10,QRVO,MRQ,2018-12-31,2018-12-29,2018-12-29,2021-08-05,-6070000.0,5806291000.0,,1615536000.0,4190755000.0,,36.822,-71961000.0,649711000.0,649711000.0,493967000.0,69517000.0,3.903,0.268,714402000.0,0.0,714402000.0,714402000.0,0.0,185286000.0,0.0,0.0,0.0,80451000.0,265737000.0,0.319,265737000.0,80451000.0,70889000.0,0.56,0.55,0.56,4577320000.0,,4577320000.0,7770150956.0,163.0,10.159,261262000.0,2.102,1.0,338363000.0,0.407,2637248000.0,9562000.0,2819802000.0,,464949000.0,90696000.0,0.0,90696000.0,1228971000.0,413932000.0,815039000.0,7592976956.0,91796000.0,0.0,-144947000.0,-22753000.0,0.0,-168567000.0,-72707000.0,0.0,333223000.0,-153000.0,69517000.0,69517000.0,69517000.0,0.0,0.0,0.084,257206000.0,81157000.0,229266000.0,0.0,1.659,128.462,126.646,1397589000.0,0.0,60.79,2.469,2.458,442802000.0,-382669000.0,832330000.0,832330000.0,109985000.0,,,,,18624000.0,125604000.0,1.0,124905033.0,124308000,126842000.0,6.696,3169043000.0,0.0,1372000.0,6978000.0,25.493,1201604000.0
11,QRVO,MRQ,2018-09-30,2018-09-29,2018-09-29,2021-08-05,-5008000.0,5947061000.0,,1619770000.0,4327291000.0,,36.867,-70102000.0,557924000.0,557924000.0,530929000.0,32084000.0,3.503,0.284,735098000.0,0.0,735098000.0,735098000.0,0.0,180150000.0,0.0,0.0,0.0,42525000.0,222675000.0,0.252,222675000.0,42525000.0,32836000.0,0.26,0.25,0.26,4632137000.0,,4632137000.0,9884952876.0,202.0,12.95,144435000.0,1.15,1.0,353514000.0,0.4,2769741000.0,9689000.0,2892111000.0,,474532000.0,90903000.0,0.0,90903000.0,1314924000.0,462383000.0,852541000.0,9660711876.0,223884000.0,0.0,-78161000.0,134727000.0,0.0,32344000.0,-22795000.0,58132000.0,214537000.0,-202000.0,32084000.0,32084000.0,32084000.0,0.0,0.0,0.036,312569000.0,40945000.0,229009000.0,0.0,2.086,-222.126,-226.147,1401865000.0,0.0,76.89,3.128,3.128,530156000.0,-452186000.0,884443000.0,884443000.0,116748000.0,,,,,20905000.0,139507000.0,1.0,125643281.0,125643000,128550000.0,7.039,3177320000.0,0.0,752000.0,21932000.0,25.288,1157387000.0
12,QRVO,MRQ,2018-06-30,2018-06-30,2018-06-30,2021-08-05,-4936000.0,5782332000.0,,1367706000.0,4414626000.0,,37.07,-43564000.0,334039000.0,334039000.0,455937000.0,-29993000.0,3.391,0.236,558280000.0,0.0,558280000.0,558280000.0,0.0,176772000.0,0.0,0.0,0.0,-47776000.0,128996000.0,0.186,128996000.0,-47776000.0,-62129000.0,-0.24,-0.24,-0.24,4678105000.0,,4678105000.0,10198001436.0,179.0,11.268,31695000.0,0.251,1.0,236733000.0,0.342,2903127000.0,14353000.0,2700082000.0,,501578000.0,137525000.0,58010000.0,79515000.0,1104227000.0,403364000.0,700863000.0,10140748436.0,-592018000.0,0.0,-90115000.0,-458172000.0,0.0,-555303000.0,-109960000.0,-57729000.0,75259000.0,-2014000.0,-29993000.0,-29993000.0,-29993000.0,0.0,0.0,-0.043,287903000.0,-51170000.0,219143000.0,0.0,2.168,-255.711,-250.531,1368588000.0,0.0,80.17,3.352,3.344,414656000.0,-484270000.0,692670000.0,692670000.0,110903000.0,,,,,19345000.0,135930000.0,1.0,126490563.0,126198000,126198000.0,5.489,2879205000.0,0.0,-32136000.0,37155000.0,22.815,964342000.0
13,QRVO,MRQ,2018-03-31,2018-03-31,2018-03-31,2021-08-05,-2752000.0,6381519000.0,,1843805000.0,4537714000.0,,37.742,-32177000.0,926037000.0,926037000.0,412743000.0,-12501000.0,4.178,0.336,983290000.0,0.0,983290000.0,983290000.0,0.0,174961000.0,0.0,0.0,0.0,-27518000.0,147443000.0,0.222,147443000.0,-27518000.0,-43679000.0,-0.1,-0.1,-0.1,4775564000.0,,4775564000.0,9158878050.0,119.0,11.58,226781000.0,1.792,1.0,252640000.0,0.38,3034225000.0,16161000.0,2963268000.0,,472292000.0,63765000.0,0.0,63765000.0,1605955000.0,441279000.0,1164676000.0,8911474050.0,84721000.0,0.0,-35681000.0,-107729000.0,0.0,-143788000.0,-31038000.0,0.0,258958000.0,589000.0,-12501000.0,-12501000.0,-12501000.0,0.0,0.0,-0.019,282530000.0,-29890000.0,213193000.0,0.0,1.866,-221.194,-220.156,1374112000.0,0.0,70.45,2.997,3.008,390752000.0,-458769000.0,665383000.0,665383000.0,110795000.0,,,,,9859000.0,122898000.0,1.0,126493599.0,126532000,126532000.0,5.259,3347294000.0,0.0,-31178000.0,63084000.0,26.454,1402526000.0
14,QRVO,MRQ,2017-12-31,2017-12-30,2017-12-30,2021-08-05,-3082000.0,6526647000.0,,1814166000.0,4712481000.0,,37.951,-45439000.0,841326000.0,841326000.0,508812000.0,-33082000.0,4.718,0.354,1088730000.0,0.0,1088730000.0,1088730000.0,0.0,182441000.0,0.0,0.0,0.0,81778000.0,264219000.0,0.312,264219000.0,81778000.0,65440000.0,-0.26,-0.26,-0.26,4821078000.0,,4821078000.0,8882882060.0,110.0,7.585,224629000.0,1.768,1.0,336927000.0,0.398,3167518000.0,16338000.0,3222015000.0,,422907000.0,62756000.0,0.0,62756000.0,1705569000.0,384518000.0,1321051000.0,8468063060.0,266458000.0,0.0,-70756000.0,100000000.0,0.0,27003000.0,-31124000.0,0.0,270068000.0,511000.0,-33082000.0,-33082000.0,-33082000.0,0.0,0.0,-0.039,257364000.0,79563000.0,192046000.0,0.0,1.756,301.13,302.727,1417141000.0,0.0,66.6,2.869,2.867,492869000.0,-446268000.0,845739000.0,845739000.0,106411000.0,,,,,13715000.0,126555000.0,1.0,127148094.0,127034000,127034000.0,6.658,3359129000.0,0.0,98522000.0,58879000.0,26.443,1429648000.0
15,QRVO,MRQ,2017-09-30,2017-09-30,2017-09-30,2021-08-05,-3979000.0,6478080000.0,,1608208000.0,4869872000.0,,38.541,-67791000.0,574873000.0,574873000.0,500561000.0,35919000.0,3.802,0.321,989692000.0,0.0,989692000.0,989692000.0,0.0,313986000.0,0.0,0.0,0.0,50430000.0,364416000.0,0.444,364416000.0,50430000.0,35652000.0,0.28,0.27,0.28,4904576000.0,,4904576000.0,9472073641.0,164.0,9.268,152067000.0,1.195,1.0,321022000.0,0.391,3303925000.0,14778000.0,3165972000.0,,461005000.0,66085000.0,0.0,66085000.0,1573504000.0,423002000.0,1150502000.0,8995284641.0,62253000.0,0.0,-44659000.0,0.0,0.0,-60260000.0,-97855000.0,0.0,219858000.0,510000.0,35919000.0,35919000.0,35919000.0,0.0,0.0,0.044,271650000.0,49372000.0,212750000.0,0.0,1.834,-515.933,-504.857,1443392000.0,0.0,70.68,3.068,3.068,510237000.0,-413186000.0,821583000.0,821583000.0,111398000.0,,,,,23458000.0,138867000.0,1.0,127267751.0,127257000,130778000.0,6.456,3174155000.0,0.0,-267000.0,74168000.0,24.943,1185206000.0
16,QRVO,MRQ,2017-06-30,2017-07-01,2017-07-01,2021-08-05,-3587000.0,6442696000.0,,1467216000.0,4975480000.0,,38.694,-124428000.0,512631000.0,512631000.0,404454000.0,-30624000.0,4.054,0.311,989420000.0,0.0,989420000.0,989420000.0,0.0,42827000.0,0.0,0.0,0.0,-27997000.0,14830000.0,0.023,14830000.0,-27997000.0,-40268000.0,-0.24,-0.24,-0.24,4912681000.0,,4912681000.0,8491486844.0,161.0,11.266,-20792000.0,-0.164,1.0,236377000.0,0.369,3439765000.0,12271000.0,3117802000.0,,470880000.0,36248000.0,0.0,36248000.0,1530015000.0,361918000.0,1168097000.0,8047795844.0,-32809000.0,0.0,-11399000.0,0.0,0.0,-19803000.0,-117392000.0,0.0,103636000.0,750000.0,-30624000.0,-30624000.0,-30624000.0,0.0,0.0,-0.048,265140000.0,-28763000.0,215033000.0,0.0,1.638,-193.89,-191.879,1440105000.0,0.0,63.32,2.705,2.702,415453000.0,-449105000.0,640831000.0,640831000.0,116499000.0,,,,,21126000.0,139431000.0,1.0,127097218.0,126961000,126961000.0,5.047,3002931000.0,0.0,-9644000.0,89279000.0,23.652,1105298000.0
17,QRVO,MRQ,2017-03-31,2017-04-01,2017-04-01,2021-08-05,-4306000.0,6522323000.0,,1461605000.0,5060718000.0,,38.695,-165747000.0,545463000.0,545463000.0,411396000.0,55908000.0,3.49,0.332,989154000.0,0.0,989154000.0,989154000.0,0.0,551291000.0,0.0,0.0,0.0,-23614000.0,527677000.0,0.821,527677000.0,-23614000.0,-37288000.0,0.44,0.44,0.44,4896722000.0,,4896722000.0,9162663679.0,106.0,11.587,81324000.0,0.643,1.0,231596000.0,0.36,3574477000.0,13674000.0,2972709000.0,,430454000.0,35494000.0,0.0,35494000.0,1625601000.0,418828000.0,1206773000.0,8669588679.0,49656000.0,8000.0,-30135000.0,0.0,0.0,-30574000.0,-167094000.0,-469000.0,247071000.0,253000.0,55908000.0,55908000.0,55908000.0,0.0,0.0,0.087,255719000.0,-24123000.0,216246000.0,0.0,1.77,-523.589,-527.385,1391932000.0,0.0,68.56,2.859,2.874,423195000.0,-456366000.0,642992000.0,642992000.0,115670000.0,,,,,15566000.0,132738000.0,1.0,126452577.0,126545000,126545000.0,5.081,2947846000.0,0.0,-93196000.0,131511000.0,23.295,1042777000.0
18,QRVO,MRQ,2016-12-31,2016-12-31,2016-12-31,2021-08-05,-3554000.0,6624911000.0,,1487917000.0,5136994000.0,,38.337,-136536000.0,495811000.0,495811000.0,515705000.0,-78638000.0,2.712,0.362,988886000.0,0.0,988886000.0,988886000.0,0.0,56109000.0,0.0,0.0,0.0,59005000.0,115114000.0,0.139,115114000.0,59005000.0,44541000.0,-0.62,-0.62,-0.62,4863116000.0,,4863116000.0,7254487674.0,60.0,8.929,83826000.0,0.661,1.0,310642000.0,0.376,3708012000.0,14464000.0,2861378000.0,,404617000.0,34733000.0,0.0,34733000.0,1761795000.0,548596000.0,1213199000.0,6735081674.0,26569000.0,18000.0,-55751000.0,0.0,0.0,-56044000.0,-136429000.0,0.0,220362000.0,-1320000.0,-78638000.0,-78638000.0,-78638000.0,0.0,0.0,-0.095,251870000.0,58772000.0,287953000.0,0.0,1.385,-69.672,-71.257,1335767000.0,0.0,52.73,2.247,2.231,503366000.0,-512274000.0,826347000.0,826347000.0,111951000.0,,,,,16699000.0,130672000.0,1.0,127727701.0,126852000,126852000.0,6.514,2916899000.0,0.0,123179000.0,139253000.0,22.995,939321000.0
19,QRVO,MRQ,2016-09-30,2016-10-01,2016-10-01,2021-08-05,-3730000.0,6751622000.0,,1582536000.0,5169086000.0,,39.016,-119979000.0,469219000.0,469219000.0,547899000.0,11847000.0,2.839,0.357,988625000.0,0.0,988625000.0,988625000.0,0.0,50825000.0,0.0,0.0,0.0,45274000.0,96099000.0,0.111,96099000.0,45274000.0,29720000.0,0.09,0.09,0.09,4976376000.0,,4976376000.0,7684281720.0,156.0,10.49,130019000.0,1.019,1.0,316799000.0,0.366,3831076000.0,15554000.0,2882507000.0,,437135000.0,34902000.0,0.0,34902000.0,1775246000.0,557445000.0,1217801000.0,7128943720.0,36339000.0,-522000.0,-90285000.0,0.0,0.0,-102186000.0,-111824000.0,13873000.0,249998000.0,351000.0,11847000.0,11847000.0,11847000.0,0.0,0.0,0.014,271717000.0,45082000.0,323696000.0,0.0,1.433,-244.502,-278.7,1240050000.0,0.0,55.74,2.553,2.546,569511000.0,-433636000.0,864698000.0,864698000.0,126078000.0,,,,,25986000.0,138583000.0,1.0,127896371.0,127546000,132329000.0,6.779,2920546000.0,0.0,17873000.0,146927000.0,22.898,1025091000.0
20,QRVO,MRQ,2016-06-30,2016-07-02,2016-07-02,2021-08-05,-4141000.0,6687987000.0,,1485420000.0,5202567000.0,,39.466,-130440000.0,433034000.0,433034000.0,422062000.0,-5675000.0,3.534,0.329,988372000.0,0.0,988372000.0,988372000.0,0.0,46352000.0,0.0,0.0,0.0,5519000.0,51871000.0,0.074,51871000.0,5519000.0,-9668000.0,-0.04,-0.04,-0.04,5033576000.0,,5033576000.0,7512670678.0,330.0,10.712,-71051000.0,-0.557,1.0,276475000.0,0.396,3950576000.0,15187000.0,2872416000.0,,455771000.0,39873000.0,13873000.0,26000000.0,1654411000.0,420333000.0,1234078000.0,6950421678.0,7153000.0,-117498000.0,25962000.0,0.0,0.0,23154000.0,-75001000.0,172920000.0,59389000.0,-389000.0,-5675000.0,-5675000.0,-5675000.0,0.0,0.0,-0.008,271234000.0,5241000.0,263478000.0,0.0,1.381,-190.131,-209.615,1160953000.0,0.0,54.5,2.637,2.637,470550000.0,-445483000.0,698537000.0,698537000.0,117137000.0,,,,,30594000.0,143595000.0,1.0,127530673.0,127541000,127541000.0,5.477,2737411000.0,0.0,-3993000.0,163644000.0,21.463,1065087000.0
21,QRVO,MRQ,2016-03-31,2016-04-02,2016-04-02,2021-08-05,-3133000.0,6596819000.0,,1509210000.0,5087609000.0,,37.608,-84470000.0,425881000.0,425881000.0,353869000.0,-24202000.0,4.037,0.319,988130000.0,0.0,988130000.0,988130000.0,0.0,537622000.0,0.0,0.0,0.0,11719000.0,549341000.0,0.903,549341000.0,11719000.0,-2721000.0,-0.17,-0.17,-0.17,4999672000.0,,4999672000.0,7103950584.0,347.0,10.216,75224000.0,0.566,1.0,254200000.0,0.418,3948212000.0,14440000.0,2837055000.0,,427551000.0,212858000.0,186808000.0,26050000.0,1597147000.0,373801000.0,1223346000.0,6967659584.0,-425848000.0,0.0,-488599000.0,-698000.0,0.0,-489682000.0,-96284000.0,1426000.0,159694000.0,424000.0,-24202000.0,-24202000.0,-24202000.0,0.0,0.0,-0.04,245723000.0,8477000.0,205364000.0,0.0,1.394,-241.555,-254.1,1046888000.0,0.0,50.82,2.669,2.763,363736000.0,-439808000.0,608069000.0,608069000.0,107268000.0,,,,,24712000.0,127083000.0,1.0,137104675.0,132940000,132940000.0,4.574,2648607000.0,0.0,21481000.0,152160000.0,19.923,1135409000.0
22,QRVO,MRQ,2015-12-31,2016-01-02,2016-01-02,2021-08-05,-1353000.0,7011110000.0,,1843717000.0,5167393000.0,,39.428,-61468000.0,851597000.0,851597000.0,389693000.0,-11127000.0,6.132,0.276,987888000.0,0.0,987888000.0,987888000.0,0.0,48522000.0,0.0,0.0,0.0,-13333000.0,35189000.0,0.057,35189000.0,-13333000.0,-21001000.0,-0.08,-0.08,-0.08,5494072000.0,,5494072000.0,7099666008.0,-75.0,31.824,156538000.0,1.123,1.0,230988000.0,0.372,4063063000.0,7668000.0,2783653000.0,,406692000.0,202856000.0,173569000.0,29287000.0,1517038000.0,300685000.0,1216353000.0,7194263008.0,682000000.0,0.0,-239303000.0,913449000.0,0.0,672616000.0,-207962000.0,-171907000.0,218006000.0,-660000.0,-11127000.0,-11127000.0,-11127000.0,0.0,0.0,-0.018,244201000.0,-13213000.0,188521000.0,0.0,1.309,3912.052,-101.8,1012836000.0,0.0,50.9,2.728,2.689,327595000.0,-415606000.0,620681000.0,620681000.0,105992000.0,,,,,29969000.0,126294000.0,1.0,141341120.0,139343000,139343000.0,4.454,2948047000.0,0.0,-9874000.0,143103000.0,21.157,1543032000.0
23,QRVO,MRQ,2015-09-30,2015-10-03,2015-10-03,2021-08-05,-1281000.0,6532097000.0,,1275982000.0,5256115000.0,,39.11,-80431000.0,169597000.0,169597000.0,423487000.0,4448000.0,3.59,0.144,75000000.0,0.0,75000000.0,75000000.0,0.0,46069000.0,0.0,0.0,0.0,18892000.0,64961000.0,0.092,64961000.0,18892000.0,18232000.0,0.03,0.03,0.03,5712098000.0,,5712098000.0,6397305600.0,281.0,21.011,88364000.0,0.605,1.0,284848000.0,0.402,4190925000.0,660000.0,1891101000.0,,393760000.0,54721000.0,25960000.0,28761000.0,819999000.0,355474000.0,464525000.0,6722907600.0,-156005000.0,0.0,-488609000.0,74996000.0,0.0,-425445000.0,100669000.0,205845000.0,168795000.0,-24000.0,4448000.0,4448000.0,4448000.0,0.0,0.0,0.006,266809000.0,18039000.0,204857000.0,0.0,1.177,66.676,56.911,972328000.0,0.0,44.96,2.785,2.72,465511000.0,-404479000.0,708335000.0,708335000.0,118293000.0,,,,,35730000.0,134994000.0,1.0,149530863.0,146053000,150783000.0,4.85,2341172000.0,143072000.0,13784000.0,303183000.0,16.03,920508000.0
24,QRVO,MRQ,2015-06-30,2015-06-27,2015-06-27,2021-08-05,-1083000.0,6909870000.0,,1579986000.0,5329884000.0,,41.375,-89255000.0,325602000.0,325602000.0,394124000.0,2036000.0,4.709,0.118,0.0,0.0,0.0,0.0,0.0,42738000.0,0.0,0.0,0.0,3176000.0,45914000.0,0.068,45914000.0,3176000.0,2628000.0,0.01,0.01,0.01,6178191000.0,,6178191000.0,11716159627.0,148.0,35.809,52177000.0,0.349,1.0,279517000.0,0.415,4320786000.0,548000.0,1927986000.0,,363914000.0,237224000.0,232827000.0,4397000.0,731679000.0,335496000.0,396183000.0,12015973627.0,25788000.0,0.0,-31623000.0,-1335000.0,0.0,-40473000.0,-75137000.0,14118000.0,141432000.0,-34000.0,2036000.0,2036000.0,2036000.0,0.0,0.0,0.003,280852000.0,-1335000.0,206071000.0,0.0,1.945,75.245,49.03,940070000.0,0.0,80.41,5.81,5.805,433042000.0,-408927000.0,673641000.0,673641000.0,117210000.0,,,,,48170000.0,145728000.0,1.0,149433822.0,149322000,154461000.0,4.511,2589084000.0,146669000.0,592000.0,309694000.0,17.339,1244490000.0
25,QRVO,MRQ,2015-03-31,2015-03-28,2015-03-28,2021-08-05,-124000.0,6892379000.0,,1500105000.0,5392274000.0,,68.229,-127403000.0,299814000.0,299814000.0,446006000.0,6482000.0,4.611,0.117,0.0,0.0,0.0,0.0,0.0,179964000.0,0.0,0.0,0.0,-102938000.0,77026000.0,0.121,77026000.0,-102938000.0,-103493000.0,-0.46,-0.45,-0.46,6173160000.0,,6173160000.0,11652506884.0,95.0,34.307,11122000.0,0.123,1.0,188886000.0,0.298,4447815000.0,555000.0,1819440000.0,,346900000.0,248913000.0,244830000.0,4083000.0,719219000.0,325310000.0,393909000.0,11770599884.0,181721000.0,222824000.0,-24141000.0,-30000.0,0.0,-34408000.0,78264000.0,-26402000.0,138525000.0,-660000.0,6482000.0,6482000.0,6482000.0,0.0,0.0,0.01,291431000.0,-102545000.0,182468000.0,0.0,1.907,59.961,36.535,883371000.0,0.0,79.28,6.88,4.192,379646000.0,-410963000.0,634892000.0,634892000.0,115476000.0,,,,,32757000.0,145033000.0,1.0,148468717.0,90477000,93211000.0,7.017,2444564000.0,150208000.0,-109975000.0,310189000.0,27.019,1174795000.0
26,QRVO,MRQ,2014-12-31,2014-12-27,2014-12-27,2021-08-05,1823000.0,1165615000.0,,755257000.0,410358000.0,,12.315,-20751000.0,118093000.0,118093000.0,206384000.0,87863000.0,3.437,0.302,0.0,0.0,0.0,0.0,0.0,12950000.0,0.0,,0.0,103628000.0,116578000.0,0.294,116578000.0,103628000.0,103431000.0,1.21,1.18,1.21,895562000.0,,895562000.0,,,,51387000.0,0.707,1.0,190702000.0,0.48,140434000.0,197000.0,687335000.0,,170019000.0,180760000.0,178610000.0,2150000.0,270053000.0,219753000.0,50300000.0,,7418000.0,1500000.0,2880000.0,-6000.0,0.0,4200000.0,-68821000.0,-48470000.0,72138000.0,-99000.0,87863000.0,87863000.0,87863000.0,0.0,0.0,0.221,87067000.0,103635000.0,130461000.0,0.0,,,,228579000.0,0.0,,,,249755000.0,-417445000.0,397086000.0,397086000.0,48865000.0,,,,,2160000.0,29965000.0,1.0,500000.0,72723000,74454000.0,5.46,1025181000.0,0.0,15568000.0,0.0,14.097,535504000.0
27,QRVO,MRQ,2014-09-30,2014-09-27,2014-09-27,2021-08-05,0.0,0.0,,0.0,0.0,,0.0,-19289000.0,0.0,0.0,195216000.0,63311000.0,,,0.0,0.0,0.0,0.0,0.0,12235000.0,0.0,,0.0,75433000.0,87668000.0,0.242,87668000.0,75433000.0,75238000.0,0.88,0.85,0.88,0.0,,0.0,,,,39411000.0,0.546,1.0,167451000.0,0.462,0.0,195000.0,0.0,,0.0,0.0,0.0,0.0,0.0,0.0,0.0,,13116000.0,0.0,5832000.0,0.0,0.0,-1469000.0,-43974000.0,-24685000.0,58700000.0,-141000.0,63311000.0,63311000.0,63311000.0,0.0,0.0,0.175,92195000.0,75256000.0,0.0,0.0,,,,0.0,0.0,,,,0.0,0.0,362667000.0,362667000.0,48567000.0,,,,,7192000.0,36933000.0,1.0,500000.0,72211000,74134000.0,5.022,0.0,0.0,11927000.0,0.0,0.0,0.0
28,QRVO,MRQ,2014-06-30,2014-06-28,2014-06-28,2021-08-05,0.0,0.0,,0.0,0.0,,0.0,-2419000.0,0.0,0.0,174052000.0,38647000.0,,,0.0,0.0,0.0,0.0,0.0,11839000.0,0.0,,0.0,46539000.0,58378000.0,0.185,58378000.0,46539000.0,46065000.0,0.54,0.52,0.54,0.0,,0.0,,,,33842000.0,0.473,1.0,142269000.0,0.45,0.0,474000.0,0.0,,0.0,0.0,0.0,0.0,0.0,0.0,0.0,,-74339000.0,0.0,10627000.0,-87503000.0,0.0,-81221000.0,-29411000.0,-26992000.0,36261000.0,32000.0,38647000.0,38647000.0,38647000.0,0.0,0.0,0.122,96149000.0,46120000.0,0.0,0.0,,,,0.0,0.0,,,,0.0,0.0,316321000.0,316321000.0,44586000.0,,,,,8839000.0,37955000.0,1.0,500000.0,71564000,73659000.0,4.42,0.0,0.0,7418000.0,0.0,0.0,0.0
29,QRVO,MRQ,2014-03-31,2014-03-29,2014-03-29,2021-08-05,-785000.0,920312000.0,,537418000.0,382894000.0,,9.569,-7165000.0,171898000.0,171898000.0,156720000.0,-1046000.0,2.443,0.361,87263000.0,87263000.0,0.0,87263000.0,0.0,40312000.0,0.0,,0.0,447000.0,40759000.0,0.159,40759000.0,447000.0,-1155000.0,-0.01,-0.01,-0.01,676351000.0,,676351000.0,,,,24556000.0,0.347,1.0,99279000.0,0.388,158891000.0,1602000.0,456813000.0,,125703000.0,75908000.0,72067000.0,3841000.0,243961000.0,219973000.0,23988000.0,,54416000.0,0.0,12146000.0,47000.0,0.0,12204000.0,10757000.0,18586000.0,31721000.0,-266000.0,-1046000.0,-1046000.0,-1046000.0,0.0,0.0,-0.004,100021000.0,-742000.0,79783000.0,0.0,,,,195996000.0,0.0,,,,150598000.0,-607266000.0,255999000.0,255999000.0,49362000.0,,,,,5101000.0,33703000.0,1.0,,70685000,72412000.0,3.622,761421000.0,4419000.0,-109000.0,884000.0,10.772,317445000.0
30,QRVO,MRQ,2013-12-31,2013-12-28,2013-12-28,2021-08-05,,,,,,,,,,,180997000.0,6235000.0,,,,,,,,,,,0.0,15865000.0,,,,15865000.0,14396000.0,0.09,0.09,0.09,,,,,,,,,1.0,107523000.0,0.373,,1469000.0,,,,,,,,,,,,,,,,,,,,,6235000.0,6235000.0,6235000.0,0.0,0.0,0.022,92131000.0,15392000.0,,0.0,,,,,0.0,,,,,,288520000.0,288520000.0,50378000.0,,,,,,35820000.0,1.0,,70610000,71980000.0,4.086,,,8161000.0,,,
0,QRVO,MRT,2021-06-30,2021-07-03,2021-07-03,2021-08-05,32918000.0,7271859000.0,7339782250.0,2374085000.0,4897774000.0,0.591,41.494,-222376000.0,1200245000.0,1200245000.0,2234247000.0,922315000.0,3.374,0.564,1746785000.0,5237000.0,1741548000.0,1746785000.0,0.0,423821000.0,0.0,0.0,0.0,1080622000.0,1504443000.0,0.347,1504443000.0,1080622000.0,1008994000.0,8.15,8.01,8.15,4648394000.0,4547171500.0,4648394000.0,22379623504.0,21.0,14.876,1206766000.0,10.772,1.0,2103960000.0,0.485,3394526000.0,71628000.0,3720165000.0,3663218500.0,570144000.0,45939000.0,0.0,45939000.0,2623465000.0,703708000.0,1919757000.0,22029861504.0,63636000.0,-214042000.0,-698370000.0,-187994000.0,0.0,-943143000.0,-423273000.0,0.0,1429142000.0,910000.0,922315000.0,922315000.0,922315000.0,0.0,0.0,0.213,992943000.0,1111017000.0,352143000.0,0.0,4.739,23.885,24.009,1270727000.0,0.0,195.67,5.078,5.053,516540000.0,404562000.0,4338207000.0,4338207000.0,592403000.0,0.126,0.203,0.295,0.249,92701000.0,370933000.0,1.0,112586812.0,112026000,113872000.0,38.725,3877333000.0,0.0,86679000.0,0.0,34.611,1670377000.0
1,QRVO,MRT,2021-03-31,2021-04-03,2021-04-03,2021-08-05,29649000.0,7221470000.0,7242489000.0,2483804000.0,4737666000.0,0.554,40.597,-186960000.0,1397880000.0,1397880000.0,2131741000.0,733611000.0,3.644,0.56,1747642000.0,5092000.0,1742550000.0,1747642000.0,0.0,456104000.0,0.0,0.0,0.0,882578000.0,1338682000.0,0.333,1338682000.0,882578000.0,807380000.0,6.43,6.32,6.43,4629425000.0,4472884250.0,4629425000.0,22362846180.0,25.0,16.705,1114893000.0,9.777,1.0,1883566000.0,0.469,3253863000.0,75198000.0,3635788000.0,3673081500.0,507787000.0,35370000.0,0.0,35370000.0,2592045000.0,681581000.0,1910464000.0,21848376180.0,682697000.0,-47069000.0,-472486000.0,118756000.0,0.0,-401923000.0,-218658000.0,0.0,1301853000.0,1425000.0,733611000.0,733611000.0,733611000.0,0.0,0.0,0.183,976939000.0,906627000.0,313868000.0,0.0,4.719,29.782,30.0,1266031000.0,0.0,192.9,5.441,5.478,484755000.0,355036000.0,4015307000.0,4015307000.0,570395000.0,0.101,0.164,0.24,0.22,89322000.0,367238000.0,1.0,113262707.0,114034000,116016000.0,35.211,3967607000.0,0.0,73769000.0,0.0,34.793,1802223000.0
2,QRVO,MRT,2020-12-31,2021-01-02,2021-01-02,2021-08-05,47489000.0,7041378000.0,7077292000.0,2322257000.0,4719121000.0,0.527,39.572,-144605000.0,1234415000.0,1234415000.0,2039477000.0,485264000.0,3.783,0.563,1748885000.0,5091000.0,1743794000.0,1748885000.0,0.0,488805000.0,0.0,0.0,0.0,663952000.0,1152757000.0,0.309,1152757000.0,663952000.0,585229000.0,4.26,4.18,4.26,4503701000.0,4388694250.0,4503701000.0,19633000540.0,30.0,17.031,968714000.0,8.512,1.0,1690872000.0,0.453,3307151000.0,78723000.0,3634799000.0,3628559000.0,479340000.0,31271000.0,0.0,31271000.0,2537677000.0,613898000.0,1923779000.0,18963775540.0,136740000.0,-498329000.0,-423758000.0,120006000.0,0.0,-354477000.0,-623939000.0,0.0,1113319000.0,1837000.0,485264000.0,485264000.0,485264000.0,0.0,0.0,0.13,975159000.0,715713000.0,301576000.0,0.0,4.211,39.079,39.031,1232374000.0,0.0,166.27,5.084,5.073,519699000.0,193329000.0,3730349000.0,3730349000.0,550139000.0,0.069,0.111,0.183,0.178,84922000.0,374226000.0,1.0,114054102.0,113811000,115690000.0,32.777,3734227000.0,0.0,99965000.0,0.0,32.811,1708359000.0
3,QRVO,MRT,2020-09-30,2020-10-03,2020-10-03,2021-08-05,26616000.0,7824422000.0,6946823250.0,3062726000.0,4761696000.0,0.504,38.548,-149152000.0,2000257000.0,2000257000.0,1983357000.0,445585000.0,2.074,0.775,2669482000.0,905086000.0,1764396000.0,2669482000.0,0.0,480741000.0,0.0,0.0,0.0,623074000.0,1103815000.0,0.315,1103815000.0,623074000.0,544904000.0,3.88,3.8,3.88,4407166000.0,4347613250.0,4407166000.0,15655641713.0,25.0,14.183,861213000.0,7.533,1.0,1521231000.0,0.434,3354508000.0,78170000.0,3662122000.0,3593189500.0,476846000.0,37848000.0,0.0,37848000.0,3417256000.0,1477017000.0,1940239000.0,14915854713.0,1413666000.0,-693890000.0,-378289000.0,1665750000.0,0.0,1232271000.0,-829764000.0,0.0,1010365000.0,794000.0,445585000.0,445585000.0,445585000.0,0.0,0.0,0.127,951652000.0,569579000.0,242147000.0,0.0,3.384,33.475,33.652,1224853000.0,0.0,130.57,4.256,4.26,498931000.0,112563000.0,3504588000.0,3504588000.0,536293000.0,0.064,0.102,0.173,0.178,82056000.0,362292000.0,1.0,114236461.0,114328000,116177000.0,30.654,4469914000.0,0.0,99319000.0,0.0,39.097,1585709000.0
4,QRVO,MRT,2020-06-30,2020-06-27,2020-06-27,2021-08-05,8394000.0,6882686000.0,6452860500.0,2079329000.0,4803357000.0,0.504,37.974,-143641000.0,1136302000.0,1136302000.0,1897731000.0,391706000.0,4.082,0.582,1876089000.0,6587000.0,1869502000.0,1876089000.0,0.0,468776000.0,0.0,0.0,0.0,514269000.0,983045000.0,0.302,983045000.0,514269000.0,446892000.0,3.39,3.32,3.39,4351245000.0,4312195250.0,4351245000.0,13178197128.0,26.0,13.405,759168000.0,6.625,1.0,1353263000.0,0.416,3353524000.0,67377000.0,3759617000.0,3446539000.0,523690000.0,36921000.0,0.0,36921000.0,2531441000.0,509332000.0,2022109000.0,12319012128.0,506944000.0,-654337000.0,-438814000.0,864500000.0,0.0,391534000.0,-786957000.0,0.0,902809000.0,-442000.0,391706000.0,391706000.0,391706000.0,0.0,0.0,0.12,892561000.0,460702000.0,225905000.0,0.0,2.831,31.45,31.673,1235676000.0,0.0,107.37,3.789,3.784,337362000.0,49230000.0,3250994000.0,3250994000.0,495565000.0,0.061,0.091,0.149,0.158,72884000.0,341194000.0,1.0,114734210.0,114585000,116751000.0,28.372,3529162000.0,0.0,55186000.0,0.0,30.8,1569997000.0
5,QRVO,MRT,2020-03-31,2020-03-28,2020-03-28,2021-08-05,2288000.0,6560682000.0,6213784250.0,1690502000.0,4870180000.0,0.521,36.687,-164104000.0,714939000.0,714939000.0,1917378000.0,334325000.0,3.136,0.528,1574124000.0,6893000.0,1567231000.0,1574124000.0,0.0,468931000.0,0.0,0.0,0.0,455481000.0,924412000.0,0.285,924412000.0,455481000.0,395089000.0,2.86,2.8,2.86,4292665000.0,4308719750.0,4292665000.0,9810724472.0,22.0,10.613,781542000.0,6.679,1.0,1321763000.0,0.408,3423166000.0,60392000.0,3457698000.0,3270612500.0,517198000.0,22515000.0,0.0,22515000.0,2268017000.0,539003000.0,1729014000.0,9334592472.0,4230000.0,-946043000.0,-464933000.0,659000000.0,0.0,165559000.0,-1105742000.0,1950000.0,945646000.0,-1233000.0,334325000.0,334325000.0,334325000.0,0.0,0.0,0.103,898547000.0,423216000.0,246954000.0,0.0,2.175,27.921,28.213,1259203000.0,0.0,80.69,2.882,2.915,382188000.0,0.0,3239141000.0,3239141000.0,484414000.0,0.054,0.078,0.139,0.141,75978000.0,343569000.0,1.0,115684626.0,117007000,119293000.0,27.683,3137516000.0,0.0,60764000.0,0.0,26.815,1151499000.0
6,QRVO,MRT,2019-12-31,2019-12-28,2019-12-28,2021-08-05,-6843000.0,6519503000.0,6025619750.0,2067672000.0,4451831000.0,0.52,37.367,-164314000.0,1097724000.0,1097724000.0,1879696000.0,345452000.0,4.209,0.502,1573856000.0,5302000.0,1568554000.0,1573856000.0,0.0,471133000.0,0.0,0.0,0.0,432466000.0,903599000.0,0.288,903599000.0,432466000.0,380650000.0,2.93,2.88,2.93,4339377000.0,4325473250.0,4339377000.0,14007287466.0,32.0,15.502,754282000.0,6.495,1.0,1252555000.0,0.4,3011109000.0,51816000.0,3493321000.0,3156260750.0,479885000.0,40896000.0,0.0,40896000.0,2180126000.0,491205000.0,1688921000.0,13573785466.0,448116000.0,-494783000.0,-636149000.0,859868000.0,0.0,194010000.0,-665192000.0,1947000.0,918596000.0,702000.0,345452000.0,345452000.0,345452000.0,0.0,0.0,0.11,867446000.0,385109000.0,239180000.0,0.0,3.128,39.293,39.877,1278988000.0,0.0,116.84,4.334,4.332,426455000.0,-37148000.0,3132251000.0,3132251000.0,470231000.0,0.057,0.08,0.137,0.138,74916000.0,333491000.0,1.0,116174131.0,116129000,118455000.0,26.972,3508394000.0,0.0,35198000.0,0.0,30.211,1576467000.0
7,QRVO,MRT,2019-09-30,2019-09-28,2019-09-28,2021-08-05,-7658000.0,5848571000.0,5847316750.0,1551814000.0,4296757000.0,0.529,36.366,-195609000.0,586794000.0,586794000.0,1872701000.0,253613000.0,3.451,0.371,1020296000.0,4233000.0,1016063000.0,1020296000.0,0.0,539634000.0,0.0,0.0,0.0,312826000.0,852460000.0,0.275,852460000.0,312826000.0,268348000.0,2.1,2.07,2.1,4265494000.0,4384959000.0,4265494000.0,9016117432.0,29.0,10.577,755489000.0,6.441,1.0,1222807000.0,0.395,2756924000.0,44478000.0,3075520000.0,2987881000.0,485284000.0,97549000.0,0.0,97549000.0,1583077000.0,449629000.0,1133448000.0,8625370432.0,28973000.0,-299673000.0,-673409000.0,278115000.0,0.0,-419982000.0,-502102000.0,1947000.0,951098000.0,-41000.0,253613000.0,253613000.0,253613000.0,0.0,0.0,0.082,909610000.0,313197000.0,213936000.0,0.0,2.022,34.01,34.871,1296103000.0,0.0,73.23,2.786,2.775,419245000.0,-198504000.0,3095508000.0,3095508000.0,457365000.0,0.043,0.058,0.105,0.101,77159000.0,377890000.0,1.0,117784657.0,117294000,119429000.0,26.391,3091647000.0,0.0,14735000.0,0.0,26.358,1102185000.0
8,QRVO,MRT,2019-06-30,2019-06-29,2019-06-29,2021-08-05,-6681000.0,5926381000.0,5871939250.0,1556833000.0,4369548000.0,0.54,36.523,-227668000.0,629599000.0,629599000.0,1920514000.0,202659000.0,3.443,0.366,1020346000.0,1732000.0,1018614000.0,1020346000.0,0.0,608595000.0,0.0,0.0,0.0,240592000.0,849187000.0,0.268,849187000.0,240592000.0,199118000.0,1.65,1.62,1.65,4337343000.0,4476619750.0,4337343000.0,8144784860.0,34.0,9.591,764555000.0,6.438,1.0,1252739000.0,0.395,2809071000.0,41474000.0,3055911000.0,2942028750.0,517755000.0,97990000.0,0.0,97990000.0,1589038000.0,452146000.0,1136892000.0,7936549860.0,295566000.0,-291551000.0,-597364000.0,412842000.0,0.0,-217495000.0,-479726000.0,60079000.0,992223000.0,564000.0,202659000.0,202659000.0,202659000.0,0.0,0.0,0.064,1011364000.0,241375000.0,224735000.0,0.0,1.83,39.162,40.37,1309471000.0,0.0,66.61,2.501,2.493,343220000.0,-281542000.0,3173253000.0,3173253000.0,458499000.0,0.035,0.045,0.082,0.076,77188000.0,429123000.0,1.0,119149525.0,118756000,121123000.0,26.721,3117310000.0,0.0,-3541000.0,0.0,26.25,1104687000.0
9,QRVO,MRT,2019-03-31,2019-03-30,2019-03-30,2021-08-05,-6624000.0,5808024000.0,5835927000.0,1684841000.0,4123183000.0,0.53,35.008,-220937000.0,711035000.0,711035000.0,1895142000.0,133125000.0,3.868,0.332,921015000.0,80000.0,920935000.0,921015000.0,0.0,663097000.0,0.0,0.0,0.0,135755000.0,798852000.0,0.259,798852000.0,135755000.0,91792000.0,1.07,1.05,1.07,4359679000.0,4561810250.0,4359679000.0,8872314767.0,65.0,11.106,589427000.0,4.733,1.0,1195183000.0,0.387,2582099000.0,43963000.0,3000291000.0,2853071500.0,511793000.0,97786000.0,0.0,97786000.0,1448345000.0,435614000.0,1012731000.0,8807623767.0,-215020000.0,0.0,-596785000.0,-145330000.0,0.0,-776664000.0,-247554000.0,400000.0,810364000.0,-1166000.0,133125000.0,133125000.0,133125000.0,0.0,0.0,0.043,978717000.0,216466000.0,233307000.0,0.0,2.02,66.161,67.037,1366513000.0,0.0,71.73,2.85,2.891,400106000.0,-321152000.0,3090325000.0,3090325000.0,450482000.0,0.023,0.029,0.048,0.044,71580000.0,476074000.0,1.0,122788565.0,124534000,127356000.0,24.815,3225925000.0,0.0,-41333000.0,0.0,25.904,1249227000.0
10,QRVO,MRT,2018-12-31,2018-12-29,2018-12-29,2021-08-05,-6070000.0,5806291000.0,5979300750.0,1615536000.0,4190755000.0,0.514,36.822,-217804000.0,649711000.0,649711000.0,1893576000.0,59107000.0,3.903,0.268,714402000.0,0.0,714402000.0,714402000.0,0.0,717169000.0,0.0,0.0,0.0,47682000.0,764851000.0,0.249,764851000.0,47682000.0,-2083000.0,0.48,0.46,0.48,4577320000.0,4665781500.0,4577320000.0,7770150956.0,163.0,10.159,664173000.0,5.343,1.0,1181250000.0,0.384,2637248000.0,49765000.0,2819802000.0,2843815750.0,464949000.0,90696000.0,0.0,90696000.0,1228971000.0,413932000.0,815039000.0,7592976956.0,-191617000.0,0.0,-348904000.0,-453927000.0,0.0,-835314000.0,-236500000.0,403000.0,881977000.0,-1780000.0,59107000.0,59107000.0,59107000.0,0.0,0.0,0.019,1140208000.0,41042000.0,229266000.0,0.0,1.659,128.462,126.646,1397589000.0,0.0,60.79,2.469,2.458,442802000.0,-382669000.0,3074826000.0,3074826000.0,448431000.0,0.01,0.013,0.017,0.016,68733000.0,523939000.0,1.0,124905033.0,124308000,126842000.0,24.736,3169043000.0,0.0,-61190000.0,6978000.0,25.493,1201604000.0
11,QRVO,MRT,2018-09-30,2018-09-29,2018-09-29,2021-08-05,-5008000.0,5947061000.0,6159389750.0,1619770000.0,4327291000.0,0.501,36.867,-191282000.0,557924000.0,557924000.0,1908421000.0,-43492000.0,3.503,0.284,735098000.0,0.0,735098000.0,735098000.0,0.0,714324000.0,0.0,0.0,0.0,49009000.0,763333000.0,0.247,763333000.0,49009000.0,-7532000.0,-0.34,-0.35,-0.34,4632137000.0,4726721000.0,4632137000.0,9884952876.0,202.0,12.95,627540000.0,4.995,1.0,1179814000.0,0.382,2769741000.0,56541000.0,2892111000.0,2944369000.0,474532000.0,90903000.0,0.0,90903000.0,1314924000.0,462383000.0,852541000.0,9660711876.0,-16955000.0,0.0,-274713000.0,-331174000.0,0.0,-639744000.0,-194917000.0,403000.0,818822000.0,-1116000.0,-43492000.0,-43492000.0,-43492000.0,0.0,0.0,-0.014,1140366000.0,39448000.0,229009000.0,0.0,2.086,-222.126,-226.147,1401865000.0,0.0,76.89,3.128,3.128,530156000.0,-452186000.0,3088235000.0,3088235000.0,444857000.0,-0.007,-0.009,0.017,0.016,63824000.0,524890000.0,1.0,125643281.0,125643000,128550000.0,24.579,3177320000.0,0.0,35960000.0,21932000.0,25.288,1157387000.0
12,QRVO,MRT,2018-06-30,2018-06-30,2018-06-30,2021-08-05,-4936000.0,5782332000.0,6292144500.0,1367706000.0,4414626000.0,0.481,37.07,-188971000.0,334039000.0,334039000.0,1878053000.0,-39657000.0,3.391,0.236,558280000.0,0.0,558280000.0,558280000.0,0.0,848160000.0,0.0,0.0,0.0,56914000.0,905074000.0,0.299,905074000.0,56914000.0,-4716000.0,-0.32,-0.33,-0.32,4678105000.0,4794830750.0,4678105000.0,10198001436.0,179.0,11.268,635172000.0,5.033,1.0,1147322000.0,0.379,2903127000.0,61630000.0,2700082000.0,3012834250.0,501578000.0,137525000.0,58010000.0,79515000.0,1104227000.0,403364000.0,700863000.0,10140748436.0,-178586000.0,0.0,-241211000.0,-465901000.0,0.0,-732348000.0,-269977000.0,-57729000.0,824143000.0,-404000.0,-39657000.0,-39657000.0,-39657000.0,0.0,0.0,-0.013,1099447000.0,47875000.0,219143000.0,0.0,2.168,-255.711,-250.531,1368588000.0,0.0,80.17,3.352,3.344,414656000.0,-484270000.0,3025375000.0,3025375000.0,439507000.0,-0.006,-0.008,0.019,0.019,66377000.0,524250000.0,1.0,126490563.0,126198000,126198000.0,23.973,2879205000.0,0.0,34941000.0,37155000.0,22.815,964342000.0
13,QRVO,MRT,2018-03-31,2018-03-31,2018-03-31,2021-08-05,-2752000.0,6381519000.0,6457235500.0,1843805000.0,4537714000.0,0.46,37.619,-269835000.0,926037000.0,926037000.0,1826570000.0,-40288000.0,4.178,0.336,983290000.0,0.0,983290000.0,983290000.0,0.0,714215000.0,0.0,0.0,0.0,76693000.0,790908000.0,0.266,790908000.0,76693000.0,17145000.0,-0.32,-0.32,-0.32,4775564000.0,4853474750.0,4775564000.0,9158878050.0,119.0,11.58,582685000.0,4.59,1.0,1146966000.0,0.386,3034225000.0,59548000.0,2963268000.0,3117264250.0,472292000.0,63765000.0,0.0,63765000.0,1605955000.0,441279000.0,1164676000.0,8911474050.0,380623000.0,0.0,-162495000.0,-7729000.0,0.0,-196848000.0,-277409000.0,0.0,852520000.0,2360000.0,-40288000.0,-40288000.0,-40288000.0,0.0,0.0,-0.014,1076684000.0,70282000.0,213193000.0,0.0,1.866,-221.194,-220.156,1374112000.0,0.0,70.45,2.997,3.008,390752000.0,-458769000.0,2973536000.0,2973536000.0,445103000.0,-0.006,-0.008,0.025,0.026,68158000.0,527751000.0,1.0,126493599.0,126946000,126946000.0,23.424,3347294000.0,0.0,57433000.0,63084000.0,26.368,1402526000.0
14,QRVO,MRT,2017-12-31,2017-12-30,2017-12-30,2021-08-05,-3082000.0,6526647000.0,6492436500.0,1814166000.0,4712481000.0,0.455,37.951,-403405000.0,841326000.0,841326000.0,1825223000.0,28121000.0,4.718,0.354,1088730000.0,0.0,1088730000.0,1088730000.0,0.0,1090545000.0,0.0,0.0,0.0,80597000.0,1171142000.0,0.397,1171142000.0,80597000.0,23536000.0,0.22,0.21,0.22,4821078000.0,4883764250.0,4821078000.0,8882882060.0,110.0,7.585,437228000.0,3.442,1.0,1125922000.0,0.382,3167518000.0,57061000.0,3222015000.0,3119624500.0,422907000.0,62756000.0,0.0,62756000.0,1705569000.0,384518000.0,1321051000.0,8468063060.0,345558000.0,8000.0,-156949000.0,100000000.0,0.0,-83634000.0,-413465000.0,-469000.0,840633000.0,2024000.0,28121000.0,28121000.0,28121000.0,0.0,0.0,0.01,1049873000.0,76049000.0,192046000.0,0.0,1.756,301.13,302.727,1417141000.0,0.0,66.6,2.869,2.867,492869000.0,-446268000.0,2951145000.0,2951145000.0,449978000.0,0.004,0.006,0.026,0.027,73865000.0,537591000.0,1.0,127148094.0,127034000,127034000.0,23.231,3359129000.0,0.0,-4585000.0,58879000.0,26.443,1429648000.0
15,QRVO,MRT,2017-09-30,2017-09-30,2017-09-30,2021-08-05,-3979000.0,6478080000.0,6517002500.0,1608208000.0,4869872000.0,0.45,38.541,-494502000.0,574873000.0,574873000.0,1832116000.0,-17435000.0,3.802,0.321,989692000.0,0.0,989692000.0,989692000.0,0.0,964213000.0,0.0,0.0,0.0,57824000.0,1022037000.0,0.349,1022037000.0,57824000.0,2637000.0,-0.14,-0.15,-0.14,4904576000.0,4894273750.0,4904576000.0,9472073641.0,164.0,9.268,296425000.0,2.329,1.0,1099637000.0,0.375,3303925000.0,55187000.0,3165972000.0,3029465250.0,461005000.0,66085000.0,0.0,66085000.0,1573504000.0,423002000.0,1150502000.0,8995284641.0,105669000.0,26000.0,-141944000.0,0.0,0.0,-166681000.0,-518770000.0,-469000.0,790927000.0,193000.0,-17435000.0,-17435000.0,-17435000.0,0.0,0.0,-0.006,1044379000.0,55258000.0,212750000.0,0.0,1.834,-515.933,-504.857,1443392000.0,0.0,70.68,3.068,3.068,510237000.0,-413186000.0,2931753000.0,2931753000.0,455518000.0,-0.003,-0.004,0.019,0.02,76849000.0,541708000.0,1.0,127267751.0,127257000,130778000.0,23.038,3174155000.0,0.0,20072000.0,74168000.0,24.943,1185206000.0
16,QRVO,MRT,2017-06-30,2017-07-01,2017-07-01,2021-08-05,-3587000.0,6442696000.0,6585388000.0,1467216000.0,4975480000.0,0.452,38.694,-546690000.0,512631000.0,512631000.0,1879454000.0,-41507000.0,4.054,0.311,989420000.0,0.0,989420000.0,989420000.0,0.0,701052000.0,0.0,0.0,0.0,52668000.0,753720000.0,0.253,753720000.0,52668000.0,-3295000.0,-0.33,-0.33,-0.33,4912681000.0,4912223750.0,4912681000.0,8491486844.0,161.0,11.266,274377000.0,2.161,1.0,1095414000.0,0.368,3439765000.0,55963000.0,3117802000.0,2958599000.0,470880000.0,36248000.0,0.0,36248000.0,1530015000.0,361918000.0,1168097000.0,8047795844.0,79755000.0,-496000.0,-187570000.0,0.0,0.0,-208607000.0,-532739000.0,13404000.0,821067000.0,34000.0,-41507000.0,-41507000.0,-41507000.0,0.0,0.0,-0.014,1044446000.0,50968000.0,215033000.0,0.0,1.638,-193.89,-191.879,1440105000.0,0.0,63.32,2.705,2.702,415453000.0,-449105000.0,2974868000.0,2974868000.0,470198000.0,-0.006,-0.008,0.018,0.018,79377000.0,541424000.0,1.0,127097218.0,126961000,126961000.0,23.431,3002931000.0,0.0,38212000.0,89279000.0,23.652,1105298000.0
17,QRVO,MRT,2017-03-31,2017-04-01,2017-04-01,2021-08-05,-4306000.0,6522323000.0,6646710750.0,1461605000.0,5060718000.0,0.456,38.52,-552702000.0,545463000.0,545463000.0,1897062000.0,-16558000.0,3.49,0.332,989154000.0,0.0,989154000.0,989154000.0,0.0,704577000.0,0.0,0.0,0.0,86184000.0,790761000.0,0.261,790761000.0,86184000.0,27305000.0,-0.13,-0.13,-0.13,4896722000.0,4942447500.0,4896722000.0,9162663679.0,106.0,11.587,224118000.0,1.763,1.0,1135512000.0,0.374,3574477000.0,58879000.0,2972709000.0,2897252500.0,430454000.0,35494000.0,0.0,35494000.0,1625601000.0,418828000.0,1206773000.0,8669588679.0,119717000.0,-117994000.0,-150209000.0,0.0,0.0,-165650000.0,-490348000.0,186324000.0,776820000.0,-1105000.0,-16558000.0,-16558000.0,-16558000.0,0.0,0.0,-0.005,1050540000.0,84972000.0,216246000.0,0.0,1.77,-523.589,-527.385,1391932000.0,0.0,68.56,2.859,2.874,423195000.0,-456366000.0,3032574000.0,3032574000.0,470836000.0,-0.002,-0.003,0.03,0.028,88845000.0,545588000.0,1.0,126452577.0,127121000,127121000.0,23.856,2947846000.0,0.0,43863000.0,131511000.0,23.189,1042777000.0
18,QRVO,MRT,2016-12-31,2016-12-31,2016-12-31,2021-08-05,-3554000.0,6624911000.0,6665334750.0,1487917000.0,5136994000.0,0.45,38.337,-471425000.0,495811000.0,495811000.0,1839535000.0,-96668000.0,2.712,0.362,988886000.0,0.0,988886000.0,988886000.0,0.0,690908000.0,0.0,0.0,0.0,121517000.0,812425000.0,0.271,812425000.0,121517000.0,61872000.0,-0.74,-0.74,-0.74,4863116000.0,4968185000.0,4863116000.0,7254487674.0,60.0,8.929,218018000.0,1.719,1.0,1158116000.0,0.386,3708012000.0,59645000.0,2861378000.0,2863339000.0,404617000.0,34733000.0,0.0,34733000.0,1761795000.0,548596000.0,1213199000.0,6735081674.0,-355787000.0,-118002000.0,-608673000.0,-698000.0,0.0,-624758000.0,-419538000.0,188219000.0,689443000.0,-934000.0,-96668000.0,-96668000.0,-96668000.0,0.0,0.0,-0.032,1040544000.0,117572000.0,287953000.0,0.0,1.385,-69.672,-71.257,1335767000.0,0.0,52.73,2.247,2.231,503366000.0,-512274000.0,2997651000.0,2997651000.0,462434000.0,-0.015,-0.019,0.042,0.041,97991000.0,539933000.0,1.0,127727701.0,126852000,126852000.0,23.631,2916899000.0,0.0,158540000.0,139253000.0,22.995,939321000.0
19,QRVO,MRT,2016-09-30,2016-10-01,2016-10-01,2021-08-05,-3730000.0,6751622000.0,6761884500.0,1582536000.0,5169086000.0,0.413,39.016,-396357000.0,469219000.0,469219000.0,1713523000.0,-29157000.0,2.839,0.357,988625000.0,0.0,988625000.0,988625000.0,0.0,683321000.0,0.0,0.0,0.0,49179000.0,732500000.0,0.262,732500000.0,49179000.0,-3670000.0,-0.2,-0.2,-0.2,4976376000.0,5125924000.0,4976376000.0,7684281720.0,156.0,10.49,290730000.0,2.279,1.0,1078462000.0,0.386,3831076000.0,52849000.0,2882507000.0,2843907750.0,437135000.0,34902000.0,0.0,34902000.0,1775246000.0,557445000.0,1217801000.0,7128943720.0,299644000.0,-118020000.0,-792225000.0,912751000.0,0.0,103902000.0,-491071000.0,16312000.0,687087000.0,-274000.0,-29157000.0,-29157000.0,-29157000.0,0.0,0.0,-0.01,1032875000.0,45587000.0,323696000.0,0.0,1.433,-244.502,-278.7,1240050000.0,0.0,55.74,2.553,2.546,569511000.0,-433636000.0,2791985000.0,2791985000.0,456475000.0,-0.004,-0.006,0.017,0.018,111261000.0,535555000.0,1.0,127896371.0,127546000,132329000.0,21.89,2920546000.0,0.0,25487000.0,146927000.0,22.898,1025091000.0
20,QRVO,MRT,2016-06-30,2016-07-02,2016-07-02,2021-08-05,-4141000.0,6687987000.0,6707003250.0,1485420000.0,5202567000.0,0.393,39.466,-356809000.0,433034000.0,433034000.0,1589111000.0,-36556000.0,3.534,0.329,988372000.0,0.0,988372000.0,988372000.0,0.0,678565000.0,0.0,0.0,0.0,22797000.0,701362000.0,0.266,701362000.0,22797000.0,-15158000.0,-0.26,-0.26,-0.26,5033576000.0,5309854500.0,5033576000.0,7512670678.0,330.0,10.712,249075000.0,1.953,1.0,1046511000.0,0.397,3950576000.0,37955000.0,2872416000.0,2596056250.0,455771000.0,39873000.0,13873000.0,26000000.0,1654411000.0,420333000.0,1234078000.0,6950421678.0,107300000.0,-117498000.0,-1190549000.0,987747000.0,0.0,-219357000.0,-278578000.0,208284000.0,605884000.0,-649000.0,-36556000.0,-36556000.0,-36556000.0,0.0,0.0,-0.014,1027967000.0,18544000.0,263478000.0,0.0,1.381,-190.131,-209.615,1160953000.0,0.0,54.5,2.637,2.637,470550000.0,-445483000.0,2635622000.0,2635622000.0,448690000.0,-0.005,-0.007,0.009,0.009,121005000.0,531966000.0,1.0,127530673.0,127541000,127541000.0,20.665,2737411000.0,0.0,21398000.0,163644000.0,21.463,1065087000.0
21,QRVO,MRT,2016-03-31,2016-04-02,2016-04-02,2021-08-05,-3133000.0,6596819000.0,6762474000.0,1509210000.0,5087609000.0,0.386,35.225,-315624000.0,425881000.0,425881000.0,1561173000.0,-28845000.0,4.037,0.319,988130000.0,0.0,988130000.0,988130000.0,0.0,674951000.0,0.0,0.0,0.0,20454000.0,695405000.0,0.266,695405000.0,20454000.0,-2862000.0,-0.2,-0.2,-0.2,4999672000.0,5596008250.0,4999672000.0,7103950584.0,347.0,10.216,372303000.0,2.623,1.0,1049553000.0,0.402,3948212000.0,23316000.0,2837055000.0,2359948750.0,427551000.0,212858000.0,186808000.0,26050000.0,1597147000.0,373801000.0,1223346000.0,6967659584.0,125935000.0,0.0,-1248134000.0,986412000.0,0.0,-282984000.0,-278714000.0,49482000.0,687927000.0,-294000.0,-28845000.0,-28845000.0,-28845000.0,0.0,0.0,-0.011,1037585000.0,11968000.0,205364000.0,0.0,1.394,-241.555,-254.1,1046888000.0,0.0,50.82,2.669,2.763,363736000.0,-439808000.0,2610726000.0,2610726000.0,448763000.0,-0.004,-0.005,0.009,0.008,138581000.0,534099000.0,1.0,137104675.0,141937000,141937000.0,18.394,2648607000.0,0.0,25983000.0,152160000.0,18.66,1135409000.0
22,QRVO,MRT,2015-12-31,2016-01-02,2016-01-02,2021-08-05,-1353000.0,7011110000.0,6836364000.0,1843717000.0,5167393000.0,0.386,39.428,-358557000.0,851597000.0,851597000.0,1653310000.0,1839000.0,6.132,0.276,987888000.0,0.0,987888000.0,987888000.0,0.0,317293000.0,0.0,0.0,0.0,-94203000.0,223090000.0,0.085,223090000.0,-94203000.0,-103634000.0,-0.5,-0.49,-0.5,5494072000.0,5889380250.0,5494072000.0,7099666008.0,-75.0,31.824,308201000.0,2.212,1.0,984239000.0,0.373,4063063000.0,9431000.0,2783653000.0,2105545000.0,406692000.0,202856000.0,173569000.0,29287000.0,1517038000.0,300685000.0,1216353000.0,7194263008.0,733504000.0,222824000.0,-783676000.0,987080000.0,0.0,172290000.0,-104166000.0,21654000.0,666758000.0,-1378000.0,1839000.0,1839000.0,1839000.0,0.0,0.0,0.001,1083293000.0,-99054000.0,188521000.0,0.0,1.309,3912.052,-101.8,1012836000.0,0.0,50.9,2.728,2.689,327595000.0,-415606000.0,2637549000.0,2637549000.0,456971000.0,0.0,0.0,-0.045,-0.036,146626000.0,552049000.0,1.0,141341120.0,139343000,139343000.0,18.928,2948047000.0,0.0,-105473000.0,143103000.0,21.157,1543032000.0
23,QRVO,MRT,2015-09-30,2015-10-03,2015-10-03,2021-08-05,-1281000.0,6532097000.0,5374990250.0,1275982000.0,5256115000.0,0.449,39.11,-317840000.0,169597000.0,169597000.0,1470001000.0,100829000.0,3.59,0.144,75000000.0,0.0,75000000.0,75000000.0,0.0,281721000.0,0.0,0.0,0.0,22758000.0,304479000.0,0.126,304479000.0,22758000.0,20798000.0,0.79,0.77,0.79,5712098000.0,4739752750.0,5712098000.0,6397305600.0,281.0,21.011,203050000.0,1.39,1.0,943953000.0,0.391,4190925000.0,1960000.0,1891101000.0,1581465500.0,393760000.0,54721000.0,25960000.0,28761000.0,819999000.0,355474000.0,464525000.0,6722907600.0,58922000.0,224324000.0,-541493000.0,73625000.0,0.0,-496126000.0,34975000.0,145091000.0,520890000.0,-817000.0,100829000.0,100829000.0,100829000.0,0.0,0.0,0.042,926159000.0,17794000.0,204857000.0,0.0,1.177,66.676,56.911,972328000.0,0.0,44.96,2.785,2.72,465511000.0,-404479000.0,2413954000.0,2413954000.0,399844000.0,0.019,0.021,0.014,0.009,118817000.0,455720000.0,1.0,149530863.0,146053000,150783000.0,16.528,2341172000.0,143072000.0,-80031000.0,303183000.0,16.03,920508000.0
24,QRVO,MRT,2015-06-30,2015-06-27,2015-06-27,2021-08-05,-1083000.0,6909870000.0,3741966000.0,1579986000.0,5329884000.0,0.553,41.375,-256698000.0,325602000.0,325602000.0,1241730000.0,159692000.0,4.709,0.118,0.0,0.0,0.0,0.0,0.0,247887000.0,0.0,0.0,0.0,79299000.0,327186000.0,0.158,327186000.0,79299000.0,77804000.0,1.64,1.59,1.64,6178191000.0,3311728250.0,6178191000.0,11716159627.0,148.0,35.809,154097000.0,1.032,1.0,826556000.0,0.4,4320786000.0,1495000.0,1927986000.0,1108690250.0,363914000.0,237224000.0,232827000.0,4397000.0,731679000.0,335496000.0,396183000.0,12015973627.0,228043000.0,224324000.0,-47052000.0,-1371000.0,0.0,-72150000.0,-109668000.0,-85439000.0,410795000.0,-934000.0,159692000.0,159692000.0,159692000.0,0.0,0.0,0.077,751545000.0,75011000.0,206071000.0,0.0,1.945,75.245,49.03,940070000.0,0.0,80.41,5.81,5.805,433042000.0,-408927000.0,2068286000.0,2068286000.0,330118000.0,0.043,0.048,0.072,0.038,90279000.0,357659000.0,1.0,149433822.0,149322000,154461000.0,13.851,2589084000.0,146669000.0,-81888000.0,309694000.0,17.339,1244490000.0
25,QRVO,MRT,2015-03-31,2015-03-28,2015-03-28,2021-08-05,-124000.0,6892379000.0,2014498500.0,1500105000.0,5392274000.0,0.849,68.229,-169862000.0,299814000.0,299814000.0,1021658000.0,196303000.0,4.611,0.117,0.0,0.0,0.0,0.0,0.0,216988000.0,0.0,0.0,0.0,122662000.0,339650000.0,0.199,339650000.0,122662000.0,121241000.0,2.17,2.11,2.17,6173160000.0,1767180500.0,6173160000.0,11652506884.0,95.0,34.307,135762000.0,1.501,1.0,689308000.0,0.403,4447815000.0,1421000.0,1819440000.0,626693750.0,346900000.0,248913000.0,244830000.0,4083000.0,719219000.0,325310000.0,393909000.0,11770599884.0,127916000.0,224324000.0,-4802000.0,-87539000.0,0.0,-112898000.0,-63942000.0,-126549000.0,305624000.0,-868000.0,196303000.0,196303000.0,196303000.0,0.0,0.0,0.115,566842000.0,122466000.0,182468000.0,0.0,1.907,59.961,36.535,883371000.0,0.0,79.28,6.88,4.192,379646000.0,-410963000.0,1710966000.0,1710966000.0,257494000.0,0.097,0.111,0.196,0.072,50948000.0,249886000.0,1.0,148468717.0,90477000,93211000.0,18.911,2444564000.0,150208000.0,-75062000.0,310189000.0,27.019,1174795000.0
26,QRVO,MRT,2014-12-31,2014-12-27,2014-12-27,2021-08-05,1823000.0,1165615000.0,521481750.0,755257000.0,410358000.0,2.554,12.315,-49624000.0,118093000.0,118093000.0,732372000.0,188775000.0,3.437,0.302,0.0,0.0,0.0,0.0,0.0,77336000.0,0.0,,0.0,226047000.0,303383000.0,0.228,303383000.0,226047000.0,223579000.0,2.62,2.54,2.62,895562000.0,392978250.0,895562000.0,,,,149196000.0,2.052,1.0,599701000.0,0.45,140434000.0,2468000.0,687335000.0,286037000.0,170019000.0,180760000.0,178610000.0,2150000.0,270053000.0,219753000.0,50300000.0,,611000.0,1500000.0,31485000.0,-87462000.0,0.0,-66286000.0,-131449000.0,-81561000.0,198820000.0,-474000.0,188775000.0,188775000.0,188775000.0,0.0,0.0,0.142,375432000.0,224269000.0,130461000.0,0.0,,,,228579000.0,0.0,,,,249755000.0,-417445000.0,1332073000.0,1332073000.0,191380000.0,0.362,0.48,0.79,0.17,23292000.0,138556000.0,1.0,500000.0,72723000,74454000.0,18.317,1025181000.0,0.0,34804000.0,0.0,14.097,535504000.0
27,QRVO,MRT,2014-09-30,2014-09-27,2014-09-27,2021-08-05,0.0,0.0,,0.0,0.0,,0.0,,0.0,0.0,706985000.0,107147000.0,,,0.0,0.0,0.0,0.0,0.0,,0.0,,0.0,138284000.0,,,,138284000.0,134544000.0,1.5,1.45,1.5,0.0,,0.0,,,,,,1.0,516522000.0,0.422,0.0,3740000.0,0.0,,0.0,0.0,0.0,0.0,0.0,0.0,0.0,,,,,,,,,,,,107147000.0,107147000.0,107147000.0,0.0,0.0,0.088,380496000.0,136026000.0,0.0,0.0,,,,0.0,0.0,,,,0.0,0.0,1223507000.0,1223507000.0,192893000.0,,,,0.113,,144411000.0,1.0,500000.0,72211000,74134000.0,16.943,0.0,0.0,27397000.0,0.0,0.0,0.0
28,QRVO,MRT,2014-06-30,2014-06-28,2014-06-28,2021-08-05,0.0,0.0,,0.0,0.0,,0.0,,0.0,0.0,,,,,0.0,0.0,0.0,0.0,0.0,,0.0,,0.0,,,,,,,,,,0.0,,0.0,,,,,,1.0,,,0.0,,0.0,,0.0,0.0,0.0,0.0,0.0,0.0,0.0,,,,,,,,,,,,,,,,,,,,0.0,,,,,0.0,,,,,0.0,0.0,,,,,,,,,,1.0,500000.0,71564000,,,0.0,0.0,,0.0,0.0,0.0
29,QRVO,MRT,2014-03-31,2014-03-29,2014-03-29,2021-08-05,-785000.0,920312000.0,,537418000.0,382894000.0,,9.594,-64254000.0,171898000.0,171898000.0,743304000.0,12642000.0,2.443,0.361,87263000.0,87263000.0,0.0,87263000.0,0.0,74336000.0,0.0,,0.0,29856000.0,104192000.0,0.091,104192000.0,29856000.0,23873000.0,0.18,0.18,0.18,676351000.0,,676351000.0,,,,66595000.0,0.945,1.0,404927000.0,0.353,158891000.0,5983000.0,456813000.0,,125703000.0,75908000.0,72067000.0,3841000.0,243961000.0,219973000.0,23988000.0,,70236000.0,0.0,4700000.0,-122000.0,0.0,-4245000.0,-57033000.0,8548000.0,130849000.0,665000.0,12642000.0,12642000.0,12642000.0,0.0,0.0,0.011,377586000.0,27341000.0,79783000.0,0.0,,,,195996000.0,0.0,,,,150598000.0,-607266000.0,1148231000.0,1148231000.0,197269000.0,,,,0.026,29851000.0,151404000.0,1.0,,70499000,72019000.0,16.287,761421000.0,4419000.0,11231000.0,884000.0,10.8,317445000.0
30,QRVO,MRT,2013-12-31,2013-12-28,2013-12-28,2021-08-05,,,,,,,,,,,,,,,,,,,,,,,0.0,,,,,,,,,,,,,,,,,,1.0,,,,,,,,,,,,,,,,,,,,,,,,,,,,,,,,,,,,,,,,,,,,,,,,,,,,,,1.0,,70610000,,,,,,,,
31,QRVO,MRT,2013-03-31,2013-03-28,2013-03-28,2021-08-05,,,,,,,,-53796000.0,,,658332000.0,-52999000.0,,,,,,,,72464000.0,,,0.0,-19367000.0,53097000.0,0.055,53097000.0,-19367000.0,-25899000.0,-0.76,-0.76,-0.76,,,,,,,17456000.0,0.251,1.0,305815000.0,0.317,,6532000.0,,,,,,,,,,,-33862000.0,-47697000.0,-3011000.0,-80672000.0,0.0,-89670000.0,-14477000.0,87016000.0,71252000.0,-967000.0,-52999000.0,-52999000.0,-52999000.0,0.0,0.0,-0.055,321495000.0,-15680000.0,,0.0,,,,,0.0,,,,,,964147000.0,964147000.0,178793000.0,,,,-0.02,30819000.0,132916000.0,1.0,,69650000,69650000.0,13.843,,,27100000.0,,,
