None,ticker,dimension,calendardate,datekey,reportperiod,lastupdated,accoci,assets,assetsavg,assetsc,assetsnc,assetturnover,bvps,capex,cashneq,cashnequsd,cor,consolinc,currentratio,de,debt,debtc,debtnc,debtusd,deferredrev,depamor,deposits,divyield,dps,ebit,ebitda,ebitdamargin,ebitdausd,ebitusd,ebt,eps,epsdil,epsusd,equity,equityavg,equityusd,ev,evebit,evebitda,fcf,fcfps,fxusd,gp,grossmargin,intangibles,intexp,invcap,invcapavg,inventory,investments,investmentsc,investmentsnc,liabilities,liabilitiesc,liabilitiesnc,marketcap,ncf,ncfbus,ncfcommon,ncfdebt,ncfdiv,ncff,ncfi,ncfinv,ncfo,ncfx,netinc,netinccmn,netinccmnusd,netincdis,netincnci,netmargin,opex,opinc,payables,payoutratio,pb,pe,pe1,ppnenet,prefdivis,price,ps,ps1,receivables,retearn,revenue,revenueusd,rnd,roa,roe,roic,ros,sbcomp,sgna,sharefactor,sharesbas,shareswa,shareswadil,sps,tangibles,taxassets,taxexp,taxliabilities,tbvps,workingcapital
0,AMT,MRY,2020-12-31,2020-12-31,2020-12-31,2021-07-29,-3759400000.0,47233500000.0,42750175000.0,2905600000.0,44327900000.0,0.188,9.227,-1031700000.0,1861400000.0,1861400000.0,2227200000.0,1691500000.0,0.795,10.371,36711800000.0,1329700000.0,35382100000.0,36711800000.0,390600000.0,1882300000.0,0.0,0.02,4.53,2613700000.0,4496000000.0,0.559,4496000000.0,2613700000.0,1820200000.0,3.81,3.79,3.81,4093500000.0,3769975000.0,4093500000.0,129671930786.0,50.0,28.842,2849700000.0,6.423,1.0,5814300000.0,0.723,21122500000.0,793500000.0,57305900000.0,50950475000.0,0.0,400100000.0,0.0,400100000.0,42453000000.0,3655500000.0,38797500000.0,99708130786.0,283400000.0,-3799100000.0,42100000.0,4151900000.0,-1928200000.0,1215300000.0,-4784600000.0,19600000.0,3881400000.0,-28700000.0,1690600000.0,1690600000.0,1690600000.0,0.0,900000.0,0.21,2926800000.0,2887500000.0,683700000.0,1.189,24.358,58.978,58.913,20597900000.0,0.0,224.46,12.399,12.383,511600000.0,-1343000000.0,8041500000.0,8041500000.0,0.0,0.04,0.448,0.051,0.325,120800000.0,778700000.0,1.0,444213360.0,443640000.0,446104000.0,18.126,26111000000.0,123100000.0,129600000.0,0.0,58.856,-749900000.0
1,AMT,MRY,2019-12-31,2019-12-31,2019-12-31,2021-07-29,-2823600000.0,42801600000.0,40027075000.0,2553800000.0,40247800000.0,0.189,11.429,-991300000.0,1578000000.0,1578000000.0,2216800000.0,1916600000.0,0.465,7.164,31060300000.0,3422700000.0,27637600000.0,31060300000.0,294300000.0,1778400000.0,0.0,0.016,3.78,2701800000.0,4480200000.0,0.591,4480200000.0,2701800000.0,1887600000.0,4.27,4.24,4.27,5055400000.0,5280075000.0,5055400000.0,128754970772.0,48.0,28.739,2761300000.0,6.243,1.0,5363500000.0,0.708,18496700000.0,814200000.0,48299500000.0,45664000000.0,0.0,406400000.0,0.0,406400000.0,36214700000.0,5487700000.0,30727000000.0,101796570772.0,273100000.0,-2959600000.0,85900000.0,2680400000.0,-1603000000.0,521700000.0,-3987500000.0,27600000.0,3752600000.0,-13700000.0,1887800000.0,1887800000.0,1887800000.0,0.0,28800000.0,0.249,2675100000.0,2688400000.0,603100000.0,0.885,20.136,53.923,53.822,19441800000.0,0.0,229.82,13.429,13.41,462200000.0,-1016800000.0,7580300000.0,7580300000.0,0.0,0.047,0.358,0.059,0.356,111400000.0,730400000.0,1.0,442940435.0,442319000.0,445520000.0,17.138,24304900000.0,131800000.0,-200000.0,0.0,54.949,-2933900000.0
2,AMT,MRY,2018-12-31,2018-12-31,2018-12-31,2021-07-29,-2642900000.0,33010400000.0,33416500000.0,2385100000.0,30625300000.0,0.223,12.138,-913200000.0,1304900000.0,1304900000.0,2177800000.0,1264700000.0,0.509,4.892,21159900000.0,2754800000.0,18405100000.0,21159900000.0,304100000.0,2110800000.0,0.0,0.02,3.15,1951900000.0,4062700000.0,0.546,4062700000.0,1951900000.0,1126300000.0,2.79,2.77,2.79,5336100000.0,5642925000.0,5336100000.0,89651674732.0,46.0,22.067,2835100000.0,6.449,1.0,5262300000.0,0.707,16676200000.0,825600000.0,31499300000.0,31714525000.0,0.0,962600000.0,0.0,962600000.0,26106000000.0,4689900000.0,21416100000.0,69680774732.0,350000000.0,-1881400000.0,-133900000.0,960100000.0,-1323500000.0,-607700000.0,-2749500000.0,97900000.0,3748300000.0,-41100000.0,1236400000.0,1227000000.0,1227000000.0,0.0,28300000.0,0.165,3357300000.0,1905000000.0,508200000.0,1.129,13.058,56.79,56.699,11247100000.0,9400000.0,158.19,9.366,9.347,459000000.0,-1199500000.0,7440100000.0,7440100000.0,0.0,0.037,0.217,0.062,0.262,137500000.0,733200000.0,1.0,440487861.0,439606000.0,442960000.0,16.924,16334200000.0,157700000.0,-110100000.0,0.0,37.156,-2304800000.0
3,AMT,MRY,2017-12-31,2017-12-31,2017-12-31,2021-07-29,-1978300000.0,33214300000.0,32432306250.0,2038100000.0,31176200000.0,0.205,14.577,-803600000.0,954900000.0,954900000.0,2056600000.0,1225400000.0,0.811,4.047,20205100000.0,774800000.0,19430300000.0,20205100000.0,268800000.0,1715900000.0,0.0,0.018,2.62,2019200000.0,3735100000.0,0.56,3735100000.0,2019200000.0,1269600000.0,2.69,2.67,2.69,6241500000.0,6523702500.0,6241500000.0,79499027164.0,39.0,21.284,2122000000.0,4.956,1.0,4607300000.0,0.691,17421700000.0,749600000.0,32530700000.0,30928196750.0,0.0,951100000.0,1000000.0,950100000.0,25260000000.0,2512100000.0,22747900000.0,61184939164.0,18400000.0,-2007000000.0,-646600000.0,1473700000.0,-1073000000.0,-113000000.0,-2800900000.0,14700000.0,2925600000.0,6700000.0,1238900000.0,1151500000.0,1151500000.0,0.0,-13500000.0,0.173,2608900000.0,1998400000.0,447300000.0,0.974,9.803,53.135,53.037,11101000000.0,87400000.0,142.67,9.182,9.167,513600000.0,-1058100000.0,6663900000.0,6663900000.0,0.0,0.036,0.177,0.065,0.303,108500000.0,637000000.0,1.0,428856376.0,428181000.0,431688000.0,15.563,15792600000.0,204400000.0,30700000.0,0.0,36.883,-474000000.0
4,AMT,MRY,2016-12-31,2016-12-31,2016-12-31,2021-07-29,-1999300000.0,30879200000.0,29834810000.0,1689900000.0,29189300000.0,0.194,15.91,-682500000.0,936500000.0,936500000.0,1790400000.0,970400000.0,1.036,3.373,18533500000.0,238800000.0,18294700000.0,18533500000.0,245400000.0,1525600000.0,0.0,0.021,2.17,1839900000.0,3365500000.0,0.582,3365500000.0,1839900000.0,1111900000.0,2.0,1.98,2.0,6763900000.0,6794515000.0,6763900000.0,62984814248.0,34.0,18.715,2019200000.0,4.749,1.0,3995300000.0,0.691,16345300000.0,728000000.0,30499600000.0,30056959250.0,0.0,845500000.0,4000000.0,841500000.0,22811700000.0,1631300000.0,21180400000.0,44986691248.0,473600000.0,-1416000000.0,92500000.0,589400000.0,-886100000.0,-99300000.0,-2102300000.0,12300000.0,2701700000.0,-26500000.0,956400000.0,849300000.0,849300000.0,0.0,14000000.0,0.147,2142300000.0,1853000000.0,369300000.0,1.085,6.651,52.969,52.84,10517300000.0,107100000.0,105.68,7.775,7.766,308400000.0,-1077000000.0,5785700000.0,5785700000.0,0.0,0.028,0.125,0.061,0.318,89900000.0,543400000.0,1.0,425687843.0,425143000.0,429283000.0,13.609,14533900000.0,195700000.0,155500000.0,0.0,34.186,58600000.0
5,AMT,MRY,2015-12-31,2015-12-31,2015-12-31,2021-07-29,-1836996000.0,26904272000.0,26557744750.0,996468000.0,25907804000.0,0.18,15.879,-728800000.0,462879000.0,462879000.0,1308800000.0,672000000.0,0.83,3.036,17119009000.0,50202000.0,17068807000.0,17119009000.0,211001000.0,1285300000.0,0.0,0.019,1.81,1439000000.0,2724300000.0,0.571,2724300000.0,1439000000.0,843100000.0,1.42,1.41,1.42,6651679000.0,6983032000.0,6651679000.0,57667206175.0,40.0,21.168,1438100000.0,3.433,1.0,3462700000.0,0.726,13929681000.0,595900000.0,28430692000.0,27457233750.0,0.0,732903000.0,0.0,732903000.0,20191454000.0,1200029000.0,18991425000.0,41065128175.0,-10800000.0,-7020600000.0,2491000000.0,2578300000.0,-710900000.0,5593100000.0,-7741700000.0,9500000.0,2166900000.0,-29100000.0,685100000.0,594900000.0,594900000.0,0.0,-13100000.0,0.125,1849900000.0,1612800000.0,306741000.0,1.275,6.174,69.029,68.275,9866424000.0,90200000.0,96.95,8.606,8.512,227354000.0,-998535000.0,4771500000.0,4771500000.0,0.0,0.022,0.085,0.052,0.302,90500000.0,497800000.0,1.0,423570172.0,418907000.0,423015000.0,11.39,12974591000.0,212041000.0,158000000.0,0.0,30.972,-203561000.0
6,AMT,MRY,2014-12-31,2014-12-31,2014-12-31,2021-07-29,-794221000.0,21263565000.0,20781331000.0,957867000.0,20305698000.0,0.197,9.985,-974404000.0,473698000.0,473698000.0,1094265000.0,803199000.0,0.496,4.353,14540341000.0,897386000.0,13642955000.0,14540341000.0,233819000.0,1003802000.0,0.0,0.014,1.4,1467649000.0,2471451000.0,0.603,2471451000.0,1467649000.0,887415000.0,2.02,2.0,2.02,3953560000.0,4056464750.0,3953560000.0,52693803270.0,36.0,21.321,1160185000.0,2.93,1.0,3005783000.0,0.733,10856447000.0,580234000.0,22544225000.0,22180613500.0,0.0,581548000.0,6302000.0,575246000.0,17210213000.0,1929536000.0,15280677000.0,39190357270.0,19916000.0,-995173000.0,62276000.0,-209823000.0,-404631000.0,-134591000.0,-1949548000.0,39515000.0,2134589000.0,-30534000.0,824910000.0,801022000.0,801022000.0,0.0,-21711000.0,0.195,1518861000.0,1486922000.0,250230000.0,0.693,9.913,48.925,48.936,7590112000.0,23888000.0,98.85,9.559,9.546,199074000.0,-837320000.0,4100048000.0,4100048000.0,0.0,0.039,0.197,0.066,0.358,80153000.0,446542000.0,1.0,396462896.0,395958000.0,400086000.0,10.355,10407118000.0,267186000.0,62505000.0,0.0,26.283,-971669000.0
7,AMT,MRY,2013-12-31,2013-12-31,2013-12-31,2021-07-29,-311220000.0,20283665000.0,16817029750.0,986087000.0,19297578000.0,0.2,8.946,-724532000.0,446492000.0,446492000.0,859873000.0,482208000.0,1.057,4.723,14478278000.0,70132000.0,14408146000.0,14478278000.0,162079000.0,800145000.0,0.0,0.014,1.1,1069170000.0,1869315000.0,0.556,1869315000.0,1069170000.0,610874000.0,1.4,1.38,1.4,3534165000.0,3563266500.0,3534165000.0,39973596570.0,37.0,21.384,874515000.0,2.214,1.0,2501534000.0,0.744,10424921000.0,458296000.0,22957867000.0,18628854250.0,0.0,527785000.0,18612000.0,509173000.0,16693625000.0,932663000.0,15760962000.0,31500160570.0,-75042000.0,-4461764000.0,-99516000.0,4051594000.0,-434687000.0,3525565000.0,-5173337000.0,-5553000.0,1599047000.0,-26317000.0,551333000.0,551333000.0,551333000.0,0.0,-69125000.0,0.164,1287229000.0,1214305000.0,173513000.0,0.786,8.913,57.135,57.014,7177728000.0,0.0,79.82,9.371,9.381,151165000.0,-1081467000.0,3361407000.0,3361407000.0,0.0,0.033,0.155,0.057,0.318,68138000.0,415545000.0,1.0,394639947.0,395040000.0,399146000.0,8.509,9858744000.0,289310000.0,59541000.0,0.0,24.956,53424000.0
8,AMT,MRY,2012-12-31,2012-12-31,2012-12-31,2021-07-29,-183347000.0,14089429000.0,13099574500.0,836267000.0,13253162000.0,0.22,9.051,-568048000.0,437934000.0,437934000.0,722479000.0,594025000.0,1.323,2.912,8753376000.0,60031000.0,8693345000.0,8753376000.0,124147000.0,644276000.0,0.0,0.012,0.9,1146252000.0,1790528000.0,0.623,1790528000.0,1146252000.0,744587000.0,1.61,1.6,1.61,3573101000.0,3491592750.0,3573101000.0,37612685569.0,33.0,21.006,846343000.0,2.144,1.0,2153481000.0,0.749,6048728000.0,401665000.0,15723965000.0,14042783750.0,0.0,458806000.0,6018000.0,452788000.0,10405248000.0,632178000.0,9773070000.0,30548915569.0,38427000.0,-1997955000.0,-7287000.0,1494139000.0,-355574000.0,1170366000.0,-2558385000.0,22376000.0,1414391000.0,12055000.0,637283000.0,637283000.0,637283000.0,0.0,-43258000.0,0.222,1033762000.0,1119719000.0,89767000.0,0.559,8.55,47.936,47.994,5765856000.0,0.0,77.27,10.622,10.607,143562000.0,-1196907000.0,2875960000.0,2875960000.0,0.0,0.049,0.183,0.082,0.399,51983000.0,327301000.0,1.0,395352861.0,394772000.0,399287000.0,7.285,8040701000.0,235343000.0,107304000.0,0.0,20.368,204089000.0
9,AMT,MRY,2011-12-31,2011-12-31,2011-12-31,2021-07-29,-142617000.0,12242395000.0,11217566000.0,775155000.0,11467240000.0,0.218,8.307,-523015000.0,372406000.0,372406000.0,620956000.0,381840000.0,0.992,2.687,7236308000.0,101816000.0,7134492000.0,7236308000.0,92483000.0,555517000.0,0.0,0.006,0.35,833396000.0,1388913000.0,0.568,1388913000.0,833396000.0,521542000.0,1.0,0.99,1.0,3287220000.0,3402891750.0,3287220000.0,29189373951.0,35.0,21.016,642927000.0,1.625,1.0,1822576000.0,0.746,5171343000.0,311854000.0,13153457000.0,10800544250.0,0.0,517885000.0,22270000.0,495615000.0,8832253000.0,781497000.0,8050756000.0,23585438951.0,-553772000.0,-2320673000.0,-351760000.0,1449824000.0,-137765000.0,1086095000.0,-2790812000.0,52876000.0,1165942000.0,-14997000.0,396462000.0,396462000.0,396462000.0,0.0,-14622000.0,0.162,902444000.0,920132000.0,215931000.0,0.35,7.175,59.49,60.01,4981722000.0,0.0,60.01,9.652,9.718,100610000.0,-1477899000.0,2443532000.0,2443532000.0,0.0,0.035,0.117,0.077,0.341,47437000.0,288824000.0,1.0,393025145.0,395711000.0,400195000.0,6.175,7071052000.0,238627000.0,125080000.0,0.0,17.869,-6342000.0
10,AMT,MRY,2010-12-31,2010-12-31,2010-12-31,2021-07-29,38053000.0,10370084000.0,9269809000.0,1408229000.0,8961855000.0,0.214,8.728,-346664000.0,959935000.0,959935000.0,474586000.0,373606000.0,2.61,1.961,5587388000.0,74896000.0,5512492000.0,5587388000.0,134135000.0,460726000.0,0.0,0.0,0.0,801443000.0,1262169000.0,0.636,1262169000.0,801443000.0,555425000.0,0.93,0.92,0.93,3501444000.0,3458488250.0,3501444000.0,24972411825.0,31.0,19.785,674313000.0,1.681,1.0,1510749000.0,0.761,4397773000.0,246018000.0,10060303000.0,8842824000.0,0.0,364237000.0,46428000.0,317809000.0,6865526000.0,539461000.0,6326065000.0,20608488825.0,636670000.0,-899606000.0,-292110000.0,1215195000.0,0.0,910330000.0,-1300902000.0,-30475000.0,1020977000.0,6265000.0,372936000.0,372936000.0,372936000.0,-30000.0,670000.0,0.188,726371000.0,784378000.0,67124000.0,0.0,5.886,55.26,55.527,3683474000.0,0.0,51.64,10.38,10.434,81479000.0,-1736596000.0,1985335000.0,1985335000.0,0.0,0.04,0.108,0.091,0.404,52555000.0,229769000.0,1.0,399079954.0,401152000.0,404072000.0,4.949,5972311000.0,266950000.0,182489000.0,0.0,14.888,868768000.0
11,AMT,MRY,2009-12-31,2009-12-31,2009-12-31,2021-07-29,-12649000.0,8519931000.0,8431778000.0,655096000.0,7864835000.0,0.204,8.322,-250262000.0,295129000.0,295129000.0,416375000.0,247127000.0,1.674,1.569,4211581000.0,70521000.0,4141060000.0,4211581000.0,112047000.0,414619000.0,0.0,0.0,0.0,678963000.0,1093582000.0,0.634,1093582000.0,678963000.0,429160000.0,0.62,0.61,0.62,3315082000.0,3178399500.0,3315082000.0,21253038155.0,31.0,19.434,591864000.0,1.486,1.0,1307739000.0,0.758,3845163000.0,249803000.0,8199976000.0,8267834500.0,0.0,661640000.0,9776000.0,651864000.0,5201806000.0,391244000.0,4810562000.0,17346752155.0,104216000.0,-295603000.0,-147315000.0,-31199000.0,0.0,-194942000.0,-543066000.0,1459000.0,842126000.0,98000.0,246595000.0,246595000.0,246595000.0,-8179000.0,532000.0,0.143,635481000.0,672258000.0,185138000.0,0.0,5.233,70.345,69.694,3169623000.0,0.0,43.21,10.061,9.984,67949000.0,-2109532000.0,1724114000.0,1724114000.0,0.0,0.029,0.078,0.082,0.394,60670000.0,201694000.0,1.0,401452260.0,398375000.0,406948000.0,4.328,4674768000.0,387636000.0,182565000.0,0.0,11.735,263852000.0
12,AMT,MRY,2008-12-31,2008-12-31,2008-12-31,2021-07-29,-20031000.0,8211665000.0,8199842000.0,473680000.0,7737985000.0,0.194,7.555,-243484000.0,194943000.0,194943000.0,389855000.0,347415000.0,1.565,1.744,4333146000.0,1837000.0,4331309000.0,4333146000.0,120188000.0,405332000.0,0.0,0.0,0.0,736339000.0,1141671000.0,0.716,1141671000.0,736339000.0,482755000.0,0.88,0.84,0.88,2991322000.0,2939859250.0,2991322000.0,15944358408.0,22.0,13.966,529774000.0,1.338,1.0,1203649000.0,0.755,3752388000.0,253584000.0,8294835000.0,8327419500.0,0.0,583561000.0,2028000.0,581533000.0,5217186000.0,302645000.0,4914541000.0,11631057408.0,109954000.0,-42817000.0,-631727000.0,247547000.0,0.0,-388172000.0,-274940000.0,9725000.0,773258000.0,-192000.0,347246000.0,347246000.0,347246000.0,-110982000.0,169000.0,0.218,596895000.0,606754000.0,151985000.0,0.0,3.888,33.495,33.318,3022636000.0,0.0,29.32,7.299,7.285,51313000.0,-2356127000.0,1593504000.0,1593504000.0,0.0,0.042,0.118,0.088,0.462,54807000.0,180374000.0,1.0,396693636.0,395947000.0,418357000.0,4.025,4459277000.0,545409000.0,135509000.0,0.0,11.262,171035000.0
13,AMT,MRY,2007-12-31,2007-12-31,2007-12-31,2021-07-29,-3626000.0,8130457000.0,8259474500.0,245674000.0,7884783000.0,0.176,7.306,-154381000.0,86807000.0,86807000.0,359622000.0,56654000.0,0.774,1.691,4285284000.0,1817000.0,4283467000.0,4285284000.0,106395000.0,522928000.0,0.0,0.0,0.0,351949000.0,874877000.0,0.601,874877000.0,351949000.0,116125000.0,0.14,0.13,0.14,3018750000.0,3503591750.0,3018750000.0,21144950426.0,60.0,24.169,538298000.0,1.303,1.0,1096972000.0,0.753,3874746000.0,235824000.0,8136810000.0,7854267500.0,0.0,492221000.0,7224000.0,484997000.0,5105023000.0,317378000.0,4787645000.0,17241924426.0,-248141000.0,-43962000.0,-1518734000.0,812760000.0,0.0,-754640000.0,-186180000.0,12163000.0,692679000.0,0.0,56316000.0,56316000.0,56316000.0,36396000.0,338000.0,0.039,718609000.0,378363000.0,175464000.0,0.0,5.712,306.164,304.286,3045186000.0,0.0,42.6,11.837,12.084,40316000.0,-2703373000.0,1456594000.0,1456594000.0,0.0,0.007,0.016,0.045,0.242,54603000.0,186483000.0,1.0,404740010.0,413167000.0,426079000.0,3.525,4255711000.0,519917000.0,59809000.0,0.0,10.3,-71704000.0
14,AMT,MRY,2006-12-31,2006-12-31,2006-12-31,2021-07-29,16079000.0,8613219000.0,8628668750.0,486022000.0,8127197000.0,0.153,10.321,-127098000.0,281264000.0,281264000.0,343537000.0,27484000.0,0.853,0.964,3543016000.0,253907000.0,3289109000.0,3543016000.0,86769000.0,528051000.0,0.0,0.0,0.0,284895000.0,812946000.0,0.617,812946000.0,284895000.0,69252000.0,0.06,0.06,0.06,4381325000.0,4387781250.0,4381325000.0,19218576517.0,67.0,23.641,493640000.0,1.163,1.0,973848000.0,0.739,4010643000.0,215643000.0,7294699000.0,7387396500.0,0.0,438706000.0,22986000.0,415720000.0,4224712000.0,569629000.0,3655083000.0,15862338517.0,168563000.0,-37281000.0,-265916000.0,-53760000.0,0.0,-323063000.0,-129112000.0,35267000.0,620738000.0,0.0,27484000.0,27484000.0,27484000.0,854000.0,0.0,0.021,689947000.0,283901000.0,187634000.0,0.0,3.62,577.148,621.333,3218124000.0,0.0,37.28,12.041,12.013,29368000.0,-2733920000.0,1317385000.0,1317385000.0,0.0,0.003,0.006,0.039,0.216,39502000.0,159324000.0,1.0,425491913.0,424525000.0,436217000.0,3.103,4602576000.0,571195000.0,41768000.0,0.0,10.842,-83607000.0
15,AMT,MRY,2005-12-31,2005-12-31,2005-12-31,2021-07-29,-803000.0,8786854000.0,6830769000.0,225878000.0,8560976000.0,0.138,14.981,-88637000.0,112701000.0,112701000.0,256127000.0,-181359000.0,0.495,0.935,3613429000.0,162153000.0,3451276000.0,3613429000.0,77655000.0,411254000.0,0.0,0.0,0.0,46774000.0,458028000.0,0.485,458028000.0,46774000.0,-175645000.0,-0.6,-0.6,-0.6,4532027000.0,3007792500.0,4532027000.0,14691265475.0,314.0,32.075,308567000.0,1.02,1.0,688659000.0,0.729,4219863000.0,222419000.0,7611110000.0,6883131750.0,0.0,357294000.0,0.0,357294000.0,4235239000.0,456609000.0,3778630000.0,11160267475.0,-102856000.0,1947000.0,-3570000.0,-406444000.0,0.0,-419526000.0,-80534000.0,6156000.0,397204000.0,0.0,-181359000.0,-181359000.0,-181359000.0,1913000.0,0.0,-0.192,553545000.0,135114000.0,178951000.0,0.0,2.463,-61.537,-45.167,3460526000.0,0.0,27.1,11.812,8.677,36995000.0,-2761404000.0,944786000.0,944786000.0,0.0,-0.027,-0.06,0.007,0.05,15930000.0,108059000.0,1.0,411817988.0,302510000.0,302510000.0,3.123,4566991000.0,554652000.0,5714000.0,0.0,15.097,-230731000.0
16,AMT,MRY,2004-12-31,2004-12-31,2004-12-31,2021-07-29,0.0,5107696000.0,5100807250.0,309037000.0,4798659000.0,0.139,6.618,-42181000.0,215557000.0,215557000.0,211462000.0,-255464000.0,0.925,2.432,3293614000.0,138386000.0,3155228000.0,3293614000.0,32681000.0,329449000.0,0.0,0.0,0.0,-76565000.0,252884000.0,0.358,252884000.0,-76565000.0,-338802000.0,-1.14,-1.14,-1.14,1484686000.0,1511458750.0,1484686000.0,7292639471.0,-95.0,28.838,174519000.0,0.778,1.0,495198000.0,0.701,1577986000.0,262237000.0,6273652000.0,6349023000.0,0.0,291779000.0,0.0,291779000.0,3610848000.0,334115000.0,3276733000.0,4201115471.0,110092000.0,-5363000.0,40556000.0,-230901000.0,0.0,-231428000.0,124820000.0,172364000.0,216700000.0,0.0,-255464000.0,-255464000.0,-255464000.0,8409000.0,0.0,-0.362,436419000.0,58779000.0,123582000.0,0.0,2.83,-16.445,-16.14,2273356000.0,0.0,18.4,5.945,5.841,38634000.0,-2580045000.0,706660000.0,706660000.0,0.0,-0.05,-0.169,-0.012,-0.108,10750000.0,83094000.0,1.0,228321493.0,224336000.0,224336000.0,3.15,3529710000.0,661628000.0,-83338000.0,0.0,15.734,-25078000.0
17,AMT,MRY,2003-12-31,2003-12-31,2003-12-31,2021-07-29,0.0,5290654000.0,5545027500.0,416653000.0,4874001000.0,0.114,7.648,-61608000.0,275501000.0,275501000.0,199799000.0,-328959000.0,1.411,2.301,3353011000.0,76627000.0,3276384000.0,3353011000.0,41449000.0,330414000.0,0.0,0.0,0.0,-134743000.0,195671000.0,0.309,195671000.0,-134743000.0,-414526000.0,-1.58,-1.58,-1.58,1591579000.0,1673608750.0,1591579000.0,5509476689.0,-41.0,28.157,94778000.0,0.455,1.0,432694000.0,0.684,1612432000.0,279783000.0,6460455000.0,6544664250.0,0.0,275508000.0,0.0,275508000.0,3661877000.0,295277000.0,3366600000.0,2375451689.0,-21827000.0,15676000.0,126847000.0,-39572000.0,0.0,47833000.0,-226046000.0,-180114000.0,156386000.0,0.0,-328959000.0,-328959000.0,-328959000.0,61633000.0,0.0,-0.52,445562000.0,-12868000.0,107557000.0,0.0,1.493,-7.221,-6.848,2483324000.0,0.0,10.82,3.756,3.56,57735000.0,-2291816000.0,632493000.0,632493000.0,0.0,-0.059,-0.197,-0.021,-0.213,11188000.0,83492000.0,1.0,219542670.0,208098000.0,208098000.0,3.039,3678222000.0,516859000.0,-85567000.0,0.0,17.675,121376000.0
18,AMT,MRY,2002-12-31,2002-12-31,2002-12-31,2021-07-29,-5564000.0,5628317000.0,6050675750.0,590776000.0,5037541000.0,0.095,8.418,-180497000.0,127292000.0,127292000.0,272015000.0,-1163540000.0,0.861,2.402,3441794000.0,269858000.0,3171936000.0,3441794000.0,38733000.0,327665000.0,0.0,0.0,0.0,-990336000.0,-662671000.0,-1.147,-662671000.0,-990336000.0,-1244681000.0,-5.95,-5.95,-5.95,1645291000.0,2084195750.0,1645291000.0,4241894004.0,-4.0,-6.401,-75348000.0,-0.386,1.0,305779000.0,0.529,1699439000.0,254345000.0,6557102000.0,7168829750.0,0.0,261996000.0,0.0,261996000.0,3951892000.0,686278000.0,3265614000.0,690345004.0,91334000.0,52992000.0,1305000.0,11730000.0,0.0,101442000.0,-115257000.0,12248000.0,105149000.0,0.0,-1163540000.0,-1163540000.0,-1163540000.0,255119000.0,0.0,-2.014,459266000.0,-153487000.0,113380000.0,0.0,0.42,-0.593,-0.593,2650490000.0,0.0,3.53,1.195,1.194,86844000.0,-1966495000.0,577794000.0,577794000.0,0.0,-0.192,-0.558,-0.138,-1.714,0.0,30229000.0,1.0,195565157.0,195454000.0,195454000.0,2.956,3928878000.0,438727000.0,-81141000.0,0.0,20.101,-95502000.0
19,AMT,MRY,2001-12-31,2001-12-31,2001-12-31,2021-07-29,-16057000.0,6829723000.0,6956861000.0,522207000.0,6307516000.0,0.094,14.903,-568158000.0,130029000.0,130029000.0,421327000.0,-472037000.0,1.524,1.382,3555240000.0,12585000.0,3542655000.0,3555240000.0,56098000.0,356713000.0,0.0,0.0,0.0,-318559000.0,38154000.0,0.058,38154000.0,-318559000.0,-585758000.0,-2.46,-2.46,-2.46,2855259000.0,3015820500.0,2855259000.0,5057432177.0,-16.0,132.553,-542088000.0,-2.829,1.0,233650000.0,0.357,2507911000.0,267199000.0,7404309000.0,7129067000.0,49332000.0,266817000.0,0.0,266817000.0,3946590000.0,342714000.0,3603876000.0,1847564177.0,-46080000.0,-811102000.0,366671000.0,1100367000.0,0.0,1373153000.0,-1445303000.0,-66043000.0,26070000.0,0.0,-472037000.0,-472037000.0,-472037000.0,58990000.0,0.0,-0.721,470519000.0,-236869000.0,174921000.0,0.0,0.647,-3.914,-3.85,3287573000.0,0.0,9.47,2.821,2.77,229065000.0,-745151000.0,654977000.0,654977000.0,0.0,-0.068,-0.157,-0.045,-0.486,0.0,34310000.0,1.0,195096534.0,191586000.0,191586000.0,3.419,4321812000.0,269351000.0,-113721000.0,0.0,22.558,179493000.0
20,AMT,MRY,2000-12-31,2000-12-31,2000-12-31,2021-07-29,0.0,5660679000.0,5038171500.0,471152000.0,5189527000.0,0.101,16.956,-541347000.0,128074000.0,128074000.0,346613000.0,-194628000.0,1.582,0.967,2468223000.0,11178000.0,2457045000.0,2468223000.0,48248000.0,241211000.0,0.0,0.0,0.0,-108823000.0,132388000.0,0.26,132388000.0,-108823000.0,-260525000.0,-1.15,-1.15,-1.15,2860684000.0,2664314750.0,2860684000.0,8530496835.0,-78.0,64.436,-578521000.0,-3.429,1.0,163301000.0,0.32,2505681000.0,151702000.0,5197361000.0,4396017750.0,47872000.0,173483000.0,0.0,173483000.0,2767303000.0,297786000.0,2469517000.0,6777739835.0,56826000.0,-1368024000.0,535435000.0,1642845000.0,0.0,2093214000.0,-1999214000.0,-89843000.0,-37174000.0,0.0,-194628000.0,-194628000.0,-194628000.0,6213000.0,0.0,-0.382,270602000.0,-107301000.0,74046000.0,0.0,2.369,-34.824,-32.939,2296670000.0,0.0,37.88,13.292,12.533,237663000.0,-295057000.0,509914000.0,509914000.0,14433000.0,-0.039,-0.073,-0.025,-0.213,0.0,14958000.0,1.0,178926606.0,168715000.0,168715000.0,3.022,3154998000.0,155561000.0,-65897000.0,0.0,18.7,173366000.0
21,AMT,MRY,1999-12-31,1999-12-31,1999-12-31,2021-07-29,0.0,3018866000.0,2671634250.0,129607000.0,2889259000.0,0.097,14.267,-272670000.0,25212000.0,25212000.0,155857000.0,-50727000.0,1.037,0.405,740822000.0,4736000.0,736086000.0,740822000.0,17515000.0,132539000.0,0.0,0.0,0.0,-23021000.0,109518000.0,0.424,109518000.0,-23021000.0,-50513000.0,-0.34,-0.34,-0.34,2136430000.0,2150765500.0,2136430000.0,5095186215.0,-221.0,46.524,-201478000.0,-1.345,1.0,102224000.0,0.396,1403897000.0,27492000.0,2205592000.0,1510403500.0,11262000.0,134396000.0,0.0,134396000.0,865130000.0,124987000.0,740143000.0,4758257215.0,-160963000.0,-588384000.0,634727000.0,311986000.0,0.0,880122000.0,-1112277000.0,-251223000.0,71192000.0,0.0,-50727000.0,-50727000.0,-50727000.0,0.0,0.0,-0.197,143282000.0,-41058000.0,25564000.0,0.0,2.227,-93.801,-89.882,1092346000.0,0.0,30.56,18.437,17.732,71845000.0,-100429000.0,258081000.0,258081000.0,1607000.0,-0.019,-0.024,-0.015,-0.089,0.0,9136000.0,1.0,155702134.0,149749000.0,149749000.0,1.723,1614969000.0,115970000.0,214000.0,0.0,10.785,4620000.0
22,AMT,MRY,1998-12-31,1998-12-31,1998-12-31,2021-07-29,0.0,1502343000.0,607975980.0,207585000.0,1294758000.0,0.17,13.632,-126455000.0,186175000.0,186175000.0,61751000.0,-46842000.0,1.795,0.365,281129000.0,1652000.0,279477000.0,281129000.0,6610000.0,52064000.0,0.0,0.0,0.0,-28104000.0,23960000.0,0.231,23960000.0,-28104000.0,-51333000.0,-0.59,-0.59,-0.59,1087630000.0,398446171.0,1087630000.0,3177197045.0,-113.0,132.604,-108026000.0,-1.354,1.0,41793000.0,0.404,718575000.0,23229000.0,763087000.0,338471006.0,0.0,7585000.0,0.0,7585000.0,396541000.0,115635000.0,280906000.0,3209046045.0,181579000.0,-208717000.0,707059000.0,48833000.0,0.0,513527000.0,-350377000.0,-15205000.0,18429000.0,0.0,-46842000.0,-46842000.0,-46842000.0,0.0,0.0,-0.452,69935000.0,-28142000.0,51823000.0,0.0,2.95,-68.508,-50.102,449476000.0,0.0,29.56,30.992,22.778,16850000.0,-49702000.0,103544000.0,103544000.0,0.0,-0.077,-0.118,-0.083,-0.271,0.0,5099000.0,1.0,108560421.0,79786000.0,79786000.0,1.298,783768000.0,109913000.0,-4491000.0,0.0,9.823,91950000.0
23,AMT,MRY,1997-12-31,1997-12-31,1997-12-31,2021-07-29,0.0,255357000.0,146237326.0,8688000.0,246669000.0,0.12,3.131,-20614000.0,4596000.0,4596000.0,8713000.0,-2270000.0,0.789,0.665,90176000.0,110000.0,90066000.0,90176000.0,1752000.0,6326000.0,0.0,,0.0,297000.0,6623000.0,0.378,6623000.0,297000.0,-2743000.0,-0.05,-0.05,-0.05,152582000.0,90890719.0,152582000.0,,,,-10701000.0,-0.22,1.0,8795000.0,0.502,116616000.0,3040000.0,213315000.0,118079468.0,0.0,10700000.0,0.0,10700000.0,101523000.0,11006000.0,90517000.0,,2222000.0,-184076000.0,0.0,85641000.0,0.0,209092000.0,-216783000.0,-12093000.0,9913000.0,0.0,-2270000.0,-2270000.0,-2270000.0,0.0,0.0,-0.13,7862000.0,933000.0,3738000.0,0.0,,,,117618000.0,0.0,,,,3239000.0,-2860000.0,17508000.0,17508000.0,0.0,-0.016,-0.025,0.003,0.017,0.0,1536000.0,1.0,48976360.0,48732000.0,48732000.0,0.359,138741000.0,63000.0,-473000.0,418000.0,2.847,-2318000.0
24,AMT,MRY,1996-12-31,1996-12-31,1996-12-31,2021-07-29,0.0,37117653.0,,2690007.0,34427646.0,,0.599,0.0,2373360.0,2373360.0,1362000.0,-479000.0,1.254,0.253,4535258.0,117362.0,4417896.0,4535258.0,252789.0,990000.0,0.0,,0.0,-434000.0,556000.0,0.192,556000.0,-434000.0,-434000.0,0.0,0.0,0.0,29199438.0,,29199438.0,,,,2230000.0,0.046,1.0,1535000.0,0.53,14291320.0,0.0,22843936.0,,0.0,325000.0,0.0,325000.0,7389287.0,2144295.0,5244992.0,,2362000.0,0.0,0.0,2624000.0,0.0,132000.0,0.0,0.0,2230000.0,0.0,-479000.0,-479000.0,-479000.0,0.0,0.0,-0.165,1820000.0,-285000.0,1058822.0,,,,,19709523.0,0.0,,,,236990.0,-590084.0,2897000.0,2897000.0,0.0,,,,-0.15,0.0,830000.0,1.0,,48732000.0,48732000.0,0.059,22826333.0,0.0,45000.0,279218.0,0.468,545712.0
25,AMT,MRY,1995-12-31,1995-12-31,1995-12-31,2021-07-29,,,,,,,,0.0,,,59417.0,-110411.0,,,,,,,,57428.0,,,0.0,-183835.0,-126407.0,-0.775,-126407.0,-183835.0,-183835.0,,,,,,,,,,-50789.0,,1.0,103702.0,0.636,,0.0,,,,,,,,,,,12000.0,0.0,0.0,0.0,0.0,62789.0,0.0,0.0,-50789.0,0.0,-110411.0,-110411.0,-110411.0,0.0,0.0,-0.677,287537.0,-183835.0,,,,,,,0.0,,,,,,163119.0,163119.0,0.0,,,,-1.127,0.0,230109.0,1.0,,,,,,,-73424.0,,,
0,AMT,MRQ,2021-06-30,2021-06-30,2021-06-30,2021-07-29,-3902900000.0,58982900000.0,,3356000000.0,55626900000.0,,12.77,-277900000.0,2000800000.0,2000800000.0,647900000.0,747900000.0,0.564,9.028,44343100000.0,3359500000.0,40983600000.0,44343100000.0,549700000.0,554800000.0,0.0,0.018,2.51,1032800000.0,1587600000.0,0.691,1587600000.0,1032800000.0,819100000.0,1.66,1.65,1.66,5754200000.0,,5754200000.0,154859768285.0,48.0,29.322,674000000.0,1.496,1.0,1651000000.0,0.718,29360400000.0,213700000.0,66012700000.0,,0.0,401800000.0,0.0,401800000.0,51950100000.0,5952100000.0,45998000000.0,120157568285.0,7500000.0,-8767800000.0,2386500000.0,6481600000.0,-551500000.0,8067000000.0,-9066900000.0,-21500000.0,951900000.0,55500000.0,746300000.0,746300000.0,746300000.0,0.0,1600000.0,0.325,801800000.0,849200000.0,776500000.0,1.512,20.882,54.106,54.245,23409700000.0,0.0,270.14,13.984,14.166,739600000.0,-1085000000.0,2298900000.0,2298900000.0,0.0,,,,,31900000.0,207200000.0,1.0,444797395.0,450617000.0,452354000.0,5.102,29622500000.0,145400000.0,72800000.0,0.0,65.738,-2596100000.0
1,AMT,MRQ,2021-03-31,2021-03-31,2021-03-31,2021-07-29,-4061600000.0,46942500000.0,,3021600000.0,43920900000.0,,8.737,-324800000.0,1993300000.0,1993300000.0,574300000.0,652300000.0,0.72,10.916,36695500000.0,1892300000.0,34803200000.0,36695500000.0,506500000.0,522500000.0,0.0,0.019,0.0,902300000.0,1424800000.0,0.66,1424800000.0,902300000.0,695300000.0,1.45,1.45,1.45,3883400000.0,,3883400000.0,141084943509.0,49.0,29.371,767900000.0,1.728,1.0,1584200000.0,0.734,20769700000.0,207000000.0,56678400000.0,,0.0,394100000.0,0.0,394100000.0,42390700000.0,4196600000.0,38194100000.0,106234543509.0,131900000.0,-114800000.0,1900000.0,134900000.0,-544900000.0,-480000000.0,-438700000.0,4400000.0,1092700000.0,-42100000.0,645000000.0,645000000.0,645000000.0,0.0,7300000.0,0.299,755500000.0,828700000.0,685900000.0,0.0,27.356,55.313,55.21,20432400000.0,0.0,239.06,12.945,12.947,537700000.0,-1251800000.0,2158500000.0,2158500000.0,0.0,,,,,38000000.0,182600000.0,1.0,444384437.0,444486000.0,446294000.0,4.856,26172800000.0,127300000.0,50300000.0,0.0,58.883,-1175000000.0
2,AMT,MRQ,2020-12-31,2020-12-31,2020-12-31,2021-07-29,-3759400000.0,47233500000.0,,2905600000.0,44327900000.0,,9.213,-362900000.0,1861400000.0,1861400000.0,572600000.0,361600000.0,0.795,10.371,36711800000.0,1329700000.0,35382100000.0,36711800000.0,390600000.0,481200000.0,0.0,0.02,1.21,619300000.0,1100500000.0,0.518,1100500000.0,619300000.0,423200000.0,0.82,0.82,0.82,4093500000.0,,4093500000.0,129671930786.0,50.0,28.842,769400000.0,1.732,1.0,1549900000.0,0.73,21122500000.0,196100000.0,57305900000.0,,0.0,400100000.0,0.0,400100000.0,42453000000.0,3655500000.0,38797500000.0,99708130786.0,131200000.0,-3465500000.0,15600000.0,3585700000.0,-506400000.0,2734700000.0,-3814000000.0,4900000.0,1132300000.0,78200000.0,365100000.0,365100000.0,365100000.0,0.0,-3500000.0,0.172,875600000.0,674300000.0,683700000.0,1.476,24.358,58.978,58.913,20597900000.0,0.0,224.46,12.399,12.383,511600000.0,-1343000000.0,2122500000.0,2122500000.0,0.0,,,,,21800000.0,196300000.0,1.0,444213360.0,444300000.0,446392000.0,4.777,26111000000.0,123100000.0,58100000.0,0.0,58.769,-749900000.0
3,AMT,MRQ,2020-09-30,2020-09-30,2020-09-30,2021-07-29,-4191200000.0,41462200000.0,,2852500000.0,38609700000.0,,8.409,-243900000.0,1730200000.0,1730200000.0,562600000.0,462900000.0,0.873,9.84,31694000000.0,1258600000.0,30435400000.0,31694000000.0,324400000.0,473900000.0,0.0,0.018,1.14,694600000.0,1168500000.0,0.581,1168500000.0,694600000.0,503700000.0,1.05,1.04,1.05,3731700000.0,,3731700000.0,136913860732.0,52.0,30.369,716400000.0,1.614,1.0,1450300000.0,0.721,17365900000.0,190900000.0,50794000000.0,,0.0,315200000.0,0.0,315200000.0,36718200000.0,3266100000.0,33452100000.0,107223660732.0,-375900000.0,-100900000.0,48200000.0,-544100000.0,-488000000.0,-1012600000.0,-331800000.0,5400000.0,960300000.0,8200000.0,464400000.0,464400000.0,464400000.0,0.0,-1500000.0,0.231,665200000.0,785100000.0,629600000.0,1.086,28.733,56.786,56.611,18895600000.0,0.0,241.73,13.672,13.678,573600000.0,-1168800000.0,2012900000.0,2012900000.0,0.0,,,,,24100000.0,176000000.0,1.0,443567868.0,443766000.0,446156000.0,4.536,24096300000.0,115000000.0,39300000.0,0.0,54.3,-413600000.0
4,AMT,MRQ,2020-06-30,2020-06-30,2020-06-30,2021-07-29,-4274500000.0,41515900000.0,,3226600000.0,38289300000.0,,8.164,-210500000.0,2106100000.0,2106100000.0,540000000.0,448400000.0,0.543,10.196,31796300000.0,3860300000.0,27936000000.0,31796300000.0,400200000.0,454900000.0,0.0,0.016,2.18,654900000.0,1109800000.0,0.58,1109800000.0,654900000.0,457200000.0,1.01,1.0,1.01,3620300000.0,,3620300000.0,144404146222.0,53.0,31.953,778300000.0,1.755,1.0,1373000000.0,0.718,17436200000.0,197700000.0,47825000000.0,,0.0,393400000.0,0.0,393400000.0,36913300000.0,5944900000.0,30968400000.0,114612446222.0,705800000.0,-183400000.0,6900000.0,606700000.0,-478900000.0,99200000.0,-385400000.0,3500000.0,988800000.0,3200000.0,446100000.0,446100000.0,446100000.0,0.0,2300000.0,0.233,681700000.0,691300000.0,601600000.0,2.158,31.658,59.619,59.434,18479800000.0,0.0,258.54,14.725,14.73,585200000.0,-1125100000.0,1913000000.0,1913000000.0,0.0,,,,,27200000.0,188600000.0,1.0,443306437.0,443436000.0,445867000.0,4.314,24079700000.0,138600000.0,11100000.0,0.0,54.303,-2718300000.0
5,AMT,MRQ,2020-03-31,2020-03-31,2020-03-31,2021-07-29,-4271700000.0,40789100000.0,,2504900000.0,38284200000.0,,8.203,-214400000.0,1400300000.0,1400300000.0,552000000.0,418600000.0,0.486,9.956,31192000000.0,3116800000.0,28075200000.0,31192000000.0,408500000.0,472300000.0,0.0,0.017,0.0,644900000.0,1117200000.0,0.561,1117200000.0,644900000.0,436100000.0,0.94,0.93,0.94,3634400000.0,,3634400000.0,125926345321.0,47.0,27.85,585600000.0,1.322,1.0,1441100000.0,0.723,17549400000.0,208800000.0,47877000000.0,,0.0,407000000.0,0.0,407000000.0,36183100000.0,5154400000.0,31028700000.0,96444045321.0,-177700000.0,-49300000.0,-28600000.0,503600000.0,-454900000.0,-606000000.0,-253400000.0,5800000.0,800000000.0,-118300000.0,415000000.0,415000000.0,415000000.0,0.0,3600000.0,0.208,704300000.0,736800000.0,604500000.0,0.0,26.536,50.616,50.522,18419600000.0,0.0,217.75,12.428,12.432,623900000.0,-1082500000.0,1993100000.0,1993100000.0,0.0,,,,,47700000.0,217800000.0,1.0,442911804.0,443055000.0,445832000.0,4.499,23239700000.0,126400000.0,21100000.0,0.0,52.453,-2649500000.0
6,AMT,MRQ,2019-12-31,2019-12-31,2019-12-31,2021-07-29,-2823600000.0,42801600000.0,,2553800000.0,40247800000.0,,11.413,-266700000.0,1578000000.0,1578000000.0,550200000.0,569400000.0,0.465,7.164,31060300000.0,3422700000.0,27637600000.0,31060300000.0,294300000.0,449800000.0,0.0,0.016,1.01,663100000.0,1112900000.0,0.579,1112900000.0,663100000.0,462200000.0,1.27,1.26,1.27,5055400000.0,,5055400000.0,128754970772.0,48.0,28.739,727000000.0,1.641,1.0,1373500000.0,0.714,18496700000.0,200900000.0,48299500000.0,,0.0,406400000.0,0.0,406400000.0,36214700000.0,5487700000.0,30727000000.0,101796570772.0,129700000.0,-2272000000.0,-6800000.0,2214100000.0,-420800000.0,1696300000.0,-2586700000.0,5100000.0,993700000.0,26400000.0,562700000.0,562700000.0,562700000.0,0.0,6700000.0,0.293,712200000.0,661300000.0,603100000.0,0.795,20.136,53.923,53.822,19441800000.0,0.0,229.82,13.429,13.41,462200000.0,-1016800000.0,1923700000.0,1923700000.0,0.0,,,,,23500000.0,179600000.0,1.0,442940435.0,442946000.0,446024000.0,4.343,24304900000.0,131800000.0,-100500000.0,0.0,54.871,-2933900000.0
7,AMT,MRQ,2019-09-30,2019-09-30,2019-09-30,2021-07-29,-2979000000.0,39307200000.0,,2362000000.0,36945200000.0,,11.836,-260300000.0,1448300000.0,1448300000.0,559900000.0,505300000.0,0.493,6.285,28406700000.0,2918700000.0,25488000000.0,28406700000.0,302900000.0,442800000.0,0.0,0.016,0.95,736600000.0,1179400000.0,0.604,1179400000.0,736600000.0,535300000.0,1.13,1.12,1.13,5240400000.0,,5240400000.0,124495356605.0,51.0,27.516,676900000.0,1.529,1.0,1393700000.0,0.713,16377200000.0,201300000.0,45101000000.0,,0.0,248900000.0,0.0,248900000.0,32937300000.0,4787400000.0,28149900000.0,97890956605.0,162300000.0,-553100000.0,36100000.0,450800000.0,-407100000.0,72800000.0,-810100000.0,9700000.0,937200000.0,-37600000.0,498600000.0,498600000.0,498600000.0,0.0,6700000.0,0.255,665400000.0,728300000.0,563700000.0,0.841,18.68,61.079,60.917,18497900000.0,0.0,221.13,12.569,12.571,441700000.0,-1130100000.0,1953600000.0,1953600000.0,0.0,,,,,23500000.0,187900000.0,1.0,442685102.0,442763000.0,445829000.0,4.412,22930000000.0,143500000.0,36700000.0,0.0,51.788,-2425400000.0
8,AMT,MRQ,2019-06-30,2019-06-30,2019-06-30,2021-07-29,-2606700000.0,39072700000.0,,2232400000.0,36840300000.0,,12.387,-243500000.0,1286000000.0,1286000000.0,563300000.0,434300000.0,0.463,5.922,27890400000.0,2939100000.0,24951300000.0,27890400000.0,334800000.0,448900000.0,0.0,0.017,1.82,663200000.0,1112100000.0,0.589,1112100000.0,663200000.0,458700000.0,0.97,0.96,0.97,5477500000.0,,5477500000.0,117290791286.0,51.0,26.76,793100000.0,1.794,1.0,1326300000.0,0.702,16453000000.0,204500000.0,44402500000.0,,0.0,263800000.0,0.0,263800000.0,32439400000.0,4821600000.0,27617800000.0,90371691286.0,186300000.0,-43400000.0,29400000.0,-200200000.0,-398000000.0,-597000000.0,-267400000.0,19400000.0,1036600000.0,14100000.0,429100000.0,429100000.0,429100000.0,0.0,5200000.0,0.227,642400000.0,683900000.0,557900000.0,1.876,16.499,61.436,61.396,18378600000.0,0.0,204.45,11.859,11.864,459500000.0,-1206200000.0,1889600000.0,1889600000.0,0.0,,,,,21900000.0,164800000.0,1.0,442023435.0,442203000.0,445337000.0,4.273,22619700000.0,147800000.0,29600000.0,0.0,51.152,-2589200000.0
9,AMT,MRQ,2019-03-31,2019-03-31,2019-03-31,2021-07-29,-2672200000.0,38926800000.0,,2062300000.0,36864500000.0,,12.115,-220800000.0,1099700000.0,1099700000.0,543400000.0,407600000.0,0.467,6.066,28018800000.0,2595600000.0,25423200000.0,28018800000.0,293000000.0,436900000.0,0.0,0.016,0.0,638900000.0,1075800000.0,0.593,1075800000.0,638900000.0,431400000.0,0.9,0.89,0.9,5347000000.0,,5347000000.0,106785044576.0,50.0,25.17,564300000.0,1.279,1.0,1270000000.0,0.7,16581000000.0,207500000.0,44853000000.0,,0.0,297500000.0,18400000.0,279100000.0,32437500000.0,4411900000.0,28025600000.0,86930044576.0,-205200000.0,-91100000.0,27200000.0,215700000.0,-377100000.0,-650400000.0,-323300000.0,-6600000.0,785100000.0,-16600000.0,397400000.0,397400000.0,397400000.0,0.0,10200000.0,0.219,655100000.0,614900000.0,533100000.0,0.0,16.258,64.459,64.61,18283500000.0,0.0,197.06,11.573,11.578,473000000.0,-1226400000.0,1813400000.0,1813400000.0,0.0,,,,,42500000.0,198100000.0,1.0,441134906.0,441351000.0,444621000.0,4.109,22345800000.0,132300000.0,34000000.0,0.0,50.63,-2349600000.0
10,AMT,MRQ,2018-12-31,2018-12-31,2018-12-31,2021-07-29,-2642900000.0,33010400000.0,,2385100000.0,30625300000.0,,12.104,-302800000.0,1304900000.0,1304900000.0,540900000.0,292700000.0,0.509,4.892,21159900000.0,2754800000.0,18405100000.0,21159900000.0,304100000.0,765900000.0,0.0,0.02,0.84,391200000.0,1157100000.0,0.543,1157100000.0,391200000.0,182200000.0,0.63,0.62,0.63,5336100000.0,,5336100000.0,89651674732.0,46.0,22.067,960400000.0,2.179,1.0,1591000000.0,0.746,16676200000.0,209000000.0,31499300000.0,,0.0,962600000.0,0.0,962600000.0,26106000000.0,4689900000.0,21416100000.0,69680774732.0,11600000.0,-443600000.0,-6800000.0,-208900000.0,-348400000.0,-573400000.0,-694400000.0,73100000.0,1263200000.0,16200000.0,277600000.0,277600000.0,277600000.0,0.0,15100000.0,0.13,1202100000.0,388900000.0,508200000.0,1.333,13.058,56.79,56.699,11247100000.0,0.0,158.19,9.366,9.347,459000000.0,-1199500000.0,2131900000.0,2131900000.0,0.0,,,,,26200000.0,192500000.0,1.0,440487861.0,440851000.0,444436000.0,4.836,16334200000.0,157700000.0,-95400000.0,0.0,37.052,-2304800000.0
11,AMT,MRQ,2018-09-30,2018-09-30,2018-09-30,2021-07-29,-2696300000.0,33077200000.0,,2437000000.0,30640200000.0,,12.136,-185500000.0,1293300000.0,1293300000.0,556700000.0,377300000.0,0.532,4.895,21264200000.0,2841300000.0,18422900000.0,21264200000.0,276600000.0,448900000.0,0.0,0.021,0.79,589200000.0,1038100000.0,0.581,1038100000.0,589200000.0,379400000.0,0.83,0.83,0.83,5350700000.0,,5350700000.0,84197033927.0,43.0,22.447,567800000.0,1.288,1.0,1228800000.0,0.688,16945100000.0,209800000.0,31523300000.0,,0.0,1046500000.0,68200000.0,978300000.0,26193700000.0,4579700000.0,21614000000.0,64053333927.0,323200000.0,-101300000.0,-68700000.0,178200000.0,-339500000.0,-222700000.0,-212100000.0,83100000.0,753300000.0,4700000.0,366900000.0,366900000.0,366900000.0,0.0,10400000.0,0.205,661600000.0,567200000.0,477100000.0,0.952,11.971,54.793,54.624,10996300000.0,0.0,145.3,9.134,9.135,511100000.0,-1104300000.0,1785500000.0,1785500000.0,0.0,,,,,43800000.0,177900000.0,1.0,440835058.0,440889000.0,444121000.0,4.05,16132100000.0,173100000.0,12500000.0,0.0,36.59,-2142700000.0
12,AMT,MRQ,2018-06-30,2018-06-30,2018-06-30,2021-07-29,-2510100000.0,33205700000.0,,2127100000.0,31078600000.0,,12.572,-226400000.0,970100000.0,970100000.0,560300000.0,314400000.0,0.466,4.697,21113800000.0,2791800000.0,18322000000.0,21113800000.0,328600000.0,449700000.0,0.0,0.02,1.52,521900000.0,971600000.0,0.546,971600000.0,521900000.0,310600000.0,0.69,0.69,0.69,5550700000.0,,5550700000.0,83767210522.0,44.0,22.734,713600000.0,1.616,1.0,1220600000.0,0.685,17284800000.0,211300000.0,31501700000.0,,0.0,1105300000.0,80800000.0,1024500000.0,26069800000.0,4562900000.0,21506900000.0,63674110522.0,-308800000.0,-663100000.0,-78400000.0,-172600000.0,-331300000.0,-628900000.0,-562400000.0,335800000.0,940000000.0,-57500000.0,306700000.0,306700000.0,306700000.0,0.0,7700000.0,0.172,674600000.0,546000000.0,481900000.0,2.203,11.471,57.859,56.984,11067000000.0,0.0,144.17,9.218,9.214,506900000.0,-1121600000.0,1780900000.0,1780900000.0,0.0,,,,,24800000.0,157900000.0,1.0,441659919.0,441497000.0,444362000.0,4.034,15920900000.0,183700000.0,3900000.0,0.0,36.061,-2435800000.0
13,AMT,MRQ,2018-03-31,2018-03-31,2018-03-31,2021-07-29,-1834600000.0,34372700000.0,,2797400000.0,31575300000.0,,14.557,-198500000.0,1278900000.0,1278900000.0,519900000.0,280300000.0,0.616,4.163,21372000000.0,2803200000.0,18568800000.0,21372000000.0,331400000.0,446300000.0,0.0,0.018,0.0,453700000.0,900000000.0,0.517,900000000.0,453700000.0,254100000.0,0.63,0.63,0.63,6334200000.0,,6334200000.0,83323596397.0,43.0,22.58,593300000.0,1.364,1.0,1221900000.0,0.702,17587300000.0,199600000.0,32333800000.0,,0.0,1379700000.0,389400000.0,990300000.0,26366200000.0,4544700000.0,21821500000.0,64073396397.0,324000000.0,-673400000.0,20000000.0,1163400000.0,-304300000.0,817300000.0,-1280600000.0,-394100000.0,791800000.0,-4500000.0,285200000.0,275800000.0,275800000.0,0.0,-4900000.0,0.158,819000000.0,402900000.0,453700000.0,0.0,10.115,56.304,54.845,11294800000.0,9400000.0,145.34,9.437,9.315,557900000.0,-1085700000.0,1741800000.0,1741800000.0,0.0,,,,,42700000.0,204900000.0,1.0,440851771.0,435124000.0,438520000.0,4.003,16785400000.0,192900000.0,-31100000.0,0.0,38.576,-1747300000.0
14,AMT,MRQ,2017-12-31,2017-12-31,2017-12-31,2021-07-29,-1978300000.0,33214300000.0,,2038100000.0,31176200000.0,,14.554,-248600000.0,954900000.0,954900000.0,526900000.0,194800000.0,0.811,4.047,20205100000.0,774800000.0,19430300000.0,20205100000.0,268800000.0,466100000.0,0.0,0.018,0.7,375200000.0,841300000.0,0.494,841300000.0,375200000.0,185100000.0,0.51,0.51,0.51,6241500000.0,,6241500000.0,79499027164.0,39.0,21.284,540400000.0,1.26,1.0,1177600000.0,0.691,17421700000.0,190100000.0,32530700000.0,,0.0,951100000.0,1000000.0,950100000.0,25260000000.0,2512100000.0,22747900000.0,61184939164.0,200000.0,-1050100000.0,-82600000.0,898300000.0,-283500000.0,500900000.0,-1290400000.0,4600000.0,789000000.0,700000.0,238500000.0,219600000.0,219600000.0,0.0,-43700000.0,0.129,848600000.0,329000000.0,447300000.0,1.373,9.803,53.135,53.037,11101000000.0,18900000.0,142.67,9.182,9.167,513600000.0,-1058100000.0,1704500000.0,1704500000.0,0.0,,,,,22100000.0,171100000.0,1.0,428856376.0,428844000.0,432795000.0,3.975,15792600000.0,204400000.0,-53400000.0,0.0,36.826,-474000000.0
15,AMT,MRQ,2017-09-30,2017-09-30,2017-09-30,2021-07-29,-1839029000.0,32319326000.0,,1963574000.0,30355752000.0,,15.184,-183500000.0,954675000.0,954675000.0,519800000.0,334700000.0,0.869,3.692,19268763000.0,687382000.0,18581381000.0,19268763000.0,288884000.0,432300000.0,0.0,0.018,0.66,539500000.0,971800000.0,0.578,971800000.0,539500000.0,350700000.0,0.7,0.69,0.7,6518127000.0,,6518127000.0,76988642952.0,36.0,20.412,480300000.0,1.119,1.0,1160900000.0,0.691,16952673000.0,188800000.0,31420505000.0,,0.0,932515000.0,1032000.0,931483000.0,24062920000.0,2260236000.0,21802684000.0,58659971952.0,41400000.0,-99700000.0,-5200000.0,-24100000.0,-274600000.0,-323300000.0,-296000000.0,2900000.0,663800000.0,-3100000.0,317300000.0,298400000.0,298400000.0,0.0,17400000.0,0.178,599800000.0,561100000.0,406656000.0,0.943,9.0,51.714,51.191,10795057000.0,18900000.0,136.68,9.026,9.028,508626000.0,-975158000.0,1680700000.0,1680700000.0,0.0,,,,,24400000.0,148000000.0,1.0,429177436.0,429281000.0,432831000.0,3.915,15366653000.0,221759000.0,33400000.0,0.0,35.796,-296662000.0
16,AMT,MRQ,2017-06-30,2017-06-30,2017-06-30,2021-07-29,-1848803000.0,32138210000.0,,1802759000.0,30335451000.0,,15.171,-203400000.0,913301000.0,913301000.0,517200000.0,388500000.0,0.55,3.692,19241972000.0,1732035000.0,17509937000.0,19241972000.0,283486000.0,396400000.0,0.0,0.018,1.26,580700000.0,977100000.0,0.588,977100000.0,580700000.0,390900000.0,0.81,0.8,0.81,6482709000.0,,6482709000.0,74269078556.0,36.0,20.211,591200000.0,1.384,1.0,1145300000.0,0.689,17099831000.0,189800000.0,30088139000.0,,0.0,889865000.0,1012000.0,888853000.0,23937228000.0,3278911000.0,20658317000.0,56237250556.0,55000000.0,-79400000.0,-448500000.0,297700000.0,-264500000.0,-448500000.0,-294200000.0,3400000.0,794600000.0,3100000.0,367000000.0,344200000.0,344200000.0,0.0,21500000.0,0.207,568400000.0,576900000.0,380498000.0,1.556,8.675,52.379,52.3,10725707000.0,22800000.0,132.32,8.88,8.928,322060000.0,-989153000.0,1662500000.0,1662500000.0,0.0,,,,,25800000.0,153100000.0,1.0,425009451.0,427298000.0,430487000.0,3.891,15038379000.0,213582000.0,23900000.0,0.0,35.194,-1476152000.0
17,AMT,MRQ,2017-03-31,2017-03-31,2017-03-31,2021-07-29,-1759489000.0,32057389000.0,,1711187000.0,30346202000.0,,16.037,-168100000.0,858256000.0,858256000.0,492700000.0,307400000.0,0.533,3.436,18890084000.0,1707330000.0,17182754000.0,18890084000.0,284215000.0,421100000.0,0.0,0.018,0.0,526600000.0,947700000.0,0.586,947700000.0,526600000.0,342900000.0,0.68,0.67,0.68,6852474000.0,,6852474000.0,69518307797.0,37.0,19.82,510100000.0,1.194,1.0,1123500000.0,0.695,17206716000.0,183700000.0,29673443000.0,,0.0,868647000.0,5294000.0,863353000.0,23542561000.0,3209058000.0,20333503000.0,51921284797.0,-78200000.0,-777800000.0,-110300000.0,301800000.0,-250400000.0,157900000.0,-920300000.0,3800000.0,678200000.0,6000000.0,316100000.0,289300000.0,289300000.0,0.0,-8700000.0,0.179,592100000.0,531400000.0,376793000.0,0.0,7.577,58.324,57.876,10717160000.0,26800000.0,121.54,8.494,8.495,369972000.0,-1053706000.0,1616200000.0,1616200000.0,0.0,,,,,36200000.0,164800000.0,1.0,427195037.0,427279000.0,430199000.0,3.783,14850673000.0,206331000.0,26800000.0,0.0,34.756,-1497871000.0
18,AMT,MRQ,2016-12-31,2016-12-31,2016-12-31,2021-07-29,-1999300000.0,30879200000.0,,1689900000.0,29189300000.0,,15.875,-207326000.0,936500000.0,936500000.0,488007000.0,232894000.0,1.036,3.373,18533500000.0,238800000.0,18294700000.0,18533500000.0,245400000.0,388202000.0,0.0,0.021,0.58,486935000.0,875137000.0,0.568,875137000.0,486935000.0,290011000.0,0.48,0.47,0.48,6763900000.0,,6763900000.0,62984814248.0,34.0,18.715,515943000.0,1.211,1.0,1051574000.0,0.683,16345300000.0,196924000.0,30499600000.0,,0.0,845500000.0,4000000.0,841500000.0,22811700000.0,1631300000.0,21180400000.0,44986691248.0,263928000.0,-101337000.0,15899000.0,-123159000.0,-234134000.0,-126027000.0,-316098000.0,8665000.0,723269000.0,-17216000.0,229182000.0,202426000.0,202426000.0,0.0,3712000.0,0.131,562307000.0,489267000.0,369300000.0,1.208,6.651,52.969,52.84,10517300000.0,26756000.0,105.68,7.775,7.766,308400000.0,-1077000000.0,1539581000.0,1539581000.0,0.0,,,,,19688000.0,138314000.0,1.0,425687843.0,426079000.0,430075000.0,3.613,14533900000.0,195700000.0,60829000.0,0.0,34.111,58600000.0
19,AMT,MRQ,2016-09-30,2016-09-30,2016-09-30,2021-07-29,-1876374000.0,30655527000.0,,1370756000.0,29284771000.0,,15.763,-155747000.0,681013000.0,681013000.0,491237000.0,263735000.0,0.902,3.396,18679136000.0,242992000.0,18436144000.0,18679136000.0,254336000.0,397999000.0,0.0,0.018,0.55,476706000.0,874705000.0,0.577,874705000.0,476706000.0,286546000.0,0.56,0.55,0.56,6707396000.0,,6707396000.0,66384469396.0,38.0,20.42,511368000.0,1.202,1.0,1023608000.0,0.676,16555188000.0,190160000.0,30578909000.0,,0.0,813931000.0,0.0,813931000.0,22781044000.0,1519553000.0,21261491000.0,48220692396.0,119820000.0,-93448000.0,16240000.0,-61233000.0,-225402000.0,-303532000.0,-242801000.0,6394000.0,667115000.0,-962000.0,264509000.0,237728000.0,237728000.0,0.0,-774000.0,0.157,544534000.0,479074000.0,342159000.0,0.982,7.189,56.545,56.104,10452038000.0,26781000.0,113.33,8.726,8.726,273907000.0,-1030663000.0,1514845000.0,1514845000.0,0.0,,,,,20226000.0,131537000.0,1.0,425489212.0,425517000.0,429925000.0,3.56,14100339000.0,197914000.0,22037000.0,0.0,33.137,-148797000.0
20,AMT,MRQ,2016-06-30,2016-06-30,2016-06-30,2021-07-29,-1770998000.0,30740198000.0,,1320600000.0,29419598000.0,,15.941,-165205000.0,553299000.0,553299000.0,459711000.0,192464000.0,0.798,3.368,18717076000.0,314063000.0,18403013000.0,18717076000.0,224312000.0,397765000.0,0.0,0.018,1.04,412096000.0,809861000.0,0.562,809861000.0,412096000.0,231060000.0,0.38,0.37,0.38,6773515000.0,,6773515000.0,64786450187.0,40.0,21.141,582599000.0,1.371,1.0,982516000.0,0.681,16572611000.0,181036000.0,30675733000.0,,0.0,809287000.0,0.0,809287000.0,22814816000.0,1655631000.0,21159185000.0,48241623187.0,74135000.0,-1215687000.0,45779000.0,892074000.0,-216580000.0,696323000.0,-1357885000.0,23007000.0,747804000.0,-12107000.0,187550000.0,160768000.0,160768000.0,0.0,4914000.0,0.111,549710000.0,432806000.0,348180000.0,2.737,7.122,69.787,69.274,10575425000.0,26782000.0,113.61,9.19,9.196,285422000.0,-1033324000.0,1442227000.0,1442227000.0,0.0,,,,,21907000.0,138234000.0,1.0,424624797.0,424909000.0,429004000.0,3.394,14167587000.0,229273000.0,43510000.0,0.0,33.343,-335031000.0
21,AMT,MRQ,2016-03-31,2016-03-31,2016-03-31,2021-07-29,-1610592000.0,27064315000.0,,1036516000.0,26027799000.0,,16.35,-154222000.0,477268000.0,477268000.0,351445000.0,281307000.0,0.865,2.894,17022095000.0,137853000.0,16884242000.0,17022095000.0,222387000.0,341634000.0,0.0,0.018,0.0,464163000.0,805797000.0,0.625,805797000.0,464163000.0,304283000.0,0.59,0.58,0.59,6933249000.0,,6933249000.0,60050522808.0,39.0,20.697,409290000.0,0.965,1.0,937602000.0,0.727,13937391000.0,159880000.0,28473595000.0,,0.0,753939000.0,0.0,753939000.0,20064100000.0,1198156000.0,18865944000.0,43394392808.0,15717000.0,-5528000.0,14582000.0,-118282000.0,-209984000.0,-366064000.0,-185516000.0,-25766000.0,563512000.0,3785000.0,275159000.0,248378000.0,248378000.0,0.0,6148000.0,0.193,485749000.0,451853000.0,312471000.0,0.0,6.259,65.771,65.204,9917985000.0,26781000.0,102.37,8.711,8.715,217457000.0,-967718000.0,1289047000.0,1289047000.0,0.0,,,,,28079000.0,135315000.0,1.0,423897556.0,424059000.0,427888000.0,3.04,13126924000.0,216643000.0,29124000.0,0.0,30.955,-161640000.0
22,AMT,MRQ,2015-12-31,2015-12-31,2015-12-31,2021-07-29,-1836996000.0,26904272000.0,,996468000.0,25907804000.0,,15.696,-210782000.0,462879000.0,462879000.0,356313000.0,221588000.0,0.83,3.036,17119009000.0,50202000.0,17068807000.0,17119009000.0,211001000.0,352328000.0,0.0,0.019,0.49,408337000.0,760665000.0,0.594,760665000.0,408337000.0,258665000.0,0.49,0.49,0.49,6651679000.0,,6651679000.0,57667206175.0,40.0,21.168,412503000.0,0.973,1.0,923712000.0,0.722,13929681000.0,149672000.0,28430692000.0,,0.0,732903000.0,0.0,732903000.0,20191454000.0,1200029000.0,18991425000.0,41065128175.0,15288000.0,-345500000.0,21349000.0,153706000.0,-194888000.0,-39348000.0,-537423000.0,20659000.0,623285000.0,-31226000.0,232728000.0,205910000.0,205910000.0,0.0,-11140000.0,0.161,521577000.0,402135000.0,306741000.0,1.0,6.174,69.029,68.275,9866424000.0,26818000.0,96.95,8.606,8.512,227354000.0,-998535000.0,1280025000.0,1280025000.0,0.0,,,,,18249000.0,143340000.0,1.0,423570172.0,423788000.0,428004000.0,3.02,12974591000.0,212041000.0,25937000.0,0.0,30.616,-203561000.0
23,AMT,MRQ,2015-09-30,2015-09-30,2015-09-30,2021-07-29,-1832903000.0,26926788000.0,,940355000.0,25986433000.0,,15.631,-206896000.0,425330000.0,425330000.0,365389000.0,97740000.0,0.687,3.059,17027408000.0,45852000.0,16981556000.0,17027408000.0,203295000.0,341096000.0,0.0,0.019,0.46,347021000.0,688117000.0,0.556,688117000.0,347021000.0,197234000.0,0.18,0.18,0.18,6617891000.0,,6617891000.0,53054261652.0,39.0,20.662,300259000.0,0.709,1.0,872521000.0,0.705,14067568000.0,149787000.0,28091790000.0,,0.0,803266000.0,14485000.0,788781000.0,20242586000.0,1369508000.0,18873078000.0,37240087652.0,12702000.0,-944438000.0,11960000.0,834496000.0,-186246000.0,642231000.0,-1124837000.0,26497000.0,507155000.0,-11847000.0,102999000.0,76218000.0,76218000.0,0.0,-5259000.0,0.062,471596000.0,400925000.0,296423000.0,2.556,5.627,66.791,64.691,9806190000.0,26781000.0,87.98,8.207,8.209,206154000.0,-995932000.0,1237910000.0,1237910000.0,0.0,,,,,18345000.0,114832000.0,1.0,423279014.0,423375000.0,427227000.0,2.924,12859220000.0,213203000.0,94235000.0,0.0,30.373,-429153000.0
24,AMT,MRQ,2015-06-30,2015-06-30,2015-06-30,2021-07-29,-1228521000.0,26469725000.0,,940575000.0,25529150000.0,,17.277,-151938000.0,409851000.0,409851000.0,322458000.0,157180000.0,0.907,2.612,16224025000.0,38814000.0,16185211000.0,16224025000.0,193514000.0,328356000.0,0.0,0.017,0.86,318519000.0,646875000.0,0.551,646875000.0,318519000.0,170012000.0,0.31,0.3,0.31,7310872000.0,,7310872000.0,54737172556.0,40.0,21.984,374592000.0,0.885,1.0,851917000.0,0.725,13889841000.0,148507000.0,27357430000.0,,0.0,777208000.0,40387000.0,736821000.0,19096567000.0,1036628000.0,18059939000.0,39469973556.0,-48698000.0,-651697000.0,12195000.0,430869000.0,-177729000.0,230090000.0,-830021000.0,-26386000.0,526530000.0,24703000.0,156056000.0,129274000.0,129274000.0,0.0,1124000.0,0.11,462143000.0,389774000.0,270837000.0,2.774,5.399,57.939,55.53,9586400000.0,26782000.0,93.29,9.099,9.1,212919000.0,-876607000.0,1174375000.0,1174375000.0,0.0,,,,,24045000.0,116338000.0,1.0,423089008.0,423154000.0,426933000.0,2.775,12579884000.0,236420000.0,13956000.0,0.0,29.729,-96053000.0
25,AMT,MRQ,2015-03-31,2015-03-31,2015-03-31,2021-07-29,-1205860000.0,25930194000.0,,925819000.0,25004375000.0,,18.147,-159184000.0,452905000.0,452905000.0,264640000.0,195492000.0,0.535,2.516,15720104000.0,789152000.0,14930952000.0,15720104000.0,220454000.0,263520000.0,0.0,0.015,0.0,365123000.0,628643000.0,0.583,628643000.0,365123000.0,217189000.0,0.45,0.45,0.45,7351686000.0,,7351686000.0,51485128079.0,35.0,20.669,350746000.0,0.866,1.0,814550000.0,0.755,13516956000.0,147934000.0,25949023000.0,,0.0,792509000.0,14394000.0,778115000.0,18498555000.0,1731414000.0,16767141000.0,37350118079.0,9908000.0,-5078965000.0,2445496000.0,1159229000.0,-152037000.0,4760127000.0,-5249419000.0,-11270000.0,509930000.0,-10730000.0,193317000.0,183498000.0,183498000.0,0.0,2175000.0,0.17,394584000.0,419966000.0,251704000.0,0.0,5.08,47.761,48.282,9422641000.0,9819000.0,94.15,8.903,9.092,175784000.0,-822545000.0,1079190000.0,1079190000.0,0.0,,,,,29861000.0,123290000.0,1.0,396708636.0,405111000.0,409399000.0,2.664,12413238000.0,240265000.0,23872000.0,0.0,30.642,-805595000.0
26,AMT,MRQ,2014-12-31,2014-12-31,2014-12-31,2021-07-29,-794221000.0,21263565000.0,,957867000.0,20305698000.0,,9.97,-251051000.0,473698000.0,473698000.0,277019000.0,181597000.0,0.496,4.353,14540341000.0,897386000.0,13642955000.0,14540341000.0,233819000.0,263546000.0,0.0,0.014,0.38,340496000.0,604042000.0,0.577,604042000.0,340496000.0,193015000.0,0.42,0.42,0.42,3953560000.0,,3953560000.0,52693803270.0,36.0,21.321,313932000.0,0.792,1.0,769295000.0,0.735,10856447000.0,147481000.0,22544225000.0,,0.0,581548000.0,6302000.0,575246000.0,17210213000.0,1929536000.0,15280677000.0,39190357270.0,17879000.0,-685701000.0,14338000.0,521501000.0,-142718000.0,327246000.0,-846138000.0,46805000.0,564983000.0,-28212000.0,180387000.0,168574000.0,168574000.0,0.0,1210000.0,0.161,423316000.0,345979000.0,250230000.0,0.905,9.913,48.925,48.936,7590112000.0,11813000.0,98.85,9.559,9.546,199074000.0,-837320000.0,1046314000.0,1046314000.0,0.0,,,,,18445000.0,129105000.0,1.0,396462896.0,396558000.0,400926000.0,2.638,10407118000.0,267186000.0,12628000.0,0.0,26.244,-971669000.0
27,AMT,MRQ,2014-09-30,2014-09-30,2014-09-30,2021-07-29,-504339000.0,20596615000.0,,996937000.0,19599678000.0,,10.586,-257106000.0,430850000.0,430850000.0,284202000.0,206630000.0,0.514,3.912,13934296000.0,960461000.0,12973835000.0,13934296000.0,190616000.0,249066000.0,0.0,0.014,0.36,361231000.0,610297000.0,0.588,610297000.0,361231000.0,218019000.0,0.5,0.5,0.5,4194627000.0,,4194627000.0,50624497847.0,36.0,21.202,240118000.0,0.606,1.0,753986000.0,0.726,10255777000.0,143212000.0,21906366000.0,,0.0,557847000.0,29007000.0,528840000.0,16411301000.0,1937918000.0,14473383000.0,37090985847.0,12654000.0,6055000.0,17200000.0,-18502000.0,-134644000.0,-212605000.0,-266605000.0,-13393000.0,497224000.0,-5360000.0,207593000.0,199893000.0,199893000.0,0.0,-963000.0,0.193,369179000.0,384807000.0,258686000.0,0.72,8.842,50.641,50.611,7552110000.0,7700000.0,93.63,9.283,9.285,198119000.0,-854579000.0,1038188000.0,1038188000.0,0.0,,,,,18269000.0,108909000.0,1.0,396144247.0,396243000.0,400397000.0,2.62,10340838000.0,275790000.0,10426000.0,0.0,26.097,-940981000.0
28,AMT,MRQ,2014-06-30,2014-06-30,2014-06-30,2021-07-29,-250920000.0,20847737000.0,,998445000.0,19849292000.0,,11.131,-252356000.0,441951000.0,441951000.0,272275000.0,221659000.0,0.445,3.731,13975463000.0,1225992000.0,12749471000.0,13975463000.0,204437000.0,245427000.0,0.0,0.014,0.66,402467000.0,647894000.0,0.628,647894000.0,402467000.0,256233000.0,0.58,0.58,0.58,4406494000.0,,4406494000.0,49448675436.0,37.0,21.837,343444000.0,0.868,1.0,759182000.0,0.736,10492813000.0,146234000.0,21645190000.0,,0.0,530473000.0,15298000.0,515175000.0,16439573000.0,2243246000.0,14196327000.0,35609199436.0,-50480000.0,-252766000.0,16943000.0,-568691000.0,-126715000.0,-96331000.0,-545749000.0,19138000.0,595800000.0,-4200000.0,234431000.0,230056000.0,230056000.0,0.0,-12772000.0,0.223,356683000.0,402499000.0,272571000.0,1.138,8.081,49.967,49.713,7589815000.0,4375000.0,89.98,9.457,9.46,174612000.0,-911163000.0,1031457000.0,1031457000.0,0.0,,,,,18835000.0,98499000.0,1.0,395745715.0,395872000.0,399588000.0,2.606,10354924000.0,292135000.0,21802000.0,0.0,26.157,-1244801000.0
29,AMT,MRQ,2014-03-31,2014-03-31,2014-03-31,2021-07-29,-272410000.0,20417407000.0,,1042981000.0,19374426000.0,,9.291,-213891000.0,494701000.0,494701000.0,260769000.0,193313000.0,0.818,4.553,14334177000.0,325170000.0,14009007000.0,14334177000.0,215429000.0,245763000.0,0.0,0.013,0.0,363455000.0,609218000.0,0.619,609218000.0,363455000.0,220148000.0,0.51,0.51,0.51,3671178000.0,,3671178000.0,46371870281.0,41.0,23.299,262691000.0,0.665,1.0,723320000.0,0.735,10355205000.0,143307000.0,22626673000.0,,0.0,488032000.0,34430000.0,453602000.0,16715802000.0,1275005000.0,15440797000.0,32340084281.0,39863000.0,-62761000.0,13795000.0,-144131000.0,-554000.0,-152901000.0,-291056000.0,-13035000.0,476582000.0,7238000.0,202499000.0,202499000.0,202499000.0,0.0,-9186000.0,0.206,369683000.0,353637000.0,243012000.0,0.0,8.809,55.527,55.318,7344049000.0,0.0,81.87,9.128,9.131,227155000.0,-1006058000.0,984089000.0,984089000.0,0.0,,,,,24604000.0,110029000.0,1.0,395017519.0,395146000.0,399120000.0,2.49,10062202000.0,292632000.0,17649000.0,0.0,25.465,-232024000.0
30,AMT,MRQ,2013-12-31,2013-12-31,2013-12-31,2021-07-29,-311220000.0,20283665000.0,,986087000.0,19297578000.0,,8.953,-276283000.0,446492000.0,446492000.0,251569000.0,73925000.0,1.057,4.723,14478278000.0,70132000.0,14408146000.0,14478278000.0,162079000.0,244811000.0,0.0,0.014,0.29,275542000.0,520353000.0,0.552,520353000.0,275542000.0,136162000.0,0.26,0.25,0.26,3534165000.0,,3534165000.0,39973596570.0,37.0,21.384,178321000.0,0.452,1.0,690400000.0,0.733,10424921000.0,139380000.0,22957867000.0,,0.0,527785000.0,18612000.0,509173000.0,16693625000.0,932663000.0,15760962000.0,31500160570.0,-3746777000.0,-4096106000.0,12523000.0,243479000.0,-224976000.0,30806000.0,-4214699000.0,139178000.0,454604000.0,-17488000.0,99982000.0,99982000.0,99982000.0,0.0,-26057000.0,0.106,397472000.0,292928000.0,173513000.0,1.115,8.913,57.135,57.014,7177728000.0,0.0,79.82,9.371,9.381,151165000.0,-1081467000.0,941969000.0,941969000.0,0.0,,,,,14983000.0,116808000.0,1.0,394639947.0,394746000.0,398759000.0,2.386,9858744000.0,289310000.0,36180000.0,0.0,24.975,53424000.0
31,AMT,MRQ,2013-09-30,2013-09-30,2013-09-30,2021-07-29,-298015000.0,18181320000.0,,4742036000.0,13439284000.0,,8.94,-167644000.0,4172372000.0,4172372000.0,200829000.0,163222000.0,5.76,4.129,12645808000.0,67276000.0,12578532000.0,12645808000.0,138422000.0,184922000.0,0.0,0.014,0.28,302044000.0,486966000.0,0.603,486966000.0,302044000.0,195709000.0,0.46,0.45,0.46,3528963000.0,,3528963000.0,37591369323.0,35.0,20.765,192278000.0,0.487,1.0,607051000.0,0.751,6010377000.0,106335000.0,19821060000.0,,0.0,479965000.0,27381000.0,452584000.0,14569403000.0,823319000.0,13746084000.0,29281139323.0,3591906000.0,-54488000.0,-57166000.0,3749198000.0,-106727000.0,3589619000.0,-356864000.0,-134732000.0,359922000.0,-771000.0,180123000.0,180123000.0,180123000.0,0.0,-16901000.0,0.223,298172000.0,308879000.0,201782000.0,0.609,8.297,49.88,50.088,5878826000.0,0.0,74.13,9.185,9.18,152560000.0,-1066580000.0,807880000.0,807880000.0,0.0,,,,,15058000.0,97781000.0,1.0,394997158.0,394759000.0,398348000.0,2.047,12170943000.0,243304000.0,15586000.0,0.0,30.831,3918717000.0
32,AMT,MRQ,2013-06-30,2013-06-30,2013-06-30,2021-07-29,-274256000.0,14339394000.0,,946051000.0,13393343000.0,,8.898,-156700000.0,545724000.0,545724000.0,205709000.0,84113000.0,1.211,3.047,8855954000.0,57350000.0,8798604000.0,8855954000.0,142310000.0,184608000.0,0.0,0.014,0.53,189189000.0,373797000.0,0.462,373797000.0,189189000.0,88374000.0,0.25,0.25,0.25,3518323000.0,,3518323000.0,37298370547.0,33.0,20.552,233785000.0,0.591,1.0,603121000.0,0.746,6046775000.0,100815000.0,15821809000.0,,0.0,491188000.0,14257000.0,476931000.0,10719527000.0,781040000.0,9938487000.0,28937686547.0,6741000.0,-66076000.0,-48533000.0,15045000.0,-102984000.0,-129489000.0,-225146000.0,-2370000.0,390485000.0,-29109000.0,99821000.0,99821000.0,99821000.0,0.0,-15708000.0,0.123,290309000.0,312812000.0,198074000.0,2.12,8.225,45.286,45.447,5811081000.0,0.0,73.17,9.355,9.354,130861000.0,-1135851000.0,808830000.0,808830000.0,0.0,,,,,17055000.0,99803000.0,1.0,395485671.0,395420000.0,399458000.0,2.045,8292619000.0,239236000.0,-11447000.0,0.0,20.972,165011000.0
33,AMT,MRQ,2013-03-31,2013-03-31,2013-03-31,2021-07-29,-158043000.0,14463740000.0,,903616000.0,13560124000.0,,9.29,-123905000.0,488439000.0,488439000.0,201766000.0,160948000.0,1.223,2.909,8849123000.0,57603000.0,8791520000.0,8849123000.0,148405000.0,185804000.0,0.0,0.012,0.0,302395000.0,488199000.0,0.608,488199000.0,302395000.0,190629000.0,0.43,0.43,0.43,3671615000.0,,3671615000.0,38706769760.0,35.0,21.68,270131000.0,0.683,1.0,600962000.0,0.749,6170619000.0,111766000.0,15914681000.0,,0.0,495534000.0,13004000.0,482530000.0,10682218000.0,739124000.0,9943094000.0,30391327760.0,73088000.0,-245094000.0,-6340000.0,43872000.0,0.0,34629000.0,-376628000.0,-7629000.0,394036000.0,21051000.0,171407000.0,171407000.0,171407000.0,0.0,-10459000.0,0.214,301276000.0,299686000.0,189864000.0,0.0,8.277,51.74,51.973,5879513000.0,0.0,76.92,10.191,10.195,145446000.0,-1128361000.0,802728000.0,802728000.0,0.0,,,,,21042000.0,101153000.0,1.0,395103065.0,395239000.0,399659000.0,2.031,8293121000.0,240176000.0,19222000.0,0.0,20.983,164492000.0
34,AMT,MRQ,2012-12-31,2012-12-31,2012-12-31,2021-07-29,-183347000.0,14089429000.0,,836267000.0,13253162000.0,,9.041,-191022000.0,437934000.0,437934000.0,194206000.0,118153000.0,1.323,2.912,8753376000.0,60031000.0,8693345000.0,8753376000.0,124147000.0,178488000.0,0.0,0.012,0.24,282909000.0,461397000.0,0.6,461397000.0,282909000.0,178866000.0,0.34,0.34,0.34,3573101000.0,,3573101000.0,37612685569.0,33.0,21.006,106822000.0,0.27,1.0,574168000.0,0.747,6048728000.0,104043000.0,15723965000.0,,0.0,458806000.0,6018000.0,452788000.0,10405248000.0,632178000.0,9773070000.0,30548915569.0,-13694000.0,-1175241000.0,-33379000.0,1256605000.0,-185758000.0,1058271000.0,-1384119000.0,-3098000.0,297844000.0,14310000.0,135679000.0,135679000.0,135679000.0,0.0,-17526000.0,0.177,294933000.0,279235000.0,89767000.0,0.706,8.55,47.936,47.994,5765856000.0,0.0,77.27,10.622,10.607,143562000.0,-1196907000.0,768374000.0,768374000.0,0.0,,,,,12329000.0,89410000.0,1.0,395352861.0,395210000.0,399896000.0,1.944,8040701000.0,235343000.0,43187000.0,0.0,20.345,204089000.0
35,AMT,MRQ,2012-09-30,2012-09-30,2012-09-30,2021-07-29,-164081000.0,12961304000.0,,872783000.0,12088521000.0,,8.999,-150624000.0,425794000.0,425794000.0,184904000.0,231825000.0,1.026,2.608,7489564000.0,130209000.0,7359355000.0,7489564000.0,133896000.0,144061000.0,0.0,0.014,0.23,347415000.0,491476000.0,0.689,491476000.0,347415000.0,245143000.0,0.59,0.58,0.59,3556754000.0,,3556754000.0,35155052834.0,31.0,20.367,203048000.0,0.514,1.0,528431000.0,0.741,5358765000.0,102272000.0,13815384000.0,,0.0,522160000.0,0.0,522160000.0,9275322000.0,850925000.0,8424397000.0,28210330834.0,-99625000.0,-289854000.0,5796000.0,21496000.0,-86935000.0,-58195000.0,-407357000.0,33121000.0,353672000.0,12255000.0,232089000.0,232089000.0,232089000.0,0.0,-264000.0,0.325,232879000.0,295552000.0,178443000.0,0.39,7.931,39.918,39.883,5242781000.0,0.0,71.39,10.218,10.22,148807000.0,-1237569000.0,713335000.0,713335000.0,0.0,,,,,13058000.0,81459000.0,1.0,395158017.0,395244000.0,399487000.0,1.805,7602539000.0,261113000.0,13054000.0,0.0,19.235,21858000.0
36,AMT,MRQ,2012-06-30,2012-06-30,2012-06-30,2021-07-29,-203303000.0,12709359000.0,,919009000.0,11790350000.0,,8.506,-105370000.0,520697000.0,520697000.0,172384000.0,33689000.0,1.014,2.747,7465419000.0,127867000.0,7337552000.0,7465419000.0,91414000.0,172072000.0,0.0,0.011,0.43,172257000.0,344329000.0,0.493,344329000.0,172257000.0,72024000.0,0.12,0.12,0.12,3357548000.0,,3357548000.0,34346305861.0,40.0,23.469,255488000.0,0.647,1.0,525350000.0,0.753,5284717000.0,100233000.0,13462871000.0,,0.0,554120000.0,29492000.0,524628000.0,9223169000.0,906493000.0,8316676000.0,27585459861.0,10679000.0,-373457000.0,25346000.0,177412000.0,-82881000.0,142850000.0,-475613000.0,3214000.0,360858000.0,-17416000.0,48209000.0,48209000.0,48209000.0,0.0,-14520000.0,0.069,254864000.0,270486000.0,288380000.0,3.583,8.216,60.109,60.267,5079729000.0,0.0,69.91,10.301,10.305,99181000.0,-1378518000.0,697734000.0,697734000.0,0.0,,,,,13551000.0,76848000.0,1.0,394585322.0,394743000.0,398811000.0,1.768,7424642000.0,242765000.0,23815000.0,0.0,18.809,12516000.0
37,AMT,MRQ,2012-03-31,2012-03-31,2012-03-31,2021-07-29,-97682000.0,12638206000.0,,975369000.0,11662837000.0,,8.832,-121032000.0,527596000.0,527596000.0,170985000.0,210358000.0,1.038,2.602,7288442000.0,127316000.0,7161126000.0,7288442000.0,92939000.0,149655000.0,0.0,0.006,0.0,343671000.0,493326000.0,0.708,493326000.0,343671000.0,248554000.0,0.56,0.56,0.56,3478968000.0,,3478968000.0,31675272392.0,34.0,20.931,280985000.0,0.713,1.0,525532000.0,0.755,5290870000.0,95117000.0,13168915000.0,,0.0,513015000.0,32817000.0,480198000.0,9051803000.0,939267000.0,8112536000.0,24811930392.0,141067000.0,-159403000.0,-5050000.0,38626000.0,0.0,27440000.0,-291296000.0,-10861000.0,402017000.0,2906000.0,221306000.0,221306000.0,221306000.0,0.0,-10948000.0,0.318,251086000.0,274446000.0,309190000.0,0.0,7.132,47.178,47.383,5006647000.0,0.0,63.02,9.627,9.631,105120000.0,-1339627000.0,696517000.0,696517000.0,0.0,,,,,13045000.0,79584000.0,1.0,393715176.0,393885000.0,398453000.0,1.768,7347336000.0,263964000.0,27248000.0,0.0,18.654,36102000.0
38,AMT,MRQ,2011-12-31,2011-12-31,2011-12-31,2021-07-29,-142617000.0,12242395000.0,,775155000.0,11467240000.0,,8.358,-125927000.0,372406000.0,372406000.0,165618000.0,196434000.0,0.992,2.687,7236308000.0,101816000.0,7134492000.0,7236308000.0,92483000.0,143615000.0,0.0,0.006,0.35,253328000.0,396943000.0,0.608,396943000.0,253328000.0,168209000.0,0.52,0.51,0.52,3287220000.0,,3287220000.0,29189373951.0,35.0,21.016,190017000.0,0.483,1.0,487581000.0,0.746,5171343000.0,85119000.0,13153457000.0,,0.0,517885000.0,22270000.0,495615000.0,8832253000.0,781497000.0,8050756000.0,23585438951.0,152685000.0,-1100101000.0,-21588000.0,1194988000.0,-137765000.0,1081830000.0,-1231181000.0,-5153000.0,315944000.0,-13908000.0,205110000.0,205110000.0,205110000.0,0.0,-8676000.0,0.314,239843000.0,247738000.0,215931000.0,0.673,7.175,59.49,60.01,4981722000.0,0.0,60.01,9.652,9.718,100610000.0,-1477899000.0,653199000.0,653199000.0,0.0,,,,,11252000.0,73895000.0,1.0,393025145.0,393323000.0,399379000.0,1.661,7071052000.0,238627000.0,-36901000.0,0.0,17.978,-6342000.0
39,AMT,MRQ,2011-09-30,2011-09-30,2011-09-30,2021-07-29,-87070000.0,10895336000.0,,813805000.0,10081531000.0,,8.258,-160508000.0,227727000.0,227727000.0,168933000.0,-19726000.0,0.593,2.313,5831662000.0,861160000.0,4970502000.0,5831662000.0,95851000.0,142113000.0,0.0,0.0,0.0,86776000.0,228889000.0,0.363,228889000.0,86776000.0,8980000.0,-0.04,-0.04,-0.04,3263290000.0,,3263290000.0,26610799327.0,34.0,20.14,130152000.0,0.329,1.0,461470000.0,0.732,4882018000.0,77796000.0,10245925000.0,,0.0,340808000.0,4726000.0,336082000.0,7547695000.0,1371328000.0,6176367000.0,21291704327.0,-155036000.0,-328018000.0,-138817000.0,151025000.0,0.0,61645000.0,-502344000.0,-13818000.0,290660000.0,-4997000.0,-15701000.0,-15701000.0,-15701000.0,0.0,-4025000.0,-0.025,233165000.0,228305000.0,352781000.0,0.0,6.525,77.462,77.971,4125887000.0,0.0,53.8,9.107,9.094,100063000.0,-1545244000.0,630403000.0,630403000.0,0.0,,,,,12140000.0,76476000.0,1.0,395756586.0,395183000.0,395183000.0,1.595,6013318000.0,430122000.0,24681000.0,0.0,15.217,-557523000.0
40,AMT,MRQ,2011-06-30,2011-06-30,2011-06-30,2021-07-29,62470000.0,10973784000.0,,912085000.0,10061699000.0,,8.981,-138679000.0,382748000.0,382748000.0,151077000.0,113171000.0,0.696,2.07,5701843000.0,782775000.0,4919068000.0,5701843000.0,125474000.0,138558000.0,0.0,0.0,0.0,255600000.0,394158000.0,0.66,394158000.0,255600000.0,181088000.0,0.29,0.29,0.29,3561863000.0,,3561863000.0,25879262089.0,28.0,18.037,136843000.0,0.345,1.0,446158000.0,0.747,5125826000.0,74512000.0,9857170000.0,,0.0,883638000.0,1357000.0,882281000.0,7373996000.0,1309883000.0,6064113000.0,20755679089.0,-30281000.0,-275206000.0,-73805000.0,129351000.0,0.0,80146000.0,-382757000.0,31128000.0,275522000.0,-3192000.0,115211000.0,115211000.0,115211000.0,0.0,-2040000.0,0.193,220369000.0,225789000.0,339931000.0,0.0,5.827,54.05,54.51,3909635000.0,0.0,52.33,9.346,9.345,99823000.0,-1529543000.0,597235000.0,597235000.0,0.0,,,,,11687000.0,72321000.0,1.0,396630596.0,396599000.0,400250000.0,1.506,5847958000.0,400103000.0,65877000.0,0.0,14.745,-397798000.0
41,AMT,MRQ,2011-03-31,2011-03-31,2011-03-31,2021-07-29,54416000.0,10758749000.0,,951417000.0,9807332000.0,,8.797,-97901000.0,442250000.0,442250000.0,135328000.0,91961000.0,1.151,2.072,5565833000.0,178105000.0,5387728000.0,5565833000.0,155608000.0,131231000.0,0.0,0.0,0.0,237692000.0,368923000.0,0.656,368923000.0,237692000.0,163265000.0,0.23,0.23,0.23,3499194000.0,,3499194000.0,25231753219.0,29.0,18.87,185915000.0,0.467,1.0,427367000.0,0.76,5110300000.0,74427000.0,9945625000.0,,0.0,860034000.0,10695000.0,849339000.0,7249733000.0,826407000.0,6423326000.0,20604300219.0,-521140000.0,-617348000.0,-117550000.0,-25540000.0,0.0,-137526000.0,-674530000.0,40719000.0,283816000.0,7100000.0,91842000.0,91842000.0,91842000.0,0.0,119000.0,0.163,209067000.0,218300000.0,431408000.0,0.0,5.888,55.92,56.326,3770671000.0,0.0,51.82,9.842,9.845,97829000.0,-1644754000.0,562695000.0,562695000.0,0.0,,,,,12358000.0,66132000.0,1.0,397612895.0,397768000.0,401899000.0,1.415,5648449000.0,327272000.0,71423000.0,0.0,14.2,125010000.0
42,AMT,MRQ,2010-12-31,2010-12-31,2010-12-31,2021-07-29,38053000.0,10370084000.0,,1408229000.0,8961855000.0,,8.777,-118184000.0,959935000.0,959935000.0,132945000.0,83703000.0,2.61,1.961,5587388000.0,74896000.0,5512492000.0,5587388000.0,134135000.0,124105000.0,0.0,0.0,0.0,205236000.0,329341000.0,0.601,329341000.0,205236000.0,136613000.0,0.21,0.21,0.21,3501444000.0,,3501444000.0,24972411825.0,31.0,19.785,128174000.0,0.321,1.0,414697000.0,0.757,4397773000.0,68623000.0,10060303000.0,,0.0,364237000.0,46428000.0,317809000.0,6865526000.0,539461000.0,6326065000.0,20608488825.0,512085000.0,-315336000.0,-64000000.0,780913000.0,0.0,710372000.0,-441742000.0,15935000.0,246358000.0,-2903000.0,83514000.0,83514000.0,83514000.0,0.0,189000.0,0.152,211256000.0,203441000.0,67124000.0,0.0,5.886,55.26,55.527,3683474000.0,0.0,51.64,10.38,10.434,81479000.0,-1736596000.0,547642000.0,547642000.0,0.0,,,,,12409000.0,65365000.0,1.0,399079954.0,398947000.0,401129000.0,1.373,5972311000.0,266950000.0,53099000.0,0.0,14.97,868768000.0
43,AMT,MRQ,2010-09-30,2010-09-30,2010-09-30,2021-07-29,24405000.0,9448978000.0,,944308000.0,8504670000.0,,8.614,-95970000.0,441037000.0,441037000.0,122973000.0,93601000.0,1.536,1.737,4804960000.0,178655000.0,4626305000.0,4804960000.0,140481000.0,115383000.0,0.0,0.0,0.0,226992000.0,342375000.0,0.667,342375000.0,226992000.0,164088000.0,0.23,0.23,0.23,3450600000.0,,3450600000.0,24360748656.0,32.0,20.165,162253000.0,0.405,1.0,390349000.0,0.76,4236817000.0,62904000.0,8961217000.0,,0.0,763625000.0,42720000.0,720905000.0,5995328000.0,614867000.0,5380461000.0,20562556656.0,68985000.0,-451798000.0,-117658000.0,498342000.0,0.0,374821000.0,-572250000.0,-24482000.0,258223000.0,8191000.0,93439000.0,93439000.0,93439000.0,-1000.0,162000.0,0.182,176977000.0,213372000.0,245952000.0,0.0,5.959,58.124,58.25,3494402000.0,0.0,51.26,10.905,10.89,92869000.0,-1820110000.0,513322000.0,513322000.0,0.0,,,,,13354000.0,57295000.0,1.0,401142346.0,400602000.0,403455000.0,1.281,5212161000.0,262790000.0,70649000.0,0.0,13.011,329441000.0
44,AMT,MRQ,2010-06-30,2010-06-30,2010-06-30,2021-07-29,-9829000.0,8585923000.0,,770538000.0,7815385000.0,,8.509,-77453000.0,355459000.0,355459000.0,112199000.0,99819000.0,2.147,1.504,4153651000.0,1610000.0,4152041000.0,4153651000.0,128508000.0,110403000.0,0.0,0.0,0.0,186091000.0,296494000.0,0.631,296494000.0,186091000.0,130017000.0,0.25,0.25,0.25,3426999000.0,,3426999000.0,21780030688.0,30.0,18.873,185294000.0,0.46,1.0,357738000.0,0.761,3852435000.0,56074000.0,8172860000.0,,0.0,706011000.0,27891000.0,678120000.0,5155913000.0,358820000.0,4797093000.0,17952776688.0,-49994000.0,-43985000.0,-99085000.0,-78351000.0,0.0,-177513000.0,-136230000.0,-14792000.0,262747000.0,1002000.0,99665000.0,99665000.0,99665000.0,6000.0,154000.0,0.212,169022000.0,188716000.0,205040000.0,0.0,5.239,54.786,54.268,3188461000.0,0.0,44.5,9.883,9.866,48872000.0,-1913549000.0,469937000.0,469937000.0,0.0,,,,,13227000.0,53582000.0,1.0,403433184.0,402733000.0,405024000.0,1.167,4733488000.0,320841000.0,30352000.0,0.0,11.753,411718000.0
45,AMT,MRQ,2010-03-31,2010-03-31,2010-03-31,2021-07-29,28320000.0,8674251000.0,,819197000.0,7855054000.0,,8.587,-55057000.0,402681000.0,402681000.0,106469000.0,96483000.0,1.938,1.51,4229935000.0,77905000.0,4152030000.0,4229935000.0,117028000.0,110835000.0,0.0,0.0,0.0,183124000.0,293959000.0,0.647,293959000.0,183124000.0,124707000.0,0.24,0.24,0.24,3454910000.0,,3454910000.0,21074197478.0,30.0,18.643,198592000.0,0.494,1.0,347965000.0,0.766,3901778000.0,58417000.0,8176916000.0,,0.0,687049000.0,18945000.0,668104000.0,5216405000.0,422811000.0,4793594000.0,17157745478.0,105594000.0,-88487000.0,-11367000.0,14291000.0,0.0,2650000.0,-150680000.0,-7136000.0,253649000.0,-25000.0,96318000.0,96318000.0,96318000.0,-35000.0,165000.0,0.212,169116000.0,178849000.0,183854000.0,0.0,4.966,60.348,60.014,3179196000.0,0.0,42.61,9.694,9.687,73541000.0,-2013214000.0,454434000.0,454434000.0,0.0,,,,,13565000.0,53527000.0,1.0,402669455.0,402346000.0,406080000.0,1.129,4772473000.0,322798000.0,28389000.0,0.0,11.862,396386000.0
46,AMT,MRQ,2009-12-31,2009-12-31,2009-12-31,2021-07-29,-12649000.0,8519931000.0,,655096000.0,7864835000.0,,8.255,-67835000.0,295129000.0,295129000.0,107502000.0,64302000.0,1.674,1.569,4211581000.0,70521000.0,4141060000.0,4211581000.0,112047000.0,106745000.0,0.0,0.0,0.0,168490000.0,275235000.0,0.614,275235000.0,168490000.0,107032000.0,0.16,0.16,0.16,3315082000.0,,3315082000.0,21253038155.0,31.0,19.434,124892000.0,0.311,1.0,340471000.0,0.76,3845163000.0,61458000.0,8199976000.0,,0.0,661640000.0,9776000.0,651864000.0,5201806000.0,391244000.0,4810562000.0,17346752155.0,17619000.0,-134428000.0,6368000.0,23445000.0,0.0,23513000.0,-198685000.0,2238000.0,192727000.0,64000.0,64350000.0,64350000.0,64350000.0,-52000.0,-48000.0,0.144,164022000.0,176449000.0,185138000.0,0.0,5.233,70.345,69.694,3169623000.0,0.0,43.21,10.061,9.984,67949000.0,-2109532000.0,447973000.0,447973000.0,0.0,,,,,10546000.0,46337000.0,1.0,401452260.0,401585000.0,402883000.0,1.116,4674768000.0,387636000.0,42682000.0,0.0,11.641,263852000.0
47,AMT,MRQ,2009-09-30,2009-09-30,2009-09-30,2021-07-29,-18420000.0,8394824000.0,,625930000.0,7768894000.0,,8.134,-68573000.0,280469000.0,280469000.0,108594000.0,67578000.0,1.836,1.597,4186755000.0,7717000.0,4179038000.0,4186755000.0,120057000.0,105543000.0,0.0,0.0,0.0,182825000.0,288368000.0,0.649,288368000.0,182825000.0,118703000.0,0.17,0.17,0.17,3231815000.0,,3231815000.0,18434493156.0,27.0,16.98,171480000.0,0.432,1.0,335511000.0,0.755,3771820000.0,64122000.0,8188289000.0,,0.0,647070000.0,3844000.0,643226000.0,5159673000.0,341001000.0,4818672000.0,14364633156.0,-93963000.0,-67909000.0,-104039000.0,-97160000.0,0.0,-201608000.0,-132600000.0,3882000.0,240053000.0,192000.0,67355000.0,67355000.0,67355000.0,4000.0,223000.0,0.152,156434000.0,179077000.0,165957000.0,0.0,4.445,53.583,53.529,3128120000.0,0.0,36.4,8.528,8.586,71271000.0,-2173882000.0,444105000.0,444105000.0,0.0,,,,,12950000.0,47865000.0,1.0,394632779.0,397315000.0,405728000.0,1.118,4623004000.0,417351000.0,51348000.0,0.0,11.636,284929000.0
48,AMT,MRQ,2009-06-30,2009-06-30,2009-06-30,2021-07-29,-19532000.0,8486487000.0,,718058000.0,7768429000.0,,7.77,-64227000.0,374411000.0,374411000.0,102573000.0,56488000.0,2.063,1.747,4444271000.0,22577000.0,4421694000.0,4444271000.0,125967000.0,102463000.0,0.0,0.0,0.0,170371000.0,272834000.0,0.644,272834000.0,170371000.0,107717000.0,0.14,0.14,0.14,3087781000.0,,3087781000.0,16507332377.0,25.0,15.564,139381000.0,0.351,1.0,320785000.0,0.758,3780727000.0,62654000.0,8427600000.0,,0.0,641543000.0,8990000.0,632553000.0,5395452000.0,348020000.0,5047432000.0,12539319377.0,20599000.0,-92121000.0,-53881000.0,43671000.0,0.0,-19830000.0,-163273000.0,-6925000.0,203608000.0,94000.0,56289000.0,56289000.0,56289000.0,-5060000.0,199000.0,0.133,154338000.0,166447000.0,172663000.0,0.0,4.061,48.008,47.773,3087799000.0,0.0,31.53,7.601,7.596,72526000.0,-2241237000.0,423358000.0,423358000.0,0.0,,,,,12836000.0,49861000.0,1.0,397694874.0,397418000.0,408832000.0,1.065,4705760000.0,458507000.0,51428000.0,0.0,11.841,370038000.0
49,AMT,MRQ,2009-03-31,2009-03-31,2009-03-31,2021-07-29,-19896000.0,8325870000.0,,659693000.0,7666177000.0,,7.752,-49627000.0,364513000.0,364513000.0,97705000.0,58759000.0,2.066,1.703,4332526000.0,1527000.0,4330999000.0,4332526000.0,125519000.0,99868000.0,0.0,0.0,0.0,157276000.0,257144000.0,0.629,257144000.0,157276000.0,95708000.0,0.15,0.15,0.15,3078920000.0,,3078920000.0,16221885311.0,22.0,14.066,156111000.0,0.393,1.0,310973000.0,0.761,3719102000.0,61568000.0,8255473000.0,,0.0,595376000.0,962000.0,594414000.0,5243800000.0,319308000.0,4924492000.0,12083682311.0,159961000.0,-1145000.0,4237000.0,-1155000.0,0.0,2983000.0,-48508000.0,2264000.0,205738000.0,-252000.0,58601000.0,58601000.0,58601000.0,-3070000.0,158000.0,0.143,160688000.0,150285000.0,144268000.0,0.0,3.925,33.225,33.076,3003215000.0,0.0,30.43,7.459,7.461,60057000.0,-2297526000.0,408678000.0,408678000.0,0.0,,,,,24338000.0,57631000.0,1.0,397097677.0,397180000.0,408250000.0,1.029,4606768000.0,513427000.0,37107000.0,0.0,11.599,340385000.0
50,AMT,MRQ,2008-12-31,2008-12-31,2008-12-31,2021-07-29,-20031000.0,8211665000.0,,473680000.0,7737985000.0,,7.569,-78290000.0,194943000.0,194943000.0,98566000.0,85742000.0,1.565,1.744,4333146000.0,1837000.0,4331309000.0,4333146000.0,120188000.0,104174000.0,0.0,0.0,0.0,163110000.0,267284000.0,0.655,267284000.0,163110000.0,101094000.0,0.22,0.22,0.22,2991322000.0,,2991322000.0,15944358408.0,22.0,13.966,108642000.0,0.275,1.0,309758000.0,0.759,3752388000.0,62016000.0,8294835000.0,,0.0,583561000.0,2028000.0,581533000.0,5217186000.0,302645000.0,4914541000.0,11631057408.0,76842000.0,-10184000.0,-75736000.0,49476000.0,0.0,-26425000.0,-83473000.0,3365000.0,186932000.0,-192000.0,85839000.0,85839000.0,85839000.0,-2948000.0,-97000.0,0.21,157017000.0,152741000.0,151985000.0,0.0,3.888,33.495,33.318,3022636000.0,0.0,29.32,7.299,7.285,51313000.0,-2356127000.0,408324000.0,408324000.0,0.0,,,,,11696000.0,44962000.0,1.0,396693636.0,395227000.0,408319000.0,1.033,4459277000.0,545409000.0,15255000.0,0.0,11.283,171035000.0
51,AMT,MRQ,2008-09-30,2008-09-30,2008-09-30,2021-07-29,-1027000.0,8129936000.0,,273683000.0,7856253000.0,,7.208,-67876000.0,117062000.0,117062000.0,103857000.0,60561000.0,0.884,1.864,4430363000.0,1789000.0,4428574000.0,4430363000.0,109631000.0,104389000.0,0.0,0.0,0.0,158930000.0,263319000.0,0.643,263319000.0,158930000.0,95384000.0,0.15,0.15,0.15,2836855000.0,,2836855000.0,18387520208.0,27.0,16.643,159317000.0,0.405,1.0,305411000.0,0.746,3787134000.0,63546000.0,8346600000.0,,0.0,575137000.0,8013000.0,567124000.0,5286707000.0,309503000.0,4977204000.0,14170094208.0,-85895000.0,-498000.0,-299801000.0,49397000.0,0.0,-250569000.0,-62519000.0,5855000.0,227193000.0,0.0,60466000.0,60466000.0,60466000.0,50000.0,95000.0,0.148,151044000.0,154367000.0,149029000.0,0.0,4.995,55.383,55.338,3014079000.0,0.0,35.97,9.064,9.056,46146000.0,-2441966000.0,409268000.0,409268000.0,0.0,,,,,13249000.0,44719000.0,1.0,393942013.0,393567000.0,416541000.0,1.04,4342802000.0,527971000.0,34918000.0,0.0,11.034,-35820000.0
52,AMT,MRQ,2008-06-30,2008-06-30,2008-06-30,2021-07-29,806000.0,8265540000.0,,359151000.0,7906389000.0,,7.611,-52693000.0,203290000.0,203290000.0,96874000.0,158884000.0,1.286,1.734,4420716000.0,1699000.0,4419017000.0,4420716000.0,108863000.0,99697000.0,0.0,0.0,0.0,265829000.0,365526000.0,0.928,365526000.0,265829000.0,203321000.0,0.4,0.38,0.4,3021270000.0,,3021270000.0,21018320460.0,34.0,19.497,124058000.0,0.313,1.0,296854000.0,0.754,3825646000.0,62508000.0,8378150000.0,,0.0,562206000.0,11786000.0,550420000.0,5237808000.0,279170000.0,4958638000.0,16755230460.0,30497000.0,-3823000.0,-85084000.0,-686000.0,0.0,-86037000.0,-60217000.0,-3701000.0,176751000.0,0.0,158786000.0,158786000.0,158786000.0,-108103000.0,98000.0,0.403,142064000.0,154790000.0,138017000.0,0.0,5.546,65.702,65.0,3010919000.0,0.0,42.25,11.012,11.022,40774000.0,-2502432000.0,393728000.0,393728000.0,0.0,,,,,13598000.0,41784000.0,1.0,396573502.0,396935000.0,421617000.0,0.992,4439894000.0,559528000.0,44535000.0,0.0,11.185,79981000.0
53,AMT,MRQ,2008-03-31,2008-03-31,2008-03-31,2021-07-29,-11137000.0,8192227000.0,,331838000.0,7860389000.0,,7.328,-44625000.0,171760000.0,171760000.0,90558000.0,42228000.0,1.083,1.813,4434850000.0,1688000.0,4433162000.0,4434850000.0,104482000.0,97072000.0,0.0,0.0,0.0,148470000.0,245542000.0,0.642,245542000.0,148470000.0,82956000.0,0.11,0.1,0.11,2909990000.0,,2909990000.0,19715788467.0,48.0,21.977,137757000.0,0.347,1.0,291626000.0,0.763,3858701000.0,65514000.0,8290093000.0,,0.0,522524000.0,6802000.0,515722000.0,5275683000.0,306523000.0,4969160000.0,15517311467.0,88510000.0,-28312000.0,-171106000.0,149360000.0,0.0,-25141000.0,-68731000.0,4206000.0,182382000.0,0.0,42155000.0,42155000.0,42155000.0,19000.0,73000.0,0.11,146770000.0,144856000.0,149533000.0,0.0,5.332,203.524,196.05,3030388000.0,0.0,39.21,10.44,10.477,37120000.0,-2661218000.0,382184000.0,382184000.0,0.0,,,,,16264000.0,48909000.0,1.0,395748826.0,397128000.0,421622000.0,0.962,4333526000.0,495658000.0,40801000.0,0.0,10.912,25315000.0
54,AMT,MRQ,2007-12-31,2007-12-31,2007-12-31,2021-07-29,-3626000.0,8130457000.0,,245674000.0,7884783000.0,,7.483,-47415000.0,86807000.0,86807000.0,93520000.0,-5211000.0,0.774,1.691,4285284000.0,1817000.0,4283467000.0,4285284000.0,106395000.0,129613000.0,0.0,0.0,0.0,100793000.0,230406000.0,0.609,230406000.0,100793000.0,36546000.0,-0.01,-0.02,-0.01,3018750000.0,,3018750000.0,21144950426.0,60.0,24.169,81463000.0,0.202,1.0,284592000.0,0.753,3874746000.0,64247000.0,8136810000.0,,0.0,492221000.0,7224000.0,484997000.0,5105023000.0,317378000.0,4787645000.0,17241924426.0,-49612000.0,-23268000.0,-376447000.0,274526000.0,0.0,-109676000.0,-68814000.0,1869000.0,128878000.0,0.0,-5549000.0,-5549000.0,-5549000.0,5012000.0,338000.0,-0.015,184126000.0,100466000.0,175464000.0,0.0,5.712,306.164,304.286,3045186000.0,0.0,42.6,11.837,12.084,40316000.0,-2703373000.0,378112000.0,378112000.0,0.0,,,,,11123000.0,46747000.0,1.0,404740010.0,403414000.0,425026000.0,0.937,4255711000.0,519917000.0,42095000.0,0.0,10.549,-71704000.0
55,AMT,MRQ,2007-09-30,2007-09-30,2007-09-30,2021-07-29,-2853000.0,8203438000.0,,285658000.0,7917780000.0,,8.224,-39380000.0,123889000.0,123889000.0,88777000.0,59628000.0,0.844,1.431,4026915000.0,1770000.0,4025145000.0,4026915000.0,95990000.0,131484000.0,0.0,0.0,0.0,105064000.0,236548000.0,0.644,236548000.0,105064000.0,45145000.0,0.15,0.14,0.15,3372300000.0,,3372300000.0,21615005857.0,64.0,17.186,142257000.0,0.347,1.0,278808000.0,0.758,3902729000.0,59919000.0,7865173000.0,,0.0,451955000.0,5219000.0,446736000.0,4824328000.0,338562000.0,4485766000.0,17886989857.0,-130286000.0,-6698000.0,-330913000.0,49920000.0,0.0,-286094000.0,-25829000.0,20249000.0,181637000.0,0.0,59628000.0,59628000.0,59628000.0,511000.0,0.0,0.162,180317000.0,98491000.0,203864000.0,0.0,5.304,223.169,229.158,3071125000.0,0.0,43.54,12.631,12.608,46426000.0,-2697824000.0,367585000.0,367585000.0,0.0,,,,,15266000.0,49030000.0,1.0,410817406.0,410071000.0,418012000.0,0.896,4300709000.0,520684000.0,-14483000.0,0.0,10.488,-52904000.0
56,AMT,MRQ,2007-06-30,2007-06-30,2007-06-30,2021-07-29,3189000.0,8384091000.0,,412896000.0,7971195000.0,,8.699,-36141000.0,248949000.0,248949000.0,90042000.0,-19991000.0,1.311,1.306,3976965000.0,1666000.0,3975299000.0,3976965000.0,83626000.0,131637000.0,0.0,0.0,0.0,52959000.0,184596000.0,0.515,184596000.0,52959000.0,-5425000.0,-0.05,-0.05,-0.05,3633301000.0,,3633301000.0,21074518306.0,70.0,19.291,174636000.0,0.418,1.0,268381000.0,0.749,3949884000.0,58384000.0,7847164000.0,,0.0,447406000.0,15634000.0,431772000.0,4743866000.0,315059000.0,4428807000.0,17549733306.0,165870000.0,-3935000.0,-359206000.0,404163000.0,0.0,14284000.0,-59191000.0,-19115000.0,210777000.0,0.0,-19991000.0,-19991000.0,-19991000.0,32021000.0,0.0,-0.056,175085000.0,93296000.0,205878000.0,0.0,4.83,731.422,840.0,3115888000.0,0.0,42.0,12.699,12.694,45415000.0,-2757452000.0,358423000.0,358423000.0,0.0,,,,,11547000.0,42063000.0,1.0,417850793.0,417682000.0,429846000.0,0.858,4434207000.0,497145000.0,14566000.0,0.0,10.616,97837000.0
57,AMT,MRQ,2007-03-31,2007-03-31,2007-03-31,2021-07-29,7855000.0,8319912000.0,,259624000.0,8060288000.0,,9.463,-31445000.0,47151000.0,47151000.0,87283000.0,22228000.0,0.848,1.083,3571936000.0,1643000.0,3570293000.0,3571936000.0,78009000.0,130194000.0,0.0,0.0,0.0,93133000.0,223327000.0,0.634,223327000.0,93133000.0,39859000.0,0.05,0.05,0.05,3990016000.0,,3990016000.0,19620299985.0,61.0,19.977,139942000.0,0.332,1.0,265191000.0,0.752,3970456000.0,53274000.0,7567923000.0,,0.0,450620000.0,14329000.0,436291000.0,4322892000.0,306318000.0,4016574000.0,16358547985.0,-234113000.0,-10061000.0,-452168000.0,84151000.0,0.0,-373154000.0,-32346000.0,9160000.0,171387000.0,0.0,22228000.0,22228000.0,22228000.0,-1148000.0,0.0,0.063,179081000.0,86110000.0,173587000.0,0.0,4.1,316.725,324.583,3165156000.0,0.0,38.95,12.122,12.17,33734000.0,-2737461000.0,352474000.0,352474000.0,0.0,,,,,16667000.0,48643000.0,1.0,419988395.0,421627000.0,439557000.0,0.836,4349456000.0,576866000.0,17631000.0,0.0,10.316,-46694000.0
58,AMT,MRQ,2006-12-31,2006-12-31,2006-12-31,2021-07-29,16079000.0,8613219000.0,,486022000.0,8127197000.0,,10.254,-36436000.0,281264000.0,281264000.0,88626000.0,18285000.0,0.853,0.964,3543016000.0,253907000.0,3289109000.0,3543016000.0,86769000.0,528051000.0,0.0,0.0,0.0,85189000.0,613240000.0,1.816,613240000.0,85189000.0,31941000.0,0.04,0.04,0.04,4381325000.0,,4381325000.0,19218576517.0,67.0,23.641,109133000.0,0.255,1.0,249020000.0,0.738,4010643000.0,53248000.0,7294699000.0,,0.0,438706000.0,22986000.0,415720000.0,4224712000.0,569629000.0,3655083000.0,15862338517.0,74062000.0,-4234000.0,-15237000.0,-23333000.0,0.0,-39662000.0,-31845000.0,8825000.0,145569000.0,0.0,18285000.0,18285000.0,18285000.0,-41000.0,0.0,0.054,175607000.0,73413000.0,187634000.0,0.0,3.62,577.148,621.333,3218124000.0,0.0,37.28,12.041,12.013,29368000.0,-2733920000.0,337646000.0,337646000.0,0.0,,,,,9961000.0,44017000.0,1.0,425491913.0,427264000.0,439763000.0,0.79,4602576000.0,571195000.0,13656000.0,0.0,10.772,-83607000.0
59,AMT,MRQ,2006-09-30,2006-09-30,2006-09-30,2021-07-29,3074000.0,8605730000.0,,400793000.0,8204937000.0,,10.284,-33618000.0,207202000.0,207202000.0,87562000.0,3472000.0,0.723,0.963,3563440000.0,253876000.0,3309564000.0,3563440000.0,76471000.0,0.0,0.0,0.0,0.0,71270000.0,71270000.0,0.214,71270000.0,71270000.0,16822000.0,0.01,0.01,0.01,4380584000.0,,4380584000.0,18838840209.0,102.0,31.571,148910000.0,0.35,1.0,245905000.0,0.737,4062724000.0,54448000.0,7344811000.0,,0.0,405810000.0,0.0,405810000.0,4218088000.0,554433000.0,3663655000.0,15314862209.0,116748000.0,-7273000.0,3418000.0,-40086000.0,0.0,-36925000.0,-28855000.0,12036000.0,182528000.0,0.0,3472000.0,3472000.0,3472000.0,250000.0,0.0,0.01,173898000.0,72007000.0,169582000.0,0.0,3.496,-187.797,-152.083,3268332000.0,0.0,36.5,11.896,12.077,33505000.0,-2752205000.0,333467000.0,333467000.0,0.0,,,,,10683000.0,42384000.0,1.0,419585266.0,425942000.0,435138000.0,0.783,4543006000.0,562307000.0,13350000.0,0.0,10.666,-153640000.0
60,AMT,MRQ,2006-06-30,2006-06-30,2006-06-30,2021-07-29,10466000.0,8607674000.0,,288715000.0,8318959000.0,,10.327,-28668000.0,90454000.0,90454000.0,85737000.0,7664000.0,0.516,0.968,3602728000.0,277426000.0,3325302000.0,3602728000.0,75163000.0,0.0,0.0,0.0,0.0,74290000.0,74290000.0,0.228,74290000.0,74290000.0,20600000.0,0.02,0.02,0.02,4371063000.0,,4371063000.0,16581471478.0,117.0,29.966,112277000.0,0.265,1.0,240126000.0,0.737,4113365000.0,53690000.0,7447179000.0,,0.0,409113000.0,0.0,409113000.0,4229427000.0,559404000.0,3670023000.0,13057493478.0,4881000.0,-26686000.0,-107596000.0,12683000.0,0.0,-95166000.0,-40898000.0,14456000.0,140945000.0,0.0,7664000.0,7664000.0,7664000.0,327000.0,0.0,0.024,169354000.0,70772000.0,166660000.0,0.0,2.987,-121.916,-97.25,3320822000.0,0.0,31.12,10.715,10.808,30782000.0,-2755677000.0,325863000.0,325863000.0,0.0,,,,,9347000.0,36610000.0,1.0,419585266.0,423252000.0,435601000.0,0.77,4494309000.0,569895000.0,12936000.0,0.0,10.619,-270689000.0
61,AMT,MRQ,2006-03-31,2006-03-31,2006-03-31,2021-07-29,5624000.0,8688052000.0,,227414000.0,8460638000.0,,10.585,-28376000.0,85573000.0,85573000.0,81612000.0,-1937000.0,0.392,0.962,3609551000.0,277471000.0,3332080000.0,3609551000.0,71090000.0,0.0,0.0,0.0,0.0,54146000.0,54146000.0,0.169,54146000.0,54146000.0,-111000.0,-0.01,-0.01,-0.01,4418153000.0,,4418153000.0,16225349648.0,195.0,32.809,123320000.0,0.295,1.0,238797000.0,0.745,4168736000.0,54257000.0,7462897000.0,,0.0,384991000.0,0.0,384991000.0,4250055000.0,580397000.0,3669658000.0,12724621648.0,-27128000.0,912000.0,-146501000.0,-3024000.0,0.0,-151310000.0,-27514000.0,-50000.0,151696000.0,0.0,-1937000.0,-1937000.0,-1937000.0,318000.0,0.0,-0.006,171088000.0,67709000.0,179184000.0,0.0,2.88,-84.315,-60.64,3386262000.0,0.0,30.32,11.773,11.708,33216000.0,-2763341000.0,320409000.0,320409000.0,0.0,,,,,9511000.0,36313000.0,1.0,419677495.0,417379000.0,417379000.0,0.768,4519316000.0,552008000.0,1826000.0,0.0,10.828,-352983000.0
62,AMT,MRQ,2005-12-31,2005-12-31,2005-12-31,2021-07-29,-803000.0,8786854000.0,,225878000.0,8560976000.0,,14.981,-29409000.0,112701000.0,112701000.0,85641000.0,-90749000.0,0.495,0.935,3613429000.0,162153000.0,3451276000.0,3613429000.0,77655000.0,411254000.0,0.0,0.0,0.0,-14254000.0,397000000.0,1.291,397000000.0,-14254000.0,-71263000.0,-0.26,-0.26,-0.26,4532027000.0,,4532027000.0,14691265475.0,314.0,32.075,107591000.0,0.356,1.0,221984000.0,0.722,4219863000.0,57009000.0,7611110000.0,,0.0,357294000.0,0.0,357294000.0,4235239000.0,456609000.0,3778630000.0,11160267475.0,3542000.0,-22996000.0,-49607000.0,-29994000.0,0.0,-88308000.0,-45150000.0,7255000.0,137000000.0,0.0,-90749000.0,-90749000.0,-90749000.0,-100110000.0,0.0,-0.295,183839000.0,38145000.0,178951000.0,0.0,2.463,-61.537,-45.167,3460526000.0,0.0,27.1,11.812,8.677,36995000.0,-2761404000.0,307625000.0,307625000.0,0.0,,,,,9003000.0,32197000.0,1.0,411817988.0,302510000.0,302510000.0,1.017,4566991000.0,554652000.0,19486000.0,0.0,15.097,-230731000.0
63,AMT,MRQ,2005-09-30,2005-09-30,2005-09-30,2021-07-29,0.0,8785659000.0,,243578000.0,8542081000.0,,13.864,-22702000.0,109159000.0,109159000.0,72140000.0,-22080000.0,0.778,0.894,3640157000.0,2241000.0,3637916000.0,3640157000.0,74847000.0,0.0,0.0,0.0,0.0,27905000.0,27905000.0,0.105,27905000.0,27905000.0,-29746000.0,-0.07,-0.07,-0.07,4632498000.0,,4632498000.0,8769804933.0,490.0,25.248,72493000.0,0.217,1.0,192606000.0,0.728,4290263000.0,57651000.0,7713153000.0,,0.0,370768000.0,0.0,370768000.0,4141329000.0,313241000.0,3828088000.0,5775546933.0,23537000.0,32772000.0,35270000.0,-116262000.0,0.0,-81216000.0,9558000.0,-512000.0,95195000.0,0.0,-22080000.0,-22080000.0,-22080000.0,29548000.0,0.0,-0.083,155433000.0,37173000.0,194160000.0,0.0,1.247,-33.478,-34.178,3404389000.0,0.0,24.95,7.027,10.144,37553000.0,-2623652000.0,264746000.0,264746000.0,0.0,,,,,3637000.0,32594000.0,1.0,231484847.0,334141000.0,334141000.0,0.792,4495396000.0,516272000.0,-7666000.0,0.0,13.454,-69663000.0
64,AMT,MRQ,2005-06-30,2005-06-30,2005-06-30,2021-07-29,0.0,4825663000.0,,156496000.0,4669167000.0,,6.154,-20645000.0,85622000.0,85622000.0,48689000.0,-36151000.0,0.575,2.389,3079880000.0,87955000.0,2991925000.0,3079880000.0,32281000.0,0.0,0.0,0.0,0.0,15488000.0,15488000.0,0.082,15488000.0,15488000.0,-37555000.0,-0.16,-0.16,-0.16,1420284000.0,,1420284000.0,7873000226.0,-226.0,26.729,51809000.0,0.224,1.0,139371000.0,0.741,1530811000.0,53043000.0,6016912000.0,,0.0,296647000.0,0.0,296647000.0,3393569000.0,272198000.0,3121371000.0,4848612226.0,-37175000.0,-537000.0,3267000.0,-91102000.0,0.0,-88170000.0,-21459000.0,-277000.0,72454000.0,0.0,-36151000.0,-36151000.0,-36151000.0,36547000.0,0.0,-0.192,108621000.0,30750000.0,119623000.0,0.0,3.414,-23.027,-22.602,2192453000.0,0.0,21.02,6.57,6.574,23118000.0,-2602782000.0,188060000.0,188060000.0,0.0,,,,,2324000.0,22364000.0,1.0,230666614.0,230793000.0,230793000.0,0.815,3294852000.0,655346000.0,-1404000.0,0.0,14.276,-115702000.0
65,AMT,MRQ,2005-03-31,2005-03-30,2005-03-30,2021-07-29,0.0,4924900000.0,,198520000.0,4726380000.0,,6.284,-15881000.0,122797000.0,122797000.0,49657000.0,-32379000.0,1.003,2.397,3147185000.0,5350000.0,3141835000.0,3147185000.0,28422000.0,0.0,0.0,0.0,0.0,17635000.0,17635000.0,0.096,17635000.0,17635000.0,-37081000.0,-0.14,-0.14,-0.14,1446361000.0,,1446361000.0,7187436888.0,-108.0,27.368,76674000.0,0.333,1.0,134698000.0,0.731,1559912000.0,54716000.0,6191352000.0,,0.0,293045000.0,0.0,293045000.0,3466599000.0,198024000.0,3268575000.0,4109379888.0,-92760000.0,-7292000.0,7500000.0,-169086000.0,0.0,-161832000.0,-23483000.0,-310000.0,92555000.0,0.0,-32379000.0,-32379000.0,-32379000.0,35928000.0,0.0,-0.176,105652000.0,29046000.0,120666000.0,0.0,2.841,-17.151,-16.811,2231278000.0,0.0,17.82,5.69,5.679,30424000.0,-2570964000.0,184355000.0,184355000.0,0.0,,,,,966000.0,20904000.0,1.0,230604932.0,230158000.0,230158000.0,0.801,3364988000.0,648235000.0,-4702000.0,0.0,14.62,496000.0
66,AMT,MRQ,2004-12-31,2004-12-31,2004-12-31,2021-07-29,0.0,5107696000.0,,309037000.0,4798659000.0,,6.498,-13569000.0,215557000.0,215557000.0,22388000.0,-81907000.0,0.925,2.432,3293614000.0,138386000.0,3155228000.0,3293614000.0,32681000.0,329449000.0,0.0,0.0,0.0,-43134000.0,286315000.0,1.55,286315000.0,-43134000.0,-102562000.0,-0.36,-0.36,-0.36,1484686000.0,,1484686000.0,7292639471.0,-95.0,28.838,53968000.0,0.236,1.0,162308000.0,0.879,1577986000.0,59428000.0,6273652000.0,,0.0,291779000.0,0.0,291779000.0,3610848000.0,334115000.0,3276733000.0,4201115471.0,88724000.0,2928000.0,17096000.0,22934000.0,0.0,29825000.0,-8638000.0,2003000.0,67537000.0,0.0,-81907000.0,-81907000.0,-81907000.0,5945000.0,0.0,-0.443,151846000.0,10462000.0,123582000.0,0.0,2.83,-16.445,-16.14,2273356000.0,0.0,18.4,5.945,5.841,38634000.0,-2580045000.0,184696000.0,184696000.0,0.0,,,,,10750000.0,62703000.0,1.0,228321493.0,228500000.0,228500000.0,0.808,3529710000.0,661628000.0,-20655000.0,0.0,15.447,-25078000.0
67,AMT,MRQ,2004-09-30,2004-09-30,2004-09-30,2021-07-29,0.0,5021210000.0,,245129000.0,4776081000.0,,6.647,-9946000.0,126833000.0,126833000.0,64972000.0,-60122000.0,1.394,2.344,3218357000.0,6722000.0,3211635000.0,3218357000.0,33154000.0,0.0,0.0,0.0,0.0,-24887000.0,-24887000.0,-0.138,-24887000.0,-24887000.0,-90518000.0,-0.27,-0.27,-0.27,1494558000.0,,1494558000.0,6513750100.0,-124.0,23.455,33827000.0,0.15,1.0,115909000.0,0.641,1586067000.0,65631000.0,6350796000.0,,0.0,288536000.0,0.0,288536000.0,3502926000.0,175871000.0,3327055000.0,3444789100.0,-71023000.0,-7279000.0,14680000.0,-101857000.0,0.0,-97348000.0,-17448000.0,-223000.0,43773000.0,0.0,-60122000.0,-60122000.0,-60122000.0,590000.0,0.0,-0.332,94947000.0,20962000.0,104833000.0,0.0,2.305,-14.716,-14.619,2324343000.0,0.0,15.35,5.461,5.471,58256000.0,-2465373000.0,180881000.0,180881000.0,0.0,,,,,0.0,6861000.0,1.0,224416228.0,224839000.0,224839000.0,0.804,3435143000.0,591257000.0,-30396000.0,0.0,15.278,69258000.0
68,AMT,MRQ,2004-06-30,2004-06-30,2004-06-30,2021-07-29,0.0,5120395000.0,,313670000.0,4806725000.0,,6.83,-7834000.0,197856000.0,197856000.0,61665000.0,-65197000.0,1.585,2.338,3266817000.0,6495000.0,3260322000.0,3266817000.0,34445000.0,0.0,0.0,0.0,0.0,-16445000.0,-16445000.0,-0.095,-16445000.0,-16445000.0,-84466000.0,-0.29,-0.29,-0.29,1527073000.0,,1527073000.0,6471357890.0,-193.0,21.803,65840000.0,0.294,1.0,110627000.0,0.642,1596238000.0,68021000.0,6395254000.0,,0.0,285821000.0,0.0,285821000.0,3569928000.0,197864000.0,3372064000.0,3396666890.0,99158000.0,-8457000.0,4509000.0,-69274000.0,0.0,-131395000.0,156879000.0,173170000.0,73674000.0,0.0,-65197000.0,-65197000.0,-65197000.0,1203000.0,0.0,-0.378,97488000.0,13139000.0,104285000.0,0.0,2.224,-14.625,-14.476,2386460000.0,0.0,15.2,5.334,5.336,60258000.0,-2405251000.0,172292000.0,172292000.0,0.0,,,,,0.0,6651000.0,1.0,223464927.0,223578000.0,223578000.0,0.771,3524157000.0,552328000.0,-19269000.0,0.0,15.763,115806000.0
69,AMT,MRQ,2004-03-31,2004-03-31,2004-03-31,2021-07-29,0.0,5153928000.0,,334374000.0,4819554000.0,,6.985,-10832000.0,217835000.0,217835000.0,62437000.0,-48238000.0,1.314,2.314,3292526000.0,82619000.0,3209907000.0,3292526000.0,37371000.0,0.0,0.0,0.0,0.0,7901000.0,7901000.0,0.047,7901000.0,7901000.0,-61256000.0,-0.22,-0.22,-0.22,1539518000.0,,1539518000.0,5580508270.0,-70.0,22.24,20884000.0,0.095,1.0,106354000.0,0.63,1597837000.0,69157000.0,6376390000.0,,0.0,282552000.0,0.0,282552000.0,3562798000.0,254392000.0,3308406000.0,2501504270.0,-6767000.0,7445000.0,4271000.0,-82704000.0,0.0,-32510000.0,-5973000.0,-2586000.0,31716000.0,0.0,-48238000.0,-48238000.0,-48238000.0,671000.0,0.0,-0.286,92138000.0,14216000.0,100877000.0,0.0,1.625,-8.928,-8.598,2422001000.0,0.0,11.35,3.91,3.91,61691000.0,-2340054000.0,168791000.0,168791000.0,0.0,,,,,0.0,6879000.0,1.0,220396852.0,220408000.0,220408000.0,0.766,3556091000.0,531286000.0,-13018000.0,0.0,16.134,79982000.0
70,AMT,MRQ,2003-12-31,2003-12-31,2003-12-31,2021-07-29,0.0,5290654000.0,,416653000.0,4874001000.0,,7.241,-15674000.0,275501000.0,275501000.0,-39114000.0,-60530000.0,1.411,2.301,3353011000.0,76627000.0,3276384000.0,3353011000.0,41449000.0,330414000.0,0.0,0.0,0.0,-19273000.0,311141000.0,2.858,311141000.0,-19273000.0,-87207000.0,-0.27,-0.27,-0.27,1591579000.0,,1591579000.0,5509476689.0,-41.0,28.157,60687000.0,0.276,1.0,147984000.0,1.359,1612432000.0,67934000.0,6460455000.0,,0.0,275508000.0,0.0,275508000.0,3661877000.0,295277000.0,3366600000.0,2375451689.0,39334000.0,17370000.0,1642000.0,-143211000.0,0.0,131343000.0,-168370000.0,-170066000.0,76361000.0,0.0,-60530000.0,-60530000.0,-60530000.0,7568000.0,0.0,-0.556,155249000.0,-7265000.0,107557000.0,0.0,1.493,-7.221,-6.848,2483324000.0,0.0,10.82,3.756,3.56,57735000.0,-2291816000.0,108870000.0,108870000.0,0.0,,,,,11188000.0,63386000.0,1.0,219542670.0,219789000.0,219789000.0,0.495,3678222000.0,516859000.0,-26677000.0,0.0,16.735,121376000.0
71,AMT,MRQ,2003-09-30,2003-09-30,2003-09-30,2021-07-29,-372000.0,5590307000.0,,608154000.0,4982153000.0,,8.137,-13243000.0,349853000.0,349853000.0,86340000.0,-58291000.0,1.261,2.193,3483878000.0,185732000.0,3298146000.0,3483878000.0,39359000.0,0.0,0.0,0.0,0.0,-5789000.0,-5789000.0,-0.031,-5789000.0,-5789000.0,-74695000.0,-0.27,-0.27,-0.27,1739644000.0,,1739644000.0,5431523267.0,-35.0,31.549,16195000.0,0.076,1.0,100534000.0,0.538,1662595000.0,68906000.0,6579469000.0,,0.0,273999000.0,0.0,273999000.0,3815605000.0,482268000.0,3333337000.0,2221890267.0,-41466000.0,-37915000.0,123621000.0,-34446000.0,0.0,-9063000.0,-61841000.0,-10683000.0,29438000.0,0.0,-58291000.0,-58291000.0,-58291000.0,15164000.0,0.0,-0.312,96758000.0,3776000.0,92034000.0,0.0,1.277,-6.487,-5.971,2617408000.0,0.0,10.15,3.68,3.594,72435000.0,-2139230000.0,186874000.0,186874000.0,0.0,,,,,0.0,6493000.0,1.0,218905445.0,213788000.0,213788000.0,0.874,3927712000.0,441202000.0,-16404000.0,0.0,18.372,125886000.0
72,AMT,MRQ,2003-06-30,2003-06-30,2003-06-30,2021-07-29,-980000.0,5576252000.0,,585144000.0,4991108000.0,,8.226,-13870000.0,300482000.0,300482000.0,79385000.0,-113131000.0,1.042,2.321,3510115000.0,234246000.0,3275869000.0,3510115000.0,36663000.0,0.0,0.0,0.0,0.0,-62336000.0,-62336000.0,-0.356,-62336000.0,-62336000.0,-133537000.0,-0.56,-0.56,-0.56,1669089000.0,,1669089000.0,5062630469.0,-11.0,-43.502,29658000.0,0.146,1.0,95897000.0,0.547,1688912000.0,71201000.0,6535655000.0,,0.0,255701000.0,0.0,255701000.0,3873729000.0,561318000.0,3312411000.0,1795317469.0,6186000.0,-5412000.0,1584000.0,-41204000.0,0.0,-17490000.0,-19852000.0,-570000.0,43528000.0,0.0,-113131000.0,-113131000.0,-113131000.0,27516000.0,0.0,-0.645,99148000.0,-3251000.0,92422000.0,0.0,1.076,-2.813,-2.731,2634575000.0,0.0,8.85,3.033,3.034,75940000.0,-2086368000.0,175282000.0,175282000.0,0.0,,,,,0.0,6965000.0,1.0,202860731.0,202913000.0,202913000.0,0.864,3887340000.0,424967000.0,-20406000.0,0.0,19.158,23826000.0
73,AMT,MRQ,2003-03-31,2003-03-31,2003-03-31,2021-07-29,-9097000.0,5722897000.0,,660370000.0,5062527000.0,,8.657,-18821000.0,318599000.0,318599000.0,73188000.0,-97007000.0,0.997,2.359,3585912000.0,285275000.0,3300637000.0,3585912000.0,45347000.0,0.0,0.0,0.0,0.0,-47345000.0,-47345000.0,-0.293,-47345000.0,-47345000.0,-119087000.0,-0.5,-0.5,-0.5,1694123000.0,,1694123000.0,4410875325.0,-10.0,-37.705,-11762000.0,-0.06,1.0,88279000.0,0.547,1724509000.0,71742000.0,6603078000.0,,9267000.0,248698000.0,0.0,248698000.0,3996738000.0,662623000.0,3334115000.0,1080208325.0,-25881000.0,41633000.0,0.0,179289000.0,0.0,-56957000.0,24017000.0,1205000.0,7059000.0,0.0,-97007000.0,-97007000.0,-97007000.0,11385000.0,0.0,-0.601,94407000.0,-6128000.0,112866000.0,0.0,0.638,-1.725,-1.725,2695440000.0,0.0,5.52,1.855,1.855,93619000.0,-1978653000.0,161467000.0,161467000.0,0.0,,,,,0.0,6648000.0,1.0,195689914.0,195703000.0,195703000.0,0.825,3998388000.0,406929000.0,-22080000.0,0.0,20.431,-2253000.0
74,AMT,MRQ,2002-12-31,2002-12-31,2002-12-31,2021-07-29,-5564000.0,5628317000.0,,590776000.0,5037541000.0,,8.411,-24641000.0,127292000.0,127292000.0,11085000.0,-74105000.0,0.861,2.402,3441794000.0,269858000.0,3171936000.0,3441794000.0,38733000.0,327665000.0,0.0,0.0,0.0,-40035000.0,287630000.0,3.589,287630000.0,-40035000.0,-102355000.0,-0.37,-0.37,-0.37,1645291000.0,,1645291000.0,4241894004.0,-4.0,-6.401,45369000.0,0.232,1.0,69052000.0,0.862,1699439000.0,62320000.0,6557102000.0,,0.0,261996000.0,0.0,261996000.0,3951892000.0,686278000.0,3265614000.0,690345004.0,62432000.0,34917000.0,395000.0,-41598000.0,0.0,-46867000.0,39289000.0,29013000.0,70010000.0,0.0,-74105000.0,-74105000.0,-74105000.0,66000.0,0.0,-0.925,111855000.0,-42803000.0,113380000.0,0.0,0.42,-0.593,-0.593,2650490000.0,0.0,3.53,1.195,1.194,86844000.0,-1966495000.0,80137000.0,80137000.0,0.0,,,,,0.0,6637000.0,1.0,195565157.0,195604000.0,195604000.0,0.41,3928878000.0,438727000.0,-28250000.0,0.0,20.086,-95502000.0
75,AMT,MRQ,2002-09-30,2002-09-30,2002-09-30,2021-07-29,-6857000.0,5730599000.0,,353545000.0,5377054000.0,,9.082,-24591000.0,64860000.0,64860000.0,91665000.0,-353877000.0,1.124,2.21,3616409000.0,53685000.0,3562724000.0,3616409000.0,50216000.0,0.0,0.0,0.0,0.0,-294327000.0,-294327000.0,-1.682,-294327000.0,-294327000.0,-357045000.0,-1.81,-1.81,-1.81,1776084000.0,,1776084000.0,3852188600.0,-3.0,-5.146,-21924000.0,-0.112,1.0,83281000.0,0.476,1787213000.0,62718000.0,7180399000.0,,20145000.0,140796000.0,0.0,140796000.0,3924515000.0,314536000.0,3609979000.0,310948600.0,35389000.0,19697000.0,910000.0,-3824000.0,0.0,43646000.0,-10924000.0,-6030000.0,2667000.0,0.0,-353877000.0,-353877000.0,-353877000.0,206023000.0,0.0,-2.023,169913000.0,-86632000.0,150881000.0,0.0,0.175,-0.247,-0.246,2989989000.0,0.0,1.59,0.753,0.753,152699000.0,-1834586000.0,174946000.0,174946000.0,0.0,,,,,0.0,6822000.0,1.0,195565157.0,195565000.0,195565000.0,0.895,3943386000.0,357612000.0,-3168000.0,21744000.0,20.164,39009000.0
76,AMT,MRQ,2002-06-30,2002-06-30,2002-06-30,2021-07-29,-8916000.0,6110310000.0,,403318000.0,5706992000.0,,10.895,-48014000.0,76941000.0,76941000.0,85983000.0,-101168000.0,1.246,1.857,3618181000.0,40375000.0,3577806000.0,3618181000.0,47897000.0,0.0,0.0,0.0,0.0,-62943000.0,-62943000.0,-0.38,-62943000.0,-62943000.0,-128480000.0,-0.52,-0.52,-0.52,2128417000.0,,2128417000.0,4199656480.0,-5.0,-7.936,-7539000.0,-0.039,1.0,79854000.0,0.482,1876996000.0,65537000.0,7450889000.0,,24267000.0,140322000.0,0.0,140322000.0,3952921000.0,323665000.0,3629256000.0,673745480.0,-93000.0,-3676000.0,0.0,11266000.0,0.0,12205000.0,-52773000.0,-1083000.0,40475000.0,0.0,-101168000.0,-101168000.0,-101168000.0,33469000.0,0.0,-0.61,95274000.0,-15420000.0,172820000.0,0.0,0.317,-0.653,-0.651,3237943000.0,0.0,3.45,1.317,1.318,167270000.0,-1480709000.0,165837000.0,165837000.0,1027000.0,,,,,0.0,6474000.0,1.0,195288545.0,195361000.0,195361000.0,0.849,4233314000.0,356904000.0,-27312000.0,0.0,21.669,79653000.0
77,AMT,MRQ,2002-03-31,2002-03-31,2002-03-31,2021-07-29,-12404000.0,6733477000.0,,424587000.0,6308890000.0,,14.271,-83251000.0,77063000.0,77063000.0,111519000.0,-634389000.0,1.444,1.406,3602974000.0,26462000.0,3576512000.0,3602974000.0,44718000.0,0.0,0.0,0.0,0.0,-592833000.0,-592833000.0,-3.177,-592833000.0,-592833000.0,-656603000.0,-3.25,-3.25,-3.25,2786991000.0,,2786991000.0,4282898937.0,-5.0,-8.115,-91254000.0,-0.467,1.0,75097000.0,0.402,2478514000.0,63770000.0,7486929000.0,,48802000.0,153244000.0,0.0,153244000.0,3918312000.0,293945000.0,3624367000.0,1073030937.0,-6394000.0,2054000.0,0.0,45886000.0,0.0,92458000.0,-90849000.0,-9652000.0,-8003000.0,0.0,-634389000.0,-634389000.0,-634389000.0,15642000.0,0.0,-3.399,83477000.0,-8380000.0,170233000.0,0.0,0.385,-1.037,-1.034,3280521000.0,0.0,5.5,1.812,1.813,191119000.0,-816922000.0,186616000.0,186616000.0,2449000.0,,,,,0.0,6829000.0,1.0,195096534.0,195288000.0,195288000.0,0.956,4254963000.0,297895000.0,-22214000.0,0.0,21.788,130642000.0
78,AMT,MRQ,2001-12-31,2001-12-31,2001-12-31,2021-07-29,-16057000.0,6829723000.0,,522207000.0,6307516000.0,,14.627,-110615000.0,130029000.0,130029000.0,-147014000.0,-171652000.0,1.524,1.382,3555240000.0,12585000.0,3542655000.0,3555240000.0,56098000.0,356713000.0,0.0,0.0,0.0,-155135000.0,201578000.0,-1.757,201578000.0,-155135000.0,-212111000.0,-0.88,-0.88,-0.88,2855259000.0,,2855259000.0,5057432177.0,-16.0,132.553,-61484000.0,-0.315,1.0,32292000.0,-0.281,2507911000.0,56976000.0,7404309000.0,,49332000.0,266817000.0,0.0,266817000.0,3946590000.0,342714000.0,3603876000.0,1847564177.0,-240136000.0,-122545000.0,987000.0,-3442000.0,0.0,-44461000.0,-244806000.0,-11646000.0,49131000.0,0.0,-171652000.0,-171652000.0,-171652000.0,50051000.0,0.0,1.496,138976000.0,-106684000.0,174921000.0,0.0,0.647,-3.914,-3.85,3287573000.0,0.0,9.47,2.821,2.77,229065000.0,-745151000.0,-114722000.0,-114722000.0,-7038000.0,,,,,0.0,15423000.0,1.0,195096534.0,195204000.0,195204000.0,-0.588,4321812000.0,269351000.0,-40459000.0,0.0,22.14,179493000.0
79,AMT,MRQ,2001-09-30,2001-09-30,2001-09-30,2021-07-29,-22290000.0,6918509000.0,,740192000.0,6178317000.0,,15.588,-138043000.0,338319000.0,338319000.0,200503000.0,-124938000.0,2.436,1.294,3548187000.0,12169000.0,3536018000.0,3548187000.0,50948000.0,0.0,0.0,0.0,0.0,-74998000.0,-74998000.0,-0.274,-74998000.0,-74998000.0,-148481000.0,-0.65,-0.65,-0.65,3010612000.0,,3010612000.0,5684604527.0,-28.0,142.779,-146846000.0,-0.76,1.0,73226000.0,0.268,2513923000.0,73483000.0,7310542000.0,,50414000.0,0.0,0.0,0.0,3897075000.0,303912000.0,3593163000.0,2654715527.0,-164748000.0,-182734000.0,0.0,13990000.0,0.0,71010000.0,-226955000.0,93822000.0,-8803000.0,0.0,-124938000.0,-124938000.0,-124938000.0,2038000.0,0.0,-0.456,122969000.0,-49743000.0,171331000.0,0.0,0.882,-7.481,-7.428,3177651000.0,0.0,13.89,3.313,3.348,272216000.0,-595442000.0,273729000.0,273729000.0,1736000.0,,,,,0.0,7353000.0,1.0,191124228.0,193135000.0,193135000.0,1.417,4404586000.0,241817000.0,-23543000.0,0.0,22.806,436280000.0
80,AMT,MRQ,2001-06-30,2001-06-30,2001-06-30,2021-07-29,-15889000.0,7002398000.0,,1070239000.0,5932159000.0,,16.022,-170796000.0,560599000.0,560599000.0,182596000.0,-103940000.0,3.421,1.287,3590488000.0,10921000.0,3579567000.0,3590488000.0,54340000.0,0.0,0.0,0.0,0.0,-61513000.0,-61513000.0,-0.249,-61513000.0,-61513000.0,-131574000.0,-0.54,-0.54,-0.54,3056228000.0,,3056228000.0,6383582585.0,-47.0,-1448.51,-160883000.0,-0.843,1.0,64115000.0,0.26,2565633000.0,70061000.0,7153834000.0,,61401000.0,114723000.0,114723000.0,0.0,3934140000.0,312820000.0,3621320000.0,3941784585.0,-551094000.0,-405819000.0,2375000.0,-342000.0,0.0,9858000.0,-570865000.0,5750000.0,9913000.0,0.0,-103940000.0,-103940000.0,-103940000.0,2894000.0,0.0,-0.421,108761000.0,-44646000.0,154431000.0,0.0,1.29,-14.629,-14.354,2912155000.0,0.0,20.67,5.352,5.353,253899000.0,-470504000.0,246711000.0,246711000.0,2557000.0,,,,,0.0,6407000.0,1.0,190700754.0,190755000.0,190755000.0,1.293,4436765000.0,213883000.0,-27634000.0,0.0,23.259,757419000.0
81,AMT,MRQ,2001-03-31,2001-03-31,2001-03-31,2021-07-29,-15999000.0,7076814000.0,,1643198000.0,5433616000.0,,16.782,-148704000.0,1120907000.0,1120907000.0,198401000.0,-71507000.0,5.324,1.242,3562705000.0,8358000.0,3554347000.0,3562705000.0,53690000.0,0.0,0.0,0.0,0.0,-26917000.0,-26917000.0,-0.103,-26917000.0,-26917000.0,-93596000.0,-0.38,-0.38,-0.38,3141183000.0,,3141183000.0,5062899211.0,-45.0,39.321,-172875000.0,-0.924,1.0,64067000.0,0.244,2562367000.0,66679000.0,6647583000.0,,52515000.0,307838000.0,122337000.0,185501000.0,3902277000.0,308662000.0,3593615000.0,3310142211.0,909898000.0,-100004000.0,363309000.0,1090161000.0,0.0,1336746000.0,-402677000.0,-153969000.0,-24171000.0,0.0,-71507000.0,-71507000.0,-71507000.0,0.0,0.0,-0.272,102871000.0,-38804000.0,160900000.0,0.0,1.054,-14.768,-14.683,2431049000.0,0.0,18.5,5.039,5.272,267958000.0,-366564000.0,262468000.0,262468000.0,2745000.0,,,,,0.0,5127000.0,1.0,178926606.0,187179000.0,187179000.0,1.402,4514447000.0,186264000.0,-22089000.0,0.0,24.118,1334536000.0
82,AMT,MRQ,2000-12-31,2000-12-31,2000-12-31,2021-07-29,0.0,5660679000.0,,471152000.0,5189527000.0,,15.97,-195186000.0,128074000.0,128074000.0,346613000.0,-54471000.0,1.582,0.967,2468223000.0,11178000.0,2457045000.0,2468223000.0,48248000.0,241211000.0,0.0,0.0,0.0,-37969000.0,203242000.0,11.051,203242000.0,-37969000.0,-77332000.0,-0.3,-0.3,-0.3,2860684000.0,,2860684000.0,8530496835.0,-78.0,64.436,-194579000.0,-1.086,1.0,-328221000.0,-17.846,2505681000.0,39363000.0,5197361000.0,,47872000.0,173483000.0,0.0,173483000.0,2767303000.0,297786000.0,2469517000.0,6777739835.0,-124432000.0,-204743000.0,2887000.0,312074000.0,0.0,267298000.0,-392337000.0,7592000.0,607000.0,0.0,-54471000.0,-54471000.0,-54471000.0,6213000.0,0.0,-2.962,51886000.0,-380107000.0,74046000.0,0.0,2.369,-34.824,-32.939,2296670000.0,0.0,37.88,13.292,12.533,237663000.0,-295057000.0,18392000.0,18392000.0,3938000.0,,,,,0.0,5001000.0,1.0,178926606.0,179128000.0,179128000.0,0.103,3154998000.0,155561000.0,-22861000.0,0.0,17.613,173366000.0
83,AMT,MRQ,2000-09-30,2000-09-30,2000-09-30,2021-07-29,0.0,5148523000.0,,482918000.0,4665605000.0,,15.751,-150010000.0,206470000.0,206470000.0,0.0,-39527000.0,2.121,0.813,1959227000.0,7834000.0,1951393000.0,1959227000.0,42446000.0,-108622000.0,0.0,0.0,0.0,-10597000.0,-119219000.0,-0.571,-119219000.0,-10597000.0,-52349000.0,-0.22,-0.22,-0.22,2804535000.0,,2804535000.0,8176544793.0,-105.0,149.8,-145083000.0,-0.815,1.0,208958000.0,1.0,2272183000.0,41752000.0,4401404000.0,,33127000.0,170222000.0,0.0,170222000.0,2279672000.0,227693000.0,2051979000.0,6740165793.0,-312288000.0,-158075000.0,1494000.0,-900000.0,0.0,374000.0,-317589000.0,-9504000.0,4927000.0,0.0,-39527000.0,-39527000.0,-39527000.0,0.0,0.0,-0.189,84726000.0,124232000.0,46662000.0,0.0,2.403,-42.549,-38.856,2002900000.0,0.0,37.69,11.611,11.561,200664000.0,-240586000.0,208958000.0,208958000.0,5311000.0,,,,,0.0,3442000.0,1.0,178831674.0,178056000.0,178056000.0,1.174,2876340000.0,156180000.0,-12822000.0,0.0,16.154,255225000.0
84,AMT,MRQ,2000-06-30,2000-06-30,2000-06-30,2021-07-29,0.0,5088344000.0,,740101000.0,4348243000.0,,17.58,-93394000.0,518758000.0,518758000.0,119659000.0,-58632000.0,3.605,0.785,1955137000.0,5708000.0,1949429000.0,1955137000.0,32904000.0,108622000.0,0.0,0.0,0.0,-36969000.0,71653000.0,0.429,71653000.0,-36969000.0,-75406000.0,-0.36,-0.36,-0.36,2830812000.0,,2830812000.0,8342724514.0,-112.0,50.114,-123673000.0,-0.768,1.0,47388000.0,0.284,2208288000.0,38437000.0,4111159000.0,,27163000.0,161906000.0,0.0,161906000.0,2223010000.0,205276000.0,2017734000.0,6599850514.0,378025000.0,-267297000.0,524159000.0,267197000.0,0.0,797350000.0,-389046000.0,-87931000.0,-30279000.0,0.0,-58632000.0,-58632000.0,-58632000.0,0.0,0.0,-0.351,74373000.0,-26985000.0,38814000.0,0.0,2.331,-50.009,-50.229,1774076000.0,0.0,41.69,15.031,15.289,161062000.0,-201059000.0,167047000.0,167047000.0,4196000.0,,,,,0.0,3084000.0,1.0,158307760.0,161021000.0,161021000.0,1.037,2880056000.0,142189000.0,-16774000.0,0.0,17.886,534825000.0
85,AMT,MRQ,2000-03-31,2000-03-31,2000-03-31,2021-07-29,0.0,4255140000.0,,303514000.0,3951626000.0,,13.808,-102757000.0,140733000.0,140733000.0,79708000.0,-41998000.0,1.7,0.955,1883607000.0,4862000.0,1878745000.0,1883607000.0,29495000.0,0.0,0.0,0.0,0.0,-23288000.0,-23288000.0,-0.202,-23288000.0,-23288000.0,-55438000.0,-0.27,-0.27,-0.27,2161228000.0,,2161228000.0,8469689477.0,-202.0,93.531,-115186000.0,-0.736,1.0,35809000.0,0.31,1945305000.0,32150000.0,3874147000.0,,25309000.0,133967000.0,0.0,133967000.0,2063522000.0,178562000.0,1884960000.0,7754079477.0,115521000.0,-737909000.0,6895000.0,1064474000.0,0.0,1028192000.0,-900242000.0,0.0,-12429000.0,0.0,-41998000.0,-41998000.0,-41998000.0,0.0,0.0,-0.364,59617000.0,-23808000.0,32689000.0,0.0,3.588,-93.17,-93.17,1668854000.0,0.0,49.38,23.413,23.336,118346000.0,-142427000.0,115517000.0,115517000.0,988000.0,,,,,0.0,3431000.0,1.0,157028746.0,156515000.0,156515000.0,0.738,2309835000.0,125414000.0,-13440000.0,0.0,14.758,124952000.0
86,AMT,MRQ,1999-12-31,1999-12-31,1999-12-31,2021-07-29,0.0,3018866000.0,,129607000.0,2889259000.0,,13.675,-98806000.0,25212000.0,25212000.0,57566000.0,-18253000.0,1.037,0.405,740822000.0,4736000.0,736086000.0,740822000.0,17515000.0,132539000.0,0.0,0.0,0.0,-7102000.0,125437000.0,1.41,125437000.0,-7102000.0,-17097000.0,-0.12,-0.12,-0.12,2136430000.0,,2136430000.0,5095186215.0,-221.0,46.524,-84175000.0,-0.539,1.0,31415000.0,0.353,1403897000.0,9995000.0,2205592000.0,,11262000.0,134396000.0,0.0,134396000.0,865130000.0,124987000.0,740143000.0,4758257215.0,-16499000.0,-227128000.0,434000.0,359862000.0,0.0,344384000.0,-375514000.0,-187273000.0,14631000.0,0.0,-18253000.0,-18253000.0,-18253000.0,0.0,0.0,-0.205,42734000.0,-11319000.0,25564000.0,0.0,2.227,-93.801,-89.882,1092346000.0,0.0,30.56,18.437,17.732,71845000.0,-100429000.0,88981000.0,88981000.0,305000.0,,,,,0.0,2809000.0,1.0,155702134.0,156232000.0,156232000.0,0.57,1614969000.0,115970000.0,1156000.0,0.0,10.337,4620000.0
87,AMT,MRQ,1999-09-30,1999-09-30,1999-09-30,2021-07-29,0.0,2620558000.0,,119539000.0,2501019000.0,,13.827,-61921000.0,41711000.0,41711000.0,39761000.0,-13091000.0,1.541,0.212,378640000.0,2653000.0,375987000.0,378640000.0,11246000.0,0.0,0.0,0.0,0.0,-7328000.0,-7328000.0,-0.109,-7328000.0,-7328000.0,-13286000.0,-0.08,-0.08,-0.08,2151825000.0,,2151825000.0,2985763609.0,-140.0,97.111,-31204000.0,-0.201,1.0,27778000.0,0.411,1275807000.0,5958000.0,1604121000.0,,7123000.0,86851000.0,0.0,86851000.0,456915000.0,77559000.0,379356000.0,3054863609.0,-311510000.0,-199105000.0,-43000.0,94309000.0,0.0,93749000.0,-435976000.0,-58553000.0,30717000.0,0.0,-13091000.0,-13091000.0,-13091000.0,0.0,0.0,-0.194,38110000.0,-10332000.0,15497000.0,0.0,1.42,-68.615,-65.433,892245000.0,0.0,19.63,15.186,15.187,60813000.0,-82176000.0,67539000.0,67539000.0,744000.0,,,,,0.0,2255000.0,1.0,155622191.0,155625000.0,155625000.0,0.434,1344751000.0,113498000.0,-195000.0,0.0,8.641,41980000.0
88,AMT,MRQ,1999-06-30,1999-06-30,1999-06-30,2021-07-29,0.0,2518576000.0,,417176000.0,2101400000.0,,13.858,-66563000.0,353221000.0,353221000.0,33569000.0,-9883000.0,6.26,0.163,284121000.0,2316000.0,281805000.0,284121000.0,8943000.0,0.0,0.0,0.0,0.0,-4266000.0,-4266000.0,-0.072,-4266000.0,-4266000.0,-9804000.0,-0.06,-0.06,-0.06,2156284000.0,,2156284000.0,3538502944.0,-159.0,118.853,-49287000.0,-0.317,1.0,25584000.0,0.433,1213374000.0,5538000.0,1169458000.0,,3634000.0,28575000.0,0.0,28575000.0,350994000.0,66644000.0,284350000.0,3733894944.0,-130042000.0,-56559000.0,1872000.0,-4460000.0,0.0,-2684000.0,-144634000.0,-4406000.0,17276000.0,0.0,-9883000.0,-9883000.0,-9883000.0,0.0,0.0,-0.167,35720000.0,-10136000.0,8075000.0,0.0,1.732,-83.162,-68.571,725846000.0,0.0,24.0,22.754,22.758,51253000.0,-69085000.0,59153000.0,59153000.0,290000.0,,,,,0.0,2291000.0,1.0,155578956.0,155604000.0,155604000.0,0.38,1305202000.0,116574000.0,79000.0,0.0,8.388,350532000.0
89,AMT,MRQ,1999-03-31,1999-03-31,1999-03-31,2021-07-29,0.0,2528537000.0,,539837000.0,1988700000.0,,16.444,-45380000.0,483263000.0,483263000.0,24961000.0,-9500000.0,8.144,0.164,287871000.0,2470000.0,285401000.0,287871000.0,8045000.0,0.0,0.0,0.0,0.0,-4325000.0,-4325000.0,-0.102,-4325000.0,-4325000.0,-10326000.0,-0.07,-0.07,-0.07,2158523000.0,,2158523000.0,3946190756.0,-118.0,210.329,-36812000.0,-0.28,1.0,17447000.0,0.411,1204414000.0,6001000.0,1062443000.0,,3950000.0,13685000.0,0.0,13685000.0,353670000.0,66288000.0,287382000.0,3851236756.0,297088000.0,-105592000.0,632464000.0,-137725000.0,0.0,444673000.0,-156153000.0,-991000.0,8568000.0,0.0,-9500000.0,-9500000.0,-9500000.0,0.0,0.0,-0.224,26718000.0,-9271000.0,8955000.0,0.0,1.784,-70.259,-38.281,642638000.0,0.0,24.5,30.081,25.12,44111000.0,-59202000.0,42408000.0,42408000.0,267000.0,,,,,0.0,1782000.0,1.0,157193337.0,131269000.0,131269000.0,0.323,1324123000.0,116714000.0,-826000.0,0.0,10.087,473549000.0
90,AMT,MRQ,1998-12-31,1998-12-31,1998-12-31,2021-07-29,0.0,1502343000.0,,207585000.0,1294758000.0,,13.632,-50164000.0,186175000.0,186175000.0,19225000.0,-12048000.0,1.795,0.365,281129000.0,1652000.0,279477000.0,281129000.0,6610000.0,52064000.0,0.0,0.0,0.0,-5399000.0,46665000.0,1.456,46665000.0,-5399000.0,-11605000.0,-0.09,-0.09,-0.09,1087630000.0,,1087630000.0,3177197045.0,-113.0,132.604,-34613000.0,-0.434,1.0,12834000.0,0.4,718575000.0,6206000.0,763087000.0,,0.0,7585000.0,0.0,7585000.0,396541000.0,115635000.0,280906000.0,3209046045.0,-127279000.0,-68333000.0,-340000.0,-19713000.0,0.0,-20368000.0,-122462000.0,-3965000.0,15551000.0,0.0,-12048000.0,-12048000.0,-12048000.0,0.0,0.0,-0.376,21135000.0,-8301000.0,51823000.0,0.0,2.95,-68.508,-50.102,449476000.0,0.0,29.56,30.992,22.778,16850000.0,-49702000.0,32059000.0,32059000.0,0.0,,,,,0.0,1913000.0,1.0,108560421.0,79786000.0,79786000.0,0.402,783768000.0,109913000.0,443000.0,0.0,9.823,91950000.0
91,AMT,MRQ,1998-09-30,1998-09-30,1998-09-30,2021-07-29,0.0,217223678.0,,33986024.0,183237654.0,,1.321,-41381000.0,786073.0,786073.0,16692000.0,-13468000.0,2.144,0.571,63513521.0,600696.0,62912825.0,63513521.0,362408.0,0.0,0.0,0.0,0.0,-8302000.0,-8302000.0,-0.272,-8302000.0,-8302000.0,-15423000.0,-0.13,-0.13,-0.13,138246799.0,,138246799.0,2966687805.0,-129.0,-178.254,-29769000.0,-0.285,1.0,13786000.0,0.452,92333055.0,7121000.0,171768683.0,,3572624.0,8047011.0,0.0,8047011.0,78976879.0,15849388.0,63127491.0,2729879805.0,249738000.0,-18757000.0,327059000.0,-19030000.0,0.0,301507000.0,-63381000.0,-3243000.0,11612000.0,0.0,-13468000.0,-13468000.0,-13468000.0,0.0,0.0,-0.442,18963000.0,-5177000.0,12555104.0,0.0,19.746,-75.087,-46.364,80524265.0,0.0,25.5,33.664,32.899,28412780.0,8150957.0,30478000.0,30478000.0,0.0,,,,,0.0,1561000.0,1.0,107054110.0,104621000.0,104621000.0,0.291,124890623.0,0.0,-1955000.0,214666.0,1.194,18136636.0
92,AMT,MRQ,1998-06-30,1998-06-30,1998-06-30,2021-07-29,0.0,179323425.0,,30056713.0,149266712.0,,2.413,-22220000.0,4349324.0,4349324.0,14338000.0,-19799000.0,2.446,0.326,32186155.0,554696.0,31631459.0,32186155.0,758932.0,0.0,0.0,0.0,0.0,-15276000.0,-15276000.0,-0.662,-15276000.0,-15276000.0,-22748000.0,-0.35,-0.35,-0.35,135190797.0,,135190797.0,1371596189.0,-97.0,-184.846,-29217000.0,-0.521,1.0,8744000.0,0.379,87993151.0,7472000.0,106879314.0,,3430868.0,7889650.0,0.0,7889650.0,44132628.0,12287791.0,31844837.0,1221245958.0,56916000.0,-50558000.0,350317000.0,20603000.0,0.0,136612000.0,-72699000.0,-3997000.0,-6997000.0,0.0,-19799000.0,-19799000.0,-19799000.0,0.0,0.0,-0.858,23494000.0,-14750000.0,8802734.0,0.0,9.033,-52.119,-58.0,50847107.0,0.0,24.94,22.151,25.347,21097524.0,7896297.0,23082000.0,23082000.0,0.0,,,,,0.0,1084000.0,1.0,48967360.0,56034000.0,56034000.0,0.412,91330274.0,287849.0,-2949000.0,213378.0,1.63,17768922.0
93,AMT,MRQ,1998-03-31,1998-03-31,1998-03-31,2021-07-29,0.0,533013818.0,,16969473.0,516044345.0,,4.775,-12690000.0,6799598.0,6799598.0,11495000.0,-1527000.0,0.119,1.288,157149829.0,112409.0,157037420.0,157149829.0,2556715.0,0.0,0.0,0.0,0.0,873000.0,873000.0,0.049,873000.0,873000.0,-1557000.0,-0.03,-0.03,-0.03,232717089.0,,232717089.0,,,,-14427000.0,-0.296,1.0,6430000.0,0.359,229188742.0,2430000.0,312149028.0,,0.0,1000000.0,0.0,1000000.0,299696489.0,142026279.0,157670210.0,985404363.0,2204000.0,-71069000.0,30023000.0,66973000.0,0.0,95776000.0,-91835000.0,-4000000.0,-1737000.0,0.0,-1527000.0,-1527000.0,-1527000.0,0.0,0.0,-0.085,6343000.0,87000.0,2581420.0,0.0,4.234,-263.548,-251.5,156827010.0,0.0,20.12,28.925,28.781,8770490.0,-4387031.0,17925000.0,17925000.0,0.0,,,,,0.0,541000.0,1.0,48976360.0,48732000.0,48732000.0,0.368,303825076.0,123335206.0,-30000.0,125210000.0,6.235,-125056806.0
94,AMT,MRQ,1997-12-31,1997-12-31,1997-12-31,2021-07-29,0.0,255357000.0,,8688000.0,246669000.0,,3.131,-11688000.0,4596000.0,4596000.0,8713000.0,-1562000.0,0.789,0.665,90176000.0,110000.0,90066000.0,90176000.0,1752000.0,6326000.0,0.0,,0.0,-264000.0,6062000.0,0.631,6062000.0,-264000.0,-1986000.0,-0.04,-0.04,-0.04,152582000.0,,152582000.0,,,,-4893000.0,-0.1,1.0,893000.0,0.093,116616000.0,1722000.0,213315000.0,,0.0,10700000.0,0.0,10700000.0,101523000.0,11006000.0,90517000.0,,2300000.0,-121272000.0,0.0,35973000.0,0.0,137970000.0,-142465000.0,-11834000.0,6795000.0,0.0,-1562000.0,-1562000.0,-1562000.0,0.0,0.0,-0.163,4237000.0,-3344000.0,3738000.0,0.0,,,,117618000.0,0.0,,,,3239000.0,-2860000.0,9606000.0,9606000.0,0.0,,,,,0.0,617000.0,1.0,48976360.0,48732000.0,48732000.0,0.197,138741000.0,63000.0,-424000.0,418000.0,2.847,-2318000.0
95,AMT,MRQ,1997-09-30,1997-09-30,1997-09-30,2021-07-29,0.0,32363264.0,,22088814.0,10274450.0,,0.38,-153995.0,989720.0,989720.0,0.0,-544000.0,1.879,0.749,7973789.0,5961708.0,2012081.0,7973789.0,597939.0,464787.0,0.0,,0.0,456000.0,920787.0,0.204,920787.0,456000.0,-544000.0,-0.01,-0.01,-0.01,18504267.0,,18504267.0,,,,1969058.0,0.04,1.0,4521000.0,1.0,1512555.0,1000000.0,26077862.0,,2664239.0,769850.0,769850.0,0.0,13858997.0,11756916.0,2102081.0,,-517265.0,0.0,89679.0,-2643059.0,0.0,-2553380.0,-86938.0,67057.0,2123053.0,0.0,-544000.0,-544000.0,-544000.0,0.0,0.0,-0.12,1762000.0,2759000.0,4021694.0,0.0,,,,8429906.0,0.0,,,,16973768.0,6409835.0,4521000.0,4521000.0,0.0,,,,,0.0,378000.0,1.0,,48732000.0,48732000.0,0.093,30850709.0,407477.0,0.0,474600.0,0.633,10331898.0
96,AMT,MRQ,1997-06-30,1997-06-30,1997-06-30,2021-07-29,,,,,,,,-548275.0,,,0.0,-106000.0,,,,,,,,0.0,,,0.0,116000.0,116000.0,0.058,116000.0,116000.0,-106000.0,0.0,0.0,0.0,,,,,,,-495542.0,-0.01,1.0,2015000.0,1.0,,222000.0,,,,,,,,,,,217930.0,-19547000.0,0.0,18721521.0,0.0,20274140.0,-20108943.0,-254000.0,52733.0,0.0,-106000.0,-106000.0,-106000.0,0.0,0.0,-0.053,1079000.0,936000.0,,,,,,,0.0,,,,,,2015000.0,2015000.0,0.0,,,,,0.0,261000.0,1.0,,48750000.0,48750000.0,0.041,,,0.0,,,
97,AMT,MRQ,1997-03-31,1997-03-31,1997-03-31,2021-07-29,,,,,,,,-3086725.0,,,537535.0,-57954.0,,,,,,,,0.0,,,0.0,-11489.0,-11489.0,-0.008,-11489.0,-11489.0,-106993.0,,,,,,,,,,-2870458.0,,1.0,828134.0,0.606,,95504.0,,,,,,,,,,,-719930.0,0.0,0.0,-28521.0,0.0,2409860.0,-3346057.0,0.0,216267.0,0.0,-57954.0,-57954.0,-57954.0,0.0,0.0,-0.042,784121.0,44013.0,,,,,,,0.0,,,,,,1365669.0,1365669.0,0.0,,,,,0.0,280097.0,1.0,,,,,,,-49039.0,,,
98,AMT,MRQ,1996-12-31,1996-12-31,1996-12-31,2021-07-29,0.0,37117653.0,,2690007.0,34427646.0,,0.599,,2373360.0,2373360.0,,,1.254,0.253,4535258.0,117362.0,4417896.0,4535258.0,252789.0,,0.0,,0.0,,,,,,,,,,29199438.0,,29199438.0,,,,,,1.0,,,14291320.0,,22843936.0,,0.0,325000.0,0.0,325000.0,7389287.0,2144295.0,5244992.0,,,,,,,,,,,,,,,,,,,,1058822.0,,,,,19709523.0,,,,,236990.0,-590084.0,,,,,,,,,,1.0,,48732000.0,,,22826333.0,0.0,,279218.0,0.468,545712.0
99,AMT,MRQ,1996-09-30,1996-09-30,1996-09-30,2021-07-29,,,,,,,,,,,20031420.0,254660.0,,,,,,,,,,,0.0,1190783.0,,,,1190783.0,564660.0,0.02,0.02,0.02,,,,,,,,,1.0,4406131.0,0.18,,626123.0,,,,,,,,,,,,,,,,,,,,,254660.0,254660.0,254660.0,0.0,0.0,0.01,3397483.0,1008648.0,,0.0,,,,,0.0,,,,,,24437551.0,24437551.0,0.0,,,,,,3397483.0,1.0,,15065328.0,15362774.0,1.622,,,310000.0,,,
100,AMT,MRQ,1996-06-30,1996-06-30,1996-06-30,2021-07-29,,,,,,,,-3252856.0,,,,,,,,,,,,634501.0,,,0.0,,,,,,,,,,,,,,,,-2461828.0,,1.0,,,,,,,,,,,,,,,-691367.0,0.0,0.0,2625293.0,0.0,1774543.0,-3256938.0,-4082.0,791028.0,0.0,,,,,,,,,,,,,,,,,,,,,,,,,,,,0.0,,1.0,,,,,,,,,,
0,AMT,MRT,2021-06-30,2021-06-30,2021-06-30,2021-07-29,-3902900000.0,58982900000.0,48655275000.0,3356000000.0,55626900000.0,0.177,12.77,-1209500000.0,2000800000.0,2000800000.0,2357400000.0,2224700000.0,0.564,9.028,44343100000.0,3359500000.0,40983600000.0,44343100000.0,549700000.0,2032400000.0,0.0,0.018,4.86,3249000000.0,5281400000.0,0.615,5281400000.0,3249000000.0,2441300000.0,4.98,4.96,4.98,5754200000.0,4365700000.0,5754200000.0,154859768285.0,48.0,29.322,2927700000.0,6.497,1.0,6235400000.0,0.726,29360400000.0,807700000.0,66012700000.0,57697750000.0,0.0,401800000.0,0.0,401800000.0,51950100000.0,5952100000.0,45998000000.0,120157568285.0,-105300000.0,-12449000000.0,2452200000.0,9658100000.0,-2090800000.0,9309100000.0,-13651400000.0,-6800000.0,4137200000.0,99800000.0,2220800000.0,2220800000.0,2220800000.0,0.0,3900000.0,0.258,3098100000.0,3137300000.0,776500000.0,0.976,20.882,54.106,54.245,23409700000.0,0.0,270.14,13.984,14.166,739600000.0,-1085000000.0,8592800000.0,8592800000.0,0.0,0.046,0.509,0.056,0.378,115800000.0,762100000.0,1.0,444797395.0,450617000.0,452354000.0,19.069,29622500000.0,145400000.0,220500000.0,0.0,65.738,-2596100000.0
1,AMT,MRT,2021-03-31,2021-03-31,2021-03-31,2021-07-29,-4061600000.0,46942500000.0,44288525000.0,3021600000.0,43920900000.0,0.185,8.737,-1142100000.0,1993300000.0,1993300000.0,2249500000.0,1925200000.0,0.72,10.916,36695500000.0,1892300000.0,34803200000.0,36695500000.0,506500000.0,1932500000.0,0.0,0.019,4.53,2871100000.0,4803600000.0,0.585,4803600000.0,2871100000.0,2079400000.0,4.33,4.31,4.33,3883400000.0,3832225000.0,3883400000.0,141084943509.0,49.0,29.371,3032000000.0,6.821,1.0,5957400000.0,0.726,20769700000.0,791700000.0,56678400000.0,53150825000.0,0.0,394100000.0,0.0,394100000.0,42390700000.0,4196600000.0,38194100000.0,106234543509.0,593000000.0,-3864600000.0,72600000.0,3783200000.0,-2018200000.0,1341300000.0,-4969900000.0,18200000.0,4174100000.0,47500000.0,1920600000.0,1920600000.0,1920600000.0,0.0,4600000.0,0.234,2978000000.0,2979400000.0,685900000.0,1.046,27.356,55.313,55.21,20432400000.0,0.0,239.06,12.945,12.947,537700000.0,-1251800000.0,8206900000.0,8206900000.0,0.0,0.043,0.501,0.054,0.35,111100000.0,743500000.0,1.0,444384437.0,444486000.0,446294000.0,18.464,26172800000.0,127300000.0,158800000.0,0.0,58.883,-1175000000.0
2,AMT,MRT,2020-12-31,2020-12-31,2020-12-31,2021-07-29,-3759400000.0,47233500000.0,42750175000.0,2905600000.0,44327900000.0,0.188,9.227,-1031700000.0,1861400000.0,1861400000.0,2227200000.0,1691500000.0,0.795,10.371,36711800000.0,1329700000.0,35382100000.0,36711800000.0,390600000.0,1882300000.0,0.0,0.02,4.53,2613700000.0,4496000000.0,0.559,4496000000.0,2613700000.0,1820200000.0,3.81,3.79,3.81,4093500000.0,3769975000.0,4093500000.0,129671930786.0,50.0,28.842,2849700000.0,6.423,1.0,5814300000.0,0.723,21122500000.0,793500000.0,57305900000.0,50950475000.0,0.0,400100000.0,0.0,400100000.0,42453000000.0,3655500000.0,38797500000.0,99708130786.0,283400000.0,-3799100000.0,42100000.0,4151900000.0,-1928200000.0,1215300000.0,-4784600000.0,19600000.0,3881400000.0,-28700000.0,1690600000.0,1690600000.0,1690600000.0,0.0,900000.0,0.21,2926800000.0,2887500000.0,683700000.0,1.189,24.358,58.978,58.913,20597900000.0,0.0,224.46,12.399,12.383,511600000.0,-1343000000.0,8041500000.0,8041500000.0,0.0,0.04,0.448,0.051,0.325,120800000.0,778700000.0,1.0,444213360.0,443640000.0,446104000.0,18.126,26111000000.0,123100000.0,129600000.0,0.0,58.856,-749900000.0
3,AMT,MRT,2020-09-30,2020-09-30,2020-09-30,2021-07-29,-4191200000.0,41462200000.0,41642200000.0,2852500000.0,38609700000.0,0.188,8.409,-935500000.0,1730200000.0,1730200000.0,2204800000.0,1899300000.0,0.873,9.84,31694000000.0,1258600000.0,30435400000.0,31694000000.0,324400000.0,1850900000.0,0.0,0.018,4.33,2657500000.0,4508400000.0,0.575,4508400000.0,2657500000.0,1859200000.0,4.27,4.23,4.27,3731700000.0,4010450000.0,3731700000.0,136913860732.0,52.0,30.369,2807300000.0,6.326,1.0,5637900000.0,0.719,17365900000.0,798300000.0,50794000000.0,48698875000.0,0.0,315200000.0,0.0,315200000.0,36718200000.0,3266100000.0,33452100000.0,107223660732.0,281900000.0,-2605600000.0,19700000.0,2780300000.0,-1842600000.0,176900000.0,-3557300000.0,19800000.0,3742800000.0,-80500000.0,1888200000.0,1888200000.0,1888200000.0,0.0,11100000.0,0.241,2763400000.0,2874500000.0,629600000.0,1.014,28.733,56.786,56.611,18895600000.0,0.0,241.73,13.672,13.678,573600000.0,-1168800000.0,7842700000.0,7842700000.0,0.0,0.045,0.471,0.055,0.339,122500000.0,762000000.0,1.0,443567868.0,443766000.0,446156000.0,17.673,24096300000.0,115000000.0,-29000000.0,0.0,54.3,-413600000.0
4,AMT,MRT,2020-06-30,2020-06-30,2020-06-30,2021-07-29,-4274500000.0,41515900000.0,41103450000.0,3226600000.0,38289300000.0,0.189,8.164,-951900000.0,2106100000.0,2106100000.0,2202100000.0,1941700000.0,0.543,10.196,31796300000.0,3860300000.0,27936000000.0,31796300000.0,400200000.0,1819800000.0,0.0,0.016,4.14,2699500000.0,4519300000.0,0.581,4519300000.0,2699500000.0,1890800000.0,4.35,4.31,4.35,3620300000.0,4387625000.0,3620300000.0,144404146222.0,53.0,31.953,2767800000.0,6.242,1.0,5581300000.0,0.717,17436200000.0,808700000.0,47825000000.0,47275625000.0,0.0,393400000.0,0.0,393400000.0,36913300000.0,5944900000.0,30968400000.0,114612446222.0,820100000.0,-3057800000.0,7600000.0,3775200000.0,-1761700000.0,1262300000.0,-4035600000.0,24100000.0,3719700000.0,-126300000.0,1922400000.0,1922400000.0,1922400000.0,0.0,19300000.0,0.247,2763600000.0,2817700000.0,601600000.0,0.952,31.658,59.619,59.434,18479800000.0,0.0,258.54,14.725,14.73,585200000.0,-1125100000.0,7783400000.0,7783400000.0,0.0,0.047,0.438,0.057,0.347,121900000.0,773900000.0,1.0,443306437.0,443436000.0,445867000.0,17.552,24079700000.0,138600000.0,-31600000.0,0.0,54.303,-2718300000.0
5,AMT,MRT,2020-03-31,2020-03-31,2020-03-31,2021-07-29,-4271700000.0,40789100000.0,40492650000.0,2504900000.0,38284200000.0,0.192,8.203,-984900000.0,1400300000.0,1400300000.0,2225400000.0,1927600000.0,0.486,9.956,31192000000.0,3116800000.0,28075200000.0,31192000000.0,408500000.0,1813800000.0,0.0,0.017,3.78,2707800000.0,4521600000.0,0.583,4521600000.0,2707800000.0,1892300000.0,4.31,4.27,4.31,3634400000.0,4851925000.0,3634400000.0,125926345321.0,47.0,27.85,2782600000.0,6.28,1.0,5534600000.0,0.713,17549400000.0,815500000.0,47877000000.0,46420000000.0,0.0,407000000.0,0.0,407000000.0,36183100000.0,5154400000.0,31028700000.0,96444045321.0,300600000.0,-2917800000.0,30100000.0,2968300000.0,-1680800000.0,566100000.0,-3917600000.0,40000000.0,3767500000.0,-115400000.0,1905400000.0,1905400000.0,1905400000.0,0.0,22200000.0,0.246,2724300000.0,2810300000.0,604500000.0,0.877,26.536,50.616,50.522,18419600000.0,0.0,217.75,12.428,12.432,623900000.0,-1082500000.0,7760000000.0,7760000000.0,0.0,0.047,0.393,0.058,0.349,116600000.0,750100000.0,1.0,442911804.0,443055000.0,445832000.0,17.515,23239700000.0,126400000.0,-13100000.0,0.0,52.453,-2649500000.0
6,AMT,MRT,2019-12-31,2019-12-31,2019-12-31,2021-07-29,-2823600000.0,42801600000.0,40027075000.0,2553800000.0,40247800000.0,0.189,11.429,-991300000.0,1578000000.0,1578000000.0,2216800000.0,1916600000.0,0.465,7.164,31060300000.0,3422700000.0,27637600000.0,31060300000.0,294300000.0,1778400000.0,0.0,0.016,3.78,2701800000.0,4480200000.0,0.591,4480200000.0,2701800000.0,1887600000.0,4.27,4.24,4.27,5055400000.0,5280075000.0,5055400000.0,128754970772.0,48.0,28.739,2761300000.0,6.243,1.0,5363500000.0,0.708,18496700000.0,814200000.0,48299500000.0,45664000000.0,0.0,406400000.0,0.0,406400000.0,36214700000.0,5487700000.0,30727000000.0,101796570772.0,273100000.0,-2959600000.0,85900000.0,2680400000.0,-1603000000.0,521700000.0,-3987500000.0,27600000.0,3752600000.0,-13700000.0,1887800000.0,1887800000.0,1887800000.0,0.0,28800000.0,0.249,2675100000.0,2688400000.0,603100000.0,0.885,20.136,53.923,53.822,19441800000.0,0.0,229.82,13.429,13.41,462200000.0,-1016800000.0,7580300000.0,7580300000.0,0.0,0.047,0.358,0.059,0.356,111400000.0,730400000.0,1.0,442940435.0,442319000.0,445520000.0,17.138,24304900000.0,131800000.0,-200000.0,0.0,54.949,-2933900000.0
7,AMT,MRT,2019-09-30,2019-09-30,2019-09-30,2021-07-29,-2979000000.0,39307200000.0,37579275000.0,2362000000.0,36945200000.0,0.207,11.836,-1027400000.0,1448300000.0,1448300000.0,2207500000.0,1639900000.0,0.493,6.285,28406700000.0,2918700000.0,25488000000.0,28406700000.0,302900000.0,2094500000.0,0.0,0.016,3.61,2429900000.0,4524400000.0,0.581,4524400000.0,2429900000.0,1607600000.0,3.63,3.59,3.63,5240400000.0,5350250000.0,5240400000.0,124495356605.0,51.0,27.516,2994700000.0,6.764,1.0,5581000000.0,0.717,16377200000.0,822300000.0,45101000000.0,41463950000.0,0.0,248900000.0,0.0,248900000.0,32937300000.0,4787400000.0,28149900000.0,97890956605.0,155000000.0,-1131200000.0,85900000.0,257400000.0,-1530600000.0,-1748000000.0,-2095200000.0,95600000.0,4022100000.0,-23900000.0,1602700000.0,1602700000.0,1602700000.0,0.0,37200000.0,0.206,3165000000.0,2416000000.0,563700000.0,0.994,18.68,61.079,60.917,18497900000.0,0.0,221.13,12.569,12.571,441700000.0,-1130100000.0,7788500000.0,7788500000.0,0.0,0.043,0.3,0.059,0.312,114100000.0,743300000.0,1.0,442685102.0,442763000.0,445829000.0,17.591,22930000000.0,143500000.0,4900000.0,0.0,51.788,-2425400000.0
8,AMT,MRT,2019-06-30,2019-06-30,2019-06-30,2021-07-29,-2606700000.0,39072700000.0,36021775000.0,2232400000.0,36840300000.0,0.212,12.387,-952600000.0,1286000000.0,1286000000.0,2204300000.0,1511900000.0,0.463,5.922,27890400000.0,2939100000.0,24951300000.0,27890400000.0,334800000.0,2100600000.0,0.0,0.017,3.45,2282500000.0,4383100000.0,0.575,4383100000.0,2282500000.0,1451700000.0,3.33,3.3,3.33,5477500000.0,5377825000.0,5477500000.0,117290791286.0,51.0,26.76,2885600000.0,6.526,1.0,5416100000.0,0.711,16453000000.0,830800000.0,44402500000.0,38069525000.0,0.0,263800000.0,0.0,263800000.0,32439400000.0,4821600000.0,27617800000.0,90371691286.0,315900000.0,-679400000.0,-18900000.0,-15200000.0,-1463000000.0,-2043500000.0,-1497200000.0,169000000.0,3838200000.0,18400000.0,1471000000.0,1471000000.0,1471000000.0,0.0,40900000.0,0.193,3161200000.0,2254900000.0,557900000.0,1.036,16.499,61.436,61.396,18378600000.0,0.0,204.45,11.859,11.864,459500000.0,-1206200000.0,7620400000.0,7620400000.0,0.0,0.041,0.274,0.06,0.3,134400000.0,733300000.0,1.0,442023435.0,442203000.0,445337000.0,17.233,22619700000.0,147800000.0,-19300000.0,0.0,51.152,-2589200000.0
9,AMT,MRT,2019-03-31,2019-03-31,2019-03-31,2021-07-29,-2672200000.0,38926800000.0,34555025000.0,2062300000.0,36864500000.0,0.217,12.115,-935500000.0,1099700000.0,1099700000.0,2201300000.0,1392000000.0,0.467,6.066,28018800000.0,2595600000.0,25423200000.0,28018800000.0,293000000.0,2101400000.0,0.0,0.016,3.15,2141200000.0,4242600000.0,0.565,4242600000.0,2141200000.0,1303600000.0,3.05,3.03,3.05,5347000000.0,5396125000.0,5347000000.0,106785044576.0,50.0,25.17,2806100000.0,6.358,1.0,5310400000.0,0.707,16581000000.0,837600000.0,44853000000.0,34844325000.0,0.0,297500000.0,18400000.0,279100000.0,32437500000.0,4411900000.0,28025600000.0,86930044576.0,-179200000.0,-1299100000.0,-126700000.0,12400000.0,-1396300000.0,-2075400000.0,-1792200000.0,485400000.0,3741600000.0,-53200000.0,1348600000.0,1348600000.0,1348600000.0,0.0,43400000.0,0.18,3193400000.0,2117000000.0,533100000.0,1.033,16.258,64.459,64.61,18283500000.0,0.0,197.06,11.573,11.578,473000000.0,-1226400000.0,7511700000.0,7511700000.0,0.0,0.039,0.25,0.061,0.285,137300000.0,726400000.0,1.0,441134906.0,441351000.0,444621000.0,17.02,22345800000.0,132300000.0,-45000000.0,0.0,50.63,-2349600000.0
10,AMT,MRT,2018-12-31,2018-12-31,2018-12-31,2021-07-29,-2642900000.0,33010400000.0,33416500000.0,2385100000.0,30625300000.0,0.223,12.138,-913200000.0,1304900000.0,1304900000.0,2177800000.0,1264700000.0,0.509,4.892,21159900000.0,2754800000.0,18405100000.0,21159900000.0,304100000.0,2110800000.0,0.0,0.02,3.15,1951900000.0,4062700000.0,0.546,4062700000.0,1951900000.0,1126300000.0,2.79,2.77,2.79,5336100000.0,5642925000.0,5336100000.0,89651674732.0,46.0,22.067,2835100000.0,6.449,1.0,5262300000.0,0.707,16676200000.0,825600000.0,31499300000.0,31714525000.0,0.0,962600000.0,0.0,962600000.0,26106000000.0,4689900000.0,21416100000.0,69680774732.0,350000000.0,-1881400000.0,-133900000.0,960100000.0,-1323500000.0,-607700000.0,-2749500000.0,97900000.0,3748300000.0,-41100000.0,1236400000.0,1227000000.0,1227000000.0,0.0,28300000.0,0.165,3357300000.0,1905000000.0,508200000.0,1.129,13.058,56.79,56.699,11247100000.0,9400000.0,158.19,9.366,9.347,459000000.0,-1199500000.0,7440100000.0,7440100000.0,0.0,0.037,0.217,0.062,0.262,137500000.0,733200000.0,1.0,440487861.0,439606000.0,442960000.0,16.924,16334200000.0,157700000.0,-110100000.0,0.0,37.156,-2304800000.0
11,AMT,MRT,2018-09-30,2018-09-30,2018-09-30,2021-07-29,-2696300000.0,33077200000.0,33467475000.0,2437000000.0,30640200000.0,0.21,12.136,-859000000.0,1293300000.0,1293300000.0,2163800000.0,1166800000.0,0.532,4.895,21264200000.0,2841300000.0,18422900000.0,21264200000.0,276600000.0,1811000000.0,0.0,0.021,3.01,1940000000.0,3751000000.0,0.535,3751000000.0,1940000000.0,1129200000.0,2.66,2.66,2.66,5350700000.0,5869275000.0,5350700000.0,84197033927.0,43.0,22.447,2415100000.0,5.478,1.0,4848900000.0,0.691,16945100000.0,810800000.0,31523300000.0,31972375000.0,0.0,1046500000.0,68200000.0,978300000.0,26193700000.0,4579700000.0,21614000000.0,64053333927.0,338600000.0,-2487900000.0,-209700000.0,2067300000.0,-1258600000.0,466600000.0,-3345500000.0,29400000.0,3274100000.0,-56600000.0,1197300000.0,1169000000.0,1169000000.0,0.0,-30500000.0,0.167,3003800000.0,1845100000.0,477100000.0,1.132,11.971,54.793,54.624,10996300000.0,28300000.0,145.3,9.134,9.135,511100000.0,-1104300000.0,7012700000.0,7012700000.0,0.0,0.035,0.199,0.061,0.277,133400000.0,711800000.0,1.0,440835058.0,440889000.0,444121000.0,15.906,16132100000.0,173100000.0,-68100000.0,0.0,36.59,-2142700000.0
12,AMT,MRT,2018-06-30,2018-06-30,2018-06-30,2021-07-29,-2510100000.0,33205700000.0,33278006500.0,2127100000.0,31078600000.0,0.208,12.572,-857000000.0,970100000.0,970100000.0,2126900000.0,1124200000.0,0.466,4.697,21113800000.0,2791800000.0,18322000000.0,21113800000.0,328600000.0,1794400000.0,0.0,0.02,2.88,1890300000.0,3684700000.0,0.533,3684700000.0,1890300000.0,1100500000.0,2.53,2.52,2.53,5550700000.0,6161131750.0,5550700000.0,83767210522.0,44.0,22.734,2327600000.0,5.272,1.0,4781000000.0,0.692,17284800000.0,789800000.0,31501700000.0,31946676250.0,0.0,1105300000.0,80800000.0,1024500000.0,26069800000.0,4562900000.0,21506900000.0,63674110522.0,56800000.0,-2486300000.0,-146200000.0,1865000000.0,-1193700000.0,366000000.0,-3429400000.0,-50800000.0,3184600000.0,-64400000.0,1147700000.0,1100500000.0,1100500000.0,0.0,-23500000.0,0.159,2942000000.0,1839000000.0,481900000.0,1.138,11.471,57.859,56.984,11067000000.0,47200000.0,144.17,9.218,9.214,506900000.0,-1121600000.0,6907900000.0,6907900000.0,0.0,0.033,0.179,0.059,0.274,114000000.0,681900000.0,1.0,441659919.0,441497000.0,444362000.0,15.647,15920900000.0,183700000.0,-47200000.0,0.0,36.061,-2435800000.0
13,AMT,MRT,2018-03-31,2018-03-31,2018-03-31,2021-07-29,-1834600000.0,34372700000.0,33011134000.0,2797400000.0,31575300000.0,0.206,14.557,-834000000.0,1278900000.0,1278900000.0,2083800000.0,1198300000.0,0.616,4.163,21372000000.0,2803200000.0,18568800000.0,21372000000.0,331400000.0,1741100000.0,0.0,0.018,2.62,1949100000.0,3690200000.0,0.544,3690200000.0,1949100000.0,1180800000.0,2.65,2.63,2.65,6334200000.0,6394134000.0,6334200000.0,83323596397.0,43.0,22.58,2205200000.0,5.068,1.0,4705700000.0,0.693,17587300000.0,768300000.0,32333800000.0,31593286000.0,0.0,1379700000.0,389400000.0,990300000.0,26366200000.0,4544700000.0,21821500000.0,64073396397.0,420600000.0,-1902600000.0,-516300000.0,2335300000.0,-1126900000.0,546400000.0,-3161200000.0,-383200000.0,3039200000.0,-3800000.0,1208000000.0,1138000000.0,1138000000.0,0.0,-9700000.0,0.168,2835800000.0,1869900000.0,453700000.0,0.989,10.115,56.304,54.845,11294800000.0,70000000.0,145.34,9.437,9.315,557900000.0,-1085700000.0,6789500000.0,6789500000.0,0.0,0.034,0.178,0.062,0.287,115000000.0,677100000.0,1.0,440851771.0,435124000.0,438520000.0,15.604,16785400000.0,192900000.0,-27200000.0,0.0,38.576,-1747300000.0
14,AMT,MRT,2017-12-31,2017-12-31,2017-12-31,2021-07-29,-1978300000.0,33214300000.0,32432306250.0,2038100000.0,31176200000.0,0.205,14.577,-803600000.0,954900000.0,954900000.0,2056600000.0,1225400000.0,0.811,4.047,20205100000.0,774800000.0,19430300000.0,20205100000.0,268800000.0,1715900000.0,0.0,0.018,2.62,2019200000.0,3735100000.0,0.56,3735100000.0,2019200000.0,1269600000.0,2.69,2.67,2.69,6241500000.0,6523702500.0,6241500000.0,79499027164.0,39.0,21.284,2122000000.0,4.956,1.0,4607300000.0,0.691,17421700000.0,749600000.0,32530700000.0,30928196750.0,0.0,951100000.0,1000000.0,950100000.0,25260000000.0,2512100000.0,22747900000.0,61184939164.0,18400000.0,-2007000000.0,-646600000.0,1473700000.0,-1073000000.0,-113000000.0,-2800900000.0,14700000.0,2925600000.0,6700000.0,1238900000.0,1151500000.0,1151500000.0,0.0,-13500000.0,0.173,2608900000.0,1998400000.0,447300000.0,0.974,9.803,53.135,53.037,11101000000.0,87400000.0,142.67,9.182,9.167,513600000.0,-1058100000.0,6663900000.0,6663900000.0,0.0,0.036,0.177,0.065,0.303,108500000.0,637000000.0,1.0,428856376.0,428181000.0,431688000.0,15.563,15792600000.0,204400000.0,30700000.0,0.0,36.883,-474000000.0
15,AMT,MRT,2017-09-30,2017-09-30,2017-09-30,2021-07-29,-1839029000.0,32319326000.0,31848531250.0,1963574000.0,30355752000.0,0.204,15.184,-762326000.0,954675000.0,954675000.0,2017707000.0,1263494000.0,0.869,3.692,19268763000.0,687382000.0,18581381000.0,19268763000.0,288884000.0,1638002000.0,0.0,0.018,2.5,2133735000.0,3771737000.0,0.58,3771737000.0,2133735000.0,1374511000.0,2.67,2.63,2.67,6518127000.0,6654302500.0,6518127000.0,76988642952.0,36.0,20.412,2097543000.0,4.886,1.0,4481274000.0,0.69,16952673000.0,759224000.0,31420505000.0,30420421750.0,0.0,932515000.0,1032000.0,931483000.0,24062920000.0,2260236000.0,21802684000.0,58659971952.0,282128000.0,-1058237000.0,-548101000.0,452241000.0,-1023634000.0,-739927000.0,-1826598000.0,18765000.0,2859869000.0,-11216000.0,1229582000.0,1134326000.0,1134326000.0,0.0,33912000.0,0.175,2322607000.0,2158667000.0,406656000.0,0.936,9.0,51.714,51.191,10795057000.0,95256000.0,136.68,9.026,9.028,508626000.0,-975158000.0,6498981000.0,6498981000.0,0.0,0.036,0.17,0.07,0.328,106088000.0,604214000.0,1.0,429177436.0,429281000.0,432831000.0,15.139,15366653000.0,221759000.0,144929000.0,0.0,35.796,-296662000.0
16,AMT,MRT,2017-06-30,2017-06-30,2017-06-30,2021-07-29,-1848803000.0,32138210000.0,31432581500.0,1802759000.0,30335451000.0,0.201,15.171,-734573000.0,913301000.0,913301000.0,1989144000.0,1192529000.0,0.55,3.692,19241972000.0,1732035000.0,17509937000.0,19241972000.0,283486000.0,1603701000.0,0.0,0.018,2.39,2070941000.0,3674642000.0,0.58,3674642000.0,2070941000.0,1310357000.0,2.53,2.49,2.53,6482709000.0,6701619750.0,6482709000.0,74269078556.0,36.0,20.211,2128611000.0,4.982,1.0,4343982000.0,0.686,17099831000.0,760584000.0,30088139000.0,30210022750.0,0.0,889865000.0,1012000.0,888853000.0,23937228000.0,3278911000.0,20658317000.0,56237250556.0,360548000.0,-1051985000.0,-526661000.0,415108000.0,-974436000.0,-720159000.0,-1773399000.0,22259000.0,2863184000.0,-9078000.0,1176791000.0,1073654000.0,1073654000.0,0.0,15738000.0,0.17,2267341000.0,2076641000.0,380498000.0,0.945,8.675,52.379,52.3,10725707000.0,103137000.0,132.32,8.88,8.928,322060000.0,-989153000.0,6333126000.0,6333126000.0,0.0,0.034,0.16,0.069,0.327,101914000.0,587751000.0,1.0,425009451.0,427298000.0,430487000.0,14.821,15038379000.0,213582000.0,133566000.0,0.0,35.194,-1476152000.0
17,AMT,MRT,2017-03-31,2017-03-31,2017-03-31,2021-07-29,-1759489000.0,32057389000.0,31083078500.0,1711187000.0,30346202000.0,0.197,16.037,-696378000.0,858256000.0,858256000.0,1931655000.0,996493000.0,0.533,3.436,18890084000.0,1707330000.0,17182754000.0,18890084000.0,284215000.0,1605066000.0,0.0,0.018,2.17,1902337000.0,3507403000.0,0.574,3507403000.0,1902337000.0,1150517000.0,2.1,2.06,2.1,6852474000.0,6774321250.0,6852474000.0,69518307797.0,37.0,19.82,2120010000.0,4.962,1.0,4181198000.0,0.684,17206716000.0,751820000.0,29673443000.0,30356921250.0,0.0,868647000.0,5294000.0,863353000.0,23542561000.0,3209058000.0,20333503000.0,51921284797.0,379683000.0,-2188272000.0,-32382000.0,1009482000.0,-926516000.0,424664000.0,-2837084000.0,41866000.0,2816388000.0,-24285000.0,997341000.0,890222000.0,890222000.0,0.0,-848000.0,0.146,2248651000.0,1932547000.0,376793000.0,1.033,7.577,58.324,57.876,10717160000.0,107119000.0,121.54,8.494,8.495,369972000.0,-1053706000.0,6112853000.0,6112853000.0,0.0,0.029,0.131,0.063,0.311,98021000.0,572885000.0,1.0,427195037.0,427279000.0,430199000.0,14.306,14850673000.0,206331000.0,153176000.0,0.0,34.756,-1497871000.0
18,AMT,MRT,2016-12-31,2016-12-31,2016-12-31,2021-07-29,-1999300000.0,30879200000.0,29834810000.0,1689900000.0,29189300000.0,0.194,15.91,-682500000.0,936500000.0,936500000.0,1790400000.0,970400000.0,1.036,3.373,18533500000.0,238800000.0,18294700000.0,18533500000.0,245400000.0,1525600000.0,0.0,0.021,2.17,1839900000.0,3365500000.0,0.582,3365500000.0,1839900000.0,1111900000.0,2.0,1.98,2.0,6763900000.0,6794515000.0,6763900000.0,62984814248.0,34.0,18.715,2019200000.0,4.749,1.0,3995300000.0,0.691,16345300000.0,728000000.0,30499600000.0,30056959250.0,0.0,845500000.0,4000000.0,841500000.0,22811700000.0,1631300000.0,21180400000.0,44986691248.0,473600000.0,-1416000000.0,92500000.0,589400000.0,-886100000.0,-99300000.0,-2102300000.0,12300000.0,2701700000.0,-26500000.0,956400000.0,849300000.0,849300000.0,0.0,14000000.0,0.147,2142300000.0,1853000000.0,369300000.0,1.085,6.651,52.969,52.84,10517300000.0,107100000.0,105.68,7.775,7.766,308400000.0,-1077000000.0,5785700000.0,5785700000.0,0.0,0.028,0.125,0.061,0.318,89900000.0,543400000.0,1.0,425687843.0,425143000.0,429283000.0,13.609,14533900000.0,195700000.0,155500000.0,0.0,34.186,58600000.0
19,AMT,MRT,2016-09-30,2016-09-30,2016-09-30,2021-07-29,-1876374000.0,30655527000.0,28841078000.0,1370756000.0,29284771000.0,0.192,15.763,-685956000.0,681013000.0,681013000.0,1658706000.0,959094000.0,0.902,3.396,18679136000.0,242992000.0,18436144000.0,18679136000.0,254336000.0,1489726000.0,0.0,0.018,2.08,1761302000.0,3251028000.0,0.588,3251028000.0,1761302000.0,1080554000.0,2.02,1.99,2.02,6707396000.0,6766459750.0,6707396000.0,66384469396.0,38.0,20.42,1915760000.0,4.502,1.0,3867438000.0,0.7,16555188000.0,680748000.0,30578909000.0,29539732250.0,0.0,813931000.0,0.0,813931000.0,22781044000.0,1519553000.0,21261491000.0,48220692396.0,224960000.0,-1660163000.0,97950000.0,866265000.0,-846854000.0,-12621000.0,-2323625000.0,24294000.0,2601716000.0,-40510000.0,959946000.0,852784000.0,852784000.0,0.0,-852000.0,0.154,2101570000.0,1765868000.0,342159000.0,1.03,7.189,56.545,56.104,10452038000.0,107162000.0,113.33,8.726,8.726,273907000.0,-1030663000.0,5526144000.0,5526144000.0,0.0,0.03,0.126,0.06,0.319,88461000.0,548426000.0,1.0,425489212.0,425517000.0,429925000.0,12.987,14100339000.0,197914000.0,120608000.0,0.0,33.137,-148797000.0
20,AMT,MRT,2016-06-30,2016-06-30,2016-06-30,2021-07-29,-1770998000.0,30740198000.0,27908893250.0,1320600000.0,29419598000.0,0.188,15.941,-737105000.0,553299000.0,553299000.0,1532858000.0,793099000.0,0.798,3.368,18717076000.0,314063000.0,18403013000.0,18717076000.0,224312000.0,1432823000.0,0.0,0.018,1.99,1631617000.0,3064440000.0,0.584,3064440000.0,1631617000.0,991242000.0,1.64,1.62,1.64,6773515000.0,6744083500.0,6773515000.0,64786450187.0,40.0,21.141,1704651000.0,4.012,1.0,3716351000.0,0.708,16572611000.0,640375000.0,30675733000.0,28917952500.0,0.0,809287000.0,0.0,809287000.0,22814816000.0,1655631000.0,21159185000.0,48241623187.0,117842000.0,-2511153000.0,93670000.0,1761994000.0,-807698000.0,933142000.0,-3205661000.0,44397000.0,2441756000.0,-51395000.0,798436000.0,691274000.0,691274000.0,0.0,-5337000.0,0.132,2028632000.0,1687719000.0,348180000.0,1.213,7.122,69.787,69.274,10575425000.0,107162000.0,113.61,9.19,9.196,285422000.0,-1033324000.0,5249209000.0,5249209000.0,0.0,0.025,0.103,0.056,0.311,86580000.0,531721000.0,1.0,424624797.0,424909000.0,429004000.0,12.354,14167587000.0,229273000.0,192806000.0,0.0,33.343,-335031000.0
21,AMT,MRT,2016-03-31,2016-03-31,2016-03-31,2021-07-29,-1610592000.0,27064315000.0,26841275000.0,1036516000.0,26027799000.0,0.186,16.35,-723838000.0,477268000.0,477268000.0,1395605000.0,757815000.0,0.865,2.894,17022095000.0,137853000.0,16884242000.0,17022095000.0,222387000.0,1363414000.0,0.0,0.018,1.81,1538040000.0,2901454000.0,0.582,2901454000.0,1538040000.0,930194000.0,1.57,1.55,1.57,6933249000.0,6878422750.0,6933249000.0,60050522808.0,39.0,20.697,1496644000.0,3.529,1.0,3585752000.0,0.72,13937391000.0,607846000.0,28473595000.0,28088376750.0,0.0,753939000.0,0.0,753939000.0,20064100000.0,1198156000.0,18865944000.0,43394392808.0,-4991000.0,-1947163000.0,60086000.0,1300789000.0,-768847000.0,466909000.0,-2677797000.0,-4996000.0,2220482000.0,-14585000.0,766942000.0,659780000.0,659780000.0,0.0,-9127000.0,0.132,1941065000.0,1644687000.0,312471000.0,1.153,6.259,65.771,65.204,9917985000.0,107162000.0,102.37,8.711,8.715,217457000.0,-967718000.0,4981357000.0,4981357000.0,0.0,0.025,0.096,0.055,0.309,88718000.0,509825000.0,1.0,423897556.0,424059000.0,427888000.0,11.747,13126924000.0,216643000.0,163252000.0,0.0,30.955,-161640000.0
22,AMT,MRT,2015-12-31,2015-12-31,2015-12-31,2021-07-29,-1836996000.0,26904272000.0,26557744750.0,996468000.0,25907804000.0,0.18,15.879,-728800000.0,462879000.0,462879000.0,1308800000.0,672000000.0,0.83,3.036,17119009000.0,50202000.0,17068807000.0,17119009000.0,211001000.0,1285300000.0,0.0,0.019,1.81,1439000000.0,2724300000.0,0.571,2724300000.0,1439000000.0,843100000.0,1.42,1.41,1.42,6651679000.0,6983032000.0,6651679000.0,57667206175.0,40.0,21.168,1438100000.0,3.433,1.0,3462700000.0,0.726,13929681000.0,595900000.0,28430692000.0,27457233750.0,0.0,732903000.0,0.0,732903000.0,20191454000.0,1200029000.0,18991425000.0,41065128175.0,-10800000.0,-7020600000.0,2491000000.0,2578300000.0,-710900000.0,5593100000.0,-7741700000.0,9500000.0,2166900000.0,-29100000.0,685100000.0,594900000.0,594900000.0,0.0,-13100000.0,0.125,1849900000.0,1612800000.0,306741000.0,1.275,6.174,69.029,68.275,9866424000.0,90200000.0,96.95,8.606,8.512,227354000.0,-998535000.0,4771500000.0,4771500000.0,0.0,0.022,0.085,0.052,0.302,90500000.0,497800000.0,1.0,423570172.0,418907000.0,423015000.0,11.39,12974591000.0,212041000.0,158000000.0,0.0,30.972,-203561000.0
23,AMT,MRT,2015-09-30,2015-09-30,2015-09-30,2021-07-29,-1832903000.0,26926788000.0,25147568000.0,940355000.0,25986433000.0,0.18,15.631,-769069000.0,425330000.0,425330000.0,1229506000.0,632009000.0,0.687,3.059,17027408000.0,45852000.0,16981556000.0,17027408000.0,203295000.0,1196518000.0,0.0,0.019,1.7,1371159000.0,2567677000.0,0.566,2567677000.0,1371159000.0,777450000.0,1.36,1.35,1.36,6617891000.0,6308502250.0,6617891000.0,53054261652.0,39.0,20.662,1339529000.0,3.164,1.0,3308283000.0,0.729,14067568000.0,593709000.0,28091790000.0,25985617000.0,0.0,803266000.0,14485000.0,788781000.0,20242586000.0,1369508000.0,18873078000.0,37240087652.0,-8209000.0,-7360801000.0,2483989000.0,2946095000.0,-658730000.0,5959694000.0,-8050415000.0,35646000.0,2108598000.0,-26086000.0,632759000.0,557564000.0,557564000.0,0.0,-750000.0,0.123,1751639000.0,1556644000.0,296423000.0,1.25,5.627,66.791,64.691,9806190000.0,75195000.0,87.98,8.207,8.209,206154000.0,-995932000.0,4537789000.0,4537789000.0,0.0,0.022,0.088,0.053,0.302,90696000.0,483565000.0,1.0,423279014.0,423375000.0,427227000.0,10.718,12859220000.0,213203000.0,144691000.0,0.0,30.373,-429153000.0
24,AMT,MRT,2015-06-30,2015-06-30,2015-06-30,2021-07-29,-1228521000.0,26469725000.0,23565024750.0,940575000.0,25529150000.0,0.184,17.277,-819279000.0,409851000.0,409851000.0,1148319000.0,740899000.0,0.907,2.612,16224025000.0,38814000.0,16185211000.0,16224025000.0,193514000.0,1104488000.0,0.0,0.017,1.6,1385369000.0,2489857000.0,0.574,2489857000.0,1385369000.0,798235000.0,1.68,1.67,1.68,7310872000.0,5702686250.0,7310872000.0,54737172556.0,40.0,21.984,1279388000.0,3.023,1.0,3189748000.0,0.735,13889841000.0,587134000.0,27357430000.0,24439261000.0,0.0,777208000.0,40387000.0,736821000.0,19096567000.0,1036628000.0,18059939000.0,39469973556.0,-8257000.0,-6410308000.0,2489229000.0,2093097000.0,-607128000.0,5104858000.0,-7192183000.0,-4244000.0,2098667000.0,-19599000.0,737353000.0,681239000.0,681239000.0,0.0,3546000.0,0.157,1649222000.0,1540526000.0,270837000.0,0.952,5.399,57.939,55.53,9586400000.0,56114000.0,93.29,9.099,9.1,212919000.0,-876607000.0,4338067000.0,4338067000.0,0.0,0.029,0.119,0.057,0.319,90620000.0,477642000.0,1.0,423089008.0,423154000.0,426933000.0,10.252,12579884000.0,236420000.0,60882000.0,0.0,29.729,-96053000.0
25,AMT,MRT,2015-03-31,2015-03-31,2015-03-31,2021-07-29,-1205860000.0,25930194000.0,22159527750.0,925819000.0,25004375000.0,0.189,18.147,-919697000.0,452905000.0,452905000.0,1098136000.0,805378000.0,0.535,2.516,15720104000.0,789152000.0,14930952000.0,15720104000.0,220454000.0,1021559000.0,0.0,0.015,1.4,1469317000.0,2490876000.0,0.594,2490876000.0,1469317000.0,884456000.0,1.95,1.95,1.95,7351686000.0,4976591750.0,7351686000.0,51485128079.0,35.0,20.669,1248240000.0,3.081,1.0,3097013000.0,0.738,13516956000.0,584861000.0,25949023000.0,23011201000.0,0.0,792509000.0,14394000.0,778115000.0,18498555000.0,1731414000.0,16767141000.0,37350118079.0,-10039000.0,-6011377000.0,2493977000.0,1093537000.0,-556114000.0,4778437000.0,-6907911000.0,41280000.0,2167937000.0,-48502000.0,815728000.0,782021000.0,782021000.0,0.0,-10350000.0,0.186,1543762000.0,1553251000.0,251704000.0,0.718,5.08,47.761,48.282,9422641000.0,33707000.0,94.15,8.903,9.092,175784000.0,-822545000.0,4195149000.0,4195149000.0,0.0,0.035,0.157,0.064,0.35,85410000.0,459803000.0,1.0,396708636.0,405111000.0,409399000.0,10.356,12413238000.0,240265000.0,68728000.0,0.0,30.642,-805595000.0
26,AMT,MRT,2014-12-31,2014-12-31,2014-12-31,2021-07-29,-794221000.0,21263565000.0,20781331000.0,957867000.0,20305698000.0,0.197,9.985,-974404000.0,473698000.0,473698000.0,1094265000.0,803199000.0,0.496,4.353,14540341000.0,897386000.0,13642955000.0,14540341000.0,233819000.0,1003802000.0,0.0,0.014,1.4,1467649000.0,2471451000.0,0.603,2471451000.0,1467649000.0,887415000.0,2.02,2.0,2.02,3953560000.0,4056464750.0,3953560000.0,52693803270.0,36.0,21.321,1160185000.0,2.93,1.0,3005783000.0,0.733,10856447000.0,580234000.0,22544225000.0,22180613500.0,0.0,581548000.0,6302000.0,575246000.0,17210213000.0,1929536000.0,15280677000.0,39190357270.0,19916000.0,-995173000.0,62276000.0,-209823000.0,-404631000.0,-134591000.0,-1949548000.0,39515000.0,2134589000.0,-30534000.0,824910000.0,801022000.0,801022000.0,0.0,-21711000.0,0.195,1518861000.0,1486922000.0,250230000.0,0.693,9.913,48.925,48.936,7590112000.0,23888000.0,98.85,9.559,9.546,199074000.0,-837320000.0,4100048000.0,4100048000.0,0.0,0.039,0.197,0.066,0.358,80153000.0,446542000.0,1.0,396462896.0,395958000.0,400086000.0,10.355,10407118000.0,267186000.0,62505000.0,0.0,26.283,-971669000.0
27,AMT,MRT,2014-09-30,2014-09-30,2014-09-30,2021-07-29,-504339000.0,20596615000.0,20536356000.0,996937000.0,19599678000.0,0.195,10.586,-999636000.0,430850000.0,430850000.0,1068815000.0,695527000.0,0.514,3.912,13934296000.0,960461000.0,12973835000.0,13934296000.0,190616000.0,985067000.0,0.0,0.014,1.31,1402695000.0,2387762000.0,0.598,2387762000.0,1402695000.0,830562000.0,1.85,1.84,1.85,4194627000.0,3951616000.0,4194627000.0,50624497847.0,36.0,21.202,1024574000.0,2.586,1.0,2926888000.0,0.733,10255777000.0,572133000.0,21906366000.0,22284024000.0,0.0,557847000.0,29007000.0,528840000.0,16411301000.0,1937918000.0,14473383000.0,37090985847.0,-3744740000.0,-4405578000.0,60461000.0,-487845000.0,-486889000.0,-431031000.0,-5318109000.0,131888000.0,2024210000.0,-19810000.0,744505000.0,732430000.0,732430000.0,0.0,-48978000.0,0.183,1493017000.0,1433871000.0,258686000.0,0.708,8.842,50.641,50.611,7552110000.0,12075000.0,93.63,9.283,9.285,198119000.0,-854579000.0,3995703000.0,3995703000.0,0.0,0.036,0.185,0.063,0.351,76691000.0,434245000.0,1.0,396144247.0,396243000.0,400397000.0,10.084,10340838000.0,275790000.0,86057000.0,0.0,26.097,-940981000.0
28,AMT,MRT,2014-06-30,2014-06-30,2014-06-30,2021-07-29,-250920000.0,20847737000.0,19932532250.0,998445000.0,19849292000.0,0.189,11.131,-910174000.0,441951000.0,441951000.0,985442000.0,652119000.0,0.445,3.731,13975463000.0,1225992000.0,12749471000.0,13975463000.0,204437000.0,920923000.0,0.0,0.014,1.23,1343508000.0,2264431000.0,0.601,2264431000.0,1343508000.0,808252000.0,1.81,1.79,1.81,4406494000.0,3785200000.0,4406494000.0,49448675436.0,37.0,21.837,976734000.0,2.467,1.0,2779953000.0,0.738,10492813000.0,535256000.0,21645190000.0,21762697500.0,0.0,530473000.0,15298000.0,515175000.0,16439573000.0,2243246000.0,14196327000.0,35609199436.0,-165488000.0,-4466121000.0,-13905000.0,3279855000.0,-458972000.0,3371193000.0,-5408368000.0,10549000.0,1886908000.0,-15221000.0,717035000.0,712660000.0,712660000.0,0.0,-64916000.0,0.189,1422010000.0,1357943000.0,272571000.0,0.68,8.081,49.967,49.713,7589815000.0,4375000.0,89.98,9.457,9.46,174612000.0,-911163000.0,3765395000.0,3765395000.0,0.0,0.036,0.188,0.062,0.357,73480000.0,423117000.0,1.0,395745715.0,395872000.0,399588000.0,9.512,10354924000.0,292135000.0,91217000.0,0.0,26.157,-1244801000.0
29,AMT,MRT,2014-03-31,2014-03-31,2014-03-31,2021-07-29,-272410000.0,20417407000.0,18305446500.0,1042981000.0,19374426000.0,0.194,9.291,-814518000.0,494701000.0,494701000.0,918876000.0,514573000.0,0.818,4.553,14334177000.0,325170000.0,14009007000.0,14334177000.0,215429000.0,860104000.0,0.0,0.013,1.1,1130230000.0,1990334000.0,0.562,1990334000.0,1130230000.0,640393000.0,1.48,1.46,1.48,3671178000.0,3563157250.0,3671178000.0,46371870281.0,41.0,23.299,867075000.0,2.194,1.0,2623892000.0,0.741,10355205000.0,489837000.0,22626673000.0,20306852250.0,0.0,488032000.0,34430000.0,453602000.0,16715802000.0,1275005000.0,15440797000.0,32340084281.0,-108267000.0,-4279431000.0,-79381000.0,3863591000.0,-435241000.0,3338035000.0,-5087765000.0,-10959000.0,1681593000.0,-40130000.0,582425000.0,582425000.0,582425000.0,0.0,-67852000.0,0.164,1355636000.0,1268256000.0,243012000.0,0.743,8.809,55.527,55.318,7344049000.0,0.0,81.87,9.128,9.131,227155000.0,-1006058000.0,3542768000.0,3542768000.0,0.0,0.032,0.163,0.056,0.319,71700000.0,424421000.0,1.0,395017519.0,395146000.0,399120000.0,8.966,10062202000.0,292632000.0,57968000.0,0.0,25.465,-232024000.0
30,AMT,MRT,2013-12-31,2013-12-31,2013-12-31,2021-07-29,-311220000.0,20283665000.0,16817029750.0,986087000.0,19297578000.0,0.2,8.946,-724532000.0,446492000.0,446492000.0,859873000.0,482208000.0,1.057,4.723,14478278000.0,70132000.0,14408146000.0,14478278000.0,162079000.0,800145000.0,0.0,0.014,1.1,1069170000.0,1869315000.0,0.556,1869315000.0,1069170000.0,610874000.0,1.4,1.38,1.4,3534165000.0,3563266500.0,3534165000.0,39973596570.0,37.0,21.384,874515000.0,2.214,1.0,2501534000.0,0.744,10424921000.0,458296000.0,22957867000.0,18628854250.0,0.0,527785000.0,18612000.0,509173000.0,16693625000.0,932663000.0,15760962000.0,31500160570.0,-75042000.0,-4461764000.0,-99516000.0,4051594000.0,-434687000.0,3525565000.0,-5173337000.0,-5553000.0,1599047000.0,-26317000.0,551333000.0,551333000.0,551333000.0,0.0,-69125000.0,0.164,1287229000.0,1214305000.0,173513000.0,0.786,8.913,57.135,57.014,7177728000.0,0.0,79.82,9.371,9.381,151165000.0,-1081467000.0,3361407000.0,3361407000.0,0.0,0.033,0.155,0.057,0.318,68138000.0,415545000.0,1.0,394639947.0,395040000.0,399146000.0,8.509,9858744000.0,289310000.0,59541000.0,0.0,24.956,53424000.0
31,AMT,MRT,2013-09-30,2013-09-30,2013-09-30,2021-07-29,-298015000.0,18181320000.0,15268470750.0,4742036000.0,13439284000.0,0.209,8.94,-639271000.0,4172372000.0,4172372000.0,802510000.0,526436000.0,5.76,4.129,12645808000.0,67276000.0,12578532000.0,12645808000.0,138422000.0,733822000.0,0.0,0.014,1.05,1076537000.0,1810359000.0,0.568,1810359000.0,1076537000.0,653578000.0,1.48,1.47,1.48,3528963000.0,3573000500.0,3528963000.0,37591369323.0,35.0,20.765,803016000.0,2.034,1.0,2385302000.0,0.748,6010377000.0,422959000.0,19821060000.0,16820378750.0,0.0,479965000.0,27381000.0,452584000.0,14569403000.0,823319000.0,13746084000.0,29281139323.0,3658041000.0,-1540899000.0,-145418000.0,5064720000.0,-395469000.0,4553030000.0,-2342757000.0,-147829000.0,1442287000.0,5481000.0,587030000.0,587030000.0,587030000.0,0.0,-60594000.0,0.184,1184690000.0,1200612000.0,201782000.0,0.709,8.297,49.88,50.088,5878826000.0,0.0,74.13,9.185,9.18,152560000.0,-1066580000.0,3187812000.0,3187812000.0,0.0,0.038,0.164,0.064,0.338,65484000.0,388147000.0,1.0,394997158.0,394759000.0,398348000.0,8.075,12170943000.0,243304000.0,66548000.0,0.0,30.831,3918717000.0
32,AMT,MRT,2013-06-30,2013-06-30,2013-06-30,2021-07-29,-274256000.0,14339394000.0,13963466750.0,946051000.0,13393343000.0,0.222,8.898,-622251000.0,545724000.0,545724000.0,786585000.0,595039000.0,1.211,3.047,8855954000.0,57350000.0,8798604000.0,8855954000.0,142310000.0,692961000.0,0.0,0.014,1.0,1121908000.0,1814869000.0,0.587,1814869000.0,1121908000.0,703012000.0,1.61,1.6,1.61,3518323000.0,3579948250.0,3518323000.0,37298370547.0,33.0,20.552,813786000.0,2.058,1.0,2306682000.0,0.746,6046775000.0,418896000.0,15821809000.0,15318959750.0,0.0,491188000.0,14257000.0,476931000.0,10719527000.0,781040000.0,9938487000.0,28937686547.0,-33490000.0,-1776265000.0,-82456000.0,1337018000.0,-375677000.0,905216000.0,-2393250000.0,20024000.0,1436037000.0,18507000.0,638996000.0,638996000.0,638996000.0,0.0,-43957000.0,0.207,1119397000.0,1187285000.0,198074000.0,0.621,8.225,45.286,45.447,5811081000.0,0.0,73.17,9.355,9.354,130861000.0,-1135851000.0,3093267000.0,3093267000.0,0.0,0.046,0.178,0.073,0.363,63484000.0,371825000.0,1.0,395485671.0,395420000.0,399458000.0,7.823,8292619000.0,239236000.0,64016000.0,0.0,20.972,165011000.0
33,AMT,MRT,2013-03-31,2013-03-31,2013-03-31,2021-07-29,-158043000.0,14463740000.0,13555958000.0,903616000.0,13560124000.0,0.22,9.29,-570921000.0,488439000.0,488439000.0,753260000.0,544615000.0,1.223,2.909,8849123000.0,57603000.0,8791520000.0,8849123000.0,148405000.0,680425000.0,0.0,0.012,0.9,1104976000.0,1785401000.0,0.599,1785401000.0,1104976000.0,686662000.0,1.48,1.47,1.48,3671615000.0,3539754500.0,3671615000.0,38706769760.0,35.0,21.68,835489000.0,2.114,1.0,2228911000.0,0.747,6170619000.0,418314000.0,15914681000.0,14729225250.0,0.0,495534000.0,13004000.0,482530000.0,10682218000.0,739124000.0,9943094000.0,30391327760.0,-29552000.0,-2083646000.0,-8577000.0,1499385000.0,-355574000.0,1177555000.0,-2643717000.0,25608000.0,1406410000.0,30200000.0,587384000.0,587384000.0,587384000.0,0.0,-42769000.0,0.197,1083952000.0,1144959000.0,189864000.0,0.608,8.277,51.74,51.973,5879513000.0,0.0,76.92,10.191,10.195,145446000.0,-1128361000.0,2982171000.0,2982171000.0,0.0,0.043,0.166,0.075,0.371,59980000.0,348870000.0,1.0,395103065.0,395239000.0,399659000.0,7.545,8293121000.0,240176000.0,99278000.0,0.0,20.983,164492000.0
34,AMT,MRT,2012-12-31,2012-12-31,2012-12-31,2021-07-29,-183347000.0,14089429000.0,13099574500.0,836267000.0,13253162000.0,0.22,9.051,-568048000.0,437934000.0,437934000.0,722479000.0,594025000.0,1.323,2.912,8753376000.0,60031000.0,8693345000.0,8753376000.0,124147000.0,644276000.0,0.0,0.012,0.9,1146252000.0,1790528000.0,0.623,1790528000.0,1146252000.0,744587000.0,1.61,1.6,1.61,3573101000.0,3491592750.0,3573101000.0,37612685569.0,33.0,21.006,846343000.0,2.144,1.0,2153481000.0,0.749,6048728000.0,401665000.0,15723965000.0,14042783750.0,0.0,458806000.0,6018000.0,452788000.0,10405248000.0,632178000.0,9773070000.0,30548915569.0,38427000.0,-1997955000.0,-7287000.0,1494139000.0,-355574000.0,1170366000.0,-2558385000.0,22376000.0,1414391000.0,12055000.0,637283000.0,637283000.0,637283000.0,0.0,-43258000.0,0.222,1033762000.0,1119719000.0,89767000.0,0.559,8.55,47.936,47.994,5765856000.0,0.0,77.27,10.622,10.607,143562000.0,-1196907000.0,2875960000.0,2875960000.0,0.0,0.049,0.183,0.082,0.399,51983000.0,327301000.0,1.0,395352861.0,394772000.0,399287000.0,7.285,8040701000.0,235343000.0,107304000.0,0.0,20.368,204089000.0
35,AMT,MRT,2012-09-30,2012-09-30,2012-09-30,2021-07-29,-164081000.0,12961304000.0,12637816000.0,872783000.0,12088521000.0,0.218,8.999,-502953000.0,425794000.0,425794000.0,693891000.0,672306000.0,1.026,2.608,7489564000.0,130209000.0,7359355000.0,7489564000.0,133896000.0,609403000.0,0.0,0.014,1.01,1116671000.0,1726074000.0,0.625,1726074000.0,1116671000.0,733930000.0,1.79,1.77,1.79,3556754000.0,3420122500.0,3556754000.0,35155052834.0,31.0,20.367,929538000.0,2.352,1.0,2066894000.0,0.749,5358765000.0,382741000.0,13815384000.0,13400156750.0,0.0,522160000.0,0.0,522160000.0,9275322000.0,850925000.0,8424397000.0,28210330834.0,204806000.0,-1922815000.0,4504000.0,1432522000.0,-307581000.0,1193925000.0,-2405447000.0,20321000.0,1432491000.0,-16163000.0,706714000.0,706714000.0,706714000.0,0.0,-34408000.0,0.256,978672000.0,1088222000.0,178443000.0,0.564,7.931,39.918,39.883,5242781000.0,0.0,71.39,10.218,10.22,148807000.0,-1237569000.0,2760785000.0,2760785000.0,0.0,0.056,0.207,0.083,0.404,50906000.0,311786000.0,1.0,395158017.0,395244000.0,399487000.0,6.985,7602539000.0,261113000.0,27216000.0,0.0,19.235,21858000.0
36,AMT,MRT,2012-06-30,2012-06-30,2012-06-30,2021-07-29,-203303000.0,12709359000.0,12121324000.0,919009000.0,11790350000.0,0.221,8.506,-512837000.0,520697000.0,520697000.0,677920000.0,420755000.0,1.014,2.747,7465419000.0,127867000.0,7337552000.0,7465419000.0,91414000.0,607455000.0,0.0,0.011,0.78,856032000.0,1463487000.0,0.547,1463487000.0,856032000.0,497767000.0,1.16,1.15,1.16,3357548000.0,3346756500.0,3357548000.0,34346305861.0,40.0,23.469,856642000.0,2.17,1.0,1999933000.0,0.747,5284717000.0,358265000.0,13462871000.0,12507792000.0,0.0,554120000.0,29492000.0,524628000.0,9223169000.0,906493000.0,8316676000.0,27585459861.0,149395000.0,-1960979000.0,-140109000.0,1562051000.0,-220646000.0,1313765000.0,-2500434000.0,-26618000.0,1369479000.0,-33415000.0,458924000.0,458924000.0,458924000.0,0.0,-38169000.0,0.171,978958000.0,1020975000.0,288380000.0,0.672,8.216,60.109,60.267,5079729000.0,0.0,69.91,10.301,10.305,99181000.0,-1378518000.0,2677853000.0,2677853000.0,0.0,0.038,0.137,0.068,0.32,49988000.0,306803000.0,1.0,394585322.0,394743000.0,398811000.0,6.784,7424642000.0,242765000.0,38843000.0,0.0,18.809,12516000.0
37,AMT,MRT,2012-03-31,2012-03-31,2012-03-31,2021-07-29,-97682000.0,12638206000.0,11687430250.0,975369000.0,11662837000.0,0.221,8.832,-546146000.0,527596000.0,527596000.0,656613000.0,500237000.0,1.038,2.602,7288442000.0,127316000.0,7161126000.0,7288442000.0,92939000.0,573941000.0,0.0,0.006,0.35,939375000.0,1513316000.0,0.587,1513316000.0,939375000.0,606831000.0,1.33,1.32,1.33,3478968000.0,3397835250.0,3478968000.0,31675272392.0,34.0,20.931,737997000.0,1.874,1.0,1920741000.0,0.745,5290870000.0,332544000.0,13168915000.0,11606366750.0,0.0,513015000.0,32817000.0,480198000.0,9051803000.0,939267000.0,8112536000.0,24811930392.0,108435000.0,-1862728000.0,-239260000.0,1513990000.0,-137765000.0,1251061000.0,-2407578000.0,1296000.0,1284143000.0,-19191000.0,525926000.0,525926000.0,525926000.0,0.0,-25689000.0,0.204,944463000.0,976278000.0,309190000.0,0.263,7.132,47.178,47.383,5006647000.0,0.0,63.02,9.627,9.631,105120000.0,-1339627000.0,2577354000.0,2577354000.0,0.0,0.045,0.155,0.081,0.364,48124000.0,302276000.0,1.0,393715176.0,393885000.0,398453000.0,6.543,7347336000.0,263964000.0,80905000.0,0.0,18.654,36102000.0
38,AMT,MRT,2011-12-31,2011-12-31,2011-12-31,2021-07-29,-142617000.0,12242395000.0,11217566000.0,775155000.0,11467240000.0,0.218,8.307,-523015000.0,372406000.0,372406000.0,620956000.0,381840000.0,0.992,2.687,7236308000.0,101816000.0,7134492000.0,7236308000.0,92483000.0,555517000.0,0.0,0.006,0.35,833396000.0,1388913000.0,0.568,1388913000.0,833396000.0,521542000.0,1.0,0.99,1.0,3287220000.0,3402891750.0,3287220000.0,29189373951.0,35.0,21.016,642927000.0,1.625,1.0,1822576000.0,0.746,5171343000.0,311854000.0,13153457000.0,10800544250.0,0.0,517885000.0,22270000.0,495615000.0,8832253000.0,781497000.0,8050756000.0,23585438951.0,-553772000.0,-2320673000.0,-351760000.0,1449824000.0,-137765000.0,1086095000.0,-2790812000.0,52876000.0,1165942000.0,-14997000.0,396462000.0,396462000.0,396462000.0,0.0,-14622000.0,0.162,902444000.0,920132000.0,215931000.0,0.35,7.175,59.49,60.01,4981722000.0,0.0,60.01,9.652,9.718,100610000.0,-1477899000.0,2443532000.0,2443532000.0,0.0,0.035,0.117,0.077,0.341,47437000.0,288824000.0,1.0,393025145.0,395711000.0,400195000.0,6.175,7071052000.0,238627000.0,125080000.0,0.0,17.869,-6342000.0
39,AMT,MRT,2011-09-30,2011-09-30,2011-09-30,2021-07-29,-87070000.0,10895336000.0,10749488250.0,813805000.0,10081531000.0,0.217,8.258,-515272000.0,227727000.0,227727000.0,588283000.0,269109000.0,0.593,2.313,5831662000.0,861160000.0,4970502000.0,5831662000.0,95851000.0,536007000.0,0.0,0.0,0.0,785304000.0,1321311000.0,0.565,1321311000.0,785304000.0,489946000.0,0.69,0.69,0.69,3263290000.0,3456447750.0,3263290000.0,26610799327.0,34.0,20.14,581084000.0,1.47,1.0,1749692000.0,0.748,4882018000.0,295358000.0,10245925000.0,10027255750.0,0.0,340808000.0,4726000.0,336082000.0,7547695000.0,1371328000.0,6176367000.0,21291704327.0,-194372000.0,-1535908000.0,-394172000.0,1035749000.0,0.0,714637000.0,-2001373000.0,73964000.0,1096356000.0,-3992000.0,274866000.0,274866000.0,274866000.0,0.0,-5757000.0,0.118,873857000.0,875835000.0,352781000.0,0.0,6.525,77.462,77.971,4125887000.0,0.0,53.8,9.107,9.094,100063000.0,-1545244000.0,2337975000.0,2337975000.0,0.0,0.026,0.08,0.078,0.336,48594000.0,280294000.0,1.0,395756586.0,395183000.0,395183000.0,5.916,6013318000.0,430122000.0,215080000.0,0.0,15.217,-557523000.0
40,AMT,MRT,2011-06-30,2011-06-30,2011-06-30,2021-07-29,62470000.0,10973784000.0,10387898750.0,912085000.0,10061699000.0,0.214,8.981,-450734000.0,382748000.0,382748000.0,542323000.0,382436000.0,0.696,2.07,5701843000.0,782775000.0,4919068000.0,5701843000.0,125474000.0,509277000.0,0.0,0.0,0.0,925520000.0,1434797000.0,0.646,1434797000.0,925520000.0,645054000.0,0.96,0.96,0.96,3561863000.0,3503275250.0,3561863000.0,25879262089.0,28.0,18.037,613185000.0,1.546,1.0,1678571000.0,0.756,5125826000.0,280466000.0,9857170000.0,9706078750.0,0.0,883638000.0,1357000.0,882281000.0,7373996000.0,1309883000.0,6064113000.0,20755679089.0,29649000.0,-1659688000.0,-373013000.0,1383066000.0,0.0,1027813000.0,-2071279000.0,63300000.0,1063919000.0,9196000.0,384006000.0,384006000.0,384006000.0,-1000.0,-1570000.0,0.173,817669000.0,860902000.0,339931000.0,0.0,5.827,54.05,54.51,3909635000.0,0.0,52.33,9.346,9.345,99823000.0,-1529543000.0,2220894000.0,2220894000.0,0.0,0.037,0.11,0.095,0.417,49808000.0,261113000.0,1.0,396630596.0,396599000.0,400250000.0,5.6,5847958000.0,400103000.0,261048000.0,0.0,14.745,-397798000.0
41,AMT,MRT,2011-03-31,2011-03-31,2011-03-31,2021-07-29,54416000.0,10758749000.0,9790933500.0,951417000.0,9807332000.0,0.214,8.797,-389508000.0,442250000.0,442250000.0,503445000.0,369084000.0,1.151,2.072,5565833000.0,178105000.0,5387728000.0,5565833000.0,155608000.0,481122000.0,0.0,0.0,0.0,856011000.0,1337133000.0,0.639,1337133000.0,856011000.0,593983000.0,0.92,0.92,0.92,3499194000.0,3469559250.0,3499194000.0,25231753219.0,29.0,18.87,661636000.0,1.663,1.0,1590151000.0,0.76,5110300000.0,262028000.0,9945625000.0,9285001250.0,0.0,860034000.0,10695000.0,849339000.0,7249733000.0,826407000.0,6423326000.0,20604300219.0,9936000.0,-1428467000.0,-398293000.0,1175364000.0,0.0,770154000.0,-1824752000.0,17380000.0,1051144000.0,13390000.0,368460000.0,368460000.0,368460000.0,5000.0,624000.0,0.176,766322000.0,823829000.0,431408000.0,0.0,5.888,55.92,56.326,3770671000.0,0.0,51.82,9.842,9.845,97829000.0,-1644754000.0,2093596000.0,2093596000.0,0.0,0.038,0.106,0.092,0.409,51348000.0,242374000.0,1.0,397612895.0,397768000.0,401899000.0,5.263,5648449000.0,327272000.0,225523000.0,0.0,14.2,125010000.0
42,AMT,MRT,2010-12-31,2010-12-31,2010-12-31,2021-07-29,38053000.0,10370084000.0,9269809000.0,1408229000.0,8961855000.0,0.214,8.728,-346664000.0,959935000.0,959935000.0,474586000.0,373606000.0,2.61,1.961,5587388000.0,74896000.0,5512492000.0,5587388000.0,134135000.0,460726000.0,0.0,0.0,0.0,801443000.0,1262169000.0,0.636,1262169000.0,801443000.0,555425000.0,0.93,0.92,0.93,3501444000.0,3458488250.0,3501444000.0,24972411825.0,31.0,19.785,674313000.0,1.681,1.0,1510749000.0,0.761,4397773000.0,246018000.0,10060303000.0,8842824000.0,0.0,364237000.0,46428000.0,317809000.0,6865526000.0,539461000.0,6326065000.0,20608488825.0,636670000.0,-899606000.0,-292110000.0,1215195000.0,0.0,910330000.0,-1300902000.0,-30475000.0,1020977000.0,6265000.0,372936000.0,372936000.0,372936000.0,-30000.0,670000.0,0.188,726371000.0,784378000.0,67124000.0,0.0,5.886,55.26,55.527,3683474000.0,0.0,51.64,10.38,10.434,81479000.0,-1736596000.0,1985335000.0,1985335000.0,0.0,0.04,0.108,0.091,0.404,52555000.0,229769000.0,1.0,399079954.0,401152000.0,404072000.0,4.949,5972311000.0,266950000.0,182489000.0,0.0,14.888,868768000.0
43,AMT,MRT,2010-09-30,2010-09-30,2010-09-30,2021-07-29,24405000.0,9448978000.0,8807270750.0,944308000.0,8504670000.0,0.214,8.614,-296315000.0,441037000.0,441037000.0,449143000.0,354205000.0,1.536,1.737,4804960000.0,178655000.0,4626305000.0,4804960000.0,140481000.0,443366000.0,0.0,0.0,0.0,764697000.0,1208063000.0,0.641,1208063000.0,764697000.0,525844000.0,0.88,0.88,0.88,3450600000.0,3411897750.0,3450600000.0,24360748656.0,32.0,20.165,671031000.0,1.675,1.0,1436523000.0,0.762,4236817000.0,238853000.0,8961217000.0,8377742250.0,0.0,763625000.0,42720000.0,720905000.0,5995328000.0,614867000.0,5380461000.0,20562556656.0,142204000.0,-718698000.0,-221742000.0,457727000.0,0.0,223471000.0,-1057845000.0,-44172000.0,967346000.0,9232000.0,353772000.0,353772000.0,353772000.0,-82000.0,433000.0,0.188,679137000.0,757386000.0,245952000.0,0.0,5.959,58.124,58.25,3494402000.0,0.0,51.26,10.905,10.89,92869000.0,-1820110000.0,1885666000.0,1885666000.0,0.0,0.04,0.104,0.091,0.406,50692000.0,210741000.0,1.0,401142346.0,400602000.0,403455000.0,4.707,5212161000.0,262790000.0,172072000.0,0.0,13.011,329441000.0
44,AMT,MRT,2010-06-30,2010-06-30,2010-06-30,2021-07-29,-9829000.0,8585923000.0,8543732250.0,770538000.0,7815385000.0,0.213,8.509,-268918000.0,355459000.0,355459000.0,434764000.0,328182000.0,2.147,1.504,4153651000.0,1610000.0,4152041000.0,4153651000.0,128508000.0,433526000.0,0.0,0.0,0.0,720530000.0,1154056000.0,0.635,1154056000.0,720530000.0,480459000.0,0.82,0.82,0.82,3426999000.0,3357201500.0,3426999000.0,21780030688.0,30.0,18.873,680258000.0,1.689,1.0,1381685000.0,0.761,3852435000.0,240071000.0,8172860000.0,8184510250.0,0.0,706011000.0,27891000.0,678120000.0,5155913000.0,358820000.0,4797093000.0,17952776688.0,-20744000.0,-334809000.0,-208123000.0,-137775000.0,0.0,-352958000.0,-618195000.0,-15808000.0,949176000.0,1233000.0,327688000.0,327688000.0,327688000.0,-77000.0,494000.0,0.18,658594000.0,723091000.0,205040000.0,0.0,5.239,54.786,54.268,3188461000.0,0.0,44.5,9.883,9.866,48872000.0,-1913549000.0,1816449000.0,1816449000.0,0.0,0.038,0.098,0.088,0.397,50288000.0,201311000.0,1.0,403433184.0,402733000.0,405024000.0,4.51,4733488000.0,320841000.0,152771000.0,0.0,11.753,411718000.0
45,AMT,MRT,2010-03-31,2010-03-31,2010-03-31,2021-07-29,28320000.0,8674251000.0,8518873250.0,819197000.0,7855054000.0,0.208,8.587,-255692000.0,402681000.0,402681000.0,425138000.0,284851000.0,1.938,1.51,4229935000.0,77905000.0,4152030000.0,4229935000.0,117028000.0,425586000.0,0.0,0.0,0.0,704810000.0,1130396000.0,0.639,1130396000.0,704810000.0,458159000.0,0.71,0.71,0.71,3454910000.0,3272397000.0,3454910000.0,21074197478.0,30.0,18.643,634345000.0,1.577,1.0,1344732000.0,0.76,3901778000.0,246651000.0,8176916000.0,8248195250.0,0.0,687049000.0,18945000.0,668104000.0,5216405000.0,422811000.0,4793594000.0,17157745478.0,49849000.0,-382945000.0,-162919000.0,-15753000.0,0.0,-195275000.0,-645238000.0,-7941000.0,890037000.0,325000.0,284312000.0,284312000.0,284312000.0,-5143000.0,539000.0,0.161,643910000.0,700822000.0,183854000.0,0.0,4.966,60.348,60.014,3179196000.0,0.0,42.61,9.694,9.687,73541000.0,-2013214000.0,1769870000.0,1769870000.0,0.0,0.033,0.087,0.085,0.398,49897000.0,197590000.0,1.0,402669455.0,402346000.0,406080000.0,4.399,4772473000.0,322798000.0,173847000.0,0.0,11.862,396386000.0
46,AMT,MRT,2009-12-31,2009-12-31,2009-12-31,2021-07-29,-12649000.0,8519931000.0,8431778000.0,655096000.0,7864835000.0,0.204,8.322,-250262000.0,295129000.0,295129000.0,416375000.0,247127000.0,1.674,1.569,4211581000.0,70521000.0,4141060000.0,4211581000.0,112047000.0,414619000.0,0.0,0.0,0.0,678963000.0,1093582000.0,0.634,1093582000.0,678963000.0,429160000.0,0.62,0.61,0.62,3315082000.0,3178399500.0,3315082000.0,21253038155.0,31.0,19.434,591864000.0,1.486,1.0,1307739000.0,0.758,3845163000.0,249803000.0,8199976000.0,8267834500.0,0.0,661640000.0,9776000.0,651864000.0,5201806000.0,391244000.0,4810562000.0,17346752155.0,104216000.0,-295603000.0,-147315000.0,-31199000.0,0.0,-194942000.0,-543066000.0,1459000.0,842126000.0,98000.0,246595000.0,246595000.0,246595000.0,-8179000.0,532000.0,0.143,635481000.0,672258000.0,185138000.0,0.0,5.233,70.345,69.694,3169623000.0,0.0,43.21,10.061,9.984,67949000.0,-2109532000.0,1724114000.0,1724114000.0,0.0,0.029,0.078,0.082,0.394,60670000.0,201694000.0,1.0,401452260.0,398375000.0,406948000.0,4.328,4674768000.0,387636000.0,182565000.0,0.0,11.735,263852000.0
47,AMT,MRT,2009-09-30,2009-09-30,2009-09-30,2021-07-29,-18420000.0,8394824000.0,8354711500.0,625930000.0,7768894000.0,0.202,8.134,-260717000.0,280469000.0,280469000.0,407438000.0,268567000.0,1.836,1.597,4186755000.0,7717000.0,4179038000.0,4186755000.0,120057000.0,412048000.0,0.0,0.0,0.0,673582000.0,1085630000.0,0.644,1085630000.0,673582000.0,423222000.0,0.68,0.68,0.68,3231815000.0,3097459500.0,3231815000.0,18434493156.0,27.0,16.98,575614000.0,1.449,1.0,1277027000.0,0.758,3771820000.0,250360000.0,8188289000.0,8291549250.0,0.0,647070000.0,3844000.0,643226000.0,5159673000.0,341001000.0,4818672000.0,14364633156.0,163439000.0,-171359000.0,-229419000.0,-5168000.0,0.0,-244880000.0,-427854000.0,2586000.0,836331000.0,-158000.0,268084000.0,268084000.0,268084000.0,-11074000.0,483000.0,0.159,628477000.0,648550000.0,165957000.0,0.0,4.445,53.583,53.529,3128120000.0,0.0,36.4,8.528,8.586,71271000.0,-2173882000.0,1684465000.0,1684465000.0,0.0,0.032,0.087,0.081,0.4,61820000.0,200319000.0,1.0,394632779.0,397315000.0,405728000.0,4.24,4623004000.0,417351000.0,155138000.0,0.0,11.636,284929000.0
48,AMT,MRT,2009-06-30,2009-06-30,2009-06-30,2021-07-29,-19532000.0,8486487000.0,8288489500.0,718058000.0,7768429000.0,0.199,7.77,-260020000.0,374411000.0,374411000.0,402701000.0,261550000.0,2.063,1.747,4444271000.0,22577000.0,4421694000.0,4444271000.0,125967000.0,410894000.0,0.0,0.0,0.0,649687000.0,1060581000.0,0.643,1060581000.0,649687000.0,399903000.0,0.66,0.66,0.66,3087781000.0,2998719500.0,3087781000.0,16507332377.0,25.0,15.564,563451000.0,1.418,1.0,1246927000.0,0.756,3780727000.0,249784000.0,8427600000.0,8331127000.0,0.0,641543000.0,8990000.0,632553000.0,5395452000.0,348020000.0,5047432000.0,12539319377.0,171507000.0,-103948000.0,-425181000.0,141389000.0,0.0,-293841000.0,-357773000.0,4559000.0,823471000.0,-350000.0,261195000.0,261195000.0,261195000.0,-11028000.0,355000.0,0.158,623087000.0,623840000.0,172663000.0,0.0,4.061,48.008,47.773,3087799000.0,0.0,31.53,7.601,7.596,72526000.0,-2241237000.0,1649628000.0,1649628000.0,0.0,0.032,0.087,0.078,0.394,62119000.0,197173000.0,1.0,397694874.0,397418000.0,408832000.0,4.151,4705760000.0,458507000.0,138708000.0,0.0,11.841,370038000.0
49,AMT,MRT,2009-03-31,2009-03-31,2009-03-31,2021-07-29,-19896000.0,8325870000.0,8233252750.0,659693000.0,7666177000.0,0.197,7.752,-248486000.0,364513000.0,364513000.0,397002000.0,363946000.0,2.066,1.703,4332526000.0,1527000.0,4330999000.0,4332526000.0,125519000.0,408128000.0,0.0,0.0,0.0,745145000.0,1153273000.0,0.712,1153273000.0,745145000.0,495507000.0,0.92,0.9,0.92,3078920000.0,2982091750.0,3078920000.0,16221885311.0,22.0,14.066,548128000.0,1.38,1.0,1222996000.0,0.755,3719102000.0,249638000.0,8255473000.0,8318764500.0,0.0,595376000.0,962000.0,594414000.0,5243800000.0,319308000.0,4924492000.0,12083682311.0,181405000.0,-15650000.0,-456384000.0,97032000.0,0.0,-360048000.0,-254717000.0,7783000.0,796614000.0,-444000.0,363692000.0,363692000.0,363692000.0,-114071000.0,254000.0,0.225,610813000.0,612183000.0,144268000.0,0.0,3.925,33.225,33.076,3003215000.0,0.0,30.43,7.459,7.461,60057000.0,-2297526000.0,1619998000.0,1619998000.0,0.0,0.044,0.122,0.09,0.46,62881000.0,189096000.0,1.0,397097677.0,397180000.0,408250000.0,4.079,4606768000.0,513427000.0,131815000.0,0.0,11.599,340385000.0
50,AMT,MRT,2008-12-31,2008-12-31,2008-12-31,2021-07-29,-20031000.0,8211665000.0,8199842000.0,473680000.0,7737985000.0,0.194,7.555,-243484000.0,194943000.0,194943000.0,389855000.0,347415000.0,1.565,1.744,4333146000.0,1837000.0,4331309000.0,4333146000.0,120188000.0,405332000.0,0.0,0.0,0.0,736339000.0,1141671000.0,0.716,1141671000.0,736339000.0,482755000.0,0.88,0.84,0.88,2991322000.0,2939859250.0,2991322000.0,15944358408.0,22.0,13.966,529774000.0,1.338,1.0,1203649000.0,0.755,3752388000.0,253584000.0,8294835000.0,8327419500.0,0.0,583561000.0,2028000.0,581533000.0,5217186000.0,302645000.0,4914541000.0,11631057408.0,109954000.0,-42817000.0,-631727000.0,247547000.0,0.0,-388172000.0,-274940000.0,9725000.0,773258000.0,-192000.0,347246000.0,347246000.0,347246000.0,-110982000.0,169000.0,0.218,596895000.0,606754000.0,151985000.0,0.0,3.888,33.495,33.318,3022636000.0,0.0,29.32,7.299,7.285,51313000.0,-2356127000.0,1593504000.0,1593504000.0,0.0,0.042,0.118,0.088,0.462,54807000.0,180374000.0,1.0,396693636.0,395947000.0,418357000.0,4.025,4459277000.0,545409000.0,135509000.0,0.0,11.262,171035000.0
51,AMT,MRT,2008-09-30,2008-09-30,2008-09-30,2021-07-29,-1027000.0,8129936000.0,8179540000.0,273683000.0,7856253000.0,0.191,7.208,-212609000.0,117062000.0,117062000.0,384809000.0,256462000.0,0.884,1.864,4430363000.0,1789000.0,4428574000.0,4430363000.0,109631000.0,430771000.0,0.0,0.0,0.0,674022000.0,1104793000.0,0.707,1104793000.0,674022000.0,418207000.0,0.65,0.61,0.65,2836855000.0,2946716250.0,2836855000.0,18387520208.0,27.0,16.643,502595000.0,1.277,1.0,1178483000.0,0.754,3787134000.0,255815000.0,8346600000.0,8287913250.0,0.0,575137000.0,8013000.0,567124000.0,5286707000.0,309503000.0,4977204000.0,14170094208.0,-16500000.0,-55901000.0,-932438000.0,472597000.0,0.0,-471423000.0,-260281000.0,8229000.0,715204000.0,0.0,255858000.0,255858000.0,255858000.0,-103022000.0,604000.0,0.164,624004000.0,554479000.0,149029000.0,0.0,4.995,55.383,55.338,3014079000.0,0.0,35.97,9.064,9.056,46146000.0,-2441966000.0,1563292000.0,1563292000.0,0.0,0.031,0.087,0.081,0.431,54234000.0,182159000.0,1.0,393942013.0,393567000.0,416541000.0,3.972,4342802000.0,527971000.0,162349000.0,0.0,11.034,-35820000.0
52,AMT,MRT,2008-06-30,2008-06-30,2008-06-30,2021-07-29,806000.0,8265540000.0,8197915500.0,359151000.0,7906389000.0,0.186,7.611,-184113000.0,203290000.0,203290000.0,369729000.0,255529000.0,1.286,1.734,4420716000.0,1699000.0,4419017000.0,4420716000.0,108863000.0,457866000.0,0.0,0.0,0.0,620156000.0,1078022000.0,0.708,1078022000.0,620156000.0,367968000.0,0.65,0.6,0.65,3021270000.0,3080577500.0,3021270000.0,21018320460.0,34.0,19.497,485535000.0,1.223,1.0,1151880000.0,0.757,3825646000.0,252188000.0,8378150000.0,8167556500.0,0.0,562206000.0,11786000.0,550420000.0,5237808000.0,279170000.0,4958638000.0,16755230460.0,-60891000.0,-62101000.0,-963550000.0,473120000.0,0.0,-506948000.0,-223591000.0,22623000.0,669648000.0,0.0,255020000.0,255020000.0,255020000.0,-102561000.0,509000.0,0.168,653277000.0,498603000.0,138017000.0,0.0,5.546,65.702,65.0,3010919000.0,0.0,42.25,11.012,11.022,40774000.0,-2502432000.0,1521609000.0,1521609000.0,0.0,0.031,0.083,0.076,0.408,56251000.0,186470000.0,1.0,396573502.0,396935000.0,421617000.0,3.833,4439894000.0,559528000.0,112948000.0,0.0,11.185,79981000.0
53,AMT,MRT,2008-03-31,2008-03-31,2008-03-31,2021-07-29,-11137000.0,8192227000.0,8227553250.0,331838000.0,7860389000.0,0.181,7.328,-167561000.0,171760000.0,171760000.0,362897000.0,76654000.0,1.083,1.813,4434850000.0,1688000.0,4433162000.0,4434850000.0,104482000.0,489806000.0,0.0,0.0,0.0,407286000.0,897092000.0,0.604,897092000.0,407286000.0,159222000.0,0.2,0.17,0.2,2909990000.0,3233585250.0,2909990000.0,19715788467.0,48.0,21.977,536113000.0,1.35,1.0,1123407000.0,0.756,3858701000.0,248064000.0,8290093000.0,8034810000.0,0.0,522524000.0,6802000.0,515722000.0,5275683000.0,306523000.0,4969160000.0,15517311467.0,74482000.0,-62213000.0,-1237672000.0,877969000.0,0.0,-406627000.0,-222565000.0,7209000.0,703674000.0,0.0,76243000.0,76243000.0,76243000.0,37563000.0,411000.0,0.051,686298000.0,437109000.0,149533000.0,0.0,5.332,203.524,196.05,3030388000.0,0.0,39.21,10.44,10.477,37120000.0,-2661218000.0,1486304000.0,1486304000.0,0.0,0.009,0.024,0.051,0.274,54200000.0,186749000.0,1.0,395748826.0,397128000.0,421622000.0,3.743,4333526000.0,495658000.0,82979000.0,0.0,10.912,25315000.0
54,AMT,MRT,2007-12-31,2007-12-31,2007-12-31,2021-07-29,-3626000.0,8130457000.0,8259474500.0,245674000.0,7884783000.0,0.176,7.306,-154381000.0,86807000.0,86807000.0,359622000.0,56654000.0,0.774,1.691,4285284000.0,1817000.0,4283467000.0,4285284000.0,106395000.0,522928000.0,0.0,0.0,0.0,351949000.0,874877000.0,0.601,874877000.0,351949000.0,116125000.0,0.14,0.13,0.14,3018750000.0,3503591750.0,3018750000.0,21144950426.0,60.0,24.169,538298000.0,1.303,1.0,1096972000.0,0.753,3874746000.0,235824000.0,8136810000.0,7854267500.0,0.0,492221000.0,7224000.0,484997000.0,5105023000.0,317378000.0,4787645000.0,17241924426.0,-248141000.0,-43962000.0,-1518734000.0,812760000.0,0.0,-754640000.0,-186180000.0,12163000.0,692679000.0,0.0,56316000.0,56316000.0,56316000.0,36396000.0,338000.0,0.039,718609000.0,378363000.0,175464000.0,0.0,5.712,306.164,304.286,3045186000.0,0.0,42.6,11.837,12.084,40316000.0,-2703373000.0,1456594000.0,1456594000.0,0.0,0.007,0.016,0.045,0.242,54603000.0,186483000.0,1.0,404740010.0,413167000.0,426079000.0,3.525,4255711000.0,519917000.0,59809000.0,0.0,10.3,-71704000.0
55,AMT,MRT,2007-09-30,2007-09-30,2007-09-30,2021-07-29,-2853000.0,8203438000.0,8380165000.0,285658000.0,7917780000.0,0.169,8.224,-143402000.0,123889000.0,123889000.0,354728000.0,80150000.0,0.844,1.431,4026915000.0,1770000.0,4025145000.0,4026915000.0,95990000.0,921366000.0,0.0,0.0,0.0,336345000.0,1257711000.0,0.888,1257711000.0,336345000.0,111520000.0,0.19,0.18,0.19,3372300000.0,3844235500.0,3372300000.0,21615005857.0,64.0,17.186,565968000.0,1.38,1.0,1061400000.0,0.75,3902729000.0,224825000.0,7865173000.0,7643739750.0,0.0,451955000.0,5219000.0,446736000.0,4824328000.0,338562000.0,4485766000.0,17886989857.0,-124467000.0,-24928000.0,-1157524000.0,514901000.0,0.0,-684626000.0,-149211000.0,19119000.0,709370000.0,0.0,80150000.0,80150000.0,80150000.0,31343000.0,0.0,0.057,710090000.0,351310000.0,203864000.0,0.0,5.304,223.169,229.158,3071125000.0,0.0,43.54,12.631,12.608,46426000.0,-2697824000.0,1416128000.0,1416128000.0,0.0,0.01,0.021,0.044,0.238,53441000.0,183753000.0,1.0,410817406.0,410071000.0,418012000.0,3.453,4300709000.0,520684000.0,31370000.0,0.0,10.488,-52904000.0
56,AMT,MRT,2007-06-30,2007-06-30,2007-06-30,2021-07-29,3189000.0,8384091000.0,8480738000.0,412896000.0,7971195000.0,0.163,8.699,-137640000.0,248949000.0,248949000.0,353513000.0,23994000.0,1.311,1.306,3976965000.0,1666000.0,3975299000.0,3976965000.0,83626000.0,789882000.0,0.0,0.0,0.0,302551000.0,1092433000.0,0.79,1092433000.0,302551000.0,83197000.0,0.05,0.05,0.05,3633301000.0,4096306500.0,3633301000.0,21074518306.0,70.0,19.291,572621000.0,1.371,1.0,1028497000.0,0.744,3949884000.0,219354000.0,7847164000.0,7513649250.0,0.0,447406000.0,15634000.0,431772000.0,4743866000.0,315059000.0,4428807000.0,17549733306.0,122567000.0,-25503000.0,-823193000.0,424895000.0,0.0,-435457000.0,-152237000.0,10906000.0,710261000.0,0.0,23994000.0,23994000.0,23994000.0,31082000.0,0.0,0.017,703671000.0,324826000.0,205878000.0,0.0,4.83,731.422,840.0,3115888000.0,0.0,42.0,12.699,12.694,45415000.0,-2757452000.0,1382010000.0,1382010000.0,0.0,0.003,0.006,0.04,0.219,48858000.0,177107000.0,1.0,417850793.0,417682000.0,429846000.0,3.309,4434207000.0,497145000.0,59203000.0,0.0,10.616,97837000.0
57,AMT,MRT,2007-03-31,2007-03-31,2007-03-31,2021-07-29,7855000.0,8319912000.0,8536633750.0,259624000.0,8060288000.0,0.158,9.463,-130167000.0,47151000.0,47151000.0,349208000.0,51649000.0,0.848,1.083,3571936000.0,1643000.0,3570293000.0,3571936000.0,78009000.0,658245000.0,0.0,0.0,0.0,323882000.0,982127000.0,0.728,982127000.0,323882000.0,109222000.0,0.12,0.12,0.12,3990016000.0,4280747000.0,3990016000.0,19620299985.0,61.0,19.977,510262000.0,1.21,1.0,1000242000.0,0.741,3970456000.0,214660000.0,7567923000.0,7413653000.0,0.0,450620000.0,14329000.0,436291000.0,4322892000.0,306318000.0,4016574000.0,16358547985.0,-38422000.0,-48254000.0,-571583000.0,33415000.0,0.0,-544907000.0,-133944000.0,44477000.0,640429000.0,0.0,51649000.0,51649000.0,51649000.0,-612000.0,0.0,0.038,697940000.0,302302000.0,173587000.0,0.0,4.1,316.725,324.583,3165156000.0,0.0,38.95,12.122,12.17,33734000.0,-2737461000.0,1349450000.0,1349450000.0,0.0,0.006,0.012,0.044,0.24,46658000.0,171654000.0,1.0,419988395.0,421627000.0,439557000.0,3.201,4349456000.0,576866000.0,57573000.0,0.0,10.316,-46694000.0
58,AMT,MRT,2006-12-31,2006-12-31,2006-12-31,2021-07-29,16079000.0,8613219000.0,8628668750.0,486022000.0,8127197000.0,0.153,10.321,-127098000.0,281264000.0,281264000.0,343537000.0,27484000.0,0.853,0.964,3543016000.0,253907000.0,3289109000.0,3543016000.0,86769000.0,528051000.0,0.0,0.0,0.0,284895000.0,812946000.0,0.617,812946000.0,284895000.0,69252000.0,0.06,0.06,0.06,4381325000.0,4387781250.0,4381325000.0,19218576517.0,67.0,23.641,493640000.0,1.163,1.0,973848000.0,0.739,4010643000.0,215643000.0,7294699000.0,7387396500.0,0.0,438706000.0,22986000.0,415720000.0,4224712000.0,569629000.0,3655083000.0,15862338517.0,168563000.0,-37281000.0,-265916000.0,-53760000.0,0.0,-323063000.0,-129112000.0,35267000.0,620738000.0,0.0,27484000.0,27484000.0,27484000.0,854000.0,0.0,0.021,689947000.0,283901000.0,187634000.0,0.0,3.62,577.148,621.333,3218124000.0,0.0,37.28,12.041,12.013,29368000.0,-2733920000.0,1317385000.0,1317385000.0,0.0,0.003,0.006,0.039,0.216,39502000.0,159324000.0,1.0,425491913.0,424525000.0,436217000.0,3.103,4602576000.0,571195000.0,41768000.0,0.0,10.842,-83607000.0
59,AMT,MRT,2006-09-30,2006-09-30,2006-09-30,2021-07-29,3074000.0,8605730000.0,8672077500.0,400793000.0,8204937000.0,0.148,10.284,-120071000.0,207202000.0,207202000.0,340552000.0,-81550000.0,0.723,0.963,3563440000.0,253876000.0,3309564000.0,3563440000.0,76471000.0,411254000.0,0.0,0.0,0.0,185452000.0,596706000.0,0.464,596706000.0,185452000.0,-33952000.0,-0.24,-0.24,-0.24,4380584000.0,4425456750.0,4380584000.0,18838840209.0,102.0,31.571,492098000.0,1.155,1.0,946812000.0,0.735,4062724000.0,219404000.0,7344811000.0,7466499250.0,0.0,405810000.0,0.0,405810000.0,4218088000.0,554433000.0,3663655000.0,15314862209.0,98043000.0,-56043000.0,-300286000.0,-60421000.0,0.0,-371709000.0,-142417000.0,33697000.0,612169000.0,0.0,-81550000.0,-81550000.0,-81550000.0,-99215000.0,0.0,-0.063,698179000.0,248633000.0,169582000.0,0.0,3.496,-187.797,-152.083,3268332000.0,0.0,36.5,11.896,12.077,33505000.0,-2752205000.0,1287364000.0,1287364000.0,0.0,-0.009,-0.018,0.025,0.144,38544000.0,147504000.0,1.0,419585266.0,425942000.0,435138000.0,3.022,4543006000.0,562307000.0,47598000.0,0.0,10.666,-153640000.0
60,AMT,MRT,2006-06-30,2006-06-30,2006-06-30,2021-07-29,10466000.0,8607674000.0,8717059750.0,288715000.0,8318959000.0,0.14,10.327,-109155000.0,90454000.0,90454000.0,325130000.0,-107102000.0,0.516,0.968,3602728000.0,277426000.0,3325302000.0,3602728000.0,75163000.0,411254000.0,0.0,0.0,0.0,142087000.0,553341000.0,0.454,553341000.0,142087000.0,-80520000.0,-0.32,-0.32,-0.32,4371063000.0,4488435250.0,4371063000.0,16581471478.0,117.0,29.966,415681000.0,0.982,1.0,893513000.0,0.733,4113365000.0,222607000.0,7447179000.0,7558584750.0,0.0,409113000.0,0.0,409113000.0,4229427000.0,559404000.0,3670023000.0,13057493478.0,4832000.0,-15998000.0,-268434000.0,-136597000.0,0.0,-416000000.0,-104004000.0,21149000.0,524836000.0,0.0,-107102000.0,-107102000.0,-107102000.0,-69917000.0,0.0,-0.088,679714000.0,213799000.0,166660000.0,0.0,2.987,-121.916,-97.25,3320822000.0,0.0,31.12,10.715,10.808,30782000.0,-2755677000.0,1218643000.0,1218643000.0,0.0,-0.012,-0.024,0.019,0.117,31498000.0,137714000.0,1.0,419585266.0,423252000.0,435601000.0,2.879,4494309000.0,569895000.0,26582000.0,0.0,10.619,-270689000.0
61,AMT,MRT,2006-03-31,2006-03-31,2006-03-31,2021-07-29,5624000.0,8688052000.0,7771557000.0,227414000.0,8460638000.0,0.139,10.585,-101132000.0,85573000.0,85573000.0,288082000.0,-150917000.0,0.392,0.962,3609551000.0,277471000.0,3332080000.0,3609551000.0,71090000.0,411254000.0,0.0,0.0,0.0,83285000.0,494539000.0,0.458,494539000.0,83285000.0,-138675000.0,-0.5,-0.5,-0.5,4418153000.0,3750740500.0,4418153000.0,16225349648.0,195.0,32.809,355213000.0,0.851,1.0,792758000.0,0.733,4168736000.0,221960000.0,7462897000.0,7201018000.0,0.0,384991000.0,0.0,384991000.0,4250055000.0,580397000.0,3669658000.0,12724621648.0,-37224000.0,10151000.0,-157571000.0,-240382000.0,0.0,-409004000.0,-84565000.0,6416000.0,456345000.0,0.0,-150917000.0,-150917000.0,-150917000.0,-33697000.0,0.0,-0.14,618981000.0,173777000.0,179184000.0,0.0,2.88,-84.315,-60.64,3386262000.0,0.0,30.32,11.773,11.708,33216000.0,-2763341000.0,1080840000.0,1080840000.0,0.0,-0.019,-0.04,0.012,0.077,24475000.0,123468000.0,1.0,419677495.0,417379000.0,417379000.0,2.59,4519316000.0,552008000.0,12242000.0,0.0,10.828,-352983000.0
62,AMT,MRT,2005-12-31,2005-12-31,2005-12-31,2021-07-29,-803000.0,8786854000.0,6830769000.0,225878000.0,8560976000.0,0.138,14.981,-88637000.0,112701000.0,112701000.0,256127000.0,-181359000.0,0.495,0.935,3613429000.0,162153000.0,3451276000.0,3613429000.0,77655000.0,411254000.0,0.0,0.0,0.0,46774000.0,458028000.0,0.485,458028000.0,46774000.0,-175645000.0,-0.6,-0.6,-0.6,4532027000.0,3007792500.0,4532027000.0,14691265475.0,314.0,32.075,308567000.0,1.02,1.0,688659000.0,0.729,4219863000.0,222419000.0,7611110000.0,6883131750.0,0.0,357294000.0,0.0,357294000.0,4235239000.0,456609000.0,3778630000.0,11160267475.0,-102856000.0,1947000.0,-3570000.0,-406444000.0,0.0,-419526000.0,-80534000.0,6156000.0,397204000.0,0.0,-181359000.0,-181359000.0,-181359000.0,1913000.0,0.0,-0.192,553545000.0,135114000.0,178951000.0,0.0,2.463,-61.537,-45.167,3460526000.0,0.0,27.1,11.812,8.677,36995000.0,-2761404000.0,944786000.0,944786000.0,0.0,-0.027,-0.06,0.007,0.05,15930000.0,108059000.0,1.0,411817988.0,302510000.0,302510000.0,3.123,4566991000.0,554652000.0,5714000.0,0.0,15.097,-230731000.0
63,AMT,MRT,2005-09-30,2005-09-30,2005-09-30,2021-07-29,0.0,8785659000.0,5910979500.0,243578000.0,8542081000.0,0.139,13.864,-72797000.0,109159000.0,109159000.0,192874000.0,-172517000.0,0.778,0.894,3640157000.0,2241000.0,3637916000.0,3640157000.0,74847000.0,329449000.0,0.0,0.0,0.0,17894000.0,347343000.0,0.423,347343000.0,17894000.0,-206944000.0,-0.73,-0.73,-0.73,4632498000.0,2245957250.0,4632498000.0,8769804933.0,490.0,25.248,254944000.0,0.763,1.0,628983000.0,0.765,4290263000.0,224838000.0,7713153000.0,6548767250.0,0.0,370768000.0,0.0,370768000.0,4141329000.0,313241000.0,3828088000.0,5775546933.0,-17674000.0,27871000.0,63133000.0,-353516000.0,0.0,-301393000.0,-44022000.0,904000.0,327741000.0,0.0,-172517000.0,-172517000.0,-172517000.0,107968000.0,0.0,-0.21,521552000.0,107431000.0,194160000.0,0.0,1.247,-33.478,-34.178,3404389000.0,0.0,24.95,7.027,10.144,37553000.0,-2623652000.0,821857000.0,821857000.0,0.0,-0.029,-0.077,0.003,0.022,17677000.0,138565000.0,1.0,231484847.0,334141000.0,334141000.0,2.46,4495396000.0,516272000.0,-34427000.0,0.0,13.454,-69663000.0
64,AMT,MRT,2005-06-30,2005-06-30,2005-06-30,2021-07-29,0.0,4825663000.0,4969867250.0,156496000.0,4669167000.0,0.148,6.154,-60041000.0,85622000.0,85622000.0,185706000.0,-210559000.0,0.575,2.389,3079880000.0,87955000.0,2991925000.0,3079880000.0,32281000.0,329449000.0,0.0,0.0,0.0,-34898000.0,294551000.0,0.399,294551000.0,-34898000.0,-267716000.0,-0.93,-0.93,-0.93,1420284000.0,1461472250.0,1420284000.0,7873000226.0,-226.0,26.729,216278000.0,0.937,1.0,552286000.0,0.748,1530811000.0,232818000.0,6016912000.0,6208178000.0,0.0,296647000.0,0.0,296647000.0,3393569000.0,272198000.0,3121371000.0,4848612226.0,-112234000.0,-12180000.0,42543000.0,-339111000.0,0.0,-317525000.0,-71028000.0,1193000.0,276319000.0,0.0,-210559000.0,-210559000.0,-210559000.0,79010000.0,0.0,-0.285,461066000.0,91220000.0,119623000.0,0.0,3.414,-23.027,-22.602,2192453000.0,0.0,21.02,6.57,6.574,23118000.0,-2602782000.0,737992000.0,737992000.0,0.0,-0.042,-0.144,-0.006,-0.047,14040000.0,112832000.0,1.0,230666614.0,230793000.0,230793000.0,3.198,3294852000.0,655346000.0,-57157000.0,0.0,14.276,-115702000.0
65,AMT,MRT,2005-03-31,2005-03-30,2005-03-30,2021-07-29,0.0,4924900000.0,5043550250.0,198520000.0,4726380000.0,0.143,6.284,-47230000.0,122797000.0,122797000.0,198682000.0,-239605000.0,1.003,2.397,3147185000.0,5350000.0,3141835000.0,3147185000.0,28422000.0,329449000.0,0.0,0.0,0.0,-66831000.0,262618000.0,0.364,262618000.0,-66831000.0,-314627000.0,-1.06,-1.06,-1.06,1446361000.0,1488169500.0,1446361000.0,7187436888.0,-108.0,27.368,230309000.0,1.001,1.0,523542000.0,0.725,1559912000.0,247796000.0,6191352000.0,6302763500.0,0.0,293045000.0,0.0,293045000.0,3466599000.0,198024000.0,3268575000.0,4109379888.0,24099000.0,-20100000.0,43785000.0,-317283000.0,0.0,-360750000.0,107310000.0,174640000.0,277539000.0,0.0,-239605000.0,-239605000.0,-239605000.0,43666000.0,0.0,-0.332,449933000.0,73609000.0,120666000.0,0.0,2.841,-17.151,-16.811,2231278000.0,0.0,17.82,5.69,5.679,30424000.0,-2570964000.0,722224000.0,722224000.0,0.0,-0.048,-0.161,-0.011,-0.093,11716000.0,97119000.0,1.0,230604932.0,230158000.0,230158000.0,3.138,3364988000.0,648235000.0,-75022000.0,0.0,14.62,496000.0
66,AMT,MRT,2004-12-31,2004-12-31,2004-12-31,2021-07-29,0.0,5107696000.0,5100807250.0,309037000.0,4798659000.0,0.139,6.618,-42181000.0,215557000.0,215557000.0,211462000.0,-255464000.0,0.925,2.432,3293614000.0,138386000.0,3155228000.0,3293614000.0,32681000.0,329449000.0,0.0,0.0,0.0,-76565000.0,252884000.0,0.358,252884000.0,-76565000.0,-338802000.0,-1.14,-1.14,-1.14,1484686000.0,1511458750.0,1484686000.0,7292639471.0,-95.0,28.838,174519000.0,0.778,1.0,495198000.0,0.701,1577986000.0,262237000.0,6273652000.0,6349023000.0,0.0,291779000.0,0.0,291779000.0,3610848000.0,334115000.0,3276733000.0,4201115471.0,110092000.0,-5363000.0,40556000.0,-230901000.0,0.0,-231428000.0,124820000.0,172364000.0,216700000.0,0.0,-255464000.0,-255464000.0,-255464000.0,8409000.0,0.0,-0.362,436419000.0,58779000.0,123582000.0,0.0,2.83,-16.445,-16.14,2273356000.0,0.0,18.4,5.945,5.841,38634000.0,-2580045000.0,706660000.0,706660000.0,0.0,-0.05,-0.169,-0.012,-0.108,10750000.0,83094000.0,1.0,228321493.0,224336000.0,224336000.0,3.15,3529710000.0,661628000.0,-83338000.0,0.0,15.734,-25078000.0
67,AMT,MRT,2004-09-30,2004-09-30,2004-09-30,2021-07-29,0.0,5021210000.0,5146546750.0,245129000.0,4776081000.0,0.123,6.647,-44286000.0,126833000.0,126833000.0,149960000.0,-234087000.0,1.394,2.344,3218357000.0,6722000.0,3211635000.0,3218357000.0,33154000.0,330414000.0,0.0,0.0,0.0,-52704000.0,277710000.0,0.44,277710000.0,-52704000.0,-323447000.0,-1.05,-1.05,-1.05,1494558000.0,1538182000.0,1494558000.0,6513750100.0,-124.0,23.455,181238000.0,0.806,1.0,480874000.0,0.762,1586067000.0,270743000.0,6350796000.0,6395723750.0,0.0,288536000.0,0.0,288536000.0,3502926000.0,175871000.0,3327055000.0,3444789100.0,60702000.0,9079000.0,25102000.0,-397046000.0,0.0,-129910000.0,-34912000.0,295000.0,225524000.0,0.0,-234087000.0,-234087000.0,-234087000.0,10032000.0,0.0,-0.371,439822000.0,41052000.0,104833000.0,0.0,2.305,-14.716,-14.619,2324343000.0,0.0,15.35,5.461,5.471,58256000.0,-2465373000.0,630834000.0,630834000.0,0.0,-0.045,-0.152,-0.008,-0.084,11188000.0,83777000.0,1.0,224416228.0,224839000.0,224839000.0,2.806,3435143000.0,591257000.0,-89360000.0,0.0,15.278,69258000.0
68,AMT,MRT,2004-06-30,2004-06-30,2004-06-30,2021-07-29,0.0,5120395000.0,5288821000.0,313670000.0,4806725000.0,0.12,6.83,-47583000.0,197856000.0,197856000.0,171328000.0,-232256000.0,1.585,2.338,3266817000.0,6495000.0,3260322000.0,3266817000.0,34445000.0,330414000.0,0.0,0.0,0.0,-33606000.0,296808000.0,0.466,296808000.0,-33606000.0,-307624000.0,-1.05,-1.05,-1.05,1527073000.0,1599453500.0,1527073000.0,6471357890.0,-193.0,21.803,163606000.0,0.732,1.0,465499000.0,0.731,1596238000.0,274018000.0,6395254000.0,6452892000.0,0.0,285821000.0,0.0,285821000.0,3569928000.0,197864000.0,3372064000.0,3396666890.0,90259000.0,-21557000.0,134043000.0,-329635000.0,0.0,-41625000.0,-79305000.0,-10165000.0,211189000.0,0.0,-232256000.0,-232256000.0,-232256000.0,24606000.0,0.0,-0.365,441633000.0,23866000.0,104285000.0,0.0,2.224,-14.625,-14.476,2386460000.0,0.0,15.2,5.334,5.336,60258000.0,-2405251000.0,636827000.0,636827000.0,0.0,-0.044,-0.145,-0.005,-0.053,11188000.0,83409000.0,1.0,223464927.0,223578000.0,223578000.0,2.848,3524157000.0,552328000.0,-75368000.0,0.0,15.763,115806000.0
69,AMT,MRT,2004-03-31,2004-03-31,2004-03-31,2021-07-29,0.0,5153928000.0,5402785250.0,334374000.0,4819554000.0,0.118,6.985,-53619000.0,217835000.0,217835000.0,189048000.0,-280190000.0,1.314,2.314,3292526000.0,82619000.0,3209907000.0,3292526000.0,37371000.0,330414000.0,0.0,0.0,0.0,-79497000.0,250917000.0,0.392,250917000.0,-79497000.0,-356695000.0,-1.32,-1.32,-1.32,1539518000.0,1634957500.0,1539518000.0,5580508270.0,-70.0,22.24,127424000.0,0.578,1.0,450769000.0,0.705,1597837000.0,277198000.0,6376390000.0,6487992250.0,0.0,282552000.0,0.0,282552000.0,3562798000.0,254392000.0,3308406000.0,2501504270.0,-2713000.0,-18512000.0,131118000.0,-301565000.0,0.0,72280000.0,-256036000.0,-183905000.0,181043000.0,0.0,-280190000.0,-280190000.0,-280190000.0,50919000.0,0.0,-0.438,443293000.0,7476000.0,100877000.0,0.0,1.625,-8.928,-8.598,2422001000.0,0.0,11.35,3.91,3.91,61691000.0,-2340054000.0,639817000.0,639817000.0,0.0,-0.052,-0.171,-0.012,-0.124,11188000.0,83723000.0,1.0,220396852.0,220408000.0,220408000.0,2.903,3556091000.0,531286000.0,-76505000.0,0.0,16.134,79982000.0
70,AMT,MRT,2003-12-31,2003-12-31,2003-12-31,2021-07-29,0.0,5290654000.0,5545027500.0,416653000.0,4874001000.0,0.114,7.648,-61608000.0,275501000.0,275501000.0,199799000.0,-328959000.0,1.411,2.301,3353011000.0,76627000.0,3276384000.0,3353011000.0,41449000.0,330414000.0,0.0,0.0,0.0,-134743000.0,195671000.0,0.309,195671000.0,-134743000.0,-414526000.0,-1.58,-1.58,-1.58,1591579000.0,1673608750.0,1591579000.0,5509476689.0,-41.0,28.157,94778000.0,0.455,1.0,432694000.0,0.684,1612432000.0,279783000.0,6460455000.0,6544664250.0,0.0,275508000.0,0.0,275508000.0,3661877000.0,295277000.0,3366600000.0,2375451689.0,-21827000.0,15676000.0,126847000.0,-39572000.0,0.0,47833000.0,-226046000.0,-180114000.0,156386000.0,0.0,-328959000.0,-328959000.0,-328959000.0,61633000.0,0.0,-0.52,445562000.0,-12868000.0,107557000.0,0.0,1.493,-7.221,-6.848,2483324000.0,0.0,10.82,3.756,3.56,57735000.0,-2291816000.0,632493000.0,632493000.0,0.0,-0.059,-0.197,-0.021,-0.213,11188000.0,83492000.0,1.0,219542670.0,208098000.0,208098000.0,3.039,3678222000.0,516859000.0,-85567000.0,0.0,17.675,121376000.0
71,AMT,MRT,2003-09-30,2003-09-30,2003-09-30,2021-07-29,-372000.0,5590307000.0,5629443250.0,608154000.0,4982153000.0,0.107,8.137,-70575000.0,349853000.0,349853000.0,249998000.0,-342534000.0,1.261,2.193,3483878000.0,185732000.0,3298146000.0,3483878000.0,39359000.0,327665000.0,0.0,0.0,0.0,-155505000.0,172160000.0,0.285,172160000.0,-155505000.0,-429674000.0,-1.7,-1.7,-1.7,1739644000.0,1687036750.0,1739644000.0,5431523267.0,-35.0,31.549,79460000.0,0.372,1.0,353762000.0,0.586,1662595000.0,274169000.0,6579469000.0,6568826000.0,0.0,273999000.0,0.0,273999000.0,3815605000.0,482268000.0,3333337000.0,2221890267.0,1271000.0,33223000.0,125600000.0,62041000.0,0.0,-130377000.0,-18387000.0,18965000.0,150035000.0,0.0,-342534000.0,-342534000.0,-342534000.0,54131000.0,0.0,-0.567,402168000.0,-48406000.0,92034000.0,0.0,1.277,-6.487,-5.971,2617408000.0,0.0,10.15,3.68,3.594,72435000.0,-2139230000.0,603760000.0,603760000.0,0.0,-0.061,-0.203,-0.024,-0.258,0.0,26743000.0,1.0,218905445.0,213788000.0,213788000.0,2.824,3927712000.0,441202000.0,-87140000.0,0.0,18.372,125886000.0
72,AMT,MRT,2003-06-30,2003-06-30,2003-06-30,2021-07-29,-980000.0,5576252000.0,5664516250.0,585144000.0,4991108000.0,0.104,8.226,-81923000.0,300482000.0,300482000.0,255323000.0,-638120000.0,1.042,2.321,3510115000.0,234246000.0,3275869000.0,3510115000.0,36663000.0,327665000.0,0.0,0.0,0.0,-444043000.0,-116378000.0,-0.197,-116378000.0,-444043000.0,-712024000.0,-3.24,-3.24,-3.24,1669089000.0,1696146750.0,1669089000.0,5062630469.0,-11.0,-43.502,41341000.0,0.204,1.0,336509000.0,0.569,1688912000.0,267981000.0,6535655000.0,6719058500.0,0.0,255701000.0,0.0,255701000.0,3873729000.0,561318000.0,3312411000.0,1795317469.0,78126000.0,90835000.0,2889000.0,92663000.0,0.0,-77668000.0,32530000.0,23618000.0,123264000.0,0.0,-638120000.0,-638120000.0,-638120000.0,244990000.0,0.0,-1.078,475323000.0,-138814000.0,92422000.0,0.0,1.076,-2.813,-2.731,2634575000.0,0.0,8.85,3.033,3.034,75940000.0,-2086368000.0,591832000.0,591832000.0,0.0,-0.113,-0.376,-0.066,-0.75,0.0,27072000.0,1.0,202860731.0,202913000.0,202913000.0,2.917,3887340000.0,424967000.0,-73904000.0,0.0,19.158,23826000.0
73,AMT,MRT,2003-03-31,2003-03-31,2003-03-31,2021-07-29,-9097000.0,5722897000.0,5798030750.0,660370000.0,5062527000.0,0.1,8.657,-116067000.0,318599000.0,318599000.0,261921000.0,-626157000.0,0.997,2.359,3585912000.0,285275000.0,3300637000.0,3585912000.0,45347000.0,327665000.0,0.0,0.0,0.0,-444650000.0,-116985000.0,-0.201,-116985000.0,-444650000.0,-706967000.0,-3.2,-3.2,-3.2,1694123000.0,1810978750.0,1694123000.0,4410875325.0,-10.0,-37.705,4144000.0,0.021,1.0,320466000.0,0.55,1724509000.0,262317000.0,6603078000.0,6947867000.0,9267000.0,248698000.0,0.0,248698000.0,3996738000.0,662623000.0,3334115000.0,1080208325.0,71847000.0,92571000.0,1305000.0,145133000.0,0.0,-47973000.0,-391000.0,23105000.0,120211000.0,0.0,-626157000.0,-626157000.0,-626157000.0,250943000.0,0.0,-1.075,471449000.0,-150983000.0,112866000.0,0.0,0.638,-1.725,-1.725,2695440000.0,0.0,5.52,1.855,1.855,93619000.0,-1978653000.0,582387000.0,582387000.0,1027000.0,-0.108,-0.346,-0.064,-0.763,0.0,26581000.0,1.0,195689914.0,195703000.0,195703000.0,2.976,3998388000.0,406929000.0,-80810000.0,0.0,20.431,-2253000.0
74,AMT,MRT,2002-12-31,2002-12-31,2002-12-31,2021-07-29,-5564000.0,5628317000.0,6050675750.0,590776000.0,5037541000.0,0.095,8.418,-180497000.0,127292000.0,127292000.0,272015000.0,-1163540000.0,0.861,2.402,3441794000.0,269858000.0,3171936000.0,3441794000.0,38733000.0,327665000.0,0.0,0.0,0.0,-990336000.0,-662671000.0,-1.147,-662671000.0,-990336000.0,-1244681000.0,-5.95,-5.95,-5.95,1645291000.0,2084195750.0,1645291000.0,4241894004.0,-4.0,-6.401,-75348000.0,-0.386,1.0,305779000.0,0.529,1699439000.0,254345000.0,6557102000.0,7168829750.0,0.0,261996000.0,0.0,261996000.0,3951892000.0,686278000.0,3265614000.0,690345004.0,91334000.0,52992000.0,1305000.0,11730000.0,0.0,101442000.0,-115257000.0,12248000.0,105149000.0,0.0,-1163540000.0,-1163540000.0,-1163540000.0,255119000.0,0.0,-2.014,459266000.0,-153487000.0,113380000.0,0.0,0.42,-0.593,-0.593,2650490000.0,0.0,3.53,1.195,1.194,86844000.0,-1966495000.0,577794000.0,577794000.0,0.0,-0.192,-0.558,-0.138,-1.714,0.0,30229000.0,1.0,195565157.0,195454000.0,195454000.0,2.956,3928878000.0,438727000.0,-81141000.0,0.0,20.101,-95502000.0
75,AMT,MRT,2002-09-30,2002-09-30,2002-09-30,2021-07-29,-6857000.0,5730599000.0,6351027250.0,353545000.0,5377054000.0,0.065,9.082,-266471000.0,64860000.0,64860000.0,142153000.0,-1261086000.0,1.124,2.21,3616409000.0,53685000.0,3562724000.0,3616409000.0,50216000.0,356713000.0,0.0,0.0,0.0,-1105238000.0,-748525000.0,-1.814,-748525000.0,-1105238000.0,-1354239000.0,-6.46,-6.46,-6.46,1776084000.0,2386687750.0,1776084000.0,3852188600.0,-3.0,-5.146,-182201000.0,-0.932,1.0,270524000.0,0.656,1787213000.0,249001000.0,7180399000.0,7380631500.0,20145000.0,140796000.0,0.0,140796000.0,3924515000.0,314536000.0,3609979000.0,310948600.0,-211234000.0,-104470000.0,1897000.0,49886000.0,0.0,103848000.0,-399352000.0,-28411000.0,84270000.0,0.0,-1261086000.0,-1261086000.0,-1261086000.0,305185000.0,0.0,-3.056,487640000.0,-217116000.0,150881000.0,0.0,0.175,-0.247,-0.246,2989989000.0,0.0,1.59,0.753,0.753,152699000.0,-1834586000.0,412677000.0,412677000.0,-3562000.0,-0.199,-0.528,-0.15,-2.678,0.0,35548000.0,1.0,195565157.0,195565000.0,195565000.0,2.11,3943386000.0,357612000.0,-93153000.0,21744000.0,20.164,39009000.0
76,AMT,MRT,2002-06-30,2002-06-30,2002-06-30,2021-07-29,-8916000.0,6110310000.0,6648004750.0,403318000.0,5706992000.0,0.077,10.895,-379923000.0,76941000.0,76941000.0,250991000.0,-1032147000.0,1.246,1.857,3618181000.0,40375000.0,3577806000.0,3618181000.0,47897000.0,356713000.0,0.0,0.0,0.0,-885909000.0,-529196000.0,-1.035,-529196000.0,-885909000.0,-1145675000.0,-5.3,-5.3,-5.3,2128417000.0,2695319750.0,2128417000.0,4199656480.0,-5.0,-7.936,-307123000.0,-1.572,1.0,260469000.0,0.509,1876996000.0,259766000.0,7450889000.0,7413167250.0,24267000.0,140322000.0,0.0,140322000.0,3952921000.0,323665000.0,3629256000.0,673745480.0,-411371000.0,-306901000.0,987000.0,67700000.0,0.0,131212000.0,-615383000.0,71441000.0,72800000.0,0.0,-1032147000.0,-1032147000.0,-1032147000.0,101200000.0,0.0,-2.018,440696000.0,-180227000.0,172820000.0,0.0,0.317,-0.653,-0.651,3237943000.0,0.0,3.45,1.317,1.318,167270000.0,-1480709000.0,511460000.0,511460000.0,-1826000.0,-0.155,-0.383,-0.12,-1.732,0.0,36079000.0,1.0,195288545.0,195361000.0,195361000.0,2.618,4233314000.0,356904000.0,-113528000.0,0.0,21.669,79653000.0
77,AMT,MRT,2002-03-31,2002-03-31,2002-03-31,2021-07-29,-12404000.0,6733477000.0,6871026750.0,424587000.0,6308890000.0,0.086,14.271,-502705000.0,77063000.0,77063000.0,347604000.0,-1034919000.0,1.444,1.406,3602974000.0,26462000.0,3576512000.0,3602974000.0,44718000.0,356713000.0,0.0,0.0,0.0,-884479000.0,-527766000.0,-0.891,-527766000.0,-884479000.0,-1148769000.0,-5.32,-5.32,-5.32,2786991000.0,2927272500.0,2786991000.0,4282898937.0,-5.0,-8.115,-460467000.0,-2.358,1.0,244730000.0,0.413,2478514000.0,264290000.0,7486929000.0,7338903500.0,48802000.0,153244000.0,0.0,153244000.0,3918312000.0,293945000.0,3624367000.0,1073030937.0,-962372000.0,-709044000.0,3362000.0,56092000.0,0.0,128865000.0,-1133475000.0,78274000.0,42238000.0,0.0,-1034919000.0,-1034919000.0,-1034919000.0,70625000.0,0.0,-1.747,454183000.0,-209453000.0,170233000.0,0.0,0.385,-1.037,-1.034,3280521000.0,0.0,5.5,1.812,1.813,191119000.0,-816922000.0,592334000.0,592334000.0,-296000.0,-0.151,-0.354,-0.121,-1.493,0.0,36012000.0,1.0,195096534.0,195288000.0,195288000.0,3.033,4254963000.0,297895000.0,-113850000.0,0.0,21.788,130642000.0
78,AMT,MRT,2001-12-31,2001-12-31,2001-12-31,2021-07-29,-16057000.0,6829723000.0,6956861000.0,522207000.0,6307516000.0,0.094,14.903,-568158000.0,130029000.0,130029000.0,421327000.0,-472037000.0,1.524,1.382,3555240000.0,12585000.0,3542655000.0,3555240000.0,56098000.0,356713000.0,0.0,0.0,0.0,-318559000.0,38154000.0,0.058,38154000.0,-318559000.0,-585758000.0,-2.46,-2.46,-2.46,2855259000.0,3015820500.0,2855259000.0,5057432177.0,-16.0,132.553,-542088000.0,-2.829,1.0,233650000.0,0.357,2507911000.0,267199000.0,7404309000.0,7129067000.0,49332000.0,266817000.0,0.0,266817000.0,3946590000.0,342714000.0,3603876000.0,1847564177.0,-46080000.0,-811102000.0,366671000.0,1100367000.0,0.0,1373153000.0,-1445303000.0,-66043000.0,26070000.0,0.0,-472037000.0,-472037000.0,-472037000.0,58990000.0,0.0,-0.721,470519000.0,-236869000.0,174921000.0,0.0,0.647,-3.914,-3.85,3287573000.0,0.0,9.47,2.821,2.77,229065000.0,-745151000.0,654977000.0,654977000.0,0.0,-0.068,-0.157,-0.045,-0.486,0.0,34310000.0,1.0,195096534.0,191586000.0,191586000.0,3.419,4321812000.0,269351000.0,-113721000.0,0.0,22.558,179493000.0
79,AMT,MRT,2001-09-30,2001-09-30,2001-09-30,2021-07-29,-22290000.0,6918509000.0,6664600000.0,740192000.0,6178317000.0,0.12,15.588,-652729000.0,338319000.0,338319000.0,928113000.0,-354856000.0,2.436,1.294,3548187000.0,12169000.0,3536018000.0,3548187000.0,50948000.0,241211000.0,0.0,0.0,0.0,-201397000.0,39814000.0,0.05,39814000.0,-201397000.0,-450983000.0,-1.87,-1.87,-1.87,3010612000.0,3017176750.0,3010612000.0,5684604527.0,-28.0,142.779,-675183000.0,-3.496,1.0,-126813000.0,-0.158,2513923000.0,249586000.0,7310542000.0,6577330000.0,50414000.0,0.0,0.0,0.0,3897075000.0,303912000.0,3593163000.0,2654715527.0,69624000.0,-893300000.0,368571000.0,1415883000.0,0.0,1684912000.0,-1592834000.0,-46805000.0,-22454000.0,0.0,-354856000.0,-354856000.0,-354856000.0,11145000.0,0.0,-0.443,386487000.0,-513300000.0,171331000.0,0.0,0.882,-7.481,-7.428,3177651000.0,0.0,13.89,3.313,3.348,272216000.0,-595442000.0,801300000.0,801300000.0,10976000.0,-0.053,-0.118,-0.031,-0.251,0.0,23888000.0,1.0,191124228.0,193135000.0,193135000.0,4.149,4404586000.0,241817000.0,-96127000.0,0.0,22.806,436280000.0
80,AMT,MRT,2001-06-30,2001-06-30,2001-06-30,2021-07-29,-15889000.0,7002398000.0,6222103500.0,1070239000.0,5932159000.0,0.118,16.022,-664696000.0,560599000.0,560599000.0,727610000.0,-269445000.0,3.421,1.287,3590488000.0,10921000.0,3579567000.0,3590488000.0,54340000.0,132589000.0,0.0,0.0,0.0,-136996000.0,-4407000.0,-0.006,-4407000.0,-136996000.0,-354851000.0,-1.44,-1.44,-1.44,3056228000.0,2965657500.0,3056228000.0,6383582585.0,-47.0,-1448.51,-673420000.0,-3.53,1.0,8919000.0,0.012,2565633000.0,217855000.0,7153834000.0,5850045500.0,61401000.0,114723000.0,114723000.0,0.0,3934140000.0,312820000.0,3621320000.0,3941784585.0,-77916000.0,-868641000.0,370065000.0,1400993000.0,0.0,1614276000.0,-1683468000.0,-150131000.0,-8724000.0,0.0,-269445000.0,-269445000.0,-269445000.0,9107000.0,0.0,-0.366,348244000.0,-339325000.0,154431000.0,0.0,1.29,-14.629,-14.354,2912155000.0,0.0,20.67,5.352,5.353,253899000.0,-470504000.0,736529000.0,736529000.0,14551000.0,-0.043,-0.091,-0.023,-0.186,0.0,19977000.0,1.0,190700754.0,190755000.0,190755000.0,3.861,4436765000.0,213883000.0,-85406000.0,0.0,23.259,757419000.0
81,AMT,MRT,2001-03-31,2001-03-31,2001-03-31,2021-07-29,-15999000.0,7076814000.0,5743590000.0,1643198000.0,5433616000.0,0.114,16.782,-587294000.0,1120907000.0,1120907000.0,664673000.0,-224137000.0,5.324,1.242,3562705000.0,8358000.0,3554347000.0,3562705000.0,53690000.0,241211000.0,0.0,0.0,0.0,-112452000.0,128759000.0,0.196,128759000.0,-112452000.0,-298683000.0,-1.26,-1.26,-1.26,3141183000.0,2909303500.0,3141183000.0,5062899211.0,-45.0,39.321,-636210000.0,-3.399,1.0,-7808000.0,-0.012,2562367000.0,186231000.0,6647583000.0,5089376750.0,52515000.0,307838000.0,122337000.0,185501000.0,3902277000.0,308662000.0,3593615000.0,3310142211.0,851203000.0,-730119000.0,891849000.0,1668532000.0,0.0,2401768000.0,-1501649000.0,-243812000.0,-48916000.0,0.0,-224137000.0,-224137000.0,-224137000.0,6213000.0,0.0,-0.341,313856000.0,-321664000.0,160900000.0,0.0,1.054,-14.768,-14.683,2431049000.0,0.0,18.5,5.039,5.272,267958000.0,-366564000.0,656865000.0,656865000.0,16190000.0,-0.039,-0.077,-0.022,-0.171,0.0,16654000.0,1.0,178926606.0,187179000.0,187179000.0,3.509,4514447000.0,186264000.0,-74546000.0,0.0,24.118,1334536000.0
82,AMT,MRT,2000-12-31,2000-12-31,2000-12-31,2021-07-29,0.0,5660679000.0,5038171500.0,471152000.0,5189527000.0,0.101,16.956,-541347000.0,128074000.0,128074000.0,346613000.0,-194628000.0,1.582,0.967,2468223000.0,11178000.0,2457045000.0,2468223000.0,48248000.0,241211000.0,0.0,0.0,0.0,-108823000.0,132388000.0,0.26,132388000.0,-108823000.0,-260525000.0,-1.15,-1.15,-1.15,2860684000.0,2664314750.0,2860684000.0,8530496835.0,-78.0,64.436,-578521000.0,-3.429,1.0,163301000.0,0.32,2505681000.0,151702000.0,5197361000.0,4396017750.0,47872000.0,173483000.0,0.0,173483000.0,2767303000.0,297786000.0,2469517000.0,6777739835.0,56826000.0,-1368024000.0,535435000.0,1642845000.0,0.0,2093214000.0,-1999214000.0,-89843000.0,-37174000.0,0.0,-194628000.0,-194628000.0,-194628000.0,6213000.0,0.0,-0.382,270602000.0,-107301000.0,74046000.0,0.0,2.369,-34.824,-32.939,2296670000.0,0.0,37.88,13.292,12.533,237663000.0,-295057000.0,509914000.0,509914000.0,14433000.0,-0.039,-0.073,-0.025,-0.213,0.0,14958000.0,1.0,178926606.0,168715000.0,168715000.0,3.022,3154998000.0,155561000.0,-65897000.0,0.0,18.7,173366000.0
83,AMT,MRT,2000-09-30,2000-09-30,2000-09-30,2021-07-29,0.0,5148523000.0,4377718250.0,482918000.0,4665605000.0,0.133,15.751,-444967000.0,206470000.0,206470000.0,256933000.0,-158410000.0,2.121,0.813,1959227000.0,7834000.0,1951393000.0,1959227000.0,42446000.0,132539000.0,0.0,0.0,0.0,-77956000.0,54583000.0,0.094,54583000.0,-77956000.0,-200290000.0,-0.97,-0.97,-0.97,2804535000.0,2483251250.0,2804535000.0,8176544793.0,-105.0,149.8,-468117000.0,-2.629,1.0,323570000.0,0.557,2272183000.0,122334000.0,4401404000.0,3648075500.0,33127000.0,170222000.0,0.0,170222000.0,2279672000.0,227693000.0,2051979000.0,6740165793.0,164759000.0,-1390409000.0,532982000.0,1690633000.0,0.0,2170300000.0,-1982391000.0,-284708000.0,-23150000.0,0.0,-158410000.0,-158410000.0,-158410000.0,0.0,0.0,-0.273,261450000.0,62120000.0,46662000.0,0.0,2.403,-42.549,-38.856,2002900000.0,0.0,37.69,11.611,11.561,200664000.0,-240586000.0,580503000.0,580503000.0,10800000.0,-0.036,-0.064,-0.021,-0.134,0.0,12766000.0,1.0,178831674.0,178056000.0,178056000.0,3.26,2876340000.0,156180000.0,-41880000.0,0.0,16.154,255225000.0
84,AMT,MRT,2000-06-30,2000-06-30,2000-06-30,2021-07-29,0.0,5088344000.0,3745727000.0,740101000.0,4348243000.0,0.117,17.58,-356878000.0,518758000.0,518758000.0,296694000.0,-131974000.0,3.605,0.785,1955137000.0,5708000.0,1949429000.0,1955137000.0,32904000.0,241161000.0,0.0,0.0,0.0,-74687000.0,166474000.0,0.379,166474000.0,-74687000.0,-161227000.0,-0.83,-0.83,-0.83,2830812000.0,2320073750.0,2830812000.0,8342724514.0,-112.0,50.114,-354238000.0,-2.2,1.0,142390000.0,0.324,2208288000.0,86540000.0,4111159000.0,2948754750.0,27163000.0,161906000.0,0.0,161906000.0,2223010000.0,205276000.0,2017734000.0,6599850514.0,165537000.0,-1431439000.0,531445000.0,1785842000.0,0.0,2263675000.0,-2100778000.0,-333757000.0,2640000.0,0.0,-131974000.0,-131974000.0,-131974000.0,0.0,0.0,-0.301,214834000.0,-72444000.0,38814000.0,0.0,2.331,-50.009,-50.229,1774076000.0,0.0,41.69,15.031,15.289,161062000.0,-201059000.0,439084000.0,439084000.0,6233000.0,-0.035,-0.057,-0.025,-0.17,0.0,11579000.0,1.0,158307760.0,161021000.0,161021000.0,2.727,2880056000.0,142189000.0,-29253000.0,0.0,17.886,534825000.0
85,AMT,MRT,2000-03-31,2000-03-31,2000-03-31,2021-07-29,0.0,4255140000.0,3103285000.0,303514000.0,3951626000.0,0.107,13.808,-330047000.0,140733000.0,140733000.0,210604000.0,-83225000.0,1.7,0.955,1883607000.0,4862000.0,1878745000.0,1883607000.0,29495000.0,132539000.0,0.0,0.0,0.0,-41984000.0,90555000.0,0.273,90555000.0,-41984000.0,-95625000.0,-0.53,-0.53,-0.53,2161228000.0,2151441750.0,2161228000.0,8469689477.0,-202.0,93.531,-279852000.0,-1.788,1.0,120586000.0,0.364,1945305000.0,53641000.0,3874147000.0,2213329500.0,25309000.0,133967000.0,0.0,133967000.0,2063522000.0,178562000.0,1884960000.0,7754079477.0,-342530000.0,-1220701000.0,9158000.0,1514185000.0,0.0,1463641000.0,-1856366000.0,-250232000.0,50195000.0,0.0,-83225000.0,-83225000.0,-83225000.0,0.0,0.0,-0.251,176181000.0,-55595000.0,32689000.0,0.0,3.588,-93.17,-93.17,1668854000.0,0.0,49.38,23.413,23.336,118346000.0,-142427000.0,331190000.0,331190000.0,2327000.0,-0.027,-0.039,-0.019,-0.127,0.0,10786000.0,1.0,157028746.0,156515000.0,156515000.0,2.116,2309835000.0,125414000.0,-12400000.0,0.0,14.758,124952000.0
86,AMT,MRT,1999-12-31,1999-12-31,1999-12-31,2021-07-29,0.0,3018866000.0,2671634250.0,129607000.0,2889259000.0,0.097,14.267,-272670000.0,25212000.0,25212000.0,155857000.0,-50727000.0,1.037,0.405,740822000.0,4736000.0,736086000.0,740822000.0,17515000.0,132539000.0,0.0,0.0,0.0,-23021000.0,109518000.0,0.424,109518000.0,-23021000.0,-50513000.0,-0.34,-0.34,-0.34,2136430000.0,2150765500.0,2136430000.0,5095186215.0,-221.0,46.524,-201478000.0,-1.345,1.0,102224000.0,0.396,1403897000.0,27492000.0,2205592000.0,1510403500.0,11262000.0,134396000.0,0.0,134396000.0,865130000.0,124987000.0,740143000.0,4758257215.0,-160963000.0,-588384000.0,634727000.0,311986000.0,0.0,880122000.0,-1112277000.0,-251223000.0,71192000.0,0.0,-50727000.0,-50727000.0,-50727000.0,0.0,0.0,-0.197,143282000.0,-41058000.0,25564000.0,0.0,2.227,-93.801,-89.882,1092346000.0,0.0,30.56,18.437,17.732,71845000.0,-100429000.0,258081000.0,258081000.0,1607000.0,-0.019,-0.024,-0.015,-0.089,0.0,9136000.0,1.0,155702134.0,149749000.0,149749000.0,1.723,1614969000.0,115970000.0,214000.0,0.0,10.785,4620000.0
87,AMT,MRT,1999-09-30,1999-09-30,1999-09-30,2021-07-29,0.0,2620558000.0,2292503500.0,119539000.0,2501019000.0,0.088,13.827,-224028000.0,41711000.0,41711000.0,117516000.0,-44522000.0,1.541,0.212,378640000.0,2653000.0,375987000.0,378640000.0,11246000.0,52064000.0,0.0,0.0,0.0,-21318000.0,30746000.0,0.153,30746000.0,-21318000.0,-45021000.0,-0.3,-0.3,-0.3,2151825000.0,1888565500.0,2151825000.0,2985763609.0,-140.0,97.111,-151916000.0,-0.976,1.0,83643000.0,0.416,1275807000.0,23703000.0,1604121000.0,1149777250.0,7123000.0,86851000.0,0.0,86851000.0,456915000.0,77559000.0,379356000.0,3054863609.0,-271743000.0,-429589000.0,633953000.0,-67589000.0,0.0,515370000.0,-859225000.0,-67915000.0,72112000.0,0.0,-44522000.0,-44522000.0,-44522000.0,0.0,0.0,-0.221,121683000.0,-38040000.0,15497000.0,0.0,1.42,-68.615,-65.433,892245000.0,0.0,19.63,15.186,15.187,60813000.0,-82176000.0,201159000.0,201159000.0,1301000.0,-0.019,-0.024,-0.019,-0.106,0.0,8241000.0,1.0,155622191.0,155625000.0,155625000.0,1.293,1344751000.0,113498000.0,-499000.0,0.0,8.641,41980000.0
88,AMT,MRT,1999-06-30,1999-06-30,1999-06-30,2021-07-29,0.0,2518576000.0,1691669920.0,417176000.0,2101400000.0,0.097,13.858,-203488000.0,353221000.0,353221000.0,94447000.0,-44899000.0,6.26,0.163,284121000.0,2316000.0,281805000.0,284121000.0,8943000.0,52064000.0,0.0,0.0,0.0,-22292000.0,29772000.0,0.181,29772000.0,-22292000.0,-47158000.0,-0.35,-0.35,-0.35,2156284000.0,1385170950.0,2156284000.0,3538502944.0,-159.0,118.853,-150481000.0,-0.967,1.0,69651000.0,0.424,1213374000.0,24866000.0,1169458000.0,791689171.0,3634000.0,28575000.0,0.0,28575000.0,350994000.0,66644000.0,284350000.0,3733894944.0,289505000.0,-249241000.0,961055000.0,-180928000.0,0.0,723128000.0,-486630000.0,-12605000.0,53007000.0,0.0,-44899000.0,-44899000.0,-44899000.0,0.0,0.0,-0.274,102536000.0,-32885000.0,8075000.0,0.0,1.732,-83.162,-68.571,725846000.0,0.0,24.0,22.754,22.758,51253000.0,-69085000.0,164098000.0,164098000.0,557000.0,-0.027,-0.032,-0.028,-0.136,0.0,7547000.0,1.0,155578956.0,155604000.0,155604000.0,1.055,1305202000.0,116574000.0,-2259000.0,0.0,8.388,350532000.0
89,AMT,MRT,1999-03-31,1999-03-31,1999-03-31,2021-07-29,0.0,2528537000.0,1106856776.0,539837000.0,1988700000.0,0.116,16.444,-159145000.0,483263000.0,483263000.0,75216000.0,-54815000.0,8.144,0.164,287871000.0,2470000.0,285401000.0,287871000.0,8045000.0,52064000.0,0.0,0.0,0.0,-33302000.0,18762000.0,0.147,18762000.0,-33302000.0,-60102000.0,-0.64,-0.64,-0.64,2158523000.0,879897649.0,2158523000.0,3946190756.0,-118.0,210.329,-130411000.0,-0.993,1.0,52811000.0,0.412,1204414000.0,26800000.0,1062443000.0,526044499.0,3950000.0,13685000.0,0.0,13685000.0,353670000.0,66288000.0,287382000.0,3851236756.0,476463000.0,-243240000.0,1309500000.0,-155865000.0,0.0,862424000.0,-414695000.0,-12196000.0,28734000.0,0.0,-54815000.0,-54815000.0,-54815000.0,0.0,0.0,-0.428,90310000.0,-37499000.0,8955000.0,0.0,1.784,-70.259,-38.281,642638000.0,0.0,24.5,30.081,25.12,44111000.0,-59202000.0,128027000.0,128027000.0,267000.0,-0.05,-0.062,-0.063,-0.26,0.0,6340000.0,1.0,157193337.0,131269000.0,131269000.0,0.975,1324123000.0,116714000.0,-5287000.0,0.0,10.087,473549000.0
90,AMT,MRT,1998-12-31,1998-12-31,1998-12-31,2021-07-29,0.0,1502343000.0,607975980.0,207585000.0,1294758000.0,0.17,13.632,-126455000.0,186175000.0,186175000.0,61751000.0,-46842000.0,1.795,0.365,281129000.0,1652000.0,279477000.0,281129000.0,6610000.0,52064000.0,0.0,0.0,0.0,-28104000.0,23960000.0,0.231,23960000.0,-28104000.0,-51333000.0,-0.59,-0.59,-0.59,1087630000.0,398446171.0,1087630000.0,3177197045.0,-113.0,132.604,-108026000.0,-1.354,1.0,41793000.0,0.404,718575000.0,23229000.0,763087000.0,338471006.0,0.0,7585000.0,0.0,7585000.0,396541000.0,115635000.0,280906000.0,3209046045.0,181579000.0,-208717000.0,707059000.0,48833000.0,0.0,513527000.0,-350377000.0,-15205000.0,18429000.0,0.0,-46842000.0,-46842000.0,-46842000.0,0.0,0.0,-0.452,69935000.0,-28142000.0,51823000.0,0.0,2.95,-68.508,-50.102,449476000.0,0.0,29.56,30.992,22.778,16850000.0,-49702000.0,103544000.0,103544000.0,0.0,-0.077,-0.118,-0.083,-0.271,0.0,5099000.0,1.0,108560421.0,79786000.0,79786000.0,1.298,783768000.0,109913000.0,-4491000.0,0.0,9.823,91950000.0
91,AMT,MRT,1998-09-30,1998-09-30,1998-09-30,2021-07-29,0.0,217223678.0,296229480.0,33986024.0,183237654.0,0.274,1.321,-87979000.0,786073.0,786073.0,51238000.0,-36356000.0,2.144,0.571,63513521.0,600696.0,62912825.0,63513521.0,362408.0,6326000.0,0.0,0.0,0.0,-22969000.0,-16643000.0,-0.205,-16643000.0,-22969000.0,-41714000.0,-0.55,-0.55,-0.55,138246799.0,164684171.0,138246799.0,2966687805.0,-129.0,-178.254,-78306000.0,-0.748,1.0,29853000.0,0.368,92333055.0,18745000.0,171768683.0,201028006.0,3572624.0,8047011.0,0.0,8047011.0,78976879.0,15849388.0,63127491.0,2729879805.0,311158000.0,-261656000.0,707399000.0,104519000.0,0.0,671865000.0,-370380000.0,-23074000.0,9673000.0,0.0,-36356000.0,-36356000.0,-36356000.0,0.0,0.0,-0.448,53037000.0,-23184000.0,12555104.0,0.0,19.746,-75.087,-46.364,80524265.0,0.0,25.5,33.664,32.899,28412780.0,8150957.0,81091000.0,81091000.0,0.0,-0.123,-0.221,-0.114,-0.283,0.0,3803000.0,1.0,107054110.0,104621000.0,104621000.0,0.775,124890623.0,0.0,-5358000.0,214666.0,1.194,18136636.0
92,AMT,MRT,1998-06-30,1998-06-30,1998-06-30,2021-07-29,0.0,179323425.0,250014377.0,30056713.0,149266712.0,0.221,2.413,-46751995.0,4349324.0,4349324.0,34546000.0,-23432000.0,2.446,0.326,32186155.0,554696.0,31631459.0,32186155.0,758932.0,6790787.0,0.0,0.0,0.0,-14211000.0,-7420213.0,-0.135,-7420213.0,-14211000.0,-26835000.0,-0.43,-0.43,-0.43,135190797.0,134748538.0,135190797.0,1371596189.0,-97.0,-184.846,-46567942.0,-0.831,1.0,20588000.0,0.373,87993151.0,12624000.0,106879314.0,164605301.0,3430868.0,7889650.0,0.0,7889650.0,44132628.0,12287791.0,31844837.0,1221245958.0,60902735.0,-242899000.0,380429679.0,120905941.0,0.0,367804620.0,-307085938.0,-19763943.0,184053.0,0.0,-23432000.0,-23432000.0,-23432000.0,0.0,0.0,-0.425,35836000.0,-15248000.0,8802734.0,0.0,9.033,-52.119,-58.0,50847107.0,0.0,24.94,22.151,25.347,21097524.0,7896297.0,55134000.0,55134000.0,0.0,-0.094,-0.174,-0.086,-0.258,0.0,2620000.0,1.0,48967360.0,56034000.0,56034000.0,0.984,91330274.0,287849.0,-3403000.0,213378.0,1.63,17768922.0
93,AMT,MRT,1998-03-31,1998-03-31,1998-03-31,2021-07-29,0.0,533013818.0,,16969473.0,516044345.0,,4.775,-25080270.0,6799598.0,6799598.0,20208000.0,-3739000.0,0.119,1.288,157149829.0,112409.0,157037420.0,157149829.0,2556715.0,6790787.0,0.0,0.0,0.0,1181000.0,7971787.0,0.234,7971787.0,1181000.0,-4193000.0,-0.08,-0.08,-0.08,232717089.0,,232717089.0,,,,-17846484.0,-0.366,1.0,13859000.0,0.407,229188742.0,5374000.0,312149028.0,,0.0,1000000.0,0.0,1000000.0,299696489.0,142026279.0,157670210.0,985404363.0,4204665.0,-211888000.0,30112679.0,119024462.0,0.0,251466760.0,-254495881.0,-16020943.0,7233786.0,0.0,-3739000.0,-3739000.0,-3739000.0,0.0,0.0,-0.11,13421000.0,438000.0,2581420.0,0.0,4.234,-263.548,-251.5,156827010.0,0.0,20.12,28.925,28.781,8770490.0,-4387031.0,34067000.0,34067000.0,0.0,,,,0.035,0.0,1797000.0,1.0,48976360.0,48732000.0,48732000.0,0.699,303825076.0,123335206.0,-454000.0,125210000.0,6.235,-125056806.0
94,AMT,MRT,1997-12-31,1997-12-31,1997-12-31,2021-07-29,0.0,255357000.0,146237326.0,8688000.0,246669000.0,0.12,3.131,-20614000.0,4596000.0,4596000.0,8713000.0,-2270000.0,0.789,0.665,90176000.0,110000.0,90066000.0,90176000.0,1752000.0,6326000.0,0.0,,0.0,297000.0,6623000.0,0.378,6623000.0,297000.0,-2743000.0,-0.05,-0.05,-0.05,152582000.0,90890719.0,152582000.0,,,,-10701000.0,-0.22,1.0,8795000.0,0.502,116616000.0,3040000.0,213315000.0,118079468.0,0.0,10700000.0,0.0,10700000.0,101523000.0,11006000.0,90517000.0,,2222000.0,-184076000.0,0.0,85641000.0,0.0,209092000.0,-216783000.0,-12093000.0,9913000.0,0.0,-2270000.0,-2270000.0,-2270000.0,0.0,0.0,-0.13,7862000.0,933000.0,3738000.0,0.0,,,,117618000.0,0.0,,,,3239000.0,-2860000.0,17508000.0,17508000.0,0.0,-0.016,-0.025,0.003,0.017,0.0,1536000.0,1.0,48976360.0,48732000.0,48732000.0,0.359,138741000.0,63000.0,-473000.0,418000.0,2.847,-2318000.0
95,AMT,MRT,1997-09-30,1997-09-30,1997-09-30,2021-07-29,0.0,32363264.0,,22088814.0,10274450.0,,0.38,,989720.0,989720.0,,,1.879,0.749,7973789.0,5961708.0,2012081.0,7973789.0,597939.0,,0.0,,0.0,,,,,,,,,,18504267.0,,18504267.0,,,,,,1.0,,,1512555.0,,26077862.0,,2664239.0,769850.0,769850.0,0.0,13858997.0,11756916.0,2102081.0,,,,,,,,,,,,,,,,,,,,4021694.0,,,,,8429906.0,,,,,16973768.0,6409835.0,,,,,,,,,,1.0,,48732000.0,,,30850709.0,407477.0,,474600.0,0.633,10331898.0
96,AMT,MRT,1997-06-30,1997-06-30,1997-06-30,2021-07-29,,,,,,,,-3635000.0,,,,,,,,,,,,355499.0,,,0.0,,,,,,,,,,,,,,,,-1927028.0,-0.04,1.0,,,,,,,,,,,,,,,2551367.0,-19547000.0,0.0,18691707.0,0.0,21041457.0,-23455000.0,-254000.0,1707972.0,0.0,,,,,,,,,,,,,,,,,,,,,,,,,,,,0.0,,1.0,,48750000.0,,,,,,,,
97,AMT,MRT,1997-03-31,1997-03-31,1997-03-31,2021-07-29,,,,,,,,,,,,,,,,,,,,,,,0.0,,,,,,,,,,,,,,,,,,1.0,,,,,,,,,,,,,,,,,,,,,,,,,,,,,,,,,,,,,,,,,,,,,,,,,,,,,,1.0,,,,,,,,,,
98,AMT,MRT,1996-12-31,1996-12-31,1996-12-31,2021-07-29,0.0,37117653.0,,2690007.0,34427646.0,,0.599,0.0,2373360.0,2373360.0,1362000.0,-479000.0,1.254,0.253,4535258.0,117362.0,4417896.0,4535258.0,252789.0,990000.0,0.0,,0.0,-434000.0,556000.0,0.192,556000.0,-434000.0,-434000.0,0.0,0.0,0.0,29199438.0,,29199438.0,,,,2230000.0,0.046,1.0,1535000.0,0.53,14291320.0,0.0,22843936.0,,0.0,325000.0,0.0,325000.0,7389287.0,2144295.0,5244992.0,,2362000.0,0.0,0.0,2624000.0,0.0,132000.0,0.0,0.0,2230000.0,0.0,-479000.0,-479000.0,-479000.0,0.0,0.0,-0.165,1820000.0,-285000.0,1058822.0,,,,,19709523.0,0.0,,,,236990.0,-590084.0,2897000.0,2897000.0,0.0,,,,-0.15,0.0,830000.0,1.0,,48732000.0,48732000.0,0.059,22826333.0,0.0,45000.0,279218.0,0.468,545712.0
99,AMT,MRT,1996-09-30,1996-09-30,1996-09-30,2021-07-29,,,,,,,,,,,,,,,,,,,,,,,0.0,,,,,,,,,,,,,,,,,,1.0,,,,,,,,,,,,,,,,,,,,,,,,,,,,,,,,,,,,,,,,,,,,,,,,,,,,,,1.0,,15065328.0,,,,,,,,
100,AMT,MRT,1996-06-30,1996-06-30,1996-06-30,2021-07-29,,,,,,,,,,,,,,,,,,,,,,,0.0,,,,,,,,,,,,,,,,,,1.0,,,,,,,,,,,,,,,,,,,,,,,,,,,,,,,,,,,,,,,,,,,,,,,,,,,,,,1.0,,,,,,,,,,
101,AMT,MRT,1995-12-31,1995-12-31,1995-12-31,2021-07-29,,,,,,,,0.0,,,59417.0,-110411.0,,,,,,,,57428.0,,,0.0,-183835.0,-126407.0,-0.775,-126407.0,-183835.0,-183835.0,,,,,,,,,,-50789.0,,1.0,103702.0,0.636,,0.0,,,,,,,,,,,12000.0,0.0,0.0,0.0,0.0,62789.0,0.0,0.0,-50789.0,0.0,-110411.0,-110411.0,-110411.0,0.0,0.0,-0.677,287537.0,-183835.0,,,,,,,0.0,,,,,,163119.0,163119.0,0.0,,,,-1.127,0.0,230109.0,1.0,,,,,,,-73424.0,,,
