None,ticker,dimension,calendardate,datekey,reportperiod,lastupdated,accoci,assets,assetsavg,assetsc,assetsnc,assetturnover,bvps,capex,cashneq,cashnequsd,cor,consolinc,currentratio,de,debt,debtc,debtnc,debtusd,deferredrev,depamor,deposits,divyield,dps,ebit,ebitda,ebitdamargin,ebitdausd,ebitusd,ebt,eps,epsdil,epsusd,equity,equityavg,equityusd,ev,evebit,evebitda,fcf,fcfps,fxusd,gp,grossmargin,intangibles,intexp,invcap,invcapavg,inventory,investments,investmentsc,investmentsnc,liabilities,liabilitiesc,liabilitiesnc,marketcap,ncf,ncfbus,ncfcommon,ncfdebt,ncfdiv,ncff,ncfi,ncfinv,ncfo,ncfx,netinc,netinccmn,netinccmnusd,netincdis,netincnci,netmargin,opex,opinc,payables,payoutratio,pb,pe,pe1,ppnenet,prefdivis,price,ps,ps1,receivables,retearn,revenue,revenueusd,rnd,roa,roe,roic,ros,sbcomp,sgna,sharefactor,sharesbas,shareswa,shareswadil,sps,tangibles,taxassets,taxexp,taxliabilities,tbvps,workingcapital
0,AAMRQ,MRY,2012-12-31,2012-12-31,2012-12-31,2021-08-25,-2980000000.0,23510000000.0,24168500000.0,7072000000.0,16438000000.0,1.028,-23.822,-1765000000.0,1330000000.0,1330000000.0,19404000000.0,-1876000000.0,0.76,-3.944,15141000000.0,1419000000.0,13722000000.0,15141000000.0,0.0,1015000000.0,0.0,0.0,0.0,-1783000000.0,-768000000.0,-0.031,-768000000.0,-1783000000.0,-2445000000.0,-5.6,-5.6,-5.6,-7987000000.0,-8254000000.0,-7987000000.0,20439217246.0,-11.0,-26.614,-486000000.0,-1.45,1.0,5451000000.0,0.219,869000000.0,662000000.0,27148000000.0,33356250000.0,580000000.0,3412000000.0,3412000000.0,0.0,31497000000.0,9304000000.0,22193000000.0,268217246.0,197000000.0,0.0,0.0,-1020000000.0,0.0,489000000.0,-1571000000.0,194000000.0,1279000000.0,0.0,-1876000000.0,-1876000000.0,-1876000000.0,0.0,0.0,-0.075,5344000000.0,107000000.0,1244000000.0,0.0,-0.034,-0.143,-0.143,13402000000.0,0.0,0.8,0.011,0.011,1124000000.0,-9462000000.0,24855000000.0,24855000000.0,0.0,-0.078,0.227,-0.053,-0.072,29000000.0,1050000000.0,1.0,335271557.0,335271557.0,,74.134,22641000000.0,0.0,-569000000.0,0.0,67.53,-2232000000.0
1,AAMRQ,MRY,2011-12-31,2011-12-31,2011-12-31,2021-08-25,-3964000000.0,23848000000.0,25366750000.0,6757000000.0,17091000000.0,0.945,-21.212,-1614000000.0,1021000000.0,1021000000.0,19253000000.0,-1979000000.0,0.783,-4.354,13063000000.0,1518000000.0,11545000000.0,13063000000.0,0.0,1086000000.0,0.0,0.0,0.0,-1153000000.0,-67000000.0,-0.003,-67000000.0,-1153000000.0,-1979000000.0,-5.91,-5.91,-5.91,-7111000000.0,-5100500000.0,-7111000000.0,10959329458.0,-10.0,-163.572,-934000000.0,-2.786,1.0,4726000000.0,0.197,894000000.0,826000000.0,26366000000.0,26503250000.0,617000000.0,3718000000.0,3718000000.0,0.0,30959000000.0,8630000000.0,22329000000.0,117329458.0,115000000.0,0.0,0.0,24000000.0,0.0,727000000.0,-1292000000.0,322000000.0,680000000.0,0.0,-1979000000.0,-1979000000.0,-1979000000.0,0.0,0.0,-0.083,5780000000.0,-1054000000.0,1007000000.0,0.0,-0.016,-0.059,-0.059,14306000000.0,0.0,0.35,0.005,0.005,902000000.0,-7586000000.0,23979000000.0,23979000000.0,0.0,-0.078,0.388,-0.044,-0.048,40000000.0,1062000000.0,1.0,335227024.0,335227024.0,,71.531,22954000000.0,0.0,0.0,0.0,68.473,-1873000000.0
2,AAMRQ,MRY,2010-12-31,2010-12-31,2010-12-31,2021-08-25,-2755000000.0,25088000000.0,25463750000.0,6838000000.0,18250000000.0,0.871,-11.837,-1958000000.0,618000000.0,618000000.0,17064000000.0,-471000000.0,0.779,-7.359,11136000000.0,1883000000.0,9253000000.0,11136000000.0,0.0,1093000000.0,0.0,0.0,0.0,317000000.0,1410000000.0,0.064,1410000000.0,317000000.0,-506000000.0,-1.41,-1.41,-1.41,-3945000000.0,-3852500000.0,-3945000000.0,13236299662.0,42.0,9.387,-717000000.0,-2.151,1.0,5106000000.0,0.23,932000000.0,823000000.0,25894000000.0,26397500000.0,594000000.0,4328000000.0,4328000000.0,0.0,29033000000.0,8780000000.0,20253000000.0,2596299662.0,15000000.0,0.0,1000000.0,-612000000.0,0.0,804000000.0,-2030000000.0,-72000000.0,1241000000.0,0.0,-471000000.0,-471000000.0,-471000000.0,0.0,0.0,-0.021,4798000000.0,308000000.0,1156000000.0,0.0,-0.658,-5.512,-5.525,15082000000.0,0.0,7.79,0.117,0.117,738000000.0,-5607000000.0,22170000000.0,22170000000.0,0.0,-0.018,0.122,0.012,0.014,43000000.0,976000000.0,1.0,333286221.0,333286221.0,,66.519,24156000000.0,0.0,-35000000.0,0.0,72.478,-1942000000.0
3,AAMRQ,MRY,2009-12-31,2009-12-31,2009-12-31,2021-08-25,-2724000000.0,25438000000.0,24962000000.0,6642000000.0,18796000000.0,0.798,-10.495,-1445000000.0,613000000.0,613000000.0,15985000000.0,-1468000000.0,0.859,-8.291,11697000000.0,1114000000.0,10583000000.0,11697000000.0,0.0,1104000000.0,0.0,0.0,0.0,-1008000000.0,96000000.0,0.005,96000000.0,-1008000000.0,-1752000000.0,-4.99,-4.99,-4.99,-3489000000.0,-3114250000.0,-3489000000.0,13532883141.0,-13.0,140.968,-515000000.0,-1.549,1.0,3932000000.0,0.197,988000000.0,744000000.0,27806000000.0,25978000000.0,557000000.0,4246000000.0,4246000000.0,0.0,28927000000.0,7728000000.0,21199000000.0,2569883141.0,-38000000.0,0.0,413000000.0,574000000.0,0.0,1755000000.0,-2723000000.0,-1331000000.0,930000000.0,0.0,-1468000000.0,-1468000000.0,-1468000000.0,0.0,0.0,-0.074,4936000000.0,-1004000000.0,1064000000.0,0.0,-0.737,-1.751,-1.549,15476000000.0,0.0,7.73,0.129,0.129,768000000.0,-5136000000.0,19917000000.0,19917000000.0,0.0,-0.059,0.471,-0.039,-0.051,61000000.0,853000000.0,1.0,332455775.0,332455775.0,,59.909,24450000000.0,0.0,-284000000.0,0.0,73.544,-1086000000.0
4,AAMRQ,MRY,2008-12-31,2008-12-31,2008-12-31,2021-08-25,-3177000000.0,25175000000.0,27454000000.0,5935000000.0,19240000000.0,0.866,-10.529,-396000000.0,650000000.0,650000000.0,19214000000.0,-2118000000.0,0.633,-9.578,10957000000.0,1952000000.0,9005000000.0,10957000000.0,0.0,1207000000.0,0.0,0.0,0.0,-1315000000.0,-108000000.0,-0.005,-108000000.0,-1315000000.0,-2118000000.0,-8.16,-8.16,-8.16,-2935000000.0,537000000.0,-2935000000.0,13371341853.0,-10.0,-123.809,-1790000000.0,-6.421,1.0,4552000000.0,0.192,1109000000.0,803000000.0,25003000000.0,26857500000.0,525000000.0,2916000000.0,2916000000.0,0.0,28110000000.0,9370000000.0,18740000000.0,2974341853.0,43000000.0,0.0,295000000.0,-267000000.0,0.0,382000000.0,1055000000.0,1440000000.0,-1394000000.0,0.0,-2118000000.0,-2118000000.0,-2118000000.0,0.0,0.0,-0.089,6441000000.0,-1889000000.0,952000000.0,0.0,-1.013,-1.404,-1.308,15735000000.0,0.0,10.67,0.125,0.125,811000000.0,-3668000000.0,23766000000.0,23766000000.0,0.0,-0.077,-3.944,-0.049,-0.055,53000000.0,997000000.0,1.0,278757437.0,278757437.0,,85.257,24066000000.0,0.0,0.0,0.0,86.333,-3435000000.0
5,AAMRQ,MRY,2007-12-31,2007-12-31,2007-12-31,2021-08-25,670000000.0,28571000000.0,29616000000.0,7229000000.0,21342000000.0,0.774,10.665,-486000000.0,576000000.0,576000000.0,16900000000.0,456000000.0,0.852,9.753,11142000000.0,1049000000.0,10093000000.0,11142000000.0,0.0,1202000000.0,0.0,0.0,0.0,1418000000.0,2620000000.0,0.114,2620000000.0,1418000000.0,456000000.0,1.86,1.71,1.86,2657000000.0,1080250000.0,2657000000.0,14878180313.0,10.0,5.679,1449000000.0,5.816,1.0,6035000000.0,0.263,1156000000.0,962000000.0,29498000000.0,30928250000.0,601000000.0,4387000000.0,4387000000.0,0.0,25914000000.0,8483000000.0,17431000000.0,3495180313.0,27000000.0,0.0,587000000.0,-2321000000.0,0.0,-1675000000.0,-234000000.0,247000000.0,1935000000.0,0.0,456000000.0,456000000.0,456000000.0,0.0,0.0,0.02,5070000000.0,965000000.0,1182000000.0,0.0,1.315,7.665,7.543,17394000000.0,0.0,14.03,0.152,0.152,1027000000.0,-1390000000.0,22935000000.0,22935000000.0,0.0,0.015,0.422,0.046,0.062,133000000.0,1028000000.0,1.0,249121904.0,249121904.0,,92.063,27415000000.0,0.0,0.0,0.0,110.047,-1254000000.0
6,AAMRQ,MRY,2006-12-31,2006-12-31,2006-12-31,2021-08-25,-1291000000.0,29145000000.0,29985750000.0,6902000000.0,22243000000.0,0.752,-2.826,-481000000.0,589000000.0,589000000.0,16583000000.0,231000000.0,0.812,-49.094,13390000000.0,1349000000.0,12041000000.0,13390000000.0,0.0,1157000000.0,0.0,0.0,0.0,1261000000.0,2418000000.0,0.107,2418000000.0,1261000000.0,231000000.0,1.13,0.98,1.13,-606000000.0,-725000000.0,-606000000.0,19816794834.0,16.0,8.196,1458000000.0,6.8,1.0,5980000000.0,0.265,1167000000.0,1030000000.0,32274000000.0,33334250000.0,506000000.0,4594000000.0,4594000000.0,0.0,29751000000.0,8505000000.0,21246000000.0,6481794834.0,-17000000.0,0.0,630000000.0,-1366000000.0,0.0,-591000000.0,-1365000000.0,-876000000.0,1939000000.0,0.0,231000000.0,231000000.0,231000000.0,0.0,0.0,0.01,4920000000.0,1060000000.0,1073000000.0,0.0,-10.696,28.06,26.752,17941000000.0,0.0,30.23,0.287,0.287,988000000.0,-1894000000.0,22563000000.0,22563000000.0,0.0,0.008,-0.319,0.038,0.056,142000000.0,1076000000.0,1.0,214415972.0,214415972.0,,105.23,27978000000.0,0.0,0.0,0.0,130.485,-1603000000.0
7,AAMRQ,MRY,2005-12-31,2005-12-31,2005-12-31,2021-08-25,-979000000.0,29495000000.0,29398000000.0,6164000000.0,23331000000.0,0.705,-8.663,-641000000.0,648000000.0,648000000.0,15715000000.0,-857000000.0,0.745,-21.626,14695000000.0,1239000000.0,13456000000.0,14695000000.0,0.0,1164000000.0,0.0,0.0,0.0,100000000.0,1264000000.0,0.061,1264000000.0,100000000.0,-857000000.0,-5.18,-5.18,-5.18,-1430000000.0,-867750000.0,-1430000000.0,17234453526.0,172.0,13.635,383000000.0,2.32,1.0,4997000000.0,0.241,1194000000.0,957000000.0,34076000000.0,33922250000.0,515000000.0,3676000000.0,3676000000.0,0.0,30925000000.0,8272000000.0,22653000000.0,3669453526.0,18000000.0,0.0,279000000.0,254000000.0,0.0,533000000.0,-1539000000.0,-899000000.0,1024000000.0,0.0,-857000000.0,-857000000.0,-857000000.0,0.0,0.0,-0.041,5086000000.0,-89000000.0,1078000000.0,0.0,-2.566,-4.282,-4.292,18546000000.0,0.0,22.23,0.177,0.177,991000000.0,-2125000000.0,20712000000.0,20712000000.0,0.0,-0.029,0.988,0.003,0.005,0.0,1113000000.0,1.0,165067635.0,165067635.0,,125.476,28301000000.0,0.0,0.0,0.0,171.451,-2108000000.0
8,AAMRQ,MRY,2004-12-31,2004-12-31,2004-12-31,2021-08-25,-664000000.0,28773000000.0,29496250000.0,4971000000.0,23802000000.0,0.632,-3.613,-762000000.0,598000000.0,598000000.0,14003000000.0,-751000000.0,0.708,-50.523,14330000000.0,806000000.0,13524000000.0,14330000000.0,0.0,1292000000.0,0.0,0.0,0.0,120000000.0,1412000000.0,0.076,1412000000.0,120000000.0,-751000000.0,-4.68,-4.68,-4.68,-581000000.0,-288000000.0,-581000000.0,15546085949.0,130.0,11.01,-45000000.0,-0.28,1.0,4642000000.0,0.249,1223000000.0,871000000.0,34264000000.0,34876750000.0,488000000.0,2809000000.0,2809000000.0,0.0,29354000000.0,7018000000.0,22336000000.0,1761085949.0,0.0,0.0,7000000.0,324000000.0,0.0,331000000.0,-1048000000.0,-274000000.0,717000000.0,0.0,-751000000.0,-751000000.0,-751000000.0,0.0,0.0,-0.04,4776000000.0,-134000000.0,1003000000.0,0.0,-3.031,-2.345,-2.34,19137000000.0,0.0,10.95,0.094,0.094,836000000.0,-1312000000.0,18645000000.0,18645000000.0,0.0,-0.025,2.608,0.003,0.006,0.0,1107000000.0,1.0,160829767.0,160829767.0,,115.93,27550000000.0,0.0,0.0,0.0,171.299,-2047000000.0
9,AAMRQ,MRY,2003-12-31,2003-12-31,2003-12-31,2021-08-25,-785000000.0,29330000000.0,29394750000.0,4682000000.0,24648000000.0,0.593,0.289,-285000000.0,647000000.0,647000000.0,13367000000.0,-1228000000.0,0.714,636.609,13930000000.0,804000000.0,13126000000.0,13930000000.0,0.0,1377000000.0,0.0,0.0,0.0,-605000000.0,772000000.0,0.044,772000000.0,-605000000.0,-1308000000.0,-7.76,-7.76,-7.76,46000000.0,-269750000.0,46000000.0,15270549879.0,-25.0,19.781,316000000.0,1.983,1.0,4073000000.0,0.234,1253000000.0,703000000.0,34801000000.0,34039000000.0,516000000.0,2486000000.0,2486000000.0,0.0,29284000000.0,6559000000.0,22725000000.0,2063549879.0,16000000.0,0.0,1000000.0,59000000.0,0.0,60000000.0,-645000000.0,-384000000.0,601000000.0,0.0,-1228000000.0,-1228000000.0,-1228000000.0,0.0,0.0,-0.07,4917000000.0,-844000000.0,967000000.0,0.0,44.86,-1.68,-1.669,19460000000.0,0.0,12.95,0.118,0.118,796000000.0,-551000000.0,17440000000.0,17440000000.0,0.0,-0.042,4.552,-0.018,-0.035,0.0,1063000000.0,1.0,159347481.0,159347481.0,,109.446,28077000000.0,0.0,-80000000.0,0.0,176.2,-1877000000.0
10,AAMRQ,MRY,2002-12-31,2002-12-31,2002-12-31,2021-08-25,-1076000000.0,30267000000.0,31230250000.0,4937000000.0,25330000000.0,0.558,6.135,-1661000000.0,887000000.0,887000000.0,14798000000.0,-3511000000.0,0.682,30.627,13178000000.0,868000000.0,12310000000.0,13178000000.0,0.0,1366000000.0,0.0,0.0,0.0,-4163000000.0,-2797000000.0,-0.161,-2797000000.0,-4163000000.0,-4848000000.0,-22.57,-22.57,-22.57,957000000.0,2691250000.0,957000000.0,13387554632.0,-3.0,-4.786,-2772000000.0,-17.77,1.0,2622000000.0,0.151,1292000000.0,685000000.0,34026000000.0,34195500000.0,627000000.0,1846000000.0,1846000000.0,0.0,29310000000.0,7240000000.0,22070000000.0,1029554632.0,2000000.0,0.0,3000000.0,2412000000.0,0.0,2506000000.0,-1393000000.0,292000000.0,-1111000000.0,0.0,-3511000000.0,-3511000000.0,-3511000000.0,0.0,0.0,-0.202,5952000000.0,-3330000000.0,1198000000.0,0.0,1.076,-0.293,-0.292,19694000000.0,0.0,6.6,0.059,0.059,909000000.0,677000000.0,17420000000.0,17420000000.0,0.0,-0.112,-1.305,-0.122,-0.239,0.0,1163000000.0,1.0,155993126.0,155993126.0,,111.672,28975000000.0,572000000.0,-1337000000.0,0.0,185.745,-2303000000.0
11,AAMRQ,MRY,2001-12-31,2001-12-31,2001-12-31,2021-08-25,-146000000.0,32841000000.0,30054250000.0,6571000000.0,26270000000.0,0.631,34.781,-3239000000.0,637000000.0,637000000.0,14889000000.0,-1762000000.0,0.875,5.112,10606000000.0,772000000.0,9834000000.0,10606000000.0,0.0,1404000000.0,0.0,0.0,0.0,-2218000000.0,-814000000.0,-0.043,-814000000.0,-2218000000.0,-2756000000.0,-11.43,-11.43,-11.43,5373000000.0,6394250000.0,5373000000.0,12249939635.0,-6.0,-15.049,-2697000000.0,-17.458,1.0,4080000000.0,0.215,2717000000.0,538000000.0,32581000000.0,29011250000.0,822000000.0,2386000000.0,2386000000.0,0.0,27468000000.0,7512000000.0,19956000000.0,3444939635.0,13000000.0,-742000000.0,37000000.0,3822000000.0,0.0,4211000000.0,-4740000000.0,-777000000.0,542000000.0,0.0,-1762000000.0,-1762000000.0,-1762000000.0,0.0,0.0,-0.093,6550000000.0,-2470000000.0,1785000000.0,0.0,0.641,-1.955,-1.951,19655000000.0,0.0,22.3,0.182,0.182,1162000000.0,4188000000.0,18969000000.0,18969000000.0,0.0,-0.059,-0.276,-0.076,-0.117,0.0,1540000000.0,1.0,154481598.0,154481598.0,,122.791,30124000000.0,1042000000.0,-994000000.0,1627000000.0,195.001,-941000000.0
12,AAMRQ,MRY,2000-12-31,2000-12-31,2000-12-31,2021-08-25,-2000000.0,26213000000.0,25474750000.0,5179000000.0,21034000000.0,0.773,47.621,-3346000000.0,89000000.0,89000000.0,12756000000.0,813000000.0,0.741,2.653,6270000000.0,796000000.0,5474000000.0,6270000000.0,0.0,1202000000.0,0.0,0.0,0.0,1788000000.0,2990000000.0,0.152,2990000000.0,1788000000.0,1321000000.0,5.43,5.03,5.43,7176000000.0,6866250000.0,7176000000.0,11700137022.0,7.0,3.913,-204000000.0,-1.354,1.0,6947000000.0,0.353,1528000000.0,467000000.0,23876000000.0,23506000000.0,757000000.0,2144000000.0,2144000000.0,0.0,19037000000.0,6990000000.0,12047000000.0,5905137022.0,4000000.0,559000000.0,67000000.0,70000000.0,0.0,137000000.0,-3275000000.0,-438000000.0,3142000000.0,0.0,813000000.0,813000000.0,813000000.0,-43000000.0,0.0,0.041,5566000000.0,1381000000.0,1267000000.0,0.0,0.823,7.263,7.217,18636000000.0,0.0,39.188,0.3,0.3,1303000000.0,5950000000.0,19703000000.0,19703000000.0,0.0,0.032,0.118,0.076,0.091,0.0,1651000000.0,1.0,150689302.0,150689302.0,,130.752,24685000000.0,695000000.0,508000000.0,2385000000.0,163.814,-1811000000.0
13,AAMRQ,MRY,1999-12-31,1999-12-31,1999-12-31,2021-08-25,-2000000.0,24374000000.0,23618250000.0,4424000000.0,19950000000.0,0.751,46.312,-3375000000.0,85000000.0,85000000.0,11131000000.0,985000000.0,0.754,2.554,6227000000.0,538000000.0,5689000000.0,6227000000.0,0.0,1092000000.0,0.0,0.0,0.0,1728000000.0,2820000000.0,0.159,2820000000.0,1728000000.0,1335000000.0,6.46,6.26,6.46,6858000000.0,6563000000.0,6858000000.0,15517562742.0,9.0,5.503,-1111000000.0,-7.503,1.0,6599000000.0,0.372,1191000000.0,393000000.0,23458000000.0,21762000000.0,708000000.0,1706000000.0,1706000000.0,0.0,17516000000.0,5867000000.0,11649000000.0,9921562742.0,-2000000.0,259000000.0,-846000000.0,1676000000.0,0.0,1184000000.0,-3450000000.0,-253000000.0,2264000000.0,0.0,985000000.0,985000000.0,985000000.0,-265000000.0,0.0,0.056,5443000000.0,1156000000.0,1115000000.0,0.0,1.447,10.073,10.372,16287000000.0,0.0,67.0,0.56,0.56,1134000000.0,5718000000.0,17730000000.0,17730000000.0,0.0,0.042,0.15,0.079,0.097,0.0,1162000000.0,1.0,148083026.0,148083026.0,,119.73,23183000000.0,612000000.0,350000000.0,1846000000.0,156.554,-1443000000.0
14,AAMRQ,MRY,1998-12-31,1998-12-31,1998-12-31,2021-08-25,-4000000.0,21455000000.0,21722000000.0,3969000000.0,17486000000.0,0.806,36.733,-2080000000.0,87000000.0,87000000.0,10415000000.0,1314000000.0,0.749,2.203,4402000000.0,202000000.0,4200000000.0,4402000000.0,0.0,1040000000.0,0.0,0.0,0.0,2405000000.0,3445000000.0,0.197,3445000000.0,2405000000.0,2033000000.0,7.78,7.52,7.78,6698000000.0,6574750000.0,6698000000.0,15069599238.0,6.0,4.374,717000000.0,3.932,1.0,7101000000.0,0.405,1228000000.0,372000000.0,19240000000.0,19265500000.0,596000000.0,1448000000.0,1448000000.0,0.0,14757000000.0,5302000000.0,9455000000.0,10826599238.0,37000000.0,-137000000.0,-860000000.0,-301000000.0,0.0,-891000000.0,-1869000000.0,348000000.0,2797000000.0,0.0,1314000000.0,1314000000.0,1314000000.0,-200000000.0,0.0,0.075,5113000000.0,1988000000.0,1047000000.0,0.0,1.616,8.239,7.632,13741000000.0,0.0,59.375,0.618,0.618,1225000000.0,4733000000.0,17516000000.0,17516000000.0,0.0,0.06,0.2,0.125,0.137,0.0,1226000000.0,1.0,182342724.0,182342724.0,,96.061,20227000000.0,443000000.0,719000000.0,1470000000.0,110.928,-1333000000.0
15,AAMRQ,MRY,1997-12-31,1997-12-31,1997-12-31,2021-08-25,-4000000.0,20859000000.0,20678000000.0,4986000000.0,15873000000.0,0.82,34.09,-848000000.0,62000000.0,62000000.0,10389000000.0,985000000.0,0.895,2.356,4407000000.0,530000000.0,3877000000.0,4407000000.0,0.0,1040000000.0,0.0,0.0,0.0,1933000000.0,2973000000.0,0.175,2973000000.0,1933000000.0,1512000000.0,5.52,5.39,5.52,6216000000.0,5942000000.0,6216000000.0,,,,1675000000.0,9.186,1.0,6568000000.0,0.387,1270000000.0,421000000.0,18362000000.0,18501000000.0,626000000.0,2370000000.0,2370000000.0,0.0,14643000000.0,5572000000.0,9071000000.0,11715520017.0,7000000.0,0.0,-540000000.0,-648000000.0,0.0,-1188000000.0,-1328000000.0,-480000000.0,2523000000.0,0.0,985000000.0,985000000.0,985000000.0,-176000000.0,0.0,0.058,4973000000.0,1595000000.0,1028000000.0,0.0,1.885,11.894,11.639,13159000000.0,0.0,64.25,0.691,0.691,1301000000.0,3419000000.0,16957000000.0,16957000000.0,0.0,0.048,0.166,0.104,0.114,0.0,1278000000.0,1.0,182342724.0,182342724.0,,92.995,19589000000.0,406000000.0,527000000.0,1112000000.0,107.43,-586000000.0
16,AAMRQ,MRY,1996-12-31,1996-12-31,1996-12-31,2021-08-25,0.0,20497000000.0,,4470000000.0,16027000000.0,,,-266000000.0,68000000.0,68000000.0,10491000000.0,1016000000.0,0.803,2.616,5096000000.0,554000000.0,4542000000.0,5096000000.0,0.0,1185000000.0,0.0,0.0,0.0,2043000000.0,3228000000.0,0.186,3228000000.0,2043000000.0,1529000000.0,5.9,5.59,5.9,5668000000.0,,5668000000.0,,,,2422000000.0,,1.0,6873000000.0,0.396,1319000000.0,514000000.0,18640000000.0,,633000000.0,1743000000.0,1743000000.0,0.0,14829000000.0,5566000000.0,9263000000.0,,-18000000.0,0.0,25000000.0,-2130000000.0,0.0,-1516000000.0,-1190000000.0,-924000000.0,2688000000.0,0.0,1016000000.0,1016000000.0,1016000000.0,-22000000.0,0.0,0.059,5066000000.0,1807000000.0,1068000000.0,0.0,,,7.468,13305000000.0,0.0,44.062,,,1382000000.0,2434000000.0,17364000000.0,17364000000.0,0.0,,,,0.118,0.0,1252000000.0,1.0,,,,,19178000000.0,404000000.0,513000000.0,743000000.0,,-1096000000.0
17,AAMRQ,MRY,1995-12-31,1995-12-31,1995-12-31,2021-08-25,,,,,,,,-860000000.0,,,10274000000.0,162000000.0,,,,,,,,1259000000.0,,0.0,0.0,994000000.0,2253000000.0,0.133,2253000000.0,994000000.0,324000000.0,1.06,,1.06,,,,,,,1320000000.0,,1.0,6636000000.0,0.392,,670000000.0,,,,,,,,,,,59000000.0,0.0,21000000.0,-1217000000.0,0.0,-1196000000.0,-925000000.0,-65000000.0,2180000000.0,0.0,162000000.0,162000000.0,162000000.0,0.0,0.0,0.01,5621000000.0,1015000000.0,,0.0,,,35.024,,0.0,37.125,,,,,16910000000.0,16910000000.0,0.0,,,,0.059,0.0,1293000000.0,1.0,,,,,,,162000000.0,,,
0,AAMRQ,MRQ,2013-09-30,2013-09-30,2013-09-30,2021-08-25,-3090000000.0,26780000000.0,,10241000000.0,16539000000.0,,-23.611,-595000000.0,1652000000.0,1652000000.0,4794000000.0,289000000.0,1.014,-4.38,17456000000.0,1359000000.0,16097000000.0,17456000000.0,0.0,0.0,0.0,0.0,0.0,495000000.0,495000000.0,0.072,495000000.0,495000000.0,289000000.0,0.86,0.76,0.86,-7922000000.0,,-7922000000.0,16440009390.0,26.0,9.958,-632000000.0,-1.884,1.0,2034000000.0,0.298,853000000.0,206000000.0,31633000000.0,,681000000.0,6046000000.0,6046000000.0,0.0,34702000000.0,10098000000.0,24604000000.0,1379009390.0,113000000.0,0.0,0.0,897000000.0,0.0,1257000000.0,-1107000000.0,-512000000.0,-37000000.0,0.0,289000000.0,289000000.0,289000000.0,0.0,0.0,0.042,1336000000.0,698000000.0,1307000000.0,0.0,-0.174,3.2,3.236,13472000000.0,0.0,4.11,0.054,0.054,1340000000.0,-9295000000.0,6828000000.0,6828000000.0,0.0,,,,,0.0,280000000.0,1.0,335525399.0,335525399.0,,20.35,25927000000.0,0.0,0.0,0.0,77.273,143000000.0
1,AAMRQ,MRQ,2013-06-30,2013-06-30,2013-06-30,2021-08-25,-3090000000.0,26216000000.0,,9635000000.0,16581000000.0,,-24.506,-919000000.0,1467000000.0,1467000000.0,4635000000.0,220000000.0,0.903,-4.191,16528000000.0,1327000000.0,15201000000.0,16528000000.0,0.0,0.0,0.0,0.0,0.0,389000000.0,389000000.0,0.06,389000000.0,389000000.0,220000000.0,0.65,0.59,0.65,-8216000000.0,,-8216000000.0,14978144375.0,234.0,13.882,238000000.0,0.71,1.0,1814000000.0,0.281,859000000.0,169000000.0,29749000000.0,,589000000.0,5606000000.0,5606000000.0,0.0,34432000000.0,10669000000.0,23763000000.0,1351144375.0,-2000000.0,0.0,0.0,1366000000.0,0.0,1738000000.0,-2897000000.0,-1978000000.0,1157000000.0,0.0,220000000.0,220000000.0,220000000.0,0.0,0.0,0.034,1325000000.0,489000000.0,1507000000.0,0.0,-0.164,-14.074,-13.433,13550000000.0,0.0,4.03,0.054,0.054,1376000000.0,-9584000000.0,6449000000.0,6449000000.0,0.0,,,,,0.0,257000000.0,1.0,335271557.0,335271557.0,,19.235,25357000000.0,0.0,0.0,0.0,75.631,-1034000000.0
2,AAMRQ,MRQ,2013-03-31,2013-03-31,2013-03-31,2021-08-25,-3030000000.0,23852000000.0,,7525000000.0,16327000000.0,,-24.983,-859000000.0,1459000000.0,1459000000.0,4716000000.0,-341000000.0,0.753,-3.848,15086000000.0,1286000000.0,13800000000.0,15086000000.0,0.0,0.0,0.0,0.0,0.0,-101000000.0,-101000000.0,-0.017,-101000000.0,-101000000.0,-363000000.0,-1.02,-1.02,-1.02,-8376000000.0,,-8376000000.0,15202376962.0,-38.0,24.8,-176000000.0,-0.525,1.0,1382000000.0,0.227,863000000.0,262000000.0,26626000000.0,,595000000.0,3638000000.0,3638000000.0,0.0,32228000000.0,9990000000.0,22238000000.0,1391376962.0,126000000.0,0.0,0.0,-233000000.0,0.0,531000000.0,-1088000000.0,-229000000.0,683000000.0,0.0,-341000000.0,-341000000.0,-341000000.0,0.0,0.0,-0.056,1330000000.0,52000000.0,1440000000.0,0.0,-0.166,-2.498,-2.485,13305000000.0,0.0,4.15,0.056,0.056,1243000000.0,-9803000000.0,6098000000.0,6098000000.0,0.0,,,,,0.0,276000000.0,1.0,335271557.0,335271557.0,,18.188,22989000000.0,0.0,-22000000.0,0.0,68.568,-2465000000.0
3,AAMRQ,MRQ,2012-12-31,2012-12-31,2012-12-31,2021-08-25,-2980000000.0,23510000000.0,,7072000000.0,16438000000.0,,-23.822,-670000000.0,1330000000.0,1330000000.0,4666000000.0,263000000.0,0.76,-3.944,15141000000.0,1419000000.0,13722000000.0,15141000000.0,0.0,1015000000.0,0.0,0.0,0.0,-147000000.0,868000000.0,0.146,868000000.0,-147000000.0,-306000000.0,0.78,0.78,0.78,-7987000000.0,,-7987000000.0,20439217246.0,-11.0,-26.614,-958000000.0,-2.857,1.0,1271000000.0,0.214,869000000.0,159000000.0,27148000000.0,,580000000.0,3412000000.0,3412000000.0,0.0,31497000000.0,9304000000.0,22193000000.0,268217246.0,-28000000.0,0.0,0.0,-29000000.0,0.0,627000000.0,-367000000.0,303000000.0,-288000000.0,0.0,263000000.0,263000000.0,263000000.0,0.0,0.0,0.044,1268000000.0,3000000.0,1244000000.0,0.0,-0.034,-0.143,-0.143,13402000000.0,0.0,0.8,0.011,0.011,1124000000.0,-9462000000.0,5937000000.0,5937000000.0,0.0,,,,,29000000.0,244000000.0,1.0,335271557.0,335271557.0,,17.708,22641000000.0,0.0,-569000000.0,0.0,67.53,-2232000000.0
4,AAMRQ,MRQ,2012-09-30,2012-09-30,2012-09-30,2021-08-25,-2101000000.0,23927000000.0,,7303000000.0,16624000000.0,,-21.997,-419000000.0,1355000000.0,1355000000.0,4915000000.0,-238000000.0,0.762,-4.244,21526000000.0,1544000000.0,19982000000.0,21526000000.0,0.0,0.0,0.0,0.0,0.0,-77000000.0,-77000000.0,-0.012,-77000000.0,-77000000.0,-238000000.0,-0.71,-0.71,-0.71,-7375000000.0,,-7375000000.0,22499050476.0,-9.0,-15.57,-574000000.0,-1.712,1.0,1514000000.0,0.235,875000000.0,161000000.0,33637000000.0,,596000000.0,3718000000.0,3718000000.0,0.0,31302000000.0,9586000000.0,21716000000.0,124050476.0,137000000.0,0.0,0.0,-389000000.0,0.0,-104000000.0,396000000.0,815000000.0,-155000000.0,0.0,-238000000.0,-238000000.0,-238000000.0,0.0,0.0,-0.037,1463000000.0,51000000.0,1283000000.0,0.0,-0.017,-0.038,-0.038,13620000000.0,0.0,0.37,0.005,0.005,1160000000.0,-9725000000.0,6429000000.0,6429000000.0,0.0,,,,,0.0,277000000.0,1.0,335271557.0,335271557.0,,19.176,23052000000.0,0.0,0.0,0.0,68.756,-2283000000.0
5,AAMRQ,MRQ,2012-06-30,2012-06-30,2012-06-30,2021-08-25,-3930000000.0,24726000000.0,,7984000000.0,16742000000.0,,-26.748,-450000000.0,1143000000.0,1143000000.0,4937000000.0,-241000000.0,0.793,-3.757,23518000000.0,1654000000.0,21864000000.0,23518000000.0,0.0,0.0,0.0,0.0,0.0,-77000000.0,-77000000.0,-0.012,-77000000.0,-77000000.0,-241000000.0,-0.72,-0.72,-0.72,-8968000000.0,,-8968000000.0,22589399356.0,-9.0,-17.126,205000000.0,0.611,1.0,1515000000.0,0.235,881000000.0,164000000.0,36154000000.0,,593000000.0,4609000000.0,4609000000.0,0.0,33694000000.0,10066000000.0,23628000000.0,184399356.0,-4000000.0,0.0,0.0,-288000000.0,0.0,-44000000.0,-615000000.0,-165000000.0,655000000.0,0.0,-241000000.0,-241000000.0,-241000000.0,0.0,0.0,-0.037,1373000000.0,142000000.0,1362000000.0,0.0,-0.021,-0.058,-0.058,13784000000.0,0.0,0.55,0.007,0.007,1129000000.0,-9487000000.0,6452000000.0,6452000000.0,0.0,,,,,0.0,263000000.0,1.0,335271557.0,335271557.0,,19.244,23845000000.0,0.0,0.0,0.0,71.121,-2082000000.0
6,AAMRQ,MRQ,2012-03-31,2012-03-31,2012-03-31,2021-08-25,-3884000000.0,24511000000.0,,7778000000.0,16733000000.0,,-25.907,-226000000.0,1146000000.0,1146000000.0,4886000000.0,-1660000000.0,0.815,-3.822,23551000000.0,1659000000.0,21892000000.0,23551000000.0,0.0,0.0,0.0,0.0,0.0,-1482000000.0,-1482000000.0,-0.245,-1482000000.0,-1482000000.0,-1660000000.0,-4.95,-4.95,-4.95,-8686000000.0,,-8686000000.0,12206283063.0,-5.0,-9.296,841000000.0,2.508,1.0,1151000000.0,0.191,887000000.0,178000000.0,36486000000.0,,619000000.0,4444000000.0,4444000000.0,0.0,33197000000.0,9543000000.0,23654000000.0,164283063.0,92000000.0,0.0,0.0,-314000000.0,0.0,10000000.0,-985000000.0,-759000000.0,1067000000.0,0.0,-1660000000.0,-1660000000.0,-1660000000.0,0.0,0.0,-0.275,1240000000.0,-89000000.0,1336000000.0,0.0,-0.019,-0.051,-0.051,13918000000.0,0.0,0.49,0.007,0.007,1056000000.0,-9246000000.0,6037000000.0,6037000000.0,0.0,,,,,0.0,266000000.0,1.0,335271557.0,335271557.0,,18.006,23624000000.0,0.0,0.0,0.0,70.462,-1765000000.0
7,AAMRQ,MRQ,2011-12-31,2011-12-31,2011-12-31,2021-08-25,-3964000000.0,23848000000.0,,6757000000.0,17091000000.0,,-21.212,-372000000.0,1021000000.0,1021000000.0,4766000000.0,-1095000000.0,0.783,-4.354,13063000000.0,1518000000.0,11545000000.0,13063000000.0,0.0,1086000000.0,0.0,0.0,0.0,-895000000.0,191000000.0,0.032,191000000.0,-895000000.0,-1095000000.0,-3.27,-3.27,-3.27,-7111000000.0,,-7111000000.0,10959329458.0,-10.0,-163.572,-38000000.0,-0.113,1.0,1190000000.0,0.2,894000000.0,200000000.0,26366000000.0,,617000000.0,3718000000.0,3718000000.0,0.0,30959000000.0,8630000000.0,22329000000.0,117329458.0,-21000000.0,0.0,0.0,-233000000.0,0.0,7000000.0,-362000000.0,10000000.0,334000000.0,0.0,-1095000000.0,-1095000000.0,-1095000000.0,0.0,0.0,-0.184,1974000000.0,-784000000.0,1007000000.0,0.0,-0.016,-0.059,-0.059,14306000000.0,0.0,0.35,0.005,0.005,902000000.0,-7586000000.0,5956000000.0,5956000000.0,0.0,,,,,40000000.0,253000000.0,1.0,335227024.0,335227024.0,,17.767,22954000000.0,0.0,0.0,0.0,68.473,-1873000000.0
8,AAMRQ,MRQ,2011-09-30,2011-09-30,2011-09-30,2021-08-25,-2783000000.0,24719000000.0,,6838000000.0,17881000000.0,,-14.418,-481000000.0,778000000.0,778000000.0,5041000000.0,-162000000.0,0.766,-6.115,11620000000.0,1453000000.0,10167000000.0,11620000000.0,0.0,0.0,0.0,0.0,0.0,49000000.0,49000000.0,0.008,49000000.0,49000000.0,-162000000.0,-0.48,-0.48,-0.48,-4833000000.0,,-4833000000.0,12099213546.0,-64.0,13.399,-788000000.0,-2.351,1.0,1335000000.0,0.209,912000000.0,211000000.0,25726000000.0,,631000000.0,3992000000.0,3992000000.0,0.0,29552000000.0,8923000000.0,20629000000.0,992213546.0,-14000000.0,0.0,0.0,-276000000.0,0.0,-75000000.0,368000000.0,849000000.0,-307000000.0,0.0,-162000000.0,-162000000.0,-162000000.0,0.0,0.0,-0.025,1296000000.0,39000000.0,1150000000.0,0.0,-0.205,-1.01,-1.01,15142000000.0,0.0,2.96,0.042,0.042,925000000.0,-6491000000.0,6376000000.0,6376000000.0,0.0,,,,,0.0,285000000.0,1.0,335207279.0,335207279.0,,19.021,23807000000.0,0.0,0.0,0.0,71.022,-2085000000.0
9,AAMRQ,MRQ,2011-06-30,2011-06-30,2011-06-30,2021-08-25,-2613000000.0,25787000000.0,,7997000000.0,17790000000.0,,-13.522,-396000000.0,775000000.0,775000000.0,4946000000.0,-286000000.0,0.819,-6.719,11882000000.0,1830000000.0,10052000000.0,11882000000.0,0.0,0.0,0.0,0.0,0.0,-71000000.0,-71000000.0,-0.012,-71000000.0,-71000000.0,-286000000.0,-0.85,-0.85,-0.85,-4509000000.0,,-4509000000.0,13177692867.0,122.0,10.972,-451000000.0,-1.352,1.0,1168000000.0,0.191,919000000.0,215000000.0,26209000000.0,,641000000.0,4858000000.0,4858000000.0,0.0,30296000000.0,9766000000.0,20530000000.0,1800692867.0,32000000.0,0.0,0.0,-308000000.0,0.0,-170000000.0,257000000.0,653000000.0,-55000000.0,0.0,-286000000.0,-286000000.0,-286000000.0,0.0,0.0,-0.047,1246000000.0,-78000000.0,1291000000.0,0.0,-0.399,-2.66,-2.673,15155000000.0,0.0,5.4,0.078,0.078,945000000.0,-6329000000.0,6114000000.0,6114000000.0,0.0,,,,,0.0,268000000.0,1.0,333461642.0,333461642.0,,18.335,24868000000.0,0.0,0.0,0.0,74.575,-1769000000.0
10,AAMRQ,MRQ,2011-03-31,2011-03-31,2011-03-31,2021-08-25,-2333000000.0,27113000000.0,,8825000000.0,18288000000.0,,-11.843,-365000000.0,741000000.0,741000000.0,4502000000.0,-436000000.0,0.896,-7.866,12118000000.0,1962000000.0,10156000000.0,12118000000.0,0.0,0.0,0.0,0.0,0.0,-236000000.0,-236000000.0,-0.043,-236000000.0,-236000000.0,-436000000.0,-1.31,-1.31,-1.31,-3949000000.0,,-3949000000.0,12671992884.0,34.0,8.62,343000000.0,1.029,1.0,1031000000.0,0.186,925000000.0,200000000.0,27712000000.0,,595000000.0,5513000000.0,5513000000.0,0.0,31062000000.0,9853000000.0,21209000000.0,2153992884.0,118000000.0,0.0,0.0,841000000.0,0.0,965000000.0,-1555000000.0,-1190000000.0,708000000.0,0.0,-436000000.0,-436000000.0,-436000000.0,0.0,0.0,-0.079,1263000000.0,-232000000.0,1267000000.0,0.0,-0.545,-5.358,-5.383,15116000000.0,0.0,6.46,0.095,0.095,922000000.0,-6043000000.0,5533000000.0,5533000000.0,0.0,,,,,0.0,256000000.0,1.0,333435431.0,333435431.0,,16.594,26188000000.0,0.0,0.0,0.0,78.54,-1028000000.0
11,AAMRQ,MRQ,2010-12-31,2010-12-31,2010-12-31,2021-08-25,-2755000000.0,25088000000.0,,6838000000.0,18250000000.0,,-11.837,-558000000.0,618000000.0,618000000.0,4300000000.0,-98000000.0,0.779,-7.359,11136000000.0,1883000000.0,9253000000.0,11136000000.0,0.0,1093000000.0,0.0,0.0,0.0,68000000.0,1161000000.0,0.208,1161000000.0,68000000.0,-133000000.0,-0.29,-0.29,-0.29,-3945000000.0,,-3945000000.0,13236299662.0,42.0,9.387,-407000000.0,-1.221,1.0,1286000000.0,0.23,932000000.0,201000000.0,25894000000.0,,594000000.0,4328000000.0,4328000000.0,0.0,29033000000.0,8780000000.0,20253000000.0,2596299662.0,-34000000.0,0.0,1000000.0,-165000000.0,0.0,349000000.0,-534000000.0,24000000.0,151000000.0,0.0,-98000000.0,-98000000.0,-98000000.0,0.0,0.0,-0.018,1218000000.0,68000000.0,1156000000.0,0.0,-0.658,-5.512,-5.525,15082000000.0,0.0,7.79,0.117,0.117,738000000.0,-5607000000.0,5586000000.0,5586000000.0,0.0,,,,,43000000.0,238000000.0,1.0,333286221.0,333286221.0,,16.76,24156000000.0,0.0,-35000000.0,0.0,72.478,-1942000000.0
12,AAMRQ,MRQ,2010-09-30,2010-09-30,2010-09-30,2021-08-25,-2540000000.0,25357000000.0,,6837000000.0,18520000000.0,,-10.938,-668000000.0,649000000.0,649000000.0,4311000000.0,143000000.0,0.765,-7.96,11289000000.0,1776000000.0,9513000000.0,11289000000.0,0.0,0.0,0.0,0.0,0.0,347000000.0,347000000.0,0.059,347000000.0,347000000.0,143000000.0,0.43,0.39,0.43,-3643000000.0,,-3643000000.0,12927224045.0,-92.0,13.41,-751000000.0,-2.255,1.0,1531000000.0,0.262,967000000.0,204000000.0,26091000000.0,,575000000.0,4355000000.0,4355000000.0,0.0,29000000000.0,8939000000.0,20061000000.0,2088224045.0,5000000.0,0.0,0.0,-219000000.0,0.0,210000000.0,-122000000.0,546000000.0,-83000000.0,0.0,143000000.0,143000000.0,143000000.0,0.0,0.0,0.024,1189000000.0,342000000.0,1220000000.0,0.0,-0.573,-2.912,-2.972,15296000000.0,0.0,6.27,0.096,0.096,889000000.0,-5509000000.0,5842000000.0,5842000000.0,0.0,,,,,0.0,256000000.0,1.0,333050087.0,333050087.0,,17.541,24390000000.0,0.0,0.0,0.0,73.232,-2102000000.0
13,AAMRQ,MRQ,2010-06-30,2010-06-30,2010-06-30,2021-08-25,-2674000000.0,25885000000.0,,7344000000.0,18541000000.0,,-11.812,-415000000.0,658000000.0,658000000.0,4327000000.0,-11000000.0,0.785,-7.587,11497000000.0,1829000000.0,9668000000.0,11497000000.0,0.0,0.0,0.0,0.0,0.0,198000000.0,198000000.0,0.035,198000000.0,198000000.0,-11000000.0,-0.03,-0.03,-0.03,-3930000000.0,,-3930000000.0,13166783889.0,-19.0,32.114,302000000.0,0.908,1.0,1347000000.0,0.237,974000000.0,209000000.0,26391000000.0,,569000000.0,4887000000.0,4887000000.0,0.0,29815000000.0,9359000000.0,20456000000.0,2255783889.0,8000000.0,0.0,-1000000.0,-74000000.0,0.0,237000000.0,-946000000.0,-531000000.0,717000000.0,0.0,-11000000.0,-11000000.0,-11000000.0,0.0,0.0,-0.002,1151000000.0,196000000.0,1305000000.0,0.0,-0.574,-1.851,-1.784,15267000000.0,0.0,6.78,0.108,0.108,910000000.0,-5652000000.0,5674000000.0,5674000000.0,0.0,,,,,0.0,248000000.0,1.0,332711488.0,332711488.0,,17.054,24911000000.0,0.0,0.0,0.0,74.873,-2015000000.0
14,AAMRQ,MRQ,2010-03-31,2010-03-31,2010-03-31,2021-08-25,-2635000000.0,25525000000.0,,6834000000.0,18691000000.0,,-11.701,-317000000.0,649000000.0,649000000.0,4126000000.0,-505000000.0,0.829,-7.558,11560000000.0,1140000000.0,10420000000.0,11560000000.0,0.0,0.0,0.0,0.0,0.0,-296000000.0,-296000000.0,-0.058,-296000000.0,-296000000.0,-505000000.0,-1.52,-1.52,-1.52,-3892000000.0,,-3892000000.0,14114119134.0,-13.0,-1283.102,139000000.0,0.418,1.0,942000000.0,0.186,981000000.0,209000000.0,27214000000.0,,552000000.0,4357000000.0,4357000000.0,0.0,29417000000.0,8241000000.0,21176000000.0,3030119134.0,36000000.0,0.0,1000000.0,-154000000.0,0.0,8000000.0,-428000000.0,-111000000.0,456000000.0,0.0,-505000000.0,-505000000.0,-505000000.0,0.0,0.0,-0.1,1240000000.0,-298000000.0,1140000000.0,0.0,-0.779,-1.896,-1.766,15393000000.0,0.0,9.11,0.15,0.15,842000000.0,-5641000000.0,5068000000.0,5068000000.0,0.0,,,,,0.0,234000000.0,1.0,332614614.0,332614614.0,,15.237,24544000000.0,0.0,0.0,0.0,73.791,-1407000000.0
15,AAMRQ,MRQ,2009-12-31,2009-12-31,2009-12-31,2021-08-25,-2724000000.0,25438000000.0,,6642000000.0,18796000000.0,,-10.495,-355000000.0,613000000.0,613000000.0,4118000000.0,-344000000.0,0.859,-8.291,11697000000.0,1114000000.0,10583000000.0,11697000000.0,0.0,1104000000.0,0.0,0.0,0.0,-389000000.0,715000000.0,0.141,715000000.0,-389000000.0,-598000000.0,-0.99,-0.99,-0.99,-3489000000.0,,-3489000000.0,13532883141.0,-13.0,140.968,-351000000.0,-1.056,1.0,944000000.0,0.186,988000000.0,209000000.0,27806000000.0,,557000000.0,4246000000.0,4246000000.0,0.0,28927000000.0,7728000000.0,21199000000.0,2569883141.0,-18000000.0,0.0,31000000.0,73000000.0,0.0,638000000.0,-660000000.0,-306000000.0,4000000.0,0.0,-344000000.0,-344000000.0,-344000000.0,0.0,0.0,-0.068,1334000000.0,-390000000.0,1064000000.0,0.0,-0.737,-1.751,-1.549,15476000000.0,0.0,7.73,0.129,0.129,768000000.0,-5136000000.0,5062000000.0,5062000000.0,0.0,,,,,61000000.0,207000000.0,1.0,332455775.0,332455775.0,,15.226,24450000000.0,0.0,-254000000.0,0.0,73.544,-1086000000.0
16,AAMRQ,MRQ,2009-09-30,2009-09-30,2009-09-30,2021-08-25,-2396000000.0,25754000000.0,,6453000000.0,19301000000.0,,-10.215,-493000000.0,630000000.0,630000000.0,4081000000.0,-359000000.0,0.817,-10.008,11593000000.0,1132000000.0,10461000000.0,11593000000.0,0.0,0.0,0.0,0.0,0.0,-207000000.0,-207000000.0,-0.04,-207000000.0,-207000000.0,-389000000.0,-1.26,-1.26,-1.26,-2859000000.0,,-2859000000.0,11666147283.0,-15.0,26.819,-505000000.0,-1.804,1.0,1046000000.0,0.204,1091000000.0,182000000.0,27725000000.0,,546111000000.0,3941000000.0,3941000000.0,0.0,28613000000.0,7901000000.0,20712000000.0,2225147283.0,-20000000.0,0.0,382000000.0,1188000000.0,0.0,1803000000.0,-1811000000.0,-1323000000.0,-12000000.0,0.0,-359000000.0,-359000000.0,-359000000.0,0.0,0.0,-0.07,1240000000.0,-194000000.0,1081000000.0,0.0,-0.778,-1.513,-1.541,15596000000.0,0.0,7.95,0.109,0.109,814000000.0,-4792000000.0,5127000000.0,5127000000.0,0.0,,,,,0.0,222000000.0,1.0,279892740.0,279892740.0,,18.318,24663000000.0,0.0,-30000000.0,0.0,88.116,-1448000000.0
17,AAMRQ,MRQ,2009-06-30,2009-06-30,2009-06-30,2021-08-25,-2499000000.0,24138000000.0,,5140000000.0,18998000000.0,,-10.528,-431000000.0,651000000.0,651000000.0,3933000000.0,-390000000.0,0.622,-9.046,10092000000.0,1228000000.0,8864000000.0,10092000000.0,0.0,0.0,0.0,0.0,0.0,-223000000.0,-223000000.0,-0.046,-223000000.0,-223000000.0,-390000000.0,-1.39,-1.39,-1.39,-3000000000.0,,-3000000000.0,10807510750.0,-33.0,12.323,48000000.0,0.168,1.0,956000000.0,0.196,1098000000.0,167000000.0,24211000000.0,,535000000.0,2617000000.0,2617000000.0,0.0,27138000000.0,8270000000.0,18868000000.0,1145510750.0,4000000.0,0.0,0.0,-108000000.0,0.0,-108000000.0,-367000000.0,62000000.0,479000000.0,0.0,-390000000.0,-390000000.0,-390000000.0,0.0,0.0,-0.08,1182000000.0,-226000000.0,1143000000.0,0.0,-0.382,-1.06,-1.063,15572000000.0,0.0,4.02,0.053,0.053,780000000.0,-4433000000.0,4889000000.0,4889000000.0,0.0,,,,,0.0,207000000.0,1.0,284952923.0,284952923.0,,17.157,23040000000.0,0.0,0.0,0.0,80.855,-3130000000.0
18,AAMRQ,MRQ,2009-03-31,2009-03-31,2009-03-31,2021-08-25,-2988000000.0,24518000000.0,,5362000000.0,19156000000.0,,-11.143,-166000000.0,649000000.0,649000000.0,3853000000.0,-375000000.0,0.602,-8.886,10311000000.0,1469000000.0,8842000000.0,10311000000.0,0.0,0.0,0.0,0.0,0.0,-189000000.0,-189000000.0,-0.039,-189000000.0,-189000000.0,-375000000.0,-1.35,-1.35,-1.35,-3109000000.0,,-3109000000.0,11197028110.0,-8.0,-69.117,293000000.0,1.05,1.0,986000000.0,0.204,1102000000.0,186000000.0,24170000000.0,,494000000.0,2677000000.0,2677000000.0,0.0,27627000000.0,8908000000.0,18719000000.0,890028110.0,-4000000.0,0.0,0.0,-579000000.0,0.0,-578000000.0,115000000.0,236000000.0,459000000.0,0.0,-375000000.0,-375000000.0,-375000000.0,0.0,0.0,-0.077,1180000000.0,-194000000.0,1005000000.0,0.0,-0.286,-0.414,-0.388,15574000000.0,0.0,3.19,0.039,0.039,785000000.0,-4043000000.0,4839000000.0,4839000000.0,0.0,,,,,0.0,217000000.0,1.0,279005677.0,279005677.0,,17.344,23416000000.0,0.0,0.0,0.0,83.927,-3546000000.0
19,AAMRQ,MRQ,2008-12-31,2008-12-31,2008-12-31,2021-08-25,-3177000000.0,25175000000.0,,5935000000.0,19240000000.0,,-10.529,273000000.0,650000000.0,650000000.0,4389000000.0,-347000000.0,0.633,-9.578,10957000000.0,1952000000.0,9005000000.0,10957000000.0,0.0,1207000000.0,0.0,0.0,0.0,-153000000.0,1054000000.0,0.193,1054000000.0,-153000000.0,-347000000.0,-1.16,-1.16,-1.16,-2935000000.0,,-2935000000.0,13371341853.0,-10.0,-123.809,-1091000000.0,-3.914,1.0,1080000000.0,0.197,1109000000.0,194000000.0,25003000000.0,,525000000.0,2916000000.0,2916000000.0,0.0,28110000000.0,9370000000.0,18740000000.0,2974341853.0,-82000000.0,-442000000.0,0.0,-183000000.0,0.0,19000000.0,1263000000.0,1429000000.0,-1364000000.0,0.0,-347000000.0,-347000000.0,-347000000.0,0.0,0.0,-0.063,1276000000.0,-196000000.0,952000000.0,0.0,-1.013,-1.404,-1.308,15735000000.0,0.0,10.67,0.125,0.125,811000000.0,-3668000000.0,5469000000.0,5469000000.0,0.0,,,,,53000000.0,217000000.0,1.0,278757437.0,278757437.0,,19.619,24066000000.0,0.0,0.0,0.0,86.333,-3435000000.0
20,AAMRQ,MRQ,2008-09-30,2008-09-30,2008-09-30,2021-08-25,368000000.0,26950000000.0,,7507000000.0,19443000000.0,,3.719,-205000000.0,729000000.0,729000000.0,5260000000.0,31000000.0,0.792,27.854,11126000000.0,1590000000.0,9536000000.0,11126000000.0,0.0,0.0,0.0,0.0,0.0,235000000.0,235000000.0,0.037,235000000.0,235000000.0,31000000.0,0.12,0.12,0.12,934000000.0,,934000000.0,12634268823.0,-12.0,69.04,-1389000000.0,-5.531,1.0,1161000000.0,0.181,1116000000.0,204000000.0,26747000000.0,,670210000000.0,4348000000.0,4348000000.0,0.0,26016000000.0,9484000000.0,16532000000.0,2466268823.0,-14000000.0,442000000.0,295000000.0,74000000.0,0.0,521000000.0,649000000.0,412000000.0,-1184000000.0,0.0,31000000.0,31000000.0,31000000.0,0.0,0.0,0.005,1377000000.0,-216000000.0,1164000000.0,0.0,2.641,-1.306,-1.297,15928000000.0,0.0,9.82,0.103,0.103,1104000000.0,-3121000000.0,6421000000.0,6421000000.0,0.0,,,,,0.0,264000000.0,1.0,251147538.0,251147538.0,,25.567,25834000000.0,0.0,0.0,0.0,102.864,-1977000000.0
21,AAMRQ,MRQ,2008-06-30,2008-06-30,2008-06-30,2021-08-25,1445000000.0,28925000000.0,,9072000000.0,19853000000.0,,6.656,-249000000.0,721000000.0,721000000.0,4980000000.0,-1461000000.0,0.853,16.425,10889000000.0,1558000000.0,9331000000.0,10889000000.0,0.0,0.0,0.0,0.0,0.0,-1262000000.0,-1262000000.0,-0.204,-1262000000.0,-1262000000.0,-1461000000.0,-5.83,-5.83,-5.83,1660000000.0,,1660000000.0,11580982477.0,-14.0,33.089,456000000.0,1.828,1.0,1199000000.0,0.194,1123000000.0,199000000.0,27330000000.0,,702000000.0,4782000000.0,4782000000.0,0.0,27265000000.0,10640000000.0,16625000000.0,1276982477.0,84000000.0,0.0,0.0,96000000.0,0.0,95000000.0,-716000000.0,-474000000.0,705000000.0,0.0,-1461000000.0,-1461000000.0,-1461000000.0,0.0,0.0,-0.236,2489000000.0,-1290000000.0,1389000000.0,0.0,0.769,-0.732,-0.732,15982000000.0,0.0,5.12,0.054,0.054,1166000000.0,-3166000000.0,6179000000.0,6179000000.0,0.0,,,,,0.0,259000000.0,1.0,249410640.0,249410640.0,,24.774,27802000000.0,0.0,0.0,0.0,111.471,-1568000000.0
22,AAMRQ,MRQ,2008-03-31,2008-03-31,2008-03-31,2021-08-25,823000000.0,28766000000.0,,7513000000.0,21253000000.0,,9.98,-215000000.0,629000000.0,629000000.0,4584000000.0,-341000000.0,0.785,10.557,10933000000.0,1558000000.0,9375000000.0,10933000000.0,0.0,0.0,0.0,0.0,0.0,-134000000.0,-134000000.0,-0.024,-134000000.0,-134000000.0,-341000000.0,-1.37,-1.37,-1.37,2489000000.0,,2489000000.0,12815683973.0,13.0,5.922,234000000.0,0.938,1.0,1113000000.0,0.195,1148000000.0,207000000.0,28350000000.0,,637000000.0,4316000000.0,4316000000.0,0.0,26277000000.0,9572000000.0,16705000000.0,2249683973.0,55000000.0,0.0,0.0,-254000000.0,0.0,-253000000.0,-141000000.0,73000000.0,449000000.0,0.0,-341000000.0,-341000000.0,-341000000.0,0.0,0.0,-0.06,1300000000.0,-187000000.0,1318000000.0,0.0,0.904,66.167,75.167,17345000000.0,0.0,9.02,0.097,0.097,1109000000.0,-1718000000.0,5697000000.0,5697000000.0,0.0,,,,,0.0,257000000.0,1.0,249410640.0,249410640.0,,22.842,27618000000.0,0.0,0.0,0.0,110.733,-2059000000.0
23,AAMRQ,MRQ,2007-12-31,2007-12-31,2007-12-31,2021-08-25,670000000.0,28571000000.0,,7229000000.0,21342000000.0,,10.665,2000000.0,576000000.0,576000000.0,4446000000.0,-117000000.0,0.852,9.753,11142000000.0,1049000000.0,10093000000.0,11142000000.0,0.0,1202000000.0,0.0,0.0,0.0,142000000.0,1344000000.0,0.236,1344000000.0,142000000.0,-117000000.0,-0.49,-0.27,-0.49,2657000000.0,,2657000000.0,14878180313.0,10.0,5.679,-8000000.0,-0.032,1.0,1237000000.0,0.218,1156000000.0,259000000.0,29498000000.0,,601000000.0,4387000000.0,4387000000.0,0.0,25914000000.0,8483000000.0,17431000000.0,3495180313.0,-13000000.0,0.0,2000000.0,-865000000.0,0.0,-865000000.0,861000000.0,861000000.0,-10000000.0,0.0,-117000000.0,-117000000.0,-117000000.0,0.0,0.0,-0.021,1306000000.0,-69000000.0,1182000000.0,0.0,1.315,7.665,7.543,17394000000.0,0.0,14.03,0.152,0.152,1027000000.0,-1390000000.0,5683000000.0,5683000000.0,0.0,,,,,133000000.0,241000000.0,1.0,249121904.0,249121904.0,,22.812,27415000000.0,0.0,0.0,0.0,110.047,-1254000000.0
24,AAMRQ,MRQ,2007-09-30,2007-09-30,2007-09-30,2021-08-25,-1210000000.0,29599000000.0,,8062000000.0,21537000000.0,,3.34,-147000000.0,608000000.0,608000000.0,4353000000.0,175000000.0,0.873,34.748,11991000000.0,1463000000.0,10528000000.0,11991000000.0,0.0,0.0,0.0,0.0,0.0,402000000.0,402000000.0,0.068,402000000.0,402000000.0,175000000.0,0.7,0.61,0.7,828000000.0,,828000000.0,17400188717.0,11.0,6.445,55000000.0,0.222,1.0,1593000000.0,0.268,1163000000.0,227000000.0,30583000000.0,,556000000.0,5229000000.0,5229000000.0,0.0,28771000000.0,9236000000.0,19535000000.0,5525188717.0,-54000000.0,0.0,2000000.0,-594000000.0,0.0,-590000000.0,334000000.0,479000000.0,202000000.0,0.0,175000000.0,175000000.0,175000000.0,0.0,0.0,0.029,1274000000.0,319000000.0,1269000000.0,0.0,6.673,9.365,9.326,17553000000.0,0.0,22.29,0.244,0.244,1166000000.0,-1321000000.0,5946000000.0,5946000000.0,0.0,,,,,0.0,270000000.0,1.0,247877466.0,247877466.0,,23.988,28436000000.0,0.0,0.0,0.0,114.718,-1174000000.0
25,AAMRQ,MRQ,2007-06-30,2007-06-30,2007-06-30,2021-08-25,-1219000000.0,30410000000.0,,8588000000.0,21822000000.0,,2.535,-172000000.0,685000000.0,685000000.0,4165000000.0,317000000.0,0.914,48.852,12560000000.0,1318000000.0,11242000000.0,12560000000.0,0.0,0.0,0.0,0.0,0.0,552000000.0,552000000.0,0.094,552000000.0,552000000.0,317000000.0,1.28,1.08,1.28,610000000.0,,610000000.0,18483509505.0,13.0,7.186,669000000.0,2.781,1.0,1714000000.0,0.292,1170000000.0,235000000.0,31722000000.0,,532000000.0,5685000000.0,5685000000.0,0.0,29800000000.0,9393000000.0,20407000000.0,6339509505.0,70000000.0,0.0,39000000.0,-216000000.0,0.0,-160000000.0,-611000000.0,-446000000.0,841000000.0,0.0,317000000.0,317000000.0,317000000.0,0.0,0.0,0.054,1247000000.0,467000000.0,1359000000.0,0.0,10.393,14.743,14.972,17700000000.0,0.0,26.35,0.281,0.281,1219000000.0,-1496000000.0,5879000000.0,5879000000.0,0.0,,,,,0.0,268000000.0,1.0,240588596.0,240588596.0,,24.436,29240000000.0,0.0,0.0,0.0,121.535,-805000000.0
26,AAMRQ,MRQ,2007-03-31,2007-03-31,2007-03-31,2021-08-25,-1219000000.0,29884000000.0,,7833000000.0,22051000000.0,,0.942,-169000000.0,616000000.0,616000000.0,3936000000.0,81000000.0,0.874,131.23,12760000000.0,1289000000.0,11471000000.0,12760000000.0,0.0,0.0,0.0,0.0,0.0,322000000.0,322000000.0,0.059,322000000.0,322000000.0,81000000.0,0.35,0.3,0.35,226000000.0,,226000000.0,20105819832.0,14.0,7.82,733000000.0,3.055,1.0,1491000000.0,0.275,1160000000.0,241000000.0,31910000000.0,,503000000.0,5238000000.0,5238000000.0,0.0,29658000000.0,8958000000.0,20700000000.0,7304819832.0,24000000.0,0.0,544000000.0,-646000000.0,0.0,-60000000.0,-818000000.0,-647000000.0,902000000.0,0.0,81000000.0,81000000.0,81000000.0,0.0,0.0,0.015,1243000000.0,248000000.0,1212000000.0,0.0,32.322,18.081,15.859,17822000000.0,0.0,30.45,0.323,0.323,1124000000.0,-1813000000.0,5427000000.0,5427000000.0,0.0,,,,,0.0,249000000.0,1.0,239895561.0,239895561.0,,22.622,28724000000.0,0.0,0.0,0.0,119.735,-1125000000.0
27,AAMRQ,MRQ,2006-12-31,2006-12-31,2006-12-31,2021-08-25,-1291000000.0,29145000000.0,,6902000000.0,22243000000.0,,-2.826,-144000000.0,589000000.0,589000000.0,4000000000.0,17000000.0,0.812,-49.094,13390000000.0,1349000000.0,12041000000.0,13390000000.0,0.0,1157000000.0,0.0,0.0,0.0,267000000.0,1424000000.0,0.264,1424000000.0,267000000.0,17000000.0,0.06,0.07,0.06,-606000000.0,,-606000000.0,19816794834.0,16.0,8.196,66000000.0,0.308,1.0,1397000000.0,0.259,1167000000.0,250000000.0,32274000000.0,,506000000.0,4594000000.0,4594000000.0,0.0,29751000000.0,8505000000.0,21246000000.0,6481794834.0,7000000.0,0.0,96000000.0,-535000000.0,0.0,-401000000.0,198000000.0,342000000.0,210000000.0,0.0,17000000.0,17000000.0,17000000.0,0.0,0.0,0.003,1212000000.0,185000000.0,1073000000.0,0.0,-10.696,28.06,26.752,17941000000.0,0.0,30.23,0.287,0.287,988000000.0,-1894000000.0,5397000000.0,5397000000.0,0.0,,,,,142000000.0,237000000.0,1.0,214415972.0,214415972.0,,25.171,27978000000.0,0.0,0.0,0.0,130.485,-1603000000.0
28,AAMRQ,MRQ,2006-09-30,2006-09-30,2006-09-30,2021-08-25,-993000000.0,30128000000.0,,7473000000.0,22655000000.0,,-2.413,-104000000.0,578000000.0,578000000.0,4321000000.0,15000000.0,0.861,-59.615,13913000000.0,1506000000.0,12407000000.0,13913000000.0,0.0,0.0,0.0,0.0,0.0,274000000.0,274000000.0,0.047,274000000.0,274000000.0,15000000.0,0.07,0.06,0.07,-514000000.0,,-514000000.0,18357182442.0,28.0,10.097,14000000.0,0.066,1.0,1526000000.0,0.261,1174000000.0,259000000.0,33614000000.0,,506000000.0,4940000000.0,4940000000.0,0.0,30642000000.0,8675000000.0,21967000000.0,4929182442.0,-53000000.0,0.0,13000000.0,-220000000.0,0.0,-175000000.0,4000000.0,107000000.0,118000000.0,0.0,15000000.0,15000000.0,15000000.0,0.0,0.0,0.003,1242000000.0,284000000.0,1087000000.0,0.0,-9.59,-12.77,-8.969,18040000000.0,0.0,23.14,0.221,0.221,1160000000.0,-1959000000.0,5847000000.0,5847000000.0,0.0,,,,,0.0,284000000.0,1.0,213015663.0,213015663.0,,27.449,28954000000.0,0.0,0.0,0.0,135.924,-1202000000.0
29,AAMRQ,MRQ,2006-06-30,2006-06-30,2006-06-30,2021-08-25,-947000000.0,30752000000.0,,7840000000.0,22912000000.0,,-2.682,-135000000.0,692000000.0,692000000.0,4238000000.0,291000000.0,0.849,-61.535,14120000000.0,1152000000.0,12968000000.0,14120000000.0,0.0,0.0,0.0,0.0,0.0,551000000.0,551000000.0,0.092,551000000.0,551000000.0,291000000.0,1.44,1.14,1.44,-508000000.0,,-508000000.0,18510243875.0,40.0,11.349,687000000.0,3.627,1.0,1737000000.0,0.291,1181000000.0,260000000.0,33767000000.0,,510000000.0,4986000000.0,4986000000.0,0.0,31260000000.0,9232000000.0,22028000000.0,4814243875.0,23000000.0,0.0,442000000.0,-247000000.0,0.0,222000000.0,-1021000000.0,-877000000.0,822000000.0,0.0,291000000.0,291000000.0,291000000.0,0.0,0.0,0.049,1261000000.0,476000000.0,1263000000.0,0.0,-9.477,-8.69,-7.101,18218000000.0,0.0,25.42,0.219,0.219,1121000000.0,-1974000000.0,5975000000.0,5975000000.0,0.0,,,,,0.0,286000000.0,1.0,189388036.0,189388036.0,,31.549,29571000000.0,0.0,0.0,0.0,156.14,-1392000000.0
30,AAMRQ,MRQ,2006-03-31,2006-03-31,2006-03-31,2021-08-25,-958000000.0,29918000000.0,,6820000000.0,23098000000.0,,-6.834,-98000000.0,654000000.0,654000000.0,4024000000.0,-92000000.0,0.78,-24.52,14350000000.0,1185000000.0,13165000000.0,14350000000.0,0.0,0.0,0.0,0.0,0.0,169000000.0,169000000.0,0.032,169000000.0,169000000.0,-92000000.0,-0.49,-0.49,-0.49,-1272000000.0,,-1272000000.0,19081488979.0,97.0,14.02,691000000.0,3.713,1.0,1320000000.0,0.247,1188000000.0,261000000.0,33682000000.0,,494000000.0,4124000000.0,4124000000.0,0.0,31190000000.0,8744000000.0,22446000000.0,5034488979.0,6000000.0,0.0,79000000.0,-364000000.0,0.0,-237000000.0,-546000000.0,-448000000.0,789000000.0,0.0,-92000000.0,-92000000.0,-92000000.0,0.0,0.0,-0.017,1205000000.0,115000000.0,1160000000.0,0.0,-3.958,-6.397,-5.792,18362000000.0,0.0,27.05,0.236,0.236,1073000000.0,-2265000000.0,5344000000.0,5344000000.0,0.0,,,,,0.0,269000000.0,1.0,186117892.0,186117892.0,,28.713,28730000000.0,0.0,0.0,0.0,154.365,-1924000000.0
31,AAMRQ,MRQ,2005-12-31,2005-12-31,2005-12-31,2021-08-25,-979000000.0,29495000000.0,,6164000000.0,23331000000.0,,-8.663,-80000000.0,648000000.0,648000000.0,4158000000.0,-600000000.0,0.745,-21.626,14695000000.0,1239000000.0,13456000000.0,14695000000.0,0.0,1164000000.0,0.0,0.0,0.0,-340000000.0,824000000.0,0.159,824000000.0,-340000000.0,-600000000.0,-3.6,-3.6,-3.6,-1430000000.0,,-1430000000.0,17234453526.0,172.0,13.635,-88000000.0,-0.533,1.0,1010000000.0,0.195,1194000000.0,260000000.0,34076000000.0,,515000000.0,3676000000.0,3676000000.0,0.0,30925000000.0,8272000000.0,22653000000.0,3669453526.0,11000000.0,0.0,260000000.0,240000000.0,0.0,500000000.0,-481000000.0,-402000000.0,-8000000.0,0.0,-600000000.0,-600000000.0,-600000000.0,0.0,0.0,-0.116,1390000000.0,-380000000.0,1078000000.0,0.0,-2.566,-4.282,-4.292,18546000000.0,0.0,22.23,0.177,0.177,991000000.0,-2125000000.0,5168000000.0,5168000000.0,0.0,,,,,0.0,264000000.0,1.0,165067635.0,165067635.0,,31.308,28301000000.0,0.0,0.0,0.0,171.451,-2108000000.0
32,AAMRQ,MRQ,2005-09-30,2005-09-30,2005-09-30,2021-08-25,-575000000.0,29436000000.0,,5987000000.0,23449000000.0,,-4.453,-95000000.0,626000000.0,626000000.0,4136000000.0,-153000000.0,0.761,-41.379,14191000000.0,960000000.0,13231000000.0,14191000000.0,0.0,0.0,0.0,0.0,0.0,87000000.0,87000000.0,0.016,87000000.0,87000000.0,-153000000.0,-0.93,-0.93,-0.93,-729000000.0,,-729000000.0,15404180322.0,54.0,9.756,-127000000.0,-0.776,1.0,1349000000.0,0.246,1202000000.0,240000000.0,33930000000.0,,540000000.0,3285000000.0,3285000000.0,0.0,30165000000.0,7869000000.0,22296000000.0,1830180322.0,-39000000.0,0.0,7000000.0,140000000.0,0.0,147000000.0,-154000000.0,-59000000.0,-32000000.0,0.0,-153000000.0,-153000000.0,-153000000.0,0.0,0.0,-0.028,1310000000.0,39000000.0,1101000000.0,0.0,-2.511,-2.887,-2.845,18911000000.0,0.0,11.18,0.091,0.091,1111000000.0,-1569000000.0,5485000000.0,5485000000.0,0.0,,,,,0.0,292000000.0,1.0,163701281.0,163701281.0,,33.506,28234000000.0,0.0,0.0,0.0,172.473,-1882000000.0
33,AAMRQ,MRQ,2005-06-30,2005-06-30,2005-06-30,2021-08-25,-607000000.0,29494000000.0,,5789000000.0,23705000000.0,,-3.811,-227000000.0,658000000.0,658000000.0,3871000000.0,58000000.0,0.722,-48.958,14232000000.0,910000000.0,13322000000.0,14232000000.0,0.0,0.0,0.0,0.0,0.0,281000000.0,281000000.0,0.053,281000000.0,281000000.0,58000000.0,0.35,0.3,0.35,-615000000.0,,-615000000.0,15577438882.0,76.0,10.406,372000000.0,2.305,1.0,1438000000.0,0.271,1209000000.0,223000000.0,33840000000.0,,488000000.0,3233000000.0,3233000000.0,0.0,30109000000.0,8019000000.0,22090000000.0,1954438882.0,18000000.0,0.0,11000000.0,-33000000.0,0.0,-22000000.0,-559000000.0,-330000000.0,599000000.0,0.0,58000000.0,58000000.0,58000000.0,0.0,0.0,0.011,1209000000.0,229000000.0,1202000000.0,0.0,-3.178,-2.812,-2.797,19096000000.0,0.0,12.11,0.101,0.101,1052000000.0,-1416000000.0,5309000000.0,5309000000.0,0.0,,,,,0.0,286000000.0,1.0,161390494.0,161390494.0,,32.895,28285000000.0,0.0,0.0,0.0,175.258,-2230000000.0
34,AAMRQ,MRQ,2005-03-31,2005-03-31,2005-03-31,2021-08-25,-619000000.0,29167000000.0,,5420000000.0,23747000000.0,,-4.325,-239000000.0,631000000.0,631000000.0,3549000000.0,-162000000.0,0.701,-42.846,14254000000.0,879000000.0,13375000000.0,14254000000.0,0.0,0.0,0.0,0.0,0.0,73000000.0,73000000.0,0.015,73000000.0,73000000.0,-162000000.0,-1.0,-1.0,-1.0,-697000000.0,,-697000000.0,15456425418.0,105.0,10.741,226000000.0,1.402,1.0,1201000000.0,0.253,1216000000.0,235000000.0,33843000000.0,,489000000.0,2912000000.0,2912000000.0,0.0,29864000000.0,7731000000.0,22133000000.0,1724425418.0,28000000.0,0.0,1000000.0,-93000000.0,0.0,-92000000.0,-345000000.0,-108000000.0,465000000.0,0.0,-162000000.0,-162000000.0,-162000000.0,0.0,0.0,-0.034,1178000000.0,23000000.0,1131000000.0,0.0,-2.474,-2.308,-2.306,19116000000.0,0.0,10.7,0.091,0.091,1033000000.0,-1474000000.0,4750000000.0,4750000000.0,0.0,,,,,0.0,271000000.0,1.0,161161254.0,161161254.0,,29.474,27951000000.0,0.0,0.0,0.0,173.435,-2311000000.0
35,AAMRQ,MRQ,2004-12-31,2004-12-31,2004-12-31,2021-08-25,-664000000.0,28773000000.0,,4971000000.0,23802000000.0,,-3.613,-48000000.0,598000000.0,598000000.0,3662000000.0,-377000000.0,0.708,-50.523,14330000000.0,806000000.0,13524000000.0,14330000000.0,0.0,1292000000.0,0.0,0.0,0.0,-154000000.0,1138000000.0,0.251,1138000000.0,-154000000.0,-377000000.0,-2.35,-2.35,-2.35,-581000000.0,,-581000000.0,15546085949.0,130.0,11.01,-134000000.0,-0.833,1.0,879000000.0,0.194,1223000000.0,223000000.0,34264000000.0,,488000000.0,2809000000.0,2809000000.0,0.0,29354000000.0,7018000000.0,22336000000.0,1761085949.0,3000000.0,0.0,1000000.0,-76000000.0,0.0,-75000000.0,164000000.0,212000000.0,-86000000.0,0.0,-377000000.0,-377000000.0,-377000000.0,0.0,0.0,-0.083,1224000000.0,-345000000.0,1003000000.0,0.0,-3.031,-2.345,-2.34,19137000000.0,0.0,10.95,0.094,0.094,836000000.0,-1312000000.0,4541000000.0,4541000000.0,0.0,,,,,0.0,244000000.0,1.0,160829767.0,160829767.0,,28.235,27550000000.0,0.0,0.0,0.0,171.299,-2047000000.0
36,AAMRQ,MRQ,2004-09-30,2004-09-30,2004-09-30,2021-08-25,-782000000.0,29261000000.0,,5300000000.0,23961000000.0,,-1.954,-240000000.0,598000000.0,598000000.0,3609000000.0,-214000000.0,0.744,-94.188,14383000000.0,795000000.0,13588000000.0,14383000000.0,0.0,0.0,0.0,0.0,0.0,5000000.0,5000000.0,0.001,5000000.0,5000000.0,-214000000.0,-1.33,-1.33,-1.33,-314000000.0,,-314000000.0,14929914002.0,72.0,9.431,-170000000.0,-1.058,1.0,1153000000.0,0.242,1231000000.0,219000000.0,34691000000.0,,519000000.0,3018000000.0,3018000000.0,0.0,29575000000.0,7124000000.0,22451000000.0,1177914002.0,-79000000.0,0.0,1000000.0,-66000000.0,0.0,-65000000.0,-84000000.0,158000000.0,70000000.0,0.0,-214000000.0,-214000000.0,-214000000.0,0.0,0.0,-0.045,1180000000.0,-27000000.0,1043000000.0,0.0,-3.751,-2.429,-2.443,19254000000.0,0.0,7.33,0.064,0.064,903000000.0,-925000000.0,4762000000.0,4762000000.0,0.0,,,,,0.0,288000000.0,1.0,160697681.0,160697681.0,,29.633,28030000000.0,0.0,0.0,0.0,174.427,-1824000000.0
37,AAMRQ,MRQ,2004-06-30,2004-06-30,2004-06-30,2021-08-25,-802000000.0,30001000000.0,,5513000000.0,24488000000.0,,-0.764,-279000000.0,685000000.0,685000000.0,3458000000.0,6000000.0,0.756,-246.91,14437000000.0,811000000.0,13626000000.0,14437000000.0,0.0,0.0,0.0,0.0,0.0,223000000.0,223000000.0,0.046,223000000.0,223000000.0,6000000.0,0.04,0.03,0.04,-122000000.0,,-122000000.0,15672064369.0,39.0,8.819,83000000.0,0.52,1.0,1372000000.0,0.284,1238000000.0,217000000.0,35218000000.0,,505000000.0,3168000000.0,3168000000.0,0.0,30123000000.0,7297000000.0,22826000000.0,1933064369.0,44000000.0,0.0,3000000.0,38000000.0,0.0,41000000.0,-359000000.0,-82000000.0,362000000.0,0.0,6000000.0,6000000.0,6000000.0,0.0,0.0,0.001,1176000000.0,196000000.0,1133000000.0,0.0,-15.845,-7.159,-7.384,19332000000.0,0.0,12.11,0.105,0.105,919000000.0,-711000000.0,4830000000.0,4830000000.0,0.0,,,,,0.0,287000000.0,1.0,159625464.0,159625464.0,,30.258,28763000000.0,0.0,0.0,0.0,180.191,-1784000000.0
38,AAMRQ,MRQ,2004-03-31,2004-03-31,2004-03-31,2021-08-25,-802000000.0,29950000000.0,,5406000000.0,24544000000.0,,-0.846,-195000000.0,653000000.0,653000000.0,3274000000.0,-166000000.0,0.76,-222.852,14392000000.0,815000000.0,13577000000.0,14392000000.0,0.0,0.0,0.0,0.0,0.0,46000000.0,46000000.0,0.01,46000000.0,46000000.0,-166000000.0,-1.03,-1.03,-1.03,-135000000.0,,-135000000.0,15314512454.0,52.0,9.176,176000000.0,1.103,1.0,1238000000.0,0.274,1245000000.0,212000000.0,35334000000.0,,490000000.0,3074000000.0,3074000000.0,0.0,30085000000.0,7110000000.0,22975000000.0,2031512454.0,32000000.0,0.0,2000000.0,428000000.0,0.0,430000000.0,-769000000.0,-562000000.0,371000000.0,0.0,-166000000.0,-166000000.0,-166000000.0,0.0,0.0,-0.037,1196000000.0,42000000.0,1022000000.0,0.0,-15.048,-5.788,-5.921,19353000000.0,0.0,12.73,0.114,0.114,965000000.0,-717000000.0,4512000000.0,4512000000.0,0.0,,,,,0.0,288000000.0,1.0,159584639.0,159584639.0,,28.273,28705000000.0,0.0,0.0,0.0,179.873,-1704000000.0
39,AAMRQ,MRQ,2003-12-31,2003-12-31,2003-12-31,2021-08-25,-785000000.0,29330000000.0,,4682000000.0,24648000000.0,,0.289,133000000.0,647000000.0,647000000.0,3106000000.0,-111000000.0,0.714,636.609,13930000000.0,804000000.0,13126000000.0,13930000000.0,0.0,1377000000.0,0.0,0.0,0.0,-68000000.0,1309000000.0,0.298,1309000000.0,-68000000.0,-191000000.0,-0.68,-0.68,-0.68,46000000.0,,46000000.0,15270549879.0,-25.0,19.781,141000000.0,0.885,1.0,1285000000.0,0.293,1253000000.0,123000000.0,34801000000.0,,516000000.0,2486000000.0,2486000000.0,0.0,29284000000.0,6559000000.0,22725000000.0,2063549879.0,-38000000.0,-180000000.0,1000000.0,-95000000.0,0.0,-94000000.0,48000000.0,93000000.0,8000000.0,0.0,-111000000.0,-111000000.0,-111000000.0,0.0,0.0,-0.025,1512000000.0,-227000000.0,967000000.0,0.0,44.86,-1.68,-1.669,19460000000.0,0.0,12.95,0.118,0.118,796000000.0,-551000000.0,4391000000.0,4391000000.0,0.0,,,,,0.0,267000000.0,1.0,159347481.0,159347481.0,,27.556,28077000000.0,0.0,-80000000.0,0.0,176.2,-1877000000.0
40,AAMRQ,MRQ,2003-09-30,2003-09-30,2003-09-30,2021-08-25,-1461000000.0,29943000000.0,,5076000000.0,24867000000.0,,-3.28,-126000000.0,698000000.0,698000000.0,3244000000.0,1000000.0,0.712,-58.472,13905000000.0,738000000.0,13167000000.0,13905000000.0,0.0,0.0,0.0,0.0,0.0,199000000.0,199000000.0,0.043,199000000.0,199000000.0,1000000.0,0.03,0.03,0.03,-521000000.0,,-521000000.0,14368731729.0,-12.0,77.669,299000000.0,1.882,1.0,1361000000.0,0.296,1263000000.0,198000000.0,34755000000.0,,527000000.0,2566000000.0,2566000000.0,0.0,30464000000.0,7132000000.0,23332000000.0,1818731729.0,1000000.0,0.0,0.0,591000000.0,0.0,591000000.0,-1015000000.0,-886000000.0,425000000.0,0.0,1000000.0,1000000.0,1000000.0,0.0,0.0,0.0,1196000000.0,165000000.0,1075000000.0,0.0,-3.491,-1.105,-1.09,19765000000.0,0.0,11.45,0.105,0.105,885000000.0,-440000000.0,4605000000.0,4605000000.0,0.0,,,,,0.0,281000000.0,1.0,158841199.0,158841199.0,,28.991,28680000000.0,51000000.0,0.0,0.0,180.558,-2056000000.0
41,AAMRQ,MRQ,2003-06-30,2003-06-30,2003-06-30,2021-08-25,-1438000000.0,29220000000.0,,4247000000.0,24973000000.0,,-3.21,-92000000.0,707000000.0,707000000.0,3329000000.0,-75000000.0,0.6,-59.207,13257000000.0,722000000.0,12535000000.0,13257000000.0,0.0,0.0,0.0,0.0,0.0,115000000.0,115000000.0,0.027,115000000.0,115000000.0,-75000000.0,-0.47,-0.47,-0.47,-502000000.0,,-502000000.0,14165361192.0,-5.0,-10.964,613000000.0,3.92,1.0,995000000.0,0.23,1270000000.0,190000000.0,33419000000.0,,557000000.0,1670000000.0,1670000000.0,0.0,29722000000.0,7081000000.0,22641000000.0,1720361192.0,0.0,180000000.0,0.0,-240000000.0,0.0,-240000000.0,-465000000.0,-555000000.0,705000000.0,0.0,-75000000.0,-75000000.0,-75000000.0,0.0,0.0,-0.017,908000000.0,87000000.0,1100000000.0,0.0,-3.427,-0.669,-0.668,19848000000.0,0.0,11.0,0.1,0.1,873000000.0,-441000000.0,4324000000.0,4324000000.0,0.0,,,,,0.0,260000000.0,1.0,156396472.0,156396472.0,,27.648,27950000000.0,51000000.0,0.0,0.0,178.712,-2834000000.0
42,AAMRQ,MRQ,2003-03-31,2003-03-31,2003-03-31,2021-08-25,-1096000000.0,29086000000.0,,3634000000.0,25452000000.0,,-0.654,-200000000.0,707000000.0,707000000.0,3688000000.0,-1043000000.0,0.514,-286.157,13152000000.0,807000000.0,12345000000.0,13152000000.0,0.0,0.0,0.0,0.0,0.0,-851000000.0,-851000000.0,-0.207,-851000000.0,-851000000.0,-1043000000.0,-6.68,-6.68,-6.68,-102000000.0,,-102000000.0,12685585565.0,-4.0,-6.462,-737000000.0,-4.725,1.0,432000000.0,0.105,1277000000.0,192000000.0,33181000000.0,,618000000.0,1115000000.0,1115000000.0,0.0,29188000000.0,7073000000.0,22115000000.0,327585565.0,53000000.0,0.0,0.0,-197000000.0,0.0,-197000000.0,787000000.0,964000000.0,-537000000.0,0.0,-1043000000.0,-1043000000.0,-1043000000.0,0.0,0.0,-0.253,1301000000.0,-869000000.0,1052000000.0,0.0,-3.212,-0.11,-0.109,19750000000.0,0.0,2.1,0.019,0.019,873000000.0,-366000000.0,4120000000.0,4120000000.0,0.0,,,,,0.0,255000000.0,1.0,155993126.0,155993126.0,,26.411,27809000000.0,51000000.0,0.0,0.0,178.271,-3439000000.0
43,AAMRQ,MRQ,2002-12-31,2002-12-31,2002-12-31,2021-08-25,-1076000000.0,30267000000.0,,4937000000.0,25330000000.0,,6.135,-317000000.0,887000000.0,887000000.0,3654000000.0,-529000000.0,0.682,30.627,13178000000.0,868000000.0,12310000000.0,13178000000.0,0.0,1366000000.0,0.0,0.0,0.0,-644000000.0,722000000.0,0.171,722000000.0,-644000000.0,-828000000.0,-3.38,-3.38,-3.38,957000000.0,,957000000.0,13387554632.0,-3.0,-4.786,-915000000.0,-5.866,1.0,571000000.0,0.135,1292000000.0,184000000.0,34026000000.0,,627000000.0,1846000000.0,1846000000.0,0.0,29310000000.0,7240000000.0,22070000000.0,1029554632.0,-9000000.0,0.0,0.0,670000000.0,0.0,761000000.0,-172000000.0,78000000.0,-598000000.0,0.0,-529000000.0,-529000000.0,-529000000.0,0.0,0.0,-0.125,1250000000.0,-679000000.0,1198000000.0,0.0,1.076,-0.293,-0.292,19694000000.0,0.0,6.6,0.059,0.059,909000000.0,677000000.0,4225000000.0,4225000000.0,0.0,,,,,0.0,251000000.0,1.0,155993126.0,155993126.0,,27.085,28975000000.0,572000000.0,-299000000.0,0.0,185.745,-2303000000.0
44,AAMRQ,MRQ,2002-09-30,2002-09-30,2002-09-30,2021-08-25,-45000000.0,31502000000.0,,5987000000.0,25515000000.0,,16.128,-393000000.0,123000000.0,123000000.0,3819000000.0,-924000000.0,0.829,11.546,12481000000.0,550000000.0,11931000000.0,12481000000.0,0.0,0.0,0.0,0.0,0.0,-1278000000.0,-1278000000.0,-0.282,-1278000000.0,-1278000000.0,-1449000000.0,-5.93,-5.93,-5.93,2511000000.0,,2511000000.0,11568778427.0,-3.0,-3.593,-951000000.0,-6.108,1.0,705000000.0,0.156,1299000000.0,171000000.0,35343000000.0,,648000000.0,2707000000.0,2707000000.0,0.0,28991000000.0,7218000000.0,21773000000.0,650778427.0,-72000000.0,0.0,0.0,1344000000.0,0.0,1344000000.0,-858000000.0,-339000000.0,-558000000.0,0.0,-924000000.0,-924000000.0,-924000000.0,0.0,0.0,-0.204,2026000000.0,-1321000000.0,1360000000.0,0.0,0.259,-0.172,-0.171,19741000000.0,0.0,4.18,0.038,0.038,1563000000.0,1206000000.0,4524000000.0,4524000000.0,0.0,,,,,0.0,268000000.0,1.0,155688619.0,155688619.0,,29.058,30203000000.0,792000000.0,-525000000.0,1228000000.0,193.996,-1231000000.0
45,AAMRQ,MRQ,2002-06-30,2002-06-30,2002-06-30,2021-08-25,-72000000.0,31538000000.0,,5848000000.0,25690000000.0,,21.964,-345000000.0,195000000.0,195000000.0,3767000000.0,-495000000.0,0.784,8.257,11113000000.0,497000000.0,10616000000.0,11113000000.0,0.0,0.0,0.0,0.0,0.0,-556000000.0,-556000000.0,-0.123,-556000000.0,-556000000.0,-720000000.0,-3.19,-3.19,-3.19,3407000000.0,,3407000000.0,13430311280.0,-3.0,-5.468,147000000.0,0.948,1.0,741000000.0,0.164,1310000000.0,164000000.0,33687000000.0,,743000000.0,2368000000.0,2368000000.0,0.0,28131000000.0,7459000000.0,20672000000.0,2615311280.0,61000000.0,0.0,1000000.0,65000000.0,0.0,66000000.0,-497000000.0,-187000000.0,492000000.0,0.0,-495000000.0,-495000000.0,-495000000.0,0.0,0.0,-0.11,1342000000.0,-601000000.0,1559000000.0,0.0,0.768,-0.8,-0.798,20084000000.0,0.0,16.86,0.151,0.151,1556000000.0,2130000000.0,4508000000.0,4508000000.0,0.0,,,,,0.0,311000000.0,1.0,155119293.0,155119293.0,,29.062,30228000000.0,792000000.0,-225000000.0,1577000000.0,194.869,-1611000000.0
46,AAMRQ,MRQ,2002-03-31,2002-03-31,2002-03-31,2021-08-25,-71000000.0,31614000000.0,,6271000000.0,25343000000.0,,25.125,-606000000.0,134000000.0,134000000.0,3558000000.0,-1563000000.0,0.849,7.127,10951000000.0,713000000.0,10238000000.0,10951000000.0,0.0,0.0,0.0,0.0,0.0,-1685000000.0,-1685000000.0,-0.405,-1685000000.0,-1685000000.0,-1851000000.0,-10.09,-10.09,-10.09,3890000000.0,,3890000000.0,14574952336.0,-4.0,-5.691,-1053000000.0,-6.801,1.0,605000000.0,0.145,1316000000.0,166000000.0,33726000000.0,,758000000.0,2181000000.0,2181000000.0,0.0,27724000000.0,7389000000.0,20335000000.0,4088952336.0,22000000.0,0.0,2000000.0,333000000.0,0.0,335000000.0,134000000.0,740000000.0,-447000000.0,0.0,-1563000000.0,-1563000000.0,-1563000000.0,0.0,0.0,-0.375,1334000000.0,-729000000.0,1462000000.0,0.0,1.051,-1.246,-1.244,19950000000.0,0.0,26.41,0.223,0.223,1858000000.0,2625000000.0,4163000000.0,4163000000.0,0.0,,,,,0.0,320000000.0,1.0,154825912.0,154825912.0,,26.888,30298000000.0,793000000.0,-288000000.0,1602000000.0,195.691,-1118000000.0
47,AAMRQ,MRQ,2001-12-31,2001-12-31,2001-12-31,2021-08-25,-146000000.0,32841000000.0,,6571000000.0,26270000000.0,,34.781,-506000000.0,637000000.0,637000000.0,3534000000.0,-798000000.0,0.875,5.112,10606000000.0,772000000.0,9834000000.0,10606000000.0,0.0,1404000000.0,0.0,0.0,0.0,-1105000000.0,299000000.0,0.078,299000000.0,-1105000000.0,-1270000000.0,-5.17,-5.17,-5.17,5373000000.0,,5373000000.0,12249939635.0,-6.0,-15.049,-1270000000.0,-8.221,1.0,276000000.0,0.072,2717000000.0,165000000.0,32581000000.0,,822000000.0,2386000000.0,2386000000.0,0.0,27468000000.0,7512000000.0,19956000000.0,3444939635.0,33000000.0,0.0,0.0,1768000000.0,0.0,1979000000.0,-1182000000.0,-650000000.0,-764000000.0,0.0,-798000000.0,-798000000.0,-798000000.0,0.0,0.0,-0.209,1424000000.0,-1148000000.0,1785000000.0,0.0,0.641,-1.955,-1.951,19655000000.0,0.0,22.3,0.182,0.182,1162000000.0,4188000000.0,3810000000.0,3810000000.0,0.0,,,,,0.0,849000000.0,1.0,154481598.0,154481598.0,,24.663,30124000000.0,1042000000.0,-472000000.0,1627000000.0,195.001,-941000000.0
48,AAMRQ,MRQ,2001-09-30,2001-09-30,2001-09-30,2021-08-25,-28000000.0,31840000000.0,,6081000000.0,25759000000.0,,40.461,-815000000.0,69000000.0,69000000.0,4003000000.0,-414000000.0,0.75,4.11,8874000000.0,776000000.0,8098000000.0,8874000000.0,0.0,0.0,0.0,0.0,0.0,-514000000.0,-514000000.0,-0.107,-514000000.0,-514000000.0,-636000000.0,-2.68,-2.68,-2.68,6231000000.0,,6231000000.0,10470365656.0,-11.0,36.61,-394000000.0,-2.558,1.0,813000000.0,0.169,1350000000.0,122000000.0,31192000000.0,,871000000.0,2271000000.0,2271000000.0,0.0,25609000000.0,8103000000.0,17506000000.0,2955365656.0,-196000000.0,0.0,3000000.0,1053000000.0,0.0,1197000000.0,-1814000000.0,-1049000000.0,421000000.0,0.0,-414000000.0,-414000000.0,-414000000.0,0.0,0.0,-0.086,1371000000.0,-558000000.0,1613000000.0,0.0,0.474,-3.223,-3.217,19854000000.0,0.0,19.14,0.148,0.147,1829000000.0,4986000000.0,4816000000.0,4816000000.0,0.0,,,,,0.0,207000000.0,1.0,154407819.0,154000000.0,154000000.0,31.273,30490000000.0,693000000.0,-222000000.0,2168000000.0,197.987,-2022000000.0
49,AAMRQ,MRQ,2001-06-30,2001-06-30,2001-06-30,2021-08-25,68000000.0,29002000000.0,,5174000000.0,23828000000.0,,43.766,-1198000000.0,265000000.0,265000000.0,4030000000.0,-507000000.0,0.655,3.303,7780000000.0,613000000.0,7167000000.0,7780000000.0,0.0,0.0,0.0,0.0,0.0,-661000000.0,-661000000.0,-0.118,-661000000.0,-661000000.0,-793000000.0,-3.29,-3.29,-3.29,6740000000.0,,6740000000.0,11953952586.0,51.0,8.33,-332000000.0,-2.156,1.0,1553000000.0,0.278,1411000000.0,132000000.0,27212000000.0,,883000000.0,1222000000.0,1222000000.0,0.0,22262000000.0,7894000000.0,14368000000.0,5552952586.0,93000000.0,-430000000.0,9000000.0,688000000.0,0.0,697000000.0,-1470000000.0,164000000.0,866000000.0,0.0,-507000000.0,-507000000.0,-507000000.0,0.0,0.0,-0.091,2313000000.0,-760000000.0,1495000000.0,0.0,0.824,-29.226,-30.361,20008000000.0,0.0,36.13,0.271,0.272,1670000000.0,5402000000.0,5583000000.0,5583000000.0,0.0,,,,,0.0,260000000.0,1.0,153693678.0,154000000.0,154000000.0,36.253,27591000000.0,695000000.0,-286000000.0,2341000000.0,179.162,-2720000000.0
50,AAMRQ,MRQ,2001-03-31,2001-03-31,2001-03-31,2021-08-25,72000000.0,26534000000.0,,4573000000.0,21961000000.0,,46.968,-720000000.0,172000000.0,172000000.0,3322000000.0,-43000000.0,0.678,2.668,6573000000.0,696000000.0,5877000000.0,6573000000.0,0.0,0.0,0.0,0.0,0.0,62000000.0,62000000.0,0.013,62000000.0,62000000.0,-57000000.0,-0.28,-0.28,-0.28,7233000000.0,,7233000000.0,11576110834.0,8.0,4.236,-701000000.0,-4.552,1.0,1438000000.0,0.302,1131000000.0,119000000.0,25060000000.0,,727000000.0,1386000000.0,1386000000.0,0.0,19301000000.0,6744000000.0,12557000000.0,5395110834.0,83000000.0,-312000000.0,25000000.0,313000000.0,0.0,338000000.0,-274000000.0,758000000.0,19000000.0,0.0,-43000000.0,-43000000.0,-43000000.0,0.0,0.0,-0.009,1442000000.0,-4000000.0,1261000000.0,0.0,0.746,8.456,8.264,19075000000.0,0.0,35.12,0.271,0.272,1383000000.0,5907000000.0,4760000000.0,4760000000.0,0.0,,,,,0.0,224000000.0,1.0,153619329.0,154000000.0,154000000.0,30.909,25403000000.0,694000000.0,-14000000.0,2461000000.0,164.955,-2171000000.0
51,AAMRQ,MRQ,2000-12-31,2000-12-31,2000-12-31,2021-08-25,-2000000.0,26213000000.0,,5179000000.0,21034000000.0,,47.621,-793000000.0,89000000.0,89000000.0,3370000000.0,47000000.0,0.741,2.653,6270000000.0,796000000.0,5474000000.0,6270000000.0,0.0,1202000000.0,0.0,0.0,0.0,197000000.0,1399000000.0,0.288,1399000000.0,197000000.0,83000000.0,0.3,0.26,0.3,7176000000.0,,7176000000.0,11700137022.0,7.0,3.913,-383000000.0,-2.542,1.0,1489000000.0,0.306,1528000000.0,114000000.0,23876000000.0,,757000000.0,2144000000.0,2144000000.0,0.0,19037000000.0,6990000000.0,12047000000.0,5905137022.0,-82000000.0,0.0,38000000.0,347000000.0,0.0,385000000.0,-877000000.0,-34000000.0,410000000.0,0.0,47000000.0,47000000.0,47000000.0,0.0,0.0,0.01,1409000000.0,80000000.0,1267000000.0,0.0,0.823,7.263,7.217,18636000000.0,0.0,39.188,0.3,0.3,1303000000.0,5950000000.0,4859000000.0,4859000000.0,0.0,,,,,0.0,855000000.0,1.0,150689302.0,150689302.0,,32.245,24685000000.0,695000000.0,36000000.0,2385000000.0,163.814,-1811000000.0
52,AAMRQ,MRQ,2000-09-30,2000-09-30,2000-09-30,2021-08-25,-2000000.0,25899000000.0,,5352000000.0,20547000000.0,,47.287,-795000000.0,171000000.0,171000000.0,3252000000.0,313000000.0,0.735,2.651,5966000000.0,768000000.0,5198000000.0,5966000000.0,0.0,0.0,0.0,0.0,0.0,635000000.0,635000000.0,0.121,635000000.0,635000000.0,516000000.0,2.08,1.91,2.08,7093000000.0,,7093000000.0,10910744247.0,5.0,3.52,128000000.0,0.853,1.0,2004000000.0,0.381,865000000.0,119000000.0,23549000000.0,,730000000.0,2163000000.0,2163000000.0,0.0,18806000000.0,7280000000.0,11526000000.0,4901744247.0,43000000.0,0.0,8000000.0,-199000000.0,0.0,-191000000.0,-689000000.0,106000000.0,923000000.0,0.0,313000000.0,313000000.0,313000000.0,0.0,0.0,0.06,1432000000.0,572000000.0,1299000000.0,0.0,0.691,4.686,4.67,18047000000.0,0.0,32.688,0.254,0.254,1496000000.0,5907000000.0,5256000000.0,5256000000.0,0.0,,,,,0.0,266000000.0,1.0,149957759.0,150000000.0,164000000.0,35.04,25034000000.0,612000000.0,203000000.0,2164000000.0,166.893,-1928000000.0
53,AAMRQ,MRQ,2000-06-30,2000-06-30,2000-06-30,2021-08-25,-2000000.0,25473000000.0,,5377000000.0,20096000000.0,,45.16,-1057000000.0,128000000.0,128000000.0,3118000000.0,321000000.0,0.757,2.76,6137000000.0,742000000.0,5395000000.0,6137000000.0,0.0,0.0,0.0,0.0,0.0,637000000.0,637000000.0,0.127,637000000.0,637000000.0,522000000.0,2.15,1.96,2.15,6774000000.0,,6774000000.0,9897289706.0,5.0,3.304,231000000.0,1.54,1.0,1893000000.0,0.378,872000000.0,115000000.0,23504000000.0,,713000000.0,2269000000.0,2269000000.0,0.0,18699000000.0,7106000000.0,11593000000.0,3957289706.0,52000000.0,0.0,13000000.0,131000000.0,0.0,144000000.0,-1380000000.0,-323000000.0,1288000000.0,0.0,321000000.0,321000000.0,321000000.0,0.0,0.0,0.064,1376000000.0,517000000.0,1273000000.0,0.0,0.584,3.91,3.899,17522000000.0,0.0,26.438,0.211,0.211,1447000000.0,5597000000.0,5011000000.0,5011000000.0,0.0,,,,,0.0,273000000.0,1.0,149684717.0,150000000.0,164000000.0,33.407,24601000000.0,612000000.0,201000000.0,2012000000.0,164.007,-1729000000.0
54,AAMRQ,MRQ,2000-03-31,2000-03-31,2000-03-31,2021-08-25,-2000000.0,24314000000.0,,4999000000.0,19315000000.0,,43.101,-701000000.0,76000000.0,76000000.0,3016000000.0,132000000.0,0.796,2.786,6016000000.0,472000000.0,5544000000.0,6016000000.0,0.0,0.0,0.0,0.0,0.0,319000000.0,319000000.0,0.07,319000000.0,319000000.0,200000000.0,0.89,0.86,0.89,6422000000.0,,6422000000.0,10878089054.0,6.0,3.797,-180000000.0,-1.208,1.0,1561000000.0,0.341,880000000.0,119000000.0,23095000000.0,,717000000.0,1893000000.0,1893000000.0,0.0,17892000000.0,6279000000.0,11613000000.0,4736089054.0,-9000000.0,559000000.0,8000000.0,-209000000.0,0.0,-201000000.0,-329000000.0,-187000000.0,521000000.0,0.0,132000000.0,132000000.0,132000000.0,-43000000.0,0.0,0.029,1349000000.0,212000000.0,1231000000.0,0.0,0.737,4.939,4.988,16734000000.0,0.0,31.875,0.259,0.26,1493000000.0,5270000000.0,4577000000.0,4577000000.0,0.0,,,,,0.0,257000000.0,1.0,148583186.0,149000000.0,154000000.0,30.718,23434000000.0,612000000.0,68000000.0,1886000000.0,157.275,-1280000000.0
55,AAMRQ,MRQ,1999-12-31,1999-12-31,1999-12-31,2021-08-25,-2000000.0,24374000000.0,,4424000000.0,19950000000.0,,46.312,-679000000.0,85000000.0,85000000.0,2859000000.0,280000000.0,0.754,2.554,6227000000.0,538000000.0,5689000000.0,6227000000.0,0.0,1092000000.0,0.0,0.0,0.0,417000000.0,1509000000.0,0.336,1509000000.0,417000000.0,319000000.0,1.88,1.82,1.88,6858000000.0,,6858000000.0,15517562742.0,9.0,5.503,-261000000.0,-1.763,1.0,1628000000.0,0.363,1191000000.0,98000000.0,23458000000.0,,708000000.0,1706000000.0,1706000000.0,0.0,17516000000.0,5867000000.0,11649000000.0,9921562742.0,-1000000.0,99000000.0,7000000.0,223000000.0,0.0,530000000.0,-949000000.0,-270000000.0,418000000.0,0.0,280000000.0,280000000.0,280000000.0,-70000000.0,0.0,0.062,1358000000.0,270000000.0,1115000000.0,0.0,1.447,10.073,10.372,16287000000.0,0.0,67.0,0.56,0.56,1134000000.0,5718000000.0,4487000000.0,4487000000.0,0.0,,,,,0.0,262000000.0,1.0,148083026.0,148083026.0,,30.301,23183000000.0,612000000.0,39000000.0,1846000000.0,156.554,-1443000000.0
56,AAMRQ,MRQ,1999-09-30,1999-09-30,1999-09-30,2021-08-25,-4000000.0,24364000000.0,,5112000000.0,19252000000.0,,43.32,-759000000.0,96000000.0,96000000.0,2857000000.0,279000000.0,0.785,2.749,5692000000.0,475000000.0,5217000000.0,5692000000.0,0.0,0.0,0.0,0.0,0.0,531000000.0,531000000.0,0.113,531000000.0,531000000.0,423000000.0,1.86,1.76,1.86,6498000000.0,,6498000000.0,13215616588.0,8.0,5.063,-29000000.0,-0.193,1.0,1838000000.0,0.391,894000000.0,108000000.0,22557000000.0,,703000000.0,1869000000.0,1869000000.0,0.0,17866000000.0,6509000000.0,11357000000.0,8203616588.0,20000000.0,0.0,-204000000.0,541000000.0,0.0,337000000.0,-1047000000.0,-288000000.0,730000000.0,0.0,279000000.0,279000000.0,279000000.0,-66000000.0,0.0,0.059,1412000000.0,426000000.0,1249000000.0,0.0,1.262,9.249,9.445,16364000000.0,0.0,54.5,0.508,0.506,1742000000.0,5370000000.0,4695000000.0,4695000000.0,0.0,,,,,0.0,314000000.0,1.0,150525075.0,150000000.0,155000000.0,31.3,23470000000.0,476000000.0,144000000.0,1752000000.0,156.467,-1397000000.0
57,AAMRQ,MRQ,1999-06-30,1999-06-30,1999-06-30,2021-08-25,-4000000.0,23511000000.0,,4613000000.0,18898000000.0,,42.078,-990000000.0,79000000.0,79000000.0,2786000000.0,268000000.0,0.732,2.652,5091000000.0,448000000.0,4643000000.0,5091000000.0,0.0,0.0,0.0,0.0,0.0,506000000.0,506000000.0,0.111,506000000.0,506000000.0,412000000.0,1.76,1.7,1.76,6438000000.0,,6438000000.0,14853325105.0,8.0,5.154,-26000000.0,-0.17,1.0,1755000000.0,0.386,901000000.0,94000000.0,21318000000.0,,657000000.0,1486000000.0,1486000000.0,0.0,17073000000.0,6304000000.0,10769000000.0,10480325105.0,9000000.0,-44000000.0,-248000000.0,649000000.0,0.0,401000000.0,-1356000000.0,-340000000.0,964000000.0,0.0,268000000.0,268000000.0,268000000.0,-52000000.0,0.0,0.059,1341000000.0,414000000.0,1245000000.0,0.0,1.628,10.068,10.532,15834000000.0,0.0,68.25,0.635,0.633,1689000000.0,5112000000.0,4541000000.0,4541000000.0,0.0,,,,,0.0,298000000.0,1.0,153557877.0,153000000.0,158000000.0,29.68,22610000000.0,477000000.0,144000000.0,1663000000.0,147.778,-1691000000.0
58,AAMRQ,MRQ,1999-03-31,1999-03-31,1999-03-31,2021-08-25,-4000000.0,22224000000.0,,4240000000.0,17984000000.0,,40.616,-947000000.0,62000000.0,62000000.0,2629000000.0,158000000.0,0.71,2.441,4435000000.0,412000000.0,4023000000.0,4435000000.0,0.0,0.0,0.0,0.0,0.0,274000000.0,274000000.0,0.068,274000000.0,274000000.0,181000000.0,0.99,0.96,0.99,6458000000.0,,6458000000.0,14981700234.0,7.0,4.768,-795000000.0,-5.0,1.0,1378000000.0,0.344,909000000.0,93000000.0,19715000000.0,,639000000.0,1121000000.0,1121000000.0,0.0,15766000000.0,5973000000.0,9793000000.0,10674700234.0,-30000000.0,204000000.0,-401000000.0,263000000.0,0.0,-84000000.0,-98000000.0,645000000.0,152000000.0,0.0,158000000.0,158000000.0,158000000.0,-77000000.0,0.0,0.039,1332000000.0,46000000.0,1233000000.0,0.0,1.653,9.031,8.248,15089000000.0,0.0,58.562,0.632,0.551,1704000000.0,4891000000.0,4007000000.0,4007000000.0,0.0,,,,,0.0,288000000.0,1.0,182278766.0,159000000.0,164000000.0,25.201,21315000000.0,476000000.0,23000000.0,1531000000.0,134.057,-1733000000.0
59,AAMRQ,MRQ,1998-12-31,1998-12-31,1998-12-31,2021-08-25,-4000000.0,21455000000.0,,3969000000.0,17486000000.0,,36.733,-354000000.0,87000000.0,87000000.0,2058000000.0,182000000.0,0.749,2.203,4402000000.0,202000000.0,4200000000.0,4402000000.0,0.0,1040000000.0,0.0,0.0,0.0,259000000.0,1299000000.0,0.446,1299000000.0,259000000.0,167000000.0,1.16,1.13,1.16,6698000000.0,,6698000000.0,15069599238.0,6.0,4.374,-128000000.0,-0.702,1.0,854000000.0,0.293,1228000000.0,92000000.0,19240000000.0,,596000000.0,1448000000.0,1448000000.0,0.0,14757000000.0,5302000000.0,9455000000.0,10826599238.0,27000000.0,3000000.0,-51000000.0,-117000000.0,0.0,-6000000.0,-193000000.0,158000000.0,226000000.0,0.0,182000000.0,182000000.0,182000000.0,-192000000.0,0.0,0.062,870000000.0,-16000000.0,1047000000.0,0.0,1.616,8.239,7.632,13741000000.0,0.0,59.375,0.618,0.618,1225000000.0,4733000000.0,2912000000.0,2912000000.0,0.0,,,,,0.0,292000000.0,1.0,182342724.0,182342724.0,,15.97,20227000000.0,443000000.0,-15000000.0,1470000000.0,110.928,-1333000000.0
60,AAMRQ,MRQ,1998-09-30,1998-09-30,1998-09-30,2021-08-25,0.0,22194000000.0,,5189000000.0,17005000000.0,,38.817,-698000000.0,72000000.0,72000000.0,2840000000.0,433000000.0,0.872,2.383,4315000000.0,343000000.0,3972000000.0,4315000000.0,0.0,0.0,0.0,0.0,0.0,803000000.0,803000000.0,0.159,803000000.0,803000000.0,710000000.0,2.57,2.49,2.57,6560000000.0,,6560000000.0,14359624762.0,6.0,4.085,576000000.0,3.408,1.0,2206000000.0,0.437,923000000.0,93000000.0,19565000000.0,,609000000.0,2180000000.0,2180000000.0,0.0,15634000000.0,5949000000.0,9685000000.0,10108624762.0,-30000000.0,0.0,-518000000.0,-140000000.0,0.0,-550000000.0,-754000000.0,-56000000.0,1274000000.0,0.0,433000000.0,433000000.0,433000000.0,-2000000.0,0.0,0.086,1474000000.0,732000000.0,1287000000.0,0.0,1.541,7.544,7.071,14035000000.0,0.0,55.438,0.564,0.523,1732000000.0,4511000000.0,5046000000.0,5046000000.0,0.0,,,,,0.0,311000000.0,1.0,182342724.0,169000000.0,174000000.0,29.858,21271000000.0,404000000.0,277000000.0,1387000000.0,125.864,-760000000.0
61,AAMRQ,MRQ,1998-06-30,1998-06-30,1998-06-30,2021-08-25,0.0,21945000000.0,,5261000000.0,16684000000.0,,38.61,-613000000.0,108000000.0,108000000.0,2795000000.0,409000000.0,0.895,2.304,4359000000.0,514000000.0,3845000000.0,4359000000.0,0.0,0.0,0.0,0.0,0.0,766000000.0,766000000.0,0.156,766000000.0,766000000.0,674000000.0,2.38,2.3,2.38,6641000000.0,,6641000000.0,19379031773.0,8.0,5.776,184000000.0,1.07,1.0,2129000000.0,0.432,930000000.0,92000000.0,19391000000.0,,651000000.0,2124000000.0,2124000000.0,0.0,15304000000.0,5875000000.0,9429000000.0,15180031773.0,-20000000.0,-1000000.0,-185000000.0,49000000.0,0.0,-136000000.0,-681000000.0,-67000000.0,797000000.0,0.0,409000000.0,409000000.0,409000000.0,-1000000.0,0.0,0.083,1405000000.0,724000000.0,1104000000.0,0.0,2.286,12.341,11.725,13717000000.0,0.0,83.25,0.864,0.815,1753000000.0,4085000000.0,4924000000.0,4924000000.0,0.0,,,,,0.0,322000000.0,1.0,182342724.0,172000000.0,178000000.0,28.628,21015000000.0,406000000.0,265000000.0,1264000000.0,122.18,-614000000.0
62,AAMRQ,MRQ,1998-03-31,1998-03-31,1998-03-31,2021-08-25,0.0,21294000000.0,,5045000000.0,16249000000.0,,36.994,-415000000.0,124000000.0,124000000.0,2723000000.0,290000000.0,0.887,2.327,4323000000.0,504000000.0,3819000000.0,4323000000.0,0.0,0.0,0.0,0.0,0.0,579000000.0,579000000.0,0.125,579000000.0,579000000.0,482000000.0,1.68,1.62,1.68,6400000000.0,,6400000000.0,17411599396.0,8.0,5.45,85000000.0,0.491,1.0,1911000000.0,0.412,937000000.0,97000000.0,18866000000.0,,636000000.0,2057000000.0,2057000000.0,0.0,14894000000.0,5690000000.0,9204000000.0,13054599396.0,60000000.0,-139000000.0,-106000000.0,-93000000.0,0.0,-199000000.0,-241000000.0,313000000.0,500000000.0,0.0,290000000.0,290000000.0,290000000.0,-5000000.0,0.0,0.063,1363000000.0,548000000.0,1130000000.0,0.0,2.04,11.625,11.222,13382000000.0,0.0,71.594,0.752,0.713,1596000000.0,3690000000.0,4634000000.0,4634000000.0,0.0,,,,,0.0,301000000.0,1.0,182342724.0,173000000.0,179000000.0,26.786,20357000000.0,406000000.0,192000000.0,1116000000.0,117.671,-645000000.0
63,AAMRQ,MRQ,1997-12-31,1997-12-31,1997-12-31,2021-08-25,-4000000.0,20859000000.0,,4986000000.0,15873000000.0,,34.09,-360000000.0,62000000.0,62000000.0,2221000000.0,208000000.0,0.895,2.356,4407000000.0,530000000.0,3877000000.0,4407000000.0,0.0,1040000000.0,0.0,0.0,0.0,327000000.0,1367000000.0,0.412,1367000000.0,327000000.0,216000000.0,1.21,1.17,1.21,6216000000.0,,6216000000.0,,,,-219000000.0,-1.201,1.0,1093000000.0,0.33,1270000000.0,111000000.0,18362000000.0,,626000000.0,2370000000.0,2370000000.0,0.0,14643000000.0,5572000000.0,9071000000.0,11715520017.0,45000000.0,0.0,-74000000.0,-330000000.0,0.0,-404000000.0,308000000.0,668000000.0,141000000.0,0.0,208000000.0,208000000.0,208000000.0,-164000000.0,0.0,0.063,1025000000.0,68000000.0,1028000000.0,0.0,1.885,11.894,11.639,13159000000.0,0.0,64.25,0.691,0.691,1301000000.0,3419000000.0,3314000000.0,3314000000.0,0.0,,,,,0.0,303000000.0,1.0,182342724.0,182342724.0,,18.175,19589000000.0,406000000.0,8000000.0,1112000000.0,107.43,-586000000.0
64,AAMRQ,MRQ,1997-09-30,1997-09-30,1997-09-30,2021-08-25,,,,,,,,-204000000.0,,,2753000000.0,323000000.0,,,,,,,,0.0,,0.0,0.0,643000000.0,643000000.0,0.137,643000000.0,643000000.0,542000000.0,1.83,1.78,1.83,,,,,,,1119000000.0,6.358,1.0,1953000000.0,0.415,,101000000.0,,,,,,,,,,,8000000.0,0.0,-340000000.0,-57000000.0,0.0,-397000000.0,-918000000.0,-714000000.0,1323000000.0,0.0,323000000.0,323000000.0,323000000.0,-1000000.0,0.0,0.069,1346000000.0,607000000.0,,0.0,,,,,0.0,55.344,,,,,4706000000.0,4706000000.0,0.0,,,,,0.0,332000000.0,1.0,,176000000.0,181000000.0,26.739,,,219000000.0,,,
65,AAMRQ,MRQ,1997-06-30,1997-06-30,1997-06-30,2021-08-25,,,,,,,,-224000000.0,,,2789000000.0,302000000.0,,,,,,,,0.0,,0.0,0.0,606000000.0,606000000.0,0.129,606000000.0,606000000.0,504000000.0,1.66,1.63,1.66,,,,,,,603000000.0,3.313,1.0,1923000000.0,0.408,,102000000.0,,,,,,,,,,,-67000000.0,0.0,-129000000.0,-21000000.0,0.0,-150000000.0,-744000000.0,-520000000.0,827000000.0,0.0,302000000.0,302000000.0,302000000.0,0.0,0.0,0.064,1333000000.0,590000000.0,,0.0,,,,,0.0,46.25,,,,,4712000000.0,4712000000.0,0.0,,,,,0.0,329000000.0,1.0,,182000000.0,185000000.0,25.89,,,202000000.0,,,
66,AAMRQ,MRQ,1997-03-31,1997-03-31,1997-03-31,2021-08-25,,,,,,,,-60000000.0,,,2778000000.0,152000000.0,,,,,,,,0.0,,0.0,0.0,360000000.0,360000000.0,0.081,360000000.0,360000000.0,257000000.0,0.84,0.82,0.84,,,,,,,172000000.0,0.945,1.0,1648000000.0,0.372,,103000000.0,,,,,,,,,,,21000000.0,0.0,3000000.0,-240000000.0,0.0,-237000000.0,26000000.0,86000000.0,232000000.0,0.0,152000000.0,152000000.0,152000000.0,0.0,0.0,0.034,1299000000.0,349000000.0,,0.0,,,,,0.0,41.25,,,,,4426000000.0,4426000000.0,0.0,,,,,0.0,314000000.0,1.0,,182000000.0,185000000.0,24.319,,,105000000.0,,,
67,AAMRQ,MRQ,1996-12-31,1996-12-31,1996-12-31,2021-08-25,0.0,20497000000.0,,4470000000.0,16027000000.0,,,,68000000.0,68000000.0,,,0.803,2.616,5096000000.0,554000000.0,4542000000.0,5096000000.0,0.0,,0.0,0.0,0.0,,,,,,,,,,5668000000.0,,5668000000.0,,,,,,1.0,,,1319000000.0,,18640000000.0,,633000000.0,1743000000.0,1743000000.0,0.0,14829000000.0,5566000000.0,9263000000.0,,,,,,,,,,,,,,,,,,,,1068000000.0,,,,7.468,13305000000.0,,44.062,,,1382000000.0,2434000000.0,,,,,,,,,,1.0,,,,,19178000000.0,404000000.0,,743000000.0,,-1096000000.0
0,AAMRQ,MRT,2013-09-30,2013-09-30,2013-09-30,2021-08-25,-3090000000.0,26780000000.0,25089500000.0,10241000000.0,16539000000.0,1.009,-23.611,-3043000000.0,1652000000.0,1652000000.0,18811000000.0,431000000.0,1.014,-4.38,17456000000.0,1359000000.0,16097000000.0,17456000000.0,0.0,1015000000.0,0.0,0.0,0.0,636000000.0,1651000000.0,0.065,1651000000.0,636000000.0,-160000000.0,1.27,1.11,1.27,-7922000000.0,-8125250000.0,-7922000000.0,16440009390.0,26.0,9.958,-1528000000.0,-4.554,1.0,6501000000.0,0.257,853000000.0,796000000.0,31633000000.0,28789000000.0,681000000.0,6046000000.0,6046000000.0,0.0,34702000000.0,10098000000.0,24604000000.0,1379009390.0,209000000.0,0.0,0.0,2001000000.0,0.0,4153000000.0,-5459000000.0,-2416000000.0,1515000000.0,0.0,431000000.0,431000000.0,431000000.0,0.0,0.0,0.017,5259000000.0,1242000000.0,1307000000.0,0.0,-0.174,3.2,3.236,13472000000.0,0.0,4.11,0.054,0.054,1340000000.0,-9295000000.0,25312000000.0,25312000000.0,0.0,0.017,-0.053,0.022,0.025,29000000.0,1057000000.0,1.0,335525399.0,335525399.0,,75.44,25927000000.0,0.0,-591000000.0,0.0,77.273,143000000.0
1,AAMRQ,MRT,2013-06-30,2013-06-30,2013-06-30,2021-08-25,-3090000000.0,26216000000.0,24376250000.0,9635000000.0,16581000000.0,1.022,-24.506,-2867000000.0,1467000000.0,1467000000.0,18932000000.0,-96000000.0,0.903,-4.191,16528000000.0,1327000000.0,15201000000.0,16528000000.0,0.0,1015000000.0,0.0,0.0,0.0,64000000.0,1079000000.0,0.043,1079000000.0,64000000.0,-687000000.0,-0.3,-0.36,-0.3,-8216000000.0,-7988500000.0,-8216000000.0,14978144375.0,234.0,13.882,-1470000000.0,-4.385,1.0,5981000000.0,0.24,859000000.0,751000000.0,29749000000.0,29290000000.0,589000000.0,5606000000.0,5606000000.0,0.0,34432000000.0,10669000000.0,23763000000.0,1351144375.0,233000000.0,0.0,0.0,715000000.0,0.0,2792000000.0,-3956000000.0,-1089000000.0,1397000000.0,0.0,-96000000.0,-96000000.0,-96000000.0,0.0,0.0,-0.004,5386000000.0,595000000.0,1507000000.0,0.0,-0.164,-14.074,-13.433,13550000000.0,0.0,4.03,0.054,0.054,1376000000.0,-9584000000.0,24913000000.0,24913000000.0,0.0,-0.004,0.012,0.002,0.003,29000000.0,1054000000.0,1.0,335271557.0,335271557.0,,74.307,25357000000.0,0.0,-591000000.0,0.0,75.631,-1034000000.0
2,AAMRQ,MRT,2013-03-31,2013-03-31,2013-03-31,2021-08-25,-3030000000.0,23852000000.0,24003750000.0,7525000000.0,16327000000.0,1.038,-24.983,-2398000000.0,1459000000.0,1459000000.0,19234000000.0,-557000000.0,0.753,-3.848,15086000000.0,1286000000.0,13800000000.0,15086000000.0,0.0,1015000000.0,0.0,0.0,0.0,-402000000.0,613000000.0,0.025,613000000.0,-402000000.0,-1148000000.0,-1.67,-1.67,-1.67,-8376000000.0,-8176500000.0,-8376000000.0,15202376962.0,-38.0,24.8,-1503000000.0,-4.483,1.0,5682000000.0,0.228,863000000.0,746000000.0,26626000000.0,30891250000.0,595000000.0,3638000000.0,3638000000.0,0.0,32228000000.0,9990000000.0,22238000000.0,1391376962.0,231000000.0,0.0,0.0,-939000000.0,0.0,1010000000.0,-1674000000.0,724000000.0,895000000.0,0.0,-557000000.0,-557000000.0,-557000000.0,0.0,0.0,-0.022,5434000000.0,248000000.0,1440000000.0,0.0,-0.166,-2.498,-2.485,13305000000.0,0.0,4.15,0.056,0.056,1243000000.0,-9803000000.0,24916000000.0,24916000000.0,0.0,-0.023,0.068,-0.013,-0.016,29000000.0,1060000000.0,1.0,335271557.0,335271557.0,,74.316,22989000000.0,0.0,-591000000.0,0.0,68.568,-2465000000.0
3,AAMRQ,MRT,2012-12-31,2012-12-31,2012-12-31,2021-08-25,-2980000000.0,23510000000.0,24168500000.0,7072000000.0,16438000000.0,1.028,-23.822,-1765000000.0,1330000000.0,1330000000.0,19404000000.0,-1876000000.0,0.76,-3.944,15141000000.0,1419000000.0,13722000000.0,15141000000.0,0.0,1015000000.0,0.0,0.0,0.0,-1783000000.0,-768000000.0,-0.031,-768000000.0,-1783000000.0,-2445000000.0,-5.6,-5.6,-5.6,-7987000000.0,-8254000000.0,-7987000000.0,20439217246.0,-11.0,-26.614,-486000000.0,-1.45,1.0,5451000000.0,0.219,869000000.0,662000000.0,27148000000.0,33356250000.0,580000000.0,3412000000.0,3412000000.0,0.0,31497000000.0,9304000000.0,22193000000.0,268217246.0,197000000.0,0.0,0.0,-1020000000.0,0.0,489000000.0,-1571000000.0,194000000.0,1279000000.0,0.0,-1876000000.0,-1876000000.0,-1876000000.0,0.0,0.0,-0.075,5344000000.0,107000000.0,1244000000.0,0.0,-0.034,-0.143,-0.143,13402000000.0,0.0,0.8,0.011,0.011,1124000000.0,-9462000000.0,24855000000.0,24855000000.0,0.0,-0.078,0.227,-0.053,-0.072,29000000.0,1050000000.0,1.0,335271557.0,335271557.0,,74.134,22641000000.0,0.0,-569000000.0,0.0,67.53,-2232000000.0
4,AAMRQ,MRT,2012-09-30,2012-09-30,2012-09-30,2021-08-25,-2101000000.0,23927000000.0,24253000000.0,7303000000.0,16624000000.0,1.026,-21.997,-1467000000.0,1355000000.0,1355000000.0,19504000000.0,-3234000000.0,0.762,-4.244,21526000000.0,1544000000.0,19982000000.0,21526000000.0,0.0,1086000000.0,0.0,0.0,0.0,-2531000000.0,-1445000000.0,-0.058,-1445000000.0,-2531000000.0,-3234000000.0,-9.65,-9.65,-9.65,-7375000000.0,-8035000000.0,-7375000000.0,22499050476.0,-9.0,-15.57,434000000.0,1.294,1.0,5370000000.0,0.216,875000000.0,703000000.0,33637000000.0,33160750000.0,596000000.0,3718000000.0,3718000000.0,0.0,31302000000.0,9586000000.0,21716000000.0,124050476.0,204000000.0,0.0,0.0,-1224000000.0,0.0,-131000000.0,-1566000000.0,-99000000.0,1901000000.0,0.0,-3234000000.0,-3234000000.0,-3234000000.0,0.0,0.0,-0.13,6050000000.0,-680000000.0,1283000000.0,0.0,-0.017,-0.038,-0.038,13620000000.0,0.0,0.37,0.005,0.005,1160000000.0,-9725000000.0,24874000000.0,24874000000.0,0.0,-0.133,0.402,-0.076,-0.102,40000000.0,1059000000.0,1.0,335271557.0,335271557.0,,74.191,23052000000.0,0.0,0.0,0.0,68.756,-2283000000.0
5,AAMRQ,MRT,2012-06-30,2012-06-30,2012-06-30,2021-08-25,-3930000000.0,24726000000.0,24451000000.0,7984000000.0,16742000000.0,1.015,-26.748,-1529000000.0,1143000000.0,1143000000.0,19630000000.0,-3158000000.0,0.793,-3.757,23518000000.0,1654000000.0,21864000000.0,23518000000.0,0.0,1086000000.0,0.0,0.0,0.0,-2405000000.0,-1319000000.0,-0.053,-1319000000.0,-2405000000.0,-3158000000.0,-9.42,-9.42,-9.42,-8968000000.0,-7399500000.0,-8968000000.0,22589399356.0,-9.0,-17.126,220000000.0,0.656,1.0,5191000000.0,0.209,881000000.0,753000000.0,36154000000.0,31183000000.0,593000000.0,4609000000.0,4609000000.0,0.0,33694000000.0,10066000000.0,23628000000.0,184399356.0,53000000.0,0.0,0.0,-1111000000.0,0.0,-102000000.0,-1594000000.0,-65000000.0,1749000000.0,0.0,-3158000000.0,-3158000000.0,-3158000000.0,0.0,0.0,-0.127,5883000000.0,-692000000.0,1362000000.0,0.0,-0.021,-0.058,-0.058,13784000000.0,0.0,0.55,0.007,0.007,1129000000.0,-9487000000.0,24821000000.0,24821000000.0,0.0,-0.129,0.427,-0.077,-0.097,40000000.0,1067000000.0,1.0,335271557.0,335271557.0,,74.033,23845000000.0,0.0,0.0,0.0,71.121,-2082000000.0
6,AAMRQ,MRT,2012-03-31,2012-03-31,2012-03-31,2021-08-25,-3884000000.0,24511000000.0,24716250000.0,7778000000.0,16733000000.0,0.991,-25.907,-1475000000.0,1146000000.0,1146000000.0,19639000000.0,-3203000000.0,0.815,-3.822,23551000000.0,1659000000.0,21892000000.0,23551000000.0,0.0,1086000000.0,0.0,0.0,0.0,-2399000000.0,-1313000000.0,-0.054,-1313000000.0,-2399000000.0,-3203000000.0,-9.55,-9.55,-9.55,-8686000000.0,-6284750000.0,-8686000000.0,12206283063.0,-5.0,-9.296,-436000000.0,-1.3,1.0,4844000000.0,0.198,887000000.0,804000000.0,36486000000.0,28696750000.0,619000000.0,4444000000.0,4444000000.0,0.0,33197000000.0,9543000000.0,23654000000.0,164283063.0,89000000.0,0.0,0.0,-1131000000.0,0.0,-228000000.0,-722000000.0,753000000.0,1039000000.0,0.0,-3203000000.0,-3203000000.0,-3203000000.0,0.0,0.0,-0.131,5756000000.0,-912000000.0,1336000000.0,0.0,-0.019,-0.051,-0.051,13918000000.0,0.0,0.49,0.007,0.007,1056000000.0,-9246000000.0,24483000000.0,24483000000.0,0.0,-0.13,0.51,-0.084,-0.098,40000000.0,1072000000.0,1.0,335271557.0,335271557.0,,73.024,23624000000.0,0.0,0.0,0.0,70.462,-1765000000.0
7,AAMRQ,MRT,2011-12-31,2011-12-31,2011-12-31,2021-08-25,-3964000000.0,23848000000.0,25366750000.0,6757000000.0,17091000000.0,0.945,-21.212,-1614000000.0,1021000000.0,1021000000.0,19253000000.0,-1979000000.0,0.783,-4.354,13063000000.0,1518000000.0,11545000000.0,13063000000.0,0.0,1086000000.0,0.0,0.0,0.0,-1153000000.0,-67000000.0,-0.003,-67000000.0,-1153000000.0,-1979000000.0,-5.91,-5.91,-5.91,-7111000000.0,-5100500000.0,-7111000000.0,10959329458.0,-10.0,-163.572,-934000000.0,-2.786,1.0,4726000000.0,0.197,894000000.0,826000000.0,26366000000.0,26503250000.0,617000000.0,3718000000.0,3718000000.0,0.0,30959000000.0,8630000000.0,22329000000.0,117329458.0,115000000.0,0.0,0.0,24000000.0,0.0,727000000.0,-1292000000.0,322000000.0,680000000.0,0.0,-1979000000.0,-1979000000.0,-1979000000.0,0.0,0.0,-0.083,5780000000.0,-1054000000.0,1007000000.0,0.0,-0.016,-0.059,-0.059,14306000000.0,0.0,0.35,0.005,0.005,902000000.0,-7586000000.0,23979000000.0,23979000000.0,0.0,-0.078,0.388,-0.044,-0.048,40000000.0,1062000000.0,1.0,335227024.0,335227024.0,,71.531,22954000000.0,0.0,0.0,0.0,68.473,-1873000000.0
8,AAMRQ,MRT,2011-09-30,2011-09-30,2011-09-30,2021-08-25,-2783000000.0,24719000000.0,25676750000.0,6838000000.0,17881000000.0,0.919,-14.418,-1800000000.0,778000000.0,778000000.0,18789000000.0,-982000000.0,0.766,-6.115,11620000000.0,1453000000.0,10167000000.0,11620000000.0,0.0,1093000000.0,0.0,0.0,0.0,-190000000.0,903000000.0,0.038,903000000.0,-190000000.0,-1017000000.0,-2.93,-2.93,-2.93,-4833000000.0,-4309000000.0,-4833000000.0,12099213546.0,-64.0,13.399,-1303000000.0,-3.887,1.0,4820000000.0,0.204,912000000.0,827000000.0,25726000000.0,26385250000.0,631000000.0,3992000000.0,3992000000.0,0.0,29552000000.0,8923000000.0,20629000000.0,992213546.0,102000000.0,0.0,1000000.0,92000000.0,0.0,1069000000.0,-1464000000.0,336000000.0,497000000.0,0.0,-982000000.0,-982000000.0,-982000000.0,0.0,0.0,-0.042,5023000000.0,-203000000.0,1150000000.0,0.0,-0.205,-1.01,-1.01,15142000000.0,0.0,2.96,0.042,0.042,925000000.0,-6491000000.0,23609000000.0,23609000000.0,0.0,-0.038,0.228,-0.007,-0.008,43000000.0,1047000000.0,1.0,335207279.0,335207279.0,,70.431,23807000000.0,0.0,-35000000.0,0.0,71.022,-2085000000.0
9,AAMRQ,MRT,2011-06-30,2011-06-30,2011-06-30,2021-08-25,-2613000000.0,25787000000.0,25836250000.0,7997000000.0,17790000000.0,0.893,-13.522,-1987000000.0,775000000.0,775000000.0,18059000000.0,-677000000.0,0.819,-6.719,11882000000.0,1830000000.0,10052000000.0,11882000000.0,0.0,1093000000.0,0.0,0.0,0.0,108000000.0,1201000000.0,0.052,1201000000.0,108000000.0,-712000000.0,-2.02,-2.06,-2.02,-4509000000.0,-4011500000.0,-4509000000.0,13177692867.0,122.0,10.972,-1266000000.0,-3.797,1.0,5016000000.0,0.217,919000000.0,820000000.0,26209000000.0,26476500000.0,641000000.0,4858000000.0,4858000000.0,0.0,30296000000.0,9766000000.0,20530000000.0,1800692867.0,121000000.0,0.0,1000000.0,149000000.0,0.0,1354000000.0,-1954000000.0,33000000.0,721000000.0,0.0,-677000000.0,-677000000.0,-677000000.0,0.0,0.0,-0.029,4916000000.0,100000000.0,1291000000.0,0.0,-0.399,-2.66,-2.673,15155000000.0,0.0,5.4,0.078,0.078,945000000.0,-6329000000.0,23075000000.0,23075000000.0,0.0,-0.026,0.169,0.004,0.005,43000000.0,1018000000.0,1.0,333461642.0,333461642.0,,69.198,24868000000.0,0.0,-35000000.0,0.0,74.575,-1769000000.0
10,AAMRQ,MRT,2011-03-31,2011-03-31,2011-03-31,2021-08-25,-2333000000.0,27113000000.0,25860750000.0,8825000000.0,18288000000.0,0.875,-11.843,-2006000000.0,741000000.0,741000000.0,17440000000.0,-402000000.0,0.896,-7.866,12118000000.0,1962000000.0,10156000000.0,12118000000.0,0.0,1093000000.0,0.0,0.0,0.0,377000000.0,1470000000.0,0.065,1470000000.0,377000000.0,-437000000.0,-1.2,-1.24,-1.2,-3949000000.0,-3866750000.0,-3949000000.0,12671992884.0,34.0,8.62,-513000000.0,-1.539,1.0,5195000000.0,0.23,925000000.0,814000000.0,27712000000.0,26522000000.0,595000000.0,5513000000.0,5513000000.0,0.0,31062000000.0,9853000000.0,21209000000.0,2153992884.0,97000000.0,0.0,0.0,383000000.0,0.0,1761000000.0,-3157000000.0,-1151000000.0,1493000000.0,0.0,-402000000.0,-402000000.0,-402000000.0,0.0,0.0,-0.018,4821000000.0,374000000.0,1267000000.0,0.0,-0.545,-5.358,-5.383,15116000000.0,0.0,6.46,0.095,0.095,922000000.0,-6043000000.0,22635000000.0,22635000000.0,0.0,-0.016,0.104,0.014,0.017,43000000.0,998000000.0,1.0,333435431.0,333435431.0,,67.884,26188000000.0,0.0,-35000000.0,0.0,78.54,-1028000000.0
11,AAMRQ,MRT,2010-12-31,2010-12-31,2010-12-31,2021-08-25,-2755000000.0,25088000000.0,25463750000.0,6838000000.0,18250000000.0,0.871,-11.837,-1958000000.0,618000000.0,618000000.0,17064000000.0,-471000000.0,0.779,-7.359,11136000000.0,1883000000.0,9253000000.0,11136000000.0,0.0,1093000000.0,0.0,0.0,0.0,317000000.0,1410000000.0,0.064,1410000000.0,317000000.0,-506000000.0,-1.41,-1.41,-1.41,-3945000000.0,-3852500000.0,-3945000000.0,13236299662.0,42.0,9.387,-717000000.0,-2.151,1.0,5106000000.0,0.23,932000000.0,823000000.0,25894000000.0,26397500000.0,594000000.0,4328000000.0,4328000000.0,0.0,29033000000.0,8780000000.0,20253000000.0,2596299662.0,15000000.0,0.0,1000000.0,-612000000.0,0.0,804000000.0,-2030000000.0,-72000000.0,1241000000.0,0.0,-471000000.0,-471000000.0,-471000000.0,0.0,0.0,-0.021,4798000000.0,308000000.0,1156000000.0,0.0,-0.658,-5.512,-5.525,15082000000.0,0.0,7.79,0.117,0.117,738000000.0,-5607000000.0,22170000000.0,22170000000.0,0.0,-0.018,0.122,0.012,0.014,43000000.0,976000000.0,1.0,333286221.0,333286221.0,,66.519,24156000000.0,0.0,-35000000.0,0.0,72.478,-1942000000.0
12,AAMRQ,MRT,2010-09-30,2010-09-30,2010-09-30,2021-08-25,-2540000000.0,25357000000.0,25551250000.0,6837000000.0,18520000000.0,0.847,-10.938,-1755000000.0,649000000.0,649000000.0,16882000000.0,-717000000.0,0.765,-7.96,11289000000.0,1776000000.0,9513000000.0,11289000000.0,0.0,1104000000.0,0.0,0.0,0.0,-140000000.0,964000000.0,0.045,964000000.0,-140000000.0,-971000000.0,-2.11,-2.15,-2.11,-3643000000.0,-3738500000.0,-3643000000.0,12927224045.0,-92.0,13.41,-661000000.0,-1.985,1.0,4764000000.0,0.22,967000000.0,831000000.0,26091000000.0,26875500000.0,575000000.0,4355000000.0,4355000000.0,0.0,29000000000.0,8939000000.0,20061000000.0,2088224045.0,31000000.0,0.0,31000000.0,-374000000.0,0.0,1093000000.0,-2156000000.0,-402000000.0,1094000000.0,0.0,-717000000.0,-717000000.0,-717000000.0,0.0,0.0,-0.033,4914000000.0,-150000000.0,1220000000.0,0.0,-0.573,-2.912,-2.972,15296000000.0,0.0,6.27,0.096,0.096,889000000.0,-5509000000.0,21646000000.0,21646000000.0,0.0,-0.028,0.192,-0.005,-0.006,61000000.0,945000000.0,1.0,333050087.0,333050087.0,,64.993,24390000000.0,0.0,-254000000.0,0.0,73.232,-2102000000.0
13,AAMRQ,MRT,2010-06-30,2010-06-30,2010-06-30,2021-08-25,-2674000000.0,25885000000.0,25650500000.0,7344000000.0,18541000000.0,0.816,-11.812,-1580000000.0,658000000.0,658000000.0,16652000000.0,-1219000000.0,0.785,-7.587,11497000000.0,1829000000.0,9668000000.0,11497000000.0,0.0,1104000000.0,0.0,0.0,0.0,-694000000.0,410000000.0,0.02,410000000.0,-694000000.0,-1503000000.0,-3.8,-3.8,-3.8,-3930000000.0,-3542500000.0,-3930000000.0,13166783889.0,-19.0,32.114,-415000000.0,-1.247,1.0,4279000000.0,0.204,974000000.0,809000000.0,26391000000.0,27284000000.0,569000000.0,4887000000.0,4887000000.0,0.0,29815000000.0,9359000000.0,20456000000.0,2255783889.0,6000000.0,0.0,413000000.0,1033000000.0,0.0,2686000000.0,-3845000000.0,-2271000000.0,1165000000.0,0.0,-1219000000.0,-1219000000.0,-1219000000.0,0.0,0.0,-0.058,4965000000.0,-686000000.0,1305000000.0,0.0,-0.574,-1.851,-1.784,15267000000.0,0.0,6.78,0.108,0.108,910000000.0,-5652000000.0,20931000000.0,20931000000.0,0.0,-0.048,0.344,-0.025,-0.033,61000000.0,911000000.0,1.0,332711488.0,332711488.0,,62.91,24911000000.0,0.0,-284000000.0,0.0,74.873,-2015000000.0
14,AAMRQ,MRT,2010-03-31,2010-03-31,2010-03-31,2021-08-25,-2635000000.0,25525000000.0,25213750000.0,6834000000.0,18691000000.0,0.799,-11.701,-1596000000.0,649000000.0,649000000.0,16258000000.0,-1598000000.0,0.829,-7.558,11560000000.0,1140000000.0,10420000000.0,11560000000.0,0.0,1104000000.0,0.0,0.0,0.0,-1115000000.0,-11000000.0,-0.001,-11000000.0,-1115000000.0,-1882000000.0,-5.16,-5.16,-5.16,-3892000000.0,-3310000000.0,-3892000000.0,14114119134.0,-13.0,-1283.102,-669000000.0,-2.011,1.0,3888000000.0,0.193,981000000.0,767000000.0,27214000000.0,26739000000.0,552000000.0,4357000000.0,4357000000.0,0.0,29417000000.0,8241000000.0,21176000000.0,3030119134.0,2000000.0,0.0,414000000.0,999000000.0,0.0,2341000000.0,-3266000000.0,-1678000000.0,927000000.0,0.0,-1598000000.0,-1598000000.0,-1598000000.0,0.0,0.0,-0.079,4996000000.0,-1108000000.0,1140000000.0,0.0,-0.779,-1.896,-1.766,15393000000.0,0.0,9.11,0.15,0.15,842000000.0,-5641000000.0,20146000000.0,20146000000.0,0.0,-0.063,0.483,-0.042,-0.055,61000000.0,870000000.0,1.0,332614614.0,332614614.0,,60.569,24544000000.0,0.0,-284000000.0,0.0,73.791,-1407000000.0
15,AAMRQ,MRT,2009-12-31,2009-12-31,2009-12-31,2021-08-25,-2724000000.0,25438000000.0,24962000000.0,6642000000.0,18796000000.0,0.798,-10.495,-1445000000.0,613000000.0,613000000.0,15985000000.0,-1468000000.0,0.859,-8.291,11697000000.0,1114000000.0,10583000000.0,11697000000.0,0.0,1104000000.0,0.0,0.0,0.0,-1008000000.0,96000000.0,0.005,96000000.0,-1008000000.0,-1752000000.0,-4.99,-4.99,-4.99,-3489000000.0,-3114250000.0,-3489000000.0,13532883141.0,-13.0,140.968,-515000000.0,-1.549,1.0,3932000000.0,0.197,988000000.0,744000000.0,27806000000.0,25978000000.0,557000000.0,4246000000.0,4246000000.0,0.0,28927000000.0,7728000000.0,21199000000.0,2569883141.0,-38000000.0,0.0,413000000.0,574000000.0,0.0,1755000000.0,-2723000000.0,-1331000000.0,930000000.0,0.0,-1468000000.0,-1468000000.0,-1468000000.0,0.0,0.0,-0.074,4936000000.0,-1004000000.0,1064000000.0,0.0,-0.737,-1.751,-1.549,15476000000.0,0.0,7.73,0.129,0.129,768000000.0,-5136000000.0,19917000000.0,19917000000.0,0.0,-0.059,0.471,-0.039,-0.051,61000000.0,853000000.0,1.0,332455775.0,332455775.0,,59.909,24450000000.0,0.0,-284000000.0,0.0,73.544,-1086000000.0
16,AAMRQ,MRT,2009-09-30,2009-09-30,2009-09-30,2021-08-25,-2396000000.0,25754000000.0,24896250000.0,6453000000.0,19301000000.0,0.816,-10.215,-817000000.0,630000000.0,630000000.0,16256000000.0,-1471000000.0,0.817,-10.008,11593000000.0,1132000000.0,10461000000.0,11593000000.0,0.0,1207000000.0,0.0,0.0,0.0,-772000000.0,435000000.0,0.021,435000000.0,-772000000.0,-1501000000.0,-5.16,-5.16,-5.16,-2859000000.0,-2975750000.0,-2859000000.0,11666147283.0,-15.0,26.819,-1255000000.0,-4.484,1.0,4068000000.0,0.2,1091000000.0,729000000.0,27725000000.0,25277250000.0,546111000000.0,3941000000.0,3941000000.0,0.0,28613000000.0,7901000000.0,20712000000.0,2225147283.0,-102000000.0,-442000000.0,382000000.0,318000000.0,0.0,1136000000.0,-800000000.0,404000000.0,-438000000.0,0.0,-1471000000.0,-1471000000.0,-1471000000.0,0.0,0.0,-0.072,4878000000.0,-810000000.0,1081000000.0,0.0,-0.778,-1.513,-1.541,15596000000.0,0.0,7.95,0.109,0.109,814000000.0,-4792000000.0,20324000000.0,20324000000.0,0.0,-0.059,0.494,-0.031,-0.038,53000000.0,863000000.0,1.0,279892740.0,279892740.0,,72.614,24663000000.0,0.0,-30000000.0,0.0,88.116,-1448000000.0
17,AAMRQ,MRT,2009-06-30,2009-06-30,2009-06-30,2021-08-25,-2499000000.0,24138000000.0,25195250000.0,5140000000.0,18998000000.0,0.858,-10.528,-529000000.0,651000000.0,651000000.0,17435000000.0,-1081000000.0,0.622,-9.046,10092000000.0,1228000000.0,8864000000.0,10092000000.0,0.0,1207000000.0,0.0,0.0,0.0,-330000000.0,877000000.0,0.041,877000000.0,-330000000.0,-1081000000.0,-3.78,-3.78,-3.78,-3000000000.0,-2027500000.0,-3000000000.0,10807510750.0,-33.0,12.323,-2139000000.0,-7.507,1.0,4183000000.0,0.193,1098000000.0,751000000.0,24211000000.0,25032750000.0,535000000.0,2617000000.0,2617000000.0,0.0,27138000000.0,8270000000.0,18868000000.0,1145510750.0,-96000000.0,0.0,295000000.0,-796000000.0,0.0,-146000000.0,1660000000.0,2139000000.0,-1610000000.0,0.0,-1081000000.0,-1081000000.0,-1081000000.0,0.0,0.0,-0.05,5015000000.0,-832000000.0,1143000000.0,0.0,-0.382,-1.06,-1.063,15572000000.0,0.0,4.02,0.053,0.053,780000000.0,-4433000000.0,21618000000.0,21618000000.0,0.0,-0.043,0.533,-0.013,-0.015,53000000.0,905000000.0,1.0,284952923.0,284952923.0,,75.865,23040000000.0,0.0,0.0,0.0,80.855,-3130000000.0
18,AAMRQ,MRT,2009-03-31,2009-03-31,2009-03-31,2021-08-25,-2988000000.0,24518000000.0,26392000000.0,5362000000.0,19156000000.0,0.868,-11.143,-347000000.0,649000000.0,649000000.0,18482000000.0,-2152000000.0,0.602,-8.886,10311000000.0,1469000000.0,8842000000.0,10311000000.0,0.0,1207000000.0,0.0,0.0,0.0,-1369000000.0,-162000000.0,-0.007,-162000000.0,-1369000000.0,-2152000000.0,-8.22,-8.22,-8.22,-3109000000.0,-862500000.0,-3109000000.0,11197028110.0,-8.0,-69.117,-1731000000.0,-6.204,1.0,4426000000.0,0.193,1102000000.0,783000000.0,24170000000.0,25812500000.0,494000000.0,2677000000.0,2677000000.0,0.0,27627000000.0,8908000000.0,18719000000.0,890028110.0,-16000000.0,0.0,295000000.0,-592000000.0,0.0,57000000.0,1311000000.0,1603000000.0,-1384000000.0,0.0,-2152000000.0,-2152000000.0,-2152000000.0,0.0,0.0,-0.094,6322000000.0,-1896000000.0,1005000000.0,0.0,-0.286,-0.414,-0.388,15574000000.0,0.0,3.19,0.039,0.039,785000000.0,-4043000000.0,22908000000.0,22908000000.0,0.0,-0.082,2.495,-0.053,-0.06,53000000.0,957000000.0,1.0,279005677.0,279005677.0,,82.106,23416000000.0,0.0,0.0,0.0,83.927,-3546000000.0
19,AAMRQ,MRT,2008-12-31,2008-12-31,2008-12-31,2021-08-25,-3177000000.0,25175000000.0,27454000000.0,5935000000.0,19240000000.0,0.866,-10.529,-396000000.0,650000000.0,650000000.0,19214000000.0,-2118000000.0,0.633,-9.578,10957000000.0,1952000000.0,9005000000.0,10957000000.0,0.0,1207000000.0,0.0,0.0,0.0,-1315000000.0,-108000000.0,-0.005,-108000000.0,-1315000000.0,-2118000000.0,-8.16,-8.16,-8.16,-2935000000.0,537000000.0,-2935000000.0,13371341853.0,-10.0,-123.809,-1790000000.0,-6.421,1.0,4552000000.0,0.192,1109000000.0,803000000.0,25003000000.0,26857500000.0,525000000.0,2916000000.0,2916000000.0,0.0,28110000000.0,9370000000.0,18740000000.0,2974341853.0,43000000.0,0.0,295000000.0,-267000000.0,0.0,382000000.0,1055000000.0,1440000000.0,-1394000000.0,0.0,-2118000000.0,-2118000000.0,-2118000000.0,0.0,0.0,-0.089,6441000000.0,-1889000000.0,952000000.0,0.0,-1.013,-1.404,-1.308,15735000000.0,0.0,10.67,0.125,0.125,811000000.0,-3668000000.0,23766000000.0,23766000000.0,0.0,-0.077,-3.944,-0.049,-0.055,53000000.0,997000000.0,1.0,278757437.0,278757437.0,,85.257,24066000000.0,0.0,0.0,0.0,86.333,-3435000000.0
20,AAMRQ,MRT,2008-09-30,2008-09-30,2008-09-30,2021-08-25,368000000.0,26950000000.0,28303000000.0,7507000000.0,19443000000.0,0.847,3.719,-667000000.0,729000000.0,729000000.0,19270000000.0,-1888000000.0,0.792,27.854,11126000000.0,1590000000.0,9536000000.0,11126000000.0,0.0,1202000000.0,0.0,0.0,0.0,-1019000000.0,183000000.0,0.008,183000000.0,-1019000000.0,-1888000000.0,-7.57,-7.35,-7.57,934000000.0,1935000000.0,934000000.0,12634268823.0,-12.0,69.04,-707000000.0,-2.815,1.0,4710000000.0,0.196,1116000000.0,869000000.0,26747000000.0,27981250000.0,670210000000.0,4348000000.0,4348000000.0,0.0,26016000000.0,9484000000.0,16532000000.0,2466268823.0,112000000.0,442000000.0,297000000.0,-949000000.0,0.0,-502000000.0,653000000.0,872000000.0,-40000000.0,0.0,-1888000000.0,-1888000000.0,-1888000000.0,0.0,0.0,-0.079,6472000000.0,-1762000000.0,1164000000.0,0.0,2.641,-1.306,-1.297,15928000000.0,0.0,9.82,0.103,0.103,1104000000.0,-3121000000.0,23980000000.0,23980000000.0,0.0,-0.067,-0.976,-0.036,-0.042,133000000.0,1021000000.0,1.0,251147538.0,251147538.0,,95.482,25834000000.0,0.0,0.0,0.0,102.864,-1977000000.0
21,AAMRQ,MRT,2008-06-30,2008-06-30,2008-06-30,2021-08-25,1445000000.0,28925000000.0,28965250000.0,9072000000.0,19853000000.0,0.811,6.656,-609000000.0,721000000.0,721000000.0,18363000000.0,-1744000000.0,0.853,16.425,10889000000.0,1558000000.0,9331000000.0,10889000000.0,0.0,1202000000.0,0.0,0.0,0.0,-852000000.0,350000000.0,0.015,350000000.0,-852000000.0,-1744000000.0,-6.99,-6.86,-6.99,1660000000.0,1908500000.0,1660000000.0,11580982477.0,-14.0,33.089,737000000.0,2.955,1.0,5142000000.0,0.219,1123000000.0,892000000.0,27330000000.0,28940250000.0,702000000.0,4782000000.0,4782000000.0,0.0,27265000000.0,10640000000.0,16625000000.0,1276982477.0,72000000.0,0.0,4000000.0,-1617000000.0,0.0,-1613000000.0,338000000.0,939000000.0,1346000000.0,0.0,-1744000000.0,-1744000000.0,-1744000000.0,0.0,0.0,-0.074,6369000000.0,-1227000000.0,1389000000.0,0.0,0.769,-0.732,-0.732,15982000000.0,0.0,5.12,0.054,0.054,1166000000.0,-3166000000.0,23505000000.0,23505000000.0,0.0,-0.06,-0.914,-0.029,-0.036,133000000.0,1027000000.0,1.0,249410640.0,249410640.0,,94.242,27802000000.0,0.0,0.0,0.0,111.471,-1568000000.0
22,AAMRQ,MRT,2008-03-31,2008-03-31,2008-03-31,2021-08-25,823000000.0,28766000000.0,29336500000.0,7513000000.0,21253000000.0,0.791,9.98,-532000000.0,629000000.0,629000000.0,17548000000.0,34000000.0,0.785,10.557,10933000000.0,1558000000.0,9375000000.0,10933000000.0,0.0,1202000000.0,0.0,0.0,0.0,962000000.0,2164000000.0,0.093,2164000000.0,962000000.0,34000000.0,0.12,0.05,0.12,2489000000.0,1646000000.0,2489000000.0,12815683973.0,13.0,5.922,950000000.0,3.809,1.0,5657000000.0,0.244,1148000000.0,928000000.0,28350000000.0,30038250000.0,637000000.0,4316000000.0,4316000000.0,0.0,26277000000.0,9572000000.0,16705000000.0,2249683973.0,58000000.0,0.0,43000000.0,-1929000000.0,0.0,-1868000000.0,443000000.0,967000000.0,1482000000.0,0.0,34000000.0,34000000.0,34000000.0,0.0,0.0,0.001,5127000000.0,530000000.0,1318000000.0,0.0,0.904,66.167,75.167,17345000000.0,0.0,9.02,0.097,0.097,1109000000.0,-1718000000.0,23205000000.0,23205000000.0,0.0,0.001,0.021,0.032,0.041,133000000.0,1036000000.0,1.0,249410640.0,249410640.0,,93.039,27618000000.0,0.0,0.0,0.0,110.733,-2059000000.0
23,AAMRQ,MRT,2007-12-31,2007-12-31,2007-12-31,2021-08-25,670000000.0,28571000000.0,29616000000.0,7229000000.0,21342000000.0,0.774,10.665,-486000000.0,576000000.0,576000000.0,16900000000.0,456000000.0,0.852,9.753,11142000000.0,1049000000.0,10093000000.0,11142000000.0,0.0,1202000000.0,0.0,0.0,0.0,1418000000.0,2620000000.0,0.114,2620000000.0,1418000000.0,456000000.0,1.86,1.71,1.86,2657000000.0,1080250000.0,2657000000.0,14878180313.0,10.0,5.679,1449000000.0,5.816,1.0,6035000000.0,0.263,1156000000.0,962000000.0,29498000000.0,30928250000.0,601000000.0,4387000000.0,4387000000.0,0.0,25914000000.0,8483000000.0,17431000000.0,3495180313.0,27000000.0,0.0,587000000.0,-2321000000.0,0.0,-1675000000.0,-234000000.0,247000000.0,1935000000.0,0.0,456000000.0,456000000.0,456000000.0,0.0,0.0,0.02,5070000000.0,965000000.0,1182000000.0,0.0,1.315,7.665,7.543,17394000000.0,0.0,14.03,0.152,0.152,1027000000.0,-1390000000.0,22935000000.0,22935000000.0,0.0,0.015,0.422,0.046,0.062,133000000.0,1028000000.0,1.0,249121904.0,249121904.0,,92.063,27415000000.0,0.0,0.0,0.0,110.047,-1254000000.0
24,AAMRQ,MRT,2007-09-30,2007-09-30,2007-09-30,2021-08-25,-1210000000.0,29599000000.0,29759500000.0,8062000000.0,21537000000.0,0.761,3.34,-632000000.0,608000000.0,608000000.0,16454000000.0,590000000.0,0.873,34.748,11991000000.0,1463000000.0,10528000000.0,11991000000.0,0.0,1157000000.0,0.0,0.0,0.0,1543000000.0,2700000000.0,0.119,2700000000.0,1543000000.0,590000000.0,2.39,2.06,2.39,828000000.0,264500000.0,828000000.0,17400188717.0,11.0,6.445,1523000000.0,6.144,1.0,6195000000.0,0.274,1163000000.0,953000000.0,30583000000.0,31622250000.0,556000000.0,5229000000.0,5229000000.0,0.0,28771000000.0,9236000000.0,19535000000.0,5525188717.0,47000000.0,0.0,681000000.0,-1991000000.0,0.0,-1211000000.0,-897000000.0,-272000000.0,2155000000.0,0.0,590000000.0,590000000.0,590000000.0,0.0,0.0,0.026,4976000000.0,1219000000.0,1269000000.0,0.0,6.673,9.365,9.326,17553000000.0,0.0,22.29,0.244,0.244,1166000000.0,-1321000000.0,22649000000.0,22649000000.0,0.0,0.02,2.231,0.049,0.068,142000000.0,1024000000.0,1.0,247877466.0,247877466.0,,91.372,28436000000.0,0.0,0.0,0.0,114.718,-1174000000.0
25,AAMRQ,MRT,2007-06-30,2007-06-30,2007-06-30,2021-08-25,-1219000000.0,30410000000.0,29891750000.0,8588000000.0,21822000000.0,0.754,2.535,-589000000.0,685000000.0,685000000.0,16422000000.0,430000000.0,0.914,48.852,12560000000.0,1318000000.0,11242000000.0,12560000000.0,0.0,1157000000.0,0.0,0.0,0.0,1415000000.0,2572000000.0,0.114,2572000000.0,1415000000.0,430000000.0,1.76,1.51,1.76,610000000.0,-71000000.0,610000000.0,18483509505.0,13.0,7.186,1482000000.0,6.16,1.0,6128000000.0,0.272,1170000000.0,985000000.0,31722000000.0,32380000000.0,532000000.0,5685000000.0,5685000000.0,0.0,29800000000.0,9393000000.0,20407000000.0,6339509505.0,48000000.0,0.0,692000000.0,-1617000000.0,0.0,-796000000.0,-1227000000.0,-644000000.0,2071000000.0,0.0,430000000.0,430000000.0,430000000.0,0.0,0.0,0.019,4944000000.0,1184000000.0,1359000000.0,0.0,10.393,14.743,14.972,17700000000.0,0.0,26.35,0.281,0.281,1219000000.0,-1496000000.0,22550000000.0,22550000000.0,0.0,0.014,-6.056,0.044,0.063,142000000.0,1038000000.0,1.0,240588596.0,240588596.0,,93.728,29240000000.0,0.0,0.0,0.0,121.535,-805000000.0
26,AAMRQ,MRT,2007-03-31,2007-03-31,2007-03-31,2021-08-25,-1219000000.0,29884000000.0,29977250000.0,7833000000.0,22051000000.0,0.755,0.942,-552000000.0,616000000.0,616000000.0,16495000000.0,404000000.0,0.874,131.23,12760000000.0,1289000000.0,11471000000.0,12760000000.0,0.0,1157000000.0,0.0,0.0,0.0,1414000000.0,2571000000.0,0.114,2571000000.0,1414000000.0,404000000.0,1.92,1.57,1.92,226000000.0,-350500000.0,226000000.0,20105819832.0,14.0,7.82,1500000000.0,6.253,1.0,6151000000.0,0.272,1160000000.0,1010000000.0,31910000000.0,32891250000.0,503000000.0,5238000000.0,5238000000.0,0.0,29658000000.0,8958000000.0,20700000000.0,7304819832.0,1000000.0,0.0,1095000000.0,-1648000000.0,0.0,-414000000.0,-1637000000.0,-1075000000.0,2052000000.0,0.0,404000000.0,404000000.0,404000000.0,0.0,0.0,0.018,4958000000.0,1193000000.0,1212000000.0,0.0,32.322,18.081,15.859,17822000000.0,0.0,30.45,0.323,0.323,1124000000.0,-1813000000.0,22646000000.0,22646000000.0,0.0,0.013,-1.153,0.043,0.062,142000000.0,1056000000.0,1.0,239895561.0,239895561.0,,94.399,28724000000.0,0.0,0.0,0.0,119.735,-1125000000.0
27,AAMRQ,MRT,2006-12-31,2006-12-31,2006-12-31,2021-08-25,-1291000000.0,29145000000.0,29985750000.0,6902000000.0,22243000000.0,0.752,-2.826,-481000000.0,589000000.0,589000000.0,16583000000.0,231000000.0,0.812,-49.094,13390000000.0,1349000000.0,12041000000.0,13390000000.0,0.0,1157000000.0,0.0,0.0,0.0,1261000000.0,2418000000.0,0.107,2418000000.0,1261000000.0,231000000.0,1.13,0.98,1.13,-606000000.0,-725000000.0,-606000000.0,19816794834.0,16.0,8.196,1458000000.0,6.8,1.0,5980000000.0,0.265,1167000000.0,1030000000.0,32274000000.0,33334250000.0,506000000.0,4594000000.0,4594000000.0,0.0,29751000000.0,8505000000.0,21246000000.0,6481794834.0,-17000000.0,0.0,630000000.0,-1366000000.0,0.0,-591000000.0,-1365000000.0,-876000000.0,1939000000.0,0.0,231000000.0,231000000.0,231000000.0,0.0,0.0,0.01,4920000000.0,1060000000.0,1073000000.0,0.0,-10.696,28.06,26.752,17941000000.0,0.0,30.23,0.287,0.287,988000000.0,-1894000000.0,22563000000.0,22563000000.0,0.0,0.008,-0.319,0.038,0.056,142000000.0,1076000000.0,1.0,214415972.0,214415972.0,,105.23,27978000000.0,0.0,0.0,0.0,130.485,-1603000000.0
28,AAMRQ,MRT,2006-09-30,2006-09-30,2006-09-30,2021-08-25,-993000000.0,30128000000.0,30073250000.0,7473000000.0,22655000000.0,0.743,-2.413,-417000000.0,578000000.0,578000000.0,16741000000.0,-386000000.0,0.861,-59.615,13913000000.0,1506000000.0,12407000000.0,13913000000.0,0.0,1164000000.0,0.0,0.0,0.0,654000000.0,1818000000.0,0.081,1818000000.0,654000000.0,-386000000.0,-2.58,-2.89,-2.58,-514000000.0,-931000000.0,-514000000.0,18357182442.0,28.0,10.097,1304000000.0,6.122,1.0,5593000000.0,0.25,1174000000.0,1040000000.0,33614000000.0,33784750000.0,506000000.0,4940000000.0,4940000000.0,0.0,30642000000.0,8675000000.0,21967000000.0,4929182442.0,-13000000.0,0.0,794000000.0,-591000000.0,0.0,310000000.0,-2044000000.0,-1620000000.0,1721000000.0,0.0,-386000000.0,-386000000.0,-386000000.0,0.0,0.0,-0.017,5098000000.0,495000000.0,1087000000.0,0.0,-9.59,-12.77,-8.969,18040000000.0,0.0,23.14,0.221,0.221,1160000000.0,-1959000000.0,22334000000.0,22334000000.0,0.0,-0.013,0.415,0.019,0.029,0.0,1103000000.0,1.0,213015663.0,213015663.0,,104.847,28954000000.0,0.0,0.0,0.0,135.924,-1202000000.0
29,AAMRQ,MRT,2006-06-30,2006-06-30,2006-06-30,2021-08-25,-947000000.0,30752000000.0,29900250000.0,7840000000.0,22912000000.0,0.735,-2.682,-408000000.0,692000000.0,692000000.0,16556000000.0,-554000000.0,0.849,-61.535,14120000000.0,1152000000.0,12968000000.0,14120000000.0,0.0,1164000000.0,0.0,0.0,0.0,467000000.0,1631000000.0,0.074,1631000000.0,467000000.0,-554000000.0,-3.58,-3.88,-3.58,-508000000.0,-984750000.0,-508000000.0,18510243875.0,40.0,11.349,1163000000.0,6.141,1.0,5416000000.0,0.246,1181000000.0,1021000000.0,33767000000.0,33863750000.0,510000000.0,4986000000.0,4986000000.0,0.0,31260000000.0,9232000000.0,22028000000.0,4814243875.0,1000000.0,0.0,788000000.0,-231000000.0,0.0,632000000.0,-2202000000.0,-1786000000.0,1571000000.0,0.0,-554000000.0,-554000000.0,-554000000.0,0.0,0.0,-0.025,5166000000.0,250000000.0,1263000000.0,0.0,-9.477,-8.69,-7.101,18218000000.0,0.0,25.42,0.219,0.219,1121000000.0,-1974000000.0,21972000000.0,21972000000.0,0.0,-0.019,0.563,0.014,0.021,0.0,1111000000.0,1.0,189388036.0,189388036.0,,116.016,29571000000.0,0.0,0.0,0.0,156.14,-1392000000.0
30,AAMRQ,MRT,2006-03-31,2006-03-31,2006-03-31,2021-08-25,-958000000.0,29918000000.0,29585750000.0,6820000000.0,23098000000.0,0.72,-6.834,-500000000.0,654000000.0,654000000.0,16189000000.0,-787000000.0,0.78,-24.52,14350000000.0,1185000000.0,13165000000.0,14350000000.0,0.0,1164000000.0,0.0,0.0,0.0,197000000.0,1361000000.0,0.064,1361000000.0,197000000.0,-787000000.0,-4.67,-4.72,-4.67,-1272000000.0,-1011500000.0,-1272000000.0,19081488979.0,97.0,14.02,848000000.0,4.556,1.0,5117000000.0,0.24,1188000000.0,984000000.0,33682000000.0,33882000000.0,494000000.0,4124000000.0,4124000000.0,0.0,31190000000.0,8744000000.0,22446000000.0,5034488979.0,-4000000.0,0.0,357000000.0,-17000000.0,0.0,388000000.0,-1740000000.0,-1239000000.0,1348000000.0,0.0,-787000000.0,-787000000.0,-787000000.0,0.0,0.0,-0.037,5114000000.0,3000000.0,1160000000.0,0.0,-3.958,-6.397,-5.792,18362000000.0,0.0,27.05,0.236,0.236,1073000000.0,-2265000000.0,21306000000.0,21306000000.0,0.0,-0.027,0.778,0.006,0.009,0.0,1111000000.0,1.0,186117892.0,186117892.0,,114.476,28730000000.0,0.0,0.0,0.0,154.365,-1924000000.0
31,AAMRQ,MRT,2005-12-31,2005-12-31,2005-12-31,2021-08-25,-979000000.0,29495000000.0,29398000000.0,6164000000.0,23331000000.0,0.705,-8.663,-641000000.0,648000000.0,648000000.0,15715000000.0,-857000000.0,0.745,-21.626,14695000000.0,1239000000.0,13456000000.0,14695000000.0,0.0,1164000000.0,0.0,0.0,0.0,100000000.0,1264000000.0,0.061,1264000000.0,100000000.0,-857000000.0,-5.18,-5.18,-5.18,-1430000000.0,-867750000.0,-1430000000.0,17234453526.0,172.0,13.635,383000000.0,2.32,1.0,4997000000.0,0.241,1194000000.0,957000000.0,34076000000.0,33922250000.0,515000000.0,3676000000.0,3676000000.0,0.0,30925000000.0,8272000000.0,22653000000.0,3669453526.0,18000000.0,0.0,279000000.0,254000000.0,0.0,533000000.0,-1539000000.0,-899000000.0,1024000000.0,0.0,-857000000.0,-857000000.0,-857000000.0,0.0,0.0,-0.041,5086000000.0,-89000000.0,1078000000.0,0.0,-2.566,-4.282,-4.292,18546000000.0,0.0,22.23,0.177,0.177,991000000.0,-2125000000.0,20712000000.0,20712000000.0,0.0,-0.029,0.988,0.003,0.005,0.0,1113000000.0,1.0,165067635.0,165067635.0,,125.476,28301000000.0,0.0,0.0,0.0,171.451,-2108000000.0
32,AAMRQ,MRT,2005-09-30,2005-09-30,2005-09-30,2021-08-25,-575000000.0,29436000000.0,29217500000.0,5987000000.0,23449000000.0,0.687,-4.453,-609000000.0,626000000.0,626000000.0,15218000000.0,-634000000.0,0.761,-41.379,14191000000.0,960000000.0,13231000000.0,14191000000.0,0.0,1292000000.0,0.0,0.0,0.0,287000000.0,1579000000.0,0.079,1579000000.0,287000000.0,-634000000.0,-3.93,-3.98,-3.93,-729000000.0,-655500000.0,-729000000.0,15404180322.0,54.0,9.756,337000000.0,2.059,1.0,4867000000.0,0.242,1202000000.0,921000000.0,33930000000.0,33969250000.0,540000000.0,3285000000.0,3285000000.0,0.0,30165000000.0,7869000000.0,22296000000.0,1830180322.0,10000000.0,0.0,20000000.0,-62000000.0,0.0,-42000000.0,-894000000.0,-285000000.0,946000000.0,0.0,-634000000.0,-634000000.0,-634000000.0,0.0,0.0,-0.032,4921000000.0,-54000000.0,1101000000.0,0.0,-2.511,-2.887,-2.845,18911000000.0,0.0,11.18,0.091,0.091,1111000000.0,-1569000000.0,20085000000.0,20085000000.0,0.0,-0.022,0.967,0.008,0.014,0.0,1093000000.0,1.0,163701281.0,163701281.0,,122.693,28234000000.0,0.0,0.0,0.0,172.473,-1882000000.0
33,AAMRQ,MRT,2005-06-30,2005-06-30,2005-06-30,2021-08-25,-607000000.0,29494000000.0,29173750000.0,5789000000.0,23705000000.0,0.664,-3.811,-754000000.0,658000000.0,658000000.0,14691000000.0,-695000000.0,0.722,-48.958,14232000000.0,910000000.0,13322000000.0,14232000000.0,0.0,1292000000.0,0.0,0.0,0.0,205000000.0,1497000000.0,0.077,1497000000.0,205000000.0,-695000000.0,-4.33,-4.38,-4.33,-615000000.0,-551750000.0,-615000000.0,15577438882.0,76.0,10.406,294000000.0,1.822,1.0,4671000000.0,0.241,1209000000.0,900000000.0,33840000000.0,34159500000.0,488000000.0,3233000000.0,3233000000.0,0.0,30109000000.0,8019000000.0,22090000000.0,1954438882.0,-30000000.0,0.0,14000000.0,-268000000.0,0.0,-254000000.0,-824000000.0,-68000000.0,1048000000.0,0.0,-695000000.0,-695000000.0,-695000000.0,0.0,0.0,-0.036,4791000000.0,-120000000.0,1202000000.0,0.0,-3.178,-2.812,-2.797,19096000000.0,0.0,12.11,0.101,0.101,1052000000.0,-1416000000.0,19362000000.0,19362000000.0,0.0,-0.024,1.26,0.006,0.011,0.0,1089000000.0,1.0,161390494.0,161390494.0,,119.97,28285000000.0,0.0,0.0,0.0,175.258,-2230000000.0
34,AAMRQ,MRT,2005-03-31,2005-03-31,2005-03-31,2021-08-25,-619000000.0,29167000000.0,29300500000.0,5420000000.0,23747000000.0,0.644,-4.325,-806000000.0,631000000.0,631000000.0,14278000000.0,-747000000.0,0.701,-42.846,14254000000.0,879000000.0,13375000000.0,14254000000.0,0.0,1292000000.0,0.0,0.0,0.0,147000000.0,1439000000.0,0.076,1439000000.0,147000000.0,-747000000.0,-4.64,-4.65,-4.64,-697000000.0,-428500000.0,-697000000.0,15456425418.0,105.0,10.741,5000000.0,0.031,1.0,4605000000.0,0.244,1216000000.0,894000000.0,33843000000.0,34504000000.0,489000000.0,2912000000.0,2912000000.0,0.0,29864000000.0,7731000000.0,22133000000.0,1724425418.0,-4000000.0,0.0,6000000.0,-197000000.0,0.0,-191000000.0,-624000000.0,180000000.0,811000000.0,0.0,-747000000.0,-747000000.0,-747000000.0,0.0,0.0,-0.04,4758000000.0,-153000000.0,1131000000.0,0.0,-2.474,-2.308,-2.306,19116000000.0,0.0,10.7,0.091,0.091,1033000000.0,-1474000000.0,18883000000.0,18883000000.0,0.0,-0.025,1.743,0.004,0.008,0.0,1090000000.0,1.0,161161254.0,161161254.0,,117.168,27951000000.0,0.0,0.0,0.0,173.435,-2311000000.0
35,AAMRQ,MRT,2004-12-31,2004-12-31,2004-12-31,2021-08-25,-664000000.0,28773000000.0,29496250000.0,4971000000.0,23802000000.0,0.632,-3.613,-762000000.0,598000000.0,598000000.0,14003000000.0,-751000000.0,0.708,-50.523,14330000000.0,806000000.0,13524000000.0,14330000000.0,0.0,1292000000.0,0.0,0.0,0.0,120000000.0,1412000000.0,0.076,1412000000.0,120000000.0,-751000000.0,-4.68,-4.68,-4.68,-581000000.0,-288000000.0,-581000000.0,15546085949.0,130.0,11.01,-45000000.0,-0.28,1.0,4642000000.0,0.249,1223000000.0,871000000.0,34264000000.0,34876750000.0,488000000.0,2809000000.0,2809000000.0,0.0,29354000000.0,7018000000.0,22336000000.0,1761085949.0,0.0,0.0,7000000.0,324000000.0,0.0,331000000.0,-1048000000.0,-274000000.0,717000000.0,0.0,-751000000.0,-751000000.0,-751000000.0,0.0,0.0,-0.04,4776000000.0,-134000000.0,1003000000.0,0.0,-3.031,-2.345,-2.34,19137000000.0,0.0,10.95,0.094,0.094,836000000.0,-1312000000.0,18645000000.0,18645000000.0,0.0,-0.025,2.608,0.003,0.006,0.0,1107000000.0,1.0,160829767.0,160829767.0,,115.93,27550000000.0,0.0,0.0,0.0,171.299,-2047000000.0
36,AAMRQ,MRT,2004-09-30,2004-09-30,2004-09-30,2021-08-25,-782000000.0,29261000000.0,29635500000.0,5300000000.0,23961000000.0,0.624,-1.954,-581000000.0,598000000.0,598000000.0,13447000000.0,-485000000.0,0.744,-94.188,14383000000.0,795000000.0,13588000000.0,14383000000.0,0.0,1377000000.0,0.0,0.0,0.0,206000000.0,1583000000.0,0.086,1583000000.0,206000000.0,-565000000.0,-3.0,-3.01,-3.0,-314000000.0,-131250000.0,-314000000.0,14929914002.0,72.0,9.431,230000000.0,1.431,1.0,5048000000.0,0.273,1231000000.0,771000000.0,34691000000.0,35011000000.0,519000000.0,3018000000.0,3018000000.0,0.0,29575000000.0,7124000000.0,22451000000.0,1177914002.0,-41000000.0,-180000000.0,7000000.0,305000000.0,0.0,312000000.0,-1164000000.0,-393000000.0,811000000.0,0.0,-485000000.0,-485000000.0,-485000000.0,0.0,0.0,-0.026,5064000000.0,-16000000.0,1043000000.0,0.0,-3.751,-2.429,-2.443,19254000000.0,0.0,7.33,0.064,0.064,903000000.0,-925000000.0,18495000000.0,18495000000.0,0.0,-0.016,3.695,0.006,0.011,0.0,1130000000.0,1.0,160697681.0,160697681.0,,115.092,28030000000.0,0.0,-80000000.0,0.0,174.427,-1824000000.0
37,AAMRQ,MRT,2004-06-30,2004-06-30,2004-06-30,2021-08-25,-802000000.0,30001000000.0,29806000000.0,5513000000.0,24488000000.0,0.615,-0.764,-467000000.0,685000000.0,685000000.0,13082000000.0,-270000000.0,0.756,-246.91,14437000000.0,811000000.0,13626000000.0,14437000000.0,0.0,1377000000.0,0.0,0.0,0.0,400000000.0,1777000000.0,0.097,1777000000.0,400000000.0,-350000000.0,-1.64,-1.65,-1.64,-122000000.0,-183000000.0,-122000000.0,15672064369.0,39.0,8.819,699000000.0,4.379,1.0,5256000000.0,0.287,1238000000.0,750000000.0,35218000000.0,35027000000.0,505000000.0,3168000000.0,3168000000.0,0.0,30123000000.0,7297000000.0,22826000000.0,1933064369.0,39000000.0,-180000000.0,6000000.0,962000000.0,0.0,968000000.0,-2095000000.0,-1437000000.0,1166000000.0,0.0,-270000000.0,-270000000.0,-270000000.0,0.0,0.0,-0.015,5080000000.0,176000000.0,1133000000.0,0.0,-15.845,-7.159,-7.384,19332000000.0,0.0,12.11,0.105,0.105,919000000.0,-711000000.0,18338000000.0,18338000000.0,0.0,-0.009,1.475,0.011,0.022,0.0,1123000000.0,1.0,159625464.0,159625464.0,,114.881,28763000000.0,0.0,-80000000.0,0.0,180.191,-1784000000.0
38,AAMRQ,MRT,2004-03-31,2004-03-31,2004-03-31,2021-08-25,-802000000.0,29950000000.0,29610750000.0,5406000000.0,24544000000.0,0.602,-0.846,-280000000.0,653000000.0,653000000.0,12953000000.0,-351000000.0,0.76,-222.852,14392000000.0,815000000.0,13577000000.0,14392000000.0,0.0,1377000000.0,0.0,0.0,0.0,292000000.0,1669000000.0,0.094,1669000000.0,292000000.0,-431000000.0,-2.15,-2.15,-2.15,-135000000.0,-278000000.0,-135000000.0,15314512454.0,52.0,9.176,1229000000.0,7.701,1.0,4879000000.0,0.274,1245000000.0,723000000.0,35334000000.0,34577250000.0,490000000.0,3074000000.0,3074000000.0,0.0,30085000000.0,7110000000.0,22975000000.0,2031512454.0,-5000000.0,0.0,3000000.0,684000000.0,0.0,687000000.0,-2201000000.0,-1910000000.0,1509000000.0,0.0,-351000000.0,-351000000.0,-351000000.0,0.0,0.0,-0.02,4812000000.0,67000000.0,1022000000.0,0.0,-15.048,-5.788,-5.921,19353000000.0,0.0,12.73,0.114,0.114,965000000.0,-717000000.0,17832000000.0,17832000000.0,0.0,-0.012,1.263,0.008,0.016,0.0,1096000000.0,1.0,159584639.0,159584639.0,,111.74,28705000000.0,0.0,-80000000.0,0.0,179.873,-1704000000.0
39,AAMRQ,MRT,2003-12-31,2003-12-31,2003-12-31,2021-08-25,-785000000.0,29330000000.0,29394750000.0,4682000000.0,24648000000.0,0.593,0.289,-285000000.0,647000000.0,647000000.0,13367000000.0,-1228000000.0,0.714,636.609,13930000000.0,804000000.0,13126000000.0,13930000000.0,0.0,1377000000.0,0.0,0.0,0.0,-605000000.0,772000000.0,0.044,772000000.0,-605000000.0,-1308000000.0,-7.76,-7.76,-7.76,46000000.0,-269750000.0,46000000.0,15270549879.0,-25.0,19.781,316000000.0,1.983,1.0,4073000000.0,0.234,1253000000.0,703000000.0,34801000000.0,34039000000.0,516000000.0,2486000000.0,2486000000.0,0.0,29284000000.0,6559000000.0,22725000000.0,2063549879.0,16000000.0,0.0,1000000.0,59000000.0,0.0,60000000.0,-645000000.0,-384000000.0,601000000.0,0.0,-1228000000.0,-1228000000.0,-1228000000.0,0.0,0.0,-0.07,4917000000.0,-844000000.0,967000000.0,0.0,44.86,-1.68,-1.669,19460000000.0,0.0,12.95,0.118,0.118,796000000.0,-551000000.0,17440000000.0,17440000000.0,0.0,-0.042,4.552,-0.018,-0.035,0.0,1063000000.0,1.0,159347481.0,159347481.0,,109.446,28077000000.0,0.0,-80000000.0,0.0,176.2,-1877000000.0
40,AAMRQ,MRT,2003-09-30,2003-09-30,2003-09-30,2021-08-25,-1461000000.0,29943000000.0,29629000000.0,5076000000.0,24867000000.0,0.583,-3.28,-735000000.0,698000000.0,698000000.0,13915000000.0,-1646000000.0,0.712,-58.472,13905000000.0,738000000.0,13167000000.0,13905000000.0,0.0,1366000000.0,0.0,0.0,0.0,-1181000000.0,185000000.0,0.011,185000000.0,-1181000000.0,-1945000000.0,-10.5,-10.5,-10.5,-521000000.0,-42000000.0,-521000000.0,14368731729.0,-12.0,77.669,-740000000.0,-4.659,1.0,3359000000.0,0.194,1263000000.0,764000000.0,34755000000.0,33845250000.0,527000000.0,2566000000.0,2566000000.0,0.0,30464000000.0,7132000000.0,23332000000.0,1818731729.0,45000000.0,180000000.0,0.0,824000000.0,0.0,915000000.0,-865000000.0,-399000000.0,-5000000.0,0.0,-1646000000.0,-1646000000.0,-1646000000.0,0.0,0.0,-0.095,4655000000.0,-1296000000.0,1075000000.0,0.0,-3.491,-1.105,-1.09,19765000000.0,0.0,11.45,0.105,0.105,885000000.0,-440000000.0,17274000000.0,17274000000.0,0.0,-0.056,39.19,-0.035,-0.068,0.0,1047000000.0,1.0,158841199.0,158841199.0,,108.75,28680000000.0,51000000.0,-299000000.0,0.0,180.558,-2056000000.0
41,AAMRQ,MRT,2003-06-30,2003-06-30,2003-06-30,2021-08-25,-1438000000.0,29220000000.0,30018750000.0,4247000000.0,24973000000.0,0.573,-3.21,-1002000000.0,707000000.0,707000000.0,14490000000.0,-2571000000.0,0.6,-59.207,13257000000.0,722000000.0,12535000000.0,13257000000.0,0.0,1366000000.0,0.0,0.0,0.0,-2658000000.0,-1292000000.0,-0.075,-1292000000.0,-2658000000.0,-3395000000.0,-16.46,-16.46,-16.46,-502000000.0,716000000.0,-502000000.0,14165361192.0,-5.0,-10.964,-1990000000.0,-12.724,1.0,2703000000.0,0.157,1270000000.0,737000000.0,33419000000.0,33992250000.0,557000000.0,1670000000.0,1670000000.0,0.0,29722000000.0,7081000000.0,22641000000.0,1720361192.0,-28000000.0,180000000.0,0.0,1577000000.0,0.0,1668000000.0,-708000000.0,148000000.0,-988000000.0,0.0,-2571000000.0,-2571000000.0,-2571000000.0,0.0,0.0,-0.15,5485000000.0,-2782000000.0,1100000000.0,0.0,-3.427,-0.669,-0.668,19848000000.0,0.0,11.0,0.1,0.1,873000000.0,-441000000.0,17193000000.0,17193000000.0,0.0,-0.086,-3.591,-0.078,-0.155,0.0,1034000000.0,1.0,156396472.0,156396472.0,,109.932,27950000000.0,51000000.0,-824000000.0,0.0,178.712,-2834000000.0
42,AAMRQ,MRT,2003-03-31,2003-03-31,2003-03-31,2021-08-25,-1096000000.0,29086000000.0,30598250000.0,3634000000.0,25452000000.0,0.568,-0.654,-1255000000.0,707000000.0,707000000.0,14928000000.0,-2991000000.0,0.514,-286.157,13152000000.0,807000000.0,12345000000.0,13152000000.0,0.0,1366000000.0,0.0,0.0,0.0,-3329000000.0,-1963000000.0,-0.113,-1963000000.0,-3329000000.0,-4040000000.0,-19.18,-19.18,-19.18,-102000000.0,1693250000.0,-102000000.0,12685585565.0,-4.0,-6.462,-2456000000.0,-15.744,1.0,2449000000.0,0.141,1277000000.0,711000000.0,33181000000.0,34059250000.0,618000000.0,1115000000.0,1115000000.0,0.0,29188000000.0,7073000000.0,22115000000.0,327585565.0,33000000.0,0.0,1000000.0,1882000000.0,0.0,1974000000.0,-740000000.0,516000000.0,-1201000000.0,0.0,-2991000000.0,-2991000000.0,-2991000000.0,0.0,0.0,-0.172,5919000000.0,-3470000000.0,1052000000.0,0.0,-3.212,-0.11,-0.109,19750000000.0,0.0,2.1,0.019,0.019,873000000.0,-366000000.0,17377000000.0,17377000000.0,0.0,-0.098,-1.766,-0.098,-0.192,0.0,1085000000.0,1.0,155993126.0,155993126.0,,111.396,27809000000.0,51000000.0,-1049000000.0,0.0,178.271,-3439000000.0
43,AAMRQ,MRT,2002-12-31,2002-12-31,2002-12-31,2021-08-25,-1076000000.0,30267000000.0,31230250000.0,4937000000.0,25330000000.0,0.558,6.135,-1661000000.0,887000000.0,887000000.0,14798000000.0,-3511000000.0,0.682,30.627,13178000000.0,868000000.0,12310000000.0,13178000000.0,0.0,1366000000.0,0.0,0.0,0.0,-4163000000.0,-2797000000.0,-0.161,-2797000000.0,-4163000000.0,-4848000000.0,-22.57,-22.57,-22.57,957000000.0,2691250000.0,957000000.0,13387554632.0,-3.0,-4.786,-2772000000.0,-17.77,1.0,2622000000.0,0.151,1292000000.0,685000000.0,34026000000.0,34195500000.0,627000000.0,1846000000.0,1846000000.0,0.0,29310000000.0,7240000000.0,22070000000.0,1029554632.0,2000000.0,0.0,3000000.0,2412000000.0,0.0,2506000000.0,-1393000000.0,292000000.0,-1111000000.0,0.0,-3511000000.0,-3511000000.0,-3511000000.0,0.0,0.0,-0.202,5952000000.0,-3330000000.0,1198000000.0,0.0,1.076,-0.293,-0.292,19694000000.0,0.0,6.6,0.059,0.059,909000000.0,677000000.0,17420000000.0,17420000000.0,0.0,-0.112,-1.305,-0.122,-0.239,0.0,1163000000.0,1.0,155993126.0,155993126.0,,111.672,28975000000.0,572000000.0,-1337000000.0,0.0,185.745,-2303000000.0
44,AAMRQ,MRT,2002-09-30,2002-09-30,2002-09-30,2021-08-25,-45000000.0,31502000000.0,31873750000.0,5987000000.0,25515000000.0,0.534,16.128,-1850000000.0,123000000.0,123000000.0,14678000000.0,-3780000000.0,0.829,11.546,12481000000.0,550000000.0,11931000000.0,12481000000.0,0.0,1404000000.0,0.0,0.0,0.0,-4624000000.0,-3220000000.0,-0.189,-3220000000.0,-4624000000.0,-5290000000.0,-24.38,-24.38,-24.38,2511000000.0,3795250000.0,2511000000.0,11568778427.0,-3.0,-3.593,-3127000000.0,-20.085,1.0,2327000000.0,0.137,1299000000.0,666000000.0,35343000000.0,33834250000.0,648000000.0,2707000000.0,2707000000.0,0.0,28991000000.0,7218000000.0,21773000000.0,650778427.0,44000000.0,0.0,3000000.0,3510000000.0,0.0,3724000000.0,-2403000000.0,-436000000.0,-1277000000.0,0.0,-3780000000.0,-3780000000.0,-3780000000.0,0.0,0.0,-0.222,6126000000.0,-3799000000.0,1360000000.0,0.0,0.259,-0.172,-0.171,19741000000.0,0.0,4.18,0.038,0.038,1563000000.0,1206000000.0,17005000000.0,17005000000.0,0.0,-0.119,-0.996,-0.137,-0.272,0.0,1748000000.0,1.0,155688619.0,155688619.0,,109.224,30203000000.0,792000000.0,-1510000000.0,1228000000.0,193.996,-1231000000.0
45,AAMRQ,MRT,2002-06-30,2002-06-30,2002-06-30,2021-08-25,-72000000.0,31538000000.0,31958250000.0,5848000000.0,25690000000.0,0.541,21.964,-2272000000.0,195000000.0,195000000.0,14862000000.0,-3270000000.0,0.784,8.257,11113000000.0,497000000.0,10616000000.0,11113000000.0,0.0,1404000000.0,0.0,0.0,0.0,-3860000000.0,-2456000000.0,-0.142,-2456000000.0,-3860000000.0,-4477000000.0,-21.13,-21.13,-21.13,3407000000.0,4725250000.0,3407000000.0,13430311280.0,-3.0,-5.468,-2570000000.0,-16.568,1.0,2435000000.0,0.141,1310000000.0,617000000.0,33687000000.0,32796500000.0,743000000.0,2368000000.0,2368000000.0,0.0,28131000000.0,7459000000.0,20672000000.0,2615311280.0,-80000000.0,0.0,6000000.0,3219000000.0,0.0,3577000000.0,-3359000000.0,-1146000000.0,-298000000.0,0.0,-3270000000.0,-3270000000.0,-3270000000.0,0.0,0.0,-0.189,5471000000.0,-3036000000.0,1559000000.0,0.0,0.768,-0.8,-0.798,20084000000.0,0.0,16.86,0.151,0.151,1556000000.0,2130000000.0,17297000000.0,17297000000.0,0.0,-0.102,-0.692,-0.118,-0.223,0.0,1687000000.0,1.0,155119293.0,155119293.0,,111.508,30228000000.0,792000000.0,-1207000000.0,1577000000.0,194.869,-1611000000.0
46,AAMRQ,MRT,2002-03-31,2002-03-31,2002-03-31,2021-08-25,-71000000.0,31614000000.0,31324250000.0,6271000000.0,25343000000.0,0.587,25.125,-3125000000.0,134000000.0,134000000.0,15125000000.0,-3282000000.0,0.849,7.127,10951000000.0,713000000.0,10238000000.0,10951000000.0,0.0,1404000000.0,0.0,0.0,0.0,-3965000000.0,-2561000000.0,-0.139,-2561000000.0,-3965000000.0,-4550000000.0,-21.23,-21.23,-21.23,3890000000.0,5558500000.0,3890000000.0,14574952336.0,-4.0,-5.691,-3049000000.0,-19.693,1.0,3247000000.0,0.177,1316000000.0,585000000.0,33726000000.0,31177750000.0,758000000.0,2181000000.0,2181000000.0,0.0,27724000000.0,7389000000.0,20335000000.0,4088952336.0,-48000000.0,-430000000.0,14000000.0,3842000000.0,0.0,4208000000.0,-4332000000.0,-795000000.0,76000000.0,0.0,-3282000000.0,-3282000000.0,-3282000000.0,0.0,0.0,-0.179,6442000000.0,-3195000000.0,1462000000.0,0.0,1.051,-1.246,-1.244,19950000000.0,0.0,26.41,0.223,0.223,1858000000.0,2625000000.0,18372000000.0,18372000000.0,0.0,-0.105,-0.59,-0.127,-0.216,0.0,1636000000.0,1.0,154825912.0,154825912.0,,118.662,30298000000.0,793000000.0,-1268000000.0,1602000000.0,195.691,-1118000000.0
47,AAMRQ,MRT,2001-12-31,2001-12-31,2001-12-31,2021-08-25,-146000000.0,32841000000.0,30054250000.0,6571000000.0,26270000000.0,0.631,34.781,-3239000000.0,637000000.0,637000000.0,14889000000.0,-1762000000.0,0.875,5.112,10606000000.0,772000000.0,9834000000.0,10606000000.0,0.0,1404000000.0,0.0,0.0,0.0,-2218000000.0,-814000000.0,-0.043,-814000000.0,-2218000000.0,-2756000000.0,-11.43,-11.43,-11.43,5373000000.0,6394250000.0,5373000000.0,12249939635.0,-6.0,-15.049,-2697000000.0,-17.458,1.0,4080000000.0,0.215,2717000000.0,538000000.0,32581000000.0,29011250000.0,822000000.0,2386000000.0,2386000000.0,0.0,27468000000.0,7512000000.0,19956000000.0,3444939635.0,13000000.0,-742000000.0,37000000.0,3822000000.0,0.0,4211000000.0,-4740000000.0,-777000000.0,542000000.0,0.0,-1762000000.0,-1762000000.0,-1762000000.0,0.0,0.0,-0.093,6550000000.0,-2470000000.0,1785000000.0,0.0,0.641,-1.955,-1.951,19655000000.0,0.0,22.3,0.182,0.182,1162000000.0,4188000000.0,18969000000.0,18969000000.0,0.0,-0.059,-0.276,-0.076,-0.117,0.0,1540000000.0,1.0,154481598.0,154481598.0,,122.791,30124000000.0,1042000000.0,-994000000.0,1627000000.0,195.001,-941000000.0
48,AAMRQ,MRT,2001-09-30,2001-09-30,2001-09-30,2021-08-25,-28000000.0,31840000000.0,28397250000.0,6081000000.0,25759000000.0,0.705,40.461,-3526000000.0,69000000.0,69000000.0,14725000000.0,-917000000.0,0.75,4.11,8874000000.0,776000000.0,8098000000.0,8874000000.0,0.0,1202000000.0,0.0,0.0,0.0,-916000000.0,286000000.0,0.014,286000000.0,-916000000.0,-1403000000.0,-5.95,-5.99,-5.95,6231000000.0,6845000000.0,6231000000.0,10470365656.0,-11.0,36.61,-1810000000.0,-11.753,1.0,5293000000.0,0.264,1350000000.0,487000000.0,31192000000.0,26835000000.0,871000000.0,2271000000.0,2271000000.0,0.0,25609000000.0,8103000000.0,17506000000.0,2955365656.0,-102000000.0,-742000000.0,75000000.0,2401000000.0,0.0,2617000000.0,-4435000000.0,-161000000.0,1716000000.0,0.0,-917000000.0,-917000000.0,-917000000.0,0.0,0.0,-0.046,6535000000.0,-1242000000.0,1613000000.0,0.0,0.474,-3.223,-3.217,19854000000.0,0.0,19.14,0.148,0.147,1829000000.0,4986000000.0,20018000000.0,20018000000.0,0.0,-0.032,-0.134,-0.034,-0.046,0.0,1546000000.0,1.0,154407819.0,154000000.0,,129.987,30490000000.0,693000000.0,-486000000.0,2168000000.0,197.987,-2022000000.0
49,AAMRQ,MRT,2001-06-30,2001-06-30,2001-06-30,2021-08-25,68000000.0,29002000000.0,26912000000.0,5174000000.0,23828000000.0,0.76,43.766,-3506000000.0,265000000.0,265000000.0,13974000000.0,-190000000.0,0.655,3.303,7780000000.0,613000000.0,7167000000.0,7780000000.0,0.0,1202000000.0,0.0,0.0,0.0,233000000.0,1435000000.0,0.07,1435000000.0,233000000.0,-251000000.0,-1.19,-1.4,-1.19,6740000000.0,7060500000.0,6740000000.0,11953952586.0,51.0,8.33,-1288000000.0,-8.364,1.0,6484000000.0,0.317,1411000000.0,484000000.0,27212000000.0,24924250000.0,883000000.0,1222000000.0,1222000000.0,0.0,22262000000.0,7894000000.0,14368000000.0,5552952586.0,137000000.0,-742000000.0,80000000.0,1149000000.0,0.0,1229000000.0,-3310000000.0,994000000.0,2218000000.0,0.0,-190000000.0,-190000000.0,-190000000.0,0.0,0.0,-0.009,6596000000.0,-112000000.0,1495000000.0,0.0,0.824,-29.226,-30.361,20008000000.0,0.0,36.13,0.271,0.272,1670000000.0,5402000000.0,20458000000.0,20458000000.0,0.0,-0.007,-0.027,0.009,0.011,0.0,1605000000.0,1.0,153693678.0,154000000.0,,132.844,27591000000.0,695000000.0,-61000000.0,2341000000.0,179.162,-2720000000.0
50,AAMRQ,MRT,2001-03-31,2001-03-31,2001-03-31,2021-08-25,72000000.0,26534000000.0,26029750000.0,4573000000.0,21961000000.0,0.764,46.968,-3365000000.0,172000000.0,172000000.0,13062000000.0,638000000.0,0.678,2.668,6573000000.0,696000000.0,5877000000.0,6573000000.0,0.0,1202000000.0,0.0,0.0,0.0,1531000000.0,2733000000.0,0.137,2733000000.0,1531000000.0,1064000000.0,4.25,3.85,4.25,7233000000.0,7069000000.0,7233000000.0,11576110834.0,8.0,4.236,-725000000.0,-4.708,1.0,6824000000.0,0.343,1131000000.0,467000000.0,25060000000.0,23997250000.0,727000000.0,1386000000.0,1386000000.0,0.0,19301000000.0,6744000000.0,12557000000.0,5395110834.0,96000000.0,-312000000.0,84000000.0,592000000.0,0.0,676000000.0,-3220000000.0,507000000.0,2640000000.0,0.0,638000000.0,638000000.0,638000000.0,0.0,0.0,0.032,5659000000.0,1165000000.0,1261000000.0,0.0,0.746,8.456,8.264,19075000000.0,0.0,35.12,0.271,0.272,1383000000.0,5907000000.0,19886000000.0,19886000000.0,0.0,0.025,0.09,0.064,0.077,0.0,1618000000.0,1.0,153619329.0,154000000.0,,129.13,25403000000.0,694000000.0,426000000.0,2461000000.0,164.955,-2171000000.0
51,AAMRQ,MRT,2000-12-31,2000-12-31,2000-12-31,2021-08-25,-2000000.0,26213000000.0,25474750000.0,5179000000.0,21034000000.0,0.773,47.621,-3346000000.0,89000000.0,89000000.0,12756000000.0,813000000.0,0.741,2.653,6270000000.0,796000000.0,5474000000.0,6270000000.0,0.0,1202000000.0,0.0,0.0,0.0,1788000000.0,2990000000.0,0.152,2990000000.0,1788000000.0,1321000000.0,5.43,5.03,5.43,7176000000.0,6866250000.0,7176000000.0,11700137022.0,7.0,3.913,-204000000.0,-1.354,1.0,6947000000.0,0.353,1528000000.0,467000000.0,23876000000.0,23506000000.0,757000000.0,2144000000.0,2144000000.0,0.0,19037000000.0,6990000000.0,12047000000.0,5905137022.0,4000000.0,559000000.0,67000000.0,70000000.0,0.0,137000000.0,-3275000000.0,-438000000.0,3142000000.0,0.0,813000000.0,813000000.0,813000000.0,-43000000.0,0.0,0.041,5566000000.0,1381000000.0,1267000000.0,0.0,0.823,7.263,7.217,18636000000.0,0.0,39.188,0.3,0.3,1303000000.0,5950000000.0,19703000000.0,19703000000.0,0.0,0.032,0.118,0.076,0.091,0.0,1651000000.0,1.0,150689302.0,150689302.0,,130.752,24685000000.0,695000000.0,508000000.0,2385000000.0,163.814,-1811000000.0
52,AAMRQ,MRT,2000-09-30,2000-09-30,2000-09-30,2021-08-25,-2000000.0,25899000000.0,25015000000.0,5352000000.0,20547000000.0,0.773,47.287,-3232000000.0,171000000.0,171000000.0,12245000000.0,1046000000.0,0.735,2.651,5966000000.0,768000000.0,5198000000.0,5966000000.0,0.0,1092000000.0,0.0,0.0,0.0,2008000000.0,3100000000.0,0.16,3100000000.0,2008000000.0,1557000000.0,7.0,6.55,7.0,7093000000.0,6786750000.0,7093000000.0,10910744247.0,5.0,3.52,-82000000.0,-0.547,1.0,7086000000.0,0.367,865000000.0,451000000.0,23549000000.0,23401500000.0,730000000.0,2163000000.0,2163000000.0,0.0,18806000000.0,7280000000.0,11526000000.0,4901744247.0,85000000.0,658000000.0,36000000.0,-54000000.0,0.0,282000000.0,-3347000000.0,-674000000.0,3150000000.0,0.0,1046000000.0,1046000000.0,1046000000.0,-113000000.0,0.0,0.054,5515000000.0,1571000000.0,1299000000.0,0.0,0.691,4.686,4.67,18047000000.0,0.0,32.688,0.254,0.254,1496000000.0,5907000000.0,19331000000.0,19331000000.0,0.0,0.042,0.154,0.086,0.104,0.0,1058000000.0,1.0,149957759.0,150000000.0,,128.873,25034000000.0,612000000.0,511000000.0,2164000000.0,166.893,-1928000000.0
53,AAMRQ,MRT,2000-06-30,2000-06-30,2000-06-30,2021-08-25,-2000000.0,25473000000.0,24631250000.0,5377000000.0,20096000000.0,0.762,45.16,-3196000000.0,128000000.0,128000000.0,11850000000.0,1012000000.0,0.757,2.76,6137000000.0,742000000.0,5395000000.0,6137000000.0,0.0,1092000000.0,0.0,0.0,0.0,1904000000.0,2996000000.0,0.16,2996000000.0,1904000000.0,1464000000.0,6.78,6.4,6.78,6774000000.0,6638000000.0,6774000000.0,9897289706.0,5.0,3.304,-239000000.0,-1.593,1.0,6920000000.0,0.369,872000000.0,440000000.0,23504000000.0,23153500000.0,713000000.0,2269000000.0,2269000000.0,0.0,18699000000.0,7106000000.0,11593000000.0,3957289706.0,62000000.0,658000000.0,-176000000.0,686000000.0,0.0,810000000.0,-3705000000.0,-1068000000.0,2957000000.0,0.0,1012000000.0,1012000000.0,1012000000.0,-179000000.0,0.0,0.054,5495000000.0,1425000000.0,1273000000.0,0.0,0.584,3.91,3.899,17522000000.0,0.0,26.438,0.211,0.211,1447000000.0,5597000000.0,18770000000.0,18770000000.0,0.0,0.041,0.152,0.082,0.101,0.0,1106000000.0,1.0,149684717.0,150000000.0,,125.133,24601000000.0,612000000.0,452000000.0,2012000000.0,164.007,-1729000000.0
54,AAMRQ,MRT,2000-03-31,2000-03-31,2000-03-31,2021-08-25,-2000000.0,24314000000.0,24140750000.0,4999000000.0,19315000000.0,0.758,43.101,-3129000000.0,76000000.0,76000000.0,11518000000.0,959000000.0,0.796,2.786,6016000000.0,472000000.0,5544000000.0,6016000000.0,0.0,1092000000.0,0.0,0.0,0.0,1773000000.0,2865000000.0,0.157,2865000000.0,1773000000.0,1354000000.0,6.39,6.14,6.39,6422000000.0,6554000000.0,6422000000.0,10878089054.0,6.0,3.797,-496000000.0,-3.329,1.0,6782000000.0,0.371,880000000.0,419000000.0,23095000000.0,22607000000.0,717000000.0,1893000000.0,1893000000.0,0.0,17892000000.0,6279000000.0,11613000000.0,4736089054.0,19000000.0,614000000.0,-437000000.0,1204000000.0,0.0,1067000000.0,-3681000000.0,-1085000000.0,2633000000.0,0.0,959000000.0,959000000.0,959000000.0,-231000000.0,0.0,0.052,5460000000.0,1322000000.0,1231000000.0,0.0,0.737,4.939,4.988,16734000000.0,0.0,31.875,0.259,0.26,1493000000.0,5270000000.0,18300000000.0,18300000000.0,0.0,0.04,0.146,0.078,0.097,0.0,1131000000.0,1.0,148583186.0,149000000.0,,122.819,23434000000.0,612000000.0,395000000.0,1886000000.0,157.275,-1280000000.0
55,AAMRQ,MRT,1999-12-31,1999-12-31,1999-12-31,2021-08-25,-2000000.0,24374000000.0,23618250000.0,4424000000.0,19950000000.0,0.751,46.312,-3375000000.0,85000000.0,85000000.0,11131000000.0,985000000.0,0.754,2.554,6227000000.0,538000000.0,5689000000.0,6227000000.0,0.0,1092000000.0,0.0,0.0,0.0,1728000000.0,2820000000.0,0.159,2820000000.0,1728000000.0,1335000000.0,6.46,6.26,6.46,6858000000.0,6563000000.0,6858000000.0,15517562742.0,9.0,5.503,-1111000000.0,-7.503,1.0,6599000000.0,0.372,1191000000.0,393000000.0,23458000000.0,21762000000.0,708000000.0,1706000000.0,1706000000.0,0.0,17516000000.0,5867000000.0,11649000000.0,9921562742.0,-2000000.0,259000000.0,-846000000.0,1676000000.0,0.0,1184000000.0,-3450000000.0,-253000000.0,2264000000.0,0.0,985000000.0,985000000.0,985000000.0,-265000000.0,0.0,0.056,5443000000.0,1156000000.0,1115000000.0,0.0,1.447,10.073,10.372,16287000000.0,0.0,67.0,0.56,0.56,1134000000.0,5718000000.0,17730000000.0,17730000000.0,0.0,0.042,0.15,0.079,0.097,0.0,1162000000.0,1.0,148083026.0,148083026.0,,119.73,23183000000.0,612000000.0,350000000.0,1846000000.0,156.554,-1443000000.0
56,AAMRQ,MRT,1999-09-30,1999-09-30,1999-09-30,2021-08-25,-4000000.0,24364000000.0,22888500000.0,5112000000.0,19252000000.0,0.706,43.32,-3050000000.0,96000000.0,96000000.0,10330000000.0,887000000.0,0.785,2.749,5692000000.0,475000000.0,5217000000.0,5692000000.0,0.0,1040000000.0,0.0,0.0,0.0,1570000000.0,2610000000.0,0.162,2610000000.0,1570000000.0,1183000000.0,5.77,5.55,5.77,6498000000.0,6523000000.0,6498000000.0,13215616588.0,8.0,5.063,-978000000.0,-6.52,1.0,5825000000.0,0.361,894000000.0,387000000.0,22557000000.0,20707500000.0,703000000.0,1869000000.0,1869000000.0,0.0,17866000000.0,6509000000.0,11357000000.0,8203616588.0,26000000.0,163000000.0,-904000000.0,1336000000.0,0.0,648000000.0,-2694000000.0,175000000.0,2072000000.0,0.0,887000000.0,887000000.0,887000000.0,-387000000.0,0.0,0.055,4955000000.0,870000000.0,1249000000.0,0.0,1.262,9.249,9.445,16364000000.0,0.0,54.5,0.508,0.506,1742000000.0,5370000000.0,16155000000.0,16155000000.0,0.0,0.039,0.136,0.076,0.097,0.0,1192000000.0,1.0,150525075.0,150000000.0,,107.7,23470000000.0,476000000.0,296000000.0,1752000000.0,156.467,-1397000000.0
57,AAMRQ,MRT,1999-06-30,1999-06-30,1999-06-30,2021-08-25,-4000000.0,23511000000.0,22346000000.0,4613000000.0,18898000000.0,0.739,42.078,-2989000000.0,79000000.0,79000000.0,10313000000.0,1041000000.0,0.732,2.652,5091000000.0,448000000.0,4643000000.0,5091000000.0,0.0,1040000000.0,0.0,0.0,0.0,1842000000.0,2882000000.0,0.175,2882000000.0,1842000000.0,1470000000.0,6.48,6.28,6.48,6438000000.0,6538500000.0,6438000000.0,14853325105.0,8.0,5.154,-373000000.0,-2.438,1.0,6193000000.0,0.375,901000000.0,372000000.0,21318000000.0,19959500000.0,657000000.0,1486000000.0,1486000000.0,0.0,17073000000.0,6304000000.0,10769000000.0,10480325105.0,-24000000.0,163000000.0,-1218000000.0,655000000.0,0.0,-239000000.0,-2401000000.0,407000000.0,2616000000.0,0.0,1041000000.0,1041000000.0,1041000000.0,-323000000.0,0.0,0.063,5017000000.0,1176000000.0,1245000000.0,0.0,1.628,10.068,10.532,15834000000.0,0.0,68.25,0.635,0.633,1689000000.0,5112000000.0,16506000000.0,16506000000.0,0.0,0.047,0.159,0.092,0.112,0.0,1189000000.0,1.0,153557877.0,153000000.0,,107.882,22610000000.0,477000000.0,429000000.0,1663000000.0,147.778,-1691000000.0
58,AAMRQ,MRT,1999-03-31,1999-03-31,1999-03-31,2021-08-25,-4000000.0,22224000000.0,21954500000.0,4240000000.0,17984000000.0,0.769,40.616,-2612000000.0,62000000.0,62000000.0,10322000000.0,1182000000.0,0.71,2.441,4435000000.0,412000000.0,4023000000.0,4435000000.0,0.0,1040000000.0,0.0,0.0,0.0,2102000000.0,3142000000.0,0.186,3142000000.0,2102000000.0,1732000000.0,7.1,6.88,7.1,6458000000.0,6589250000.0,6458000000.0,14981700234.0,7.0,4.768,-163000000.0,-1.025,1.0,6567000000.0,0.389,909000000.0,370000000.0,19715000000.0,19477750000.0,639000000.0,1121000000.0,1121000000.0,0.0,15766000000.0,5973000000.0,9793000000.0,10674700234.0,-53000000.0,206000000.0,-1155000000.0,55000000.0,0.0,-776000000.0,-1726000000.0,680000000.0,2449000000.0,0.0,1182000000.0,1182000000.0,1182000000.0,-272000000.0,0.0,0.07,5081000000.0,1486000000.0,1233000000.0,0.0,1.653,9.031,8.248,15089000000.0,0.0,58.562,0.632,0.551,1704000000.0,4891000000.0,16889000000.0,16889000000.0,0.0,0.054,0.179,0.108,0.124,0.0,1213000000.0,1.0,182278766.0,159000000.0,,106.22,21315000000.0,476000000.0,550000000.0,1531000000.0,134.057,-1733000000.0
59,AAMRQ,MRT,1998-12-31,1998-12-31,1998-12-31,2021-08-25,-4000000.0,21455000000.0,21722000000.0,3969000000.0,17486000000.0,0.806,36.733,-2080000000.0,87000000.0,87000000.0,10415000000.0,1314000000.0,0.749,2.203,4402000000.0,202000000.0,4200000000.0,4402000000.0,0.0,1040000000.0,0.0,0.0,0.0,2405000000.0,3445000000.0,0.197,3445000000.0,2405000000.0,2033000000.0,7.78,7.52,7.78,6698000000.0,6574750000.0,6698000000.0,15069599238.0,6.0,4.374,717000000.0,3.932,1.0,7101000000.0,0.405,1228000000.0,372000000.0,19240000000.0,19265500000.0,596000000.0,1448000000.0,1448000000.0,0.0,14757000000.0,5302000000.0,9455000000.0,10826599238.0,37000000.0,-137000000.0,-860000000.0,-301000000.0,0.0,-891000000.0,-1869000000.0,348000000.0,2797000000.0,0.0,1314000000.0,1314000000.0,1314000000.0,-200000000.0,0.0,0.075,5113000000.0,1988000000.0,1047000000.0,0.0,1.616,8.239,7.632,13741000000.0,0.0,59.375,0.618,0.618,1225000000.0,4733000000.0,17516000000.0,17516000000.0,0.0,0.06,0.2,0.125,0.137,0.0,1226000000.0,1.0,182342724.0,182342724.0,,96.061,20227000000.0,443000000.0,719000000.0,1470000000.0,110.928,-1333000000.0
60,AAMRQ,MRT,1998-09-30,1998-09-30,1998-09-30,2021-08-25,0.0,22194000000.0,21573000000.0,5189000000.0,17005000000.0,0.831,38.817,-2086000000.0,72000000.0,72000000.0,10579000000.0,1340000000.0,0.872,2.383,4315000000.0,343000000.0,3972000000.0,4315000000.0,0.0,1040000000.0,0.0,0.0,0.0,2475000000.0,3515000000.0,0.196,3515000000.0,2475000000.0,2082000000.0,7.84,7.58,7.84,6560000000.0,6454250000.0,6560000000.0,14359624762.0,6.0,4.085,626000000.0,3.704,1.0,7339000000.0,0.41,923000000.0,393000000.0,19565000000.0,19046000000.0,609000000.0,2180000000.0,2180000000.0,0.0,15634000000.0,5949000000.0,9685000000.0,10108624762.0,55000000.0,-140000000.0,-883000000.0,-514000000.0,0.0,-1289000000.0,-1368000000.0,858000000.0,2712000000.0,0.0,1340000000.0,1340000000.0,1340000000.0,-172000000.0,0.0,0.075,5267000000.0,2072000000.0,1287000000.0,0.0,1.541,7.544,7.071,14035000000.0,0.0,55.438,0.564,0.523,1732000000.0,4511000000.0,17918000000.0,17918000000.0,0.0,0.062,0.208,0.13,0.138,0.0,1237000000.0,1.0,182342724.0,169000000.0,,106.024,21271000000.0,404000000.0,742000000.0,1387000000.0,125.864,-760000000.0
61,AAMRQ,MRT,1998-06-30,1998-06-30,1998-06-30,2021-08-25,0.0,21945000000.0,,5261000000.0,16684000000.0,,38.61,-1592000000.0,108000000.0,108000000.0,10492000000.0,1230000000.0,0.895,2.304,4359000000.0,514000000.0,3845000000.0,4359000000.0,0.0,1040000000.0,0.0,0.0,0.0,2315000000.0,3355000000.0,0.191,3355000000.0,2315000000.0,1914000000.0,7.1,6.87,7.1,6641000000.0,,6641000000.0,19379031773.0,8.0,5.776,1169000000.0,6.797,1.0,7086000000.0,0.403,930000000.0,401000000.0,19391000000.0,,651000000.0,2124000000.0,2124000000.0,0.0,15304000000.0,5875000000.0,9429000000.0,15180031773.0,93000000.0,-140000000.0,-705000000.0,-431000000.0,0.0,-1136000000.0,-1532000000.0,200000000.0,2761000000.0,0.0,1230000000.0,1230000000.0,1230000000.0,-171000000.0,0.0,0.07,5139000000.0,1947000000.0,1104000000.0,0.0,2.286,12.341,11.725,13717000000.0,0.0,83.25,0.864,0.815,1753000000.0,4085000000.0,17578000000.0,17578000000.0,0.0,,,,0.132,0.0,1258000000.0,1.0,182342724.0,172000000.0,,102.198,21015000000.0,406000000.0,684000000.0,1264000000.0,122.18,-614000000.0
62,AAMRQ,MRT,1998-03-31,1998-03-31,1998-03-31,2021-08-25,0.0,21294000000.0,,5045000000.0,16249000000.0,,36.994,-1203000000.0,124000000.0,124000000.0,10486000000.0,1123000000.0,0.887,2.327,4323000000.0,504000000.0,3819000000.0,4323000000.0,0.0,1040000000.0,0.0,0.0,0.0,2155000000.0,3195000000.0,0.184,3195000000.0,2155000000.0,1744000000.0,6.38,6.2,6.38,6400000000.0,,6400000000.0,17411599396.0,8.0,5.45,1588000000.0,9.179,1.0,6880000000.0,0.396,937000000.0,411000000.0,18866000000.0,,636000000.0,2057000000.0,2057000000.0,0.0,14894000000.0,5690000000.0,9204000000.0,13054599396.0,46000000.0,-139000000.0,-649000000.0,-501000000.0,0.0,-1150000000.0,-1595000000.0,-253000000.0,2791000000.0,0.0,1123000000.0,1123000000.0,1123000000.0,-170000000.0,0.0,0.065,5067000000.0,1813000000.0,1130000000.0,0.0,2.04,11.625,11.222,13382000000.0,0.0,71.594,0.752,0.713,1596000000.0,3690000000.0,17366000000.0,17366000000.0,0.0,,,,0.124,0.0,1265000000.0,1.0,182342724.0,173000000.0,,100.382,20357000000.0,406000000.0,621000000.0,1116000000.0,117.671,-645000000.0
63,AAMRQ,MRT,1997-12-31,1997-12-31,1997-12-31,2021-08-25,-4000000.0,20859000000.0,20678000000.0,4986000000.0,15873000000.0,0.82,34.09,-848000000.0,62000000.0,62000000.0,10389000000.0,985000000.0,0.895,2.356,4407000000.0,530000000.0,3877000000.0,4407000000.0,0.0,1040000000.0,0.0,0.0,0.0,1933000000.0,2973000000.0,0.175,2973000000.0,1933000000.0,1512000000.0,5.52,5.39,5.52,6216000000.0,5942000000.0,6216000000.0,,,,1675000000.0,9.186,1.0,6568000000.0,0.387,1270000000.0,421000000.0,18362000000.0,18501000000.0,626000000.0,2370000000.0,2370000000.0,0.0,14643000000.0,5572000000.0,9071000000.0,11715520017.0,7000000.0,0.0,-540000000.0,-648000000.0,0.0,-1188000000.0,-1328000000.0,-480000000.0,2523000000.0,0.0,985000000.0,985000000.0,985000000.0,-176000000.0,0.0,0.058,4973000000.0,1595000000.0,1028000000.0,0.0,1.885,11.894,11.639,13159000000.0,0.0,64.25,0.691,0.691,1301000000.0,3419000000.0,16957000000.0,16957000000.0,0.0,0.048,0.166,0.104,0.114,0.0,1278000000.0,1.0,182342724.0,182342724.0,,92.995,19589000000.0,406000000.0,527000000.0,1112000000.0,107.43,-586000000.0
64,AAMRQ,MRT,1997-09-30,1997-09-30,1997-09-30,2021-08-25,,,,,,,,,,,,,,,,,,,,,,0.0,0.0,,,,,,,,,,,,,,,,,,1.0,,,,,,,,,,,,,,,,,,,,,,,,,,,,,,,,,,,,,,,,55.344,,,,,,,,,,,,,,1.0,,176000000.0,,,,,,,,
65,AAMRQ,MRT,1997-06-30,1997-06-30,1997-06-30,2021-08-25,,,,,,,,,,,,,,,,,,,,,,0.0,0.0,,,,,,,,,,,,,,,,,,1.0,,,,,,,,,,,,,,,,,,,,,,,,,,,,,,,,,,,,,,,,46.25,,,,,,,,,,,,,,1.0,,182000000.0,,,,,,,,
66,AAMRQ,MRT,1997-03-31,1997-03-31,1997-03-31,2021-08-25,,,,,,,,,,,,,,,,,,,,,,0.0,0.0,,,,,,,,,,,,,,,,,,1.0,,,,,,,,,,,,,,,,,,,,,,,,,,,,,,,,,,,,,,,,41.25,,,,,,,,,,,,,,1.0,,182000000.0,,,,,,,,
67,AAMRQ,MRT,1996-12-31,1996-12-31,1996-12-31,2021-08-25,0.0,20497000000.0,,4470000000.0,16027000000.0,,,-266000000.0,68000000.0,68000000.0,10491000000.0,1016000000.0,0.803,2.616,5096000000.0,554000000.0,4542000000.0,5096000000.0,0.0,1185000000.0,0.0,0.0,0.0,2043000000.0,3228000000.0,0.186,3228000000.0,2043000000.0,1529000000.0,5.9,5.59,5.9,5668000000.0,,5668000000.0,,,,2422000000.0,,1.0,6873000000.0,0.396,1319000000.0,514000000.0,18640000000.0,,633000000.0,1743000000.0,1743000000.0,0.0,14829000000.0,5566000000.0,9263000000.0,,-18000000.0,0.0,25000000.0,-2130000000.0,0.0,-1516000000.0,-1190000000.0,-924000000.0,2688000000.0,0.0,1016000000.0,1016000000.0,1016000000.0,-22000000.0,0.0,0.059,5066000000.0,1807000000.0,1068000000.0,0.0,,,7.468,13305000000.0,0.0,44.062,,,1382000000.0,2434000000.0,17364000000.0,17364000000.0,0.0,,,,0.118,0.0,1252000000.0,1.0,,,,,19178000000.0,404000000.0,513000000.0,743000000.0,,-1096000000.0
68,AAMRQ,MRT,1995-12-31,1995-12-31,1995-12-31,2021-08-25,,,,,,,,-860000000.0,,,10274000000.0,162000000.0,,,,,,,,1259000000.0,,0.0,0.0,994000000.0,2253000000.0,0.133,2253000000.0,994000000.0,324000000.0,1.06,,1.06,,,,,,,1320000000.0,,1.0,6636000000.0,0.392,,670000000.0,,,,,,,,,,,59000000.0,0.0,21000000.0,-1217000000.0,0.0,-1196000000.0,-925000000.0,-65000000.0,2180000000.0,0.0,162000000.0,162000000.0,162000000.0,0.0,0.0,0.01,5621000000.0,1015000000.0,,0.0,,,35.024,,0.0,37.125,,,,,16910000000.0,16910000000.0,0.0,,,,0.059,0.0,1293000000.0,1.0,,,,,,,162000000.0,,,
