None,ticker,dimension,calendardate,datekey,reportperiod,lastupdated,accoci,assets,assetsavg,assetsc,assetsnc,assetturnover,bvps,capex,cashneq,cashnequsd,cor,consolinc,currentratio,de,debt,debtc,debtnc,debtusd,deferredrev,depamor,deposits,divyield,dps,ebit,ebitda,ebitdamargin,ebitdausd,ebitusd,ebt,eps,epsdil,epsusd,equity,equityavg,equityusd,ev,evebit,evebitda,fcf,fcfps,fxusd,gp,grossmargin,intangibles,intexp,invcap,invcapavg,inventory,investments,investmentsc,investmentsnc,liabilities,liabilitiesc,liabilitiesnc,marketcap,ncf,ncfbus,ncfcommon,ncfdebt,ncfdiv,ncff,ncfi,ncfinv,ncfo,ncfx,netinc,netinccmn,netinccmnusd,netincdis,netincnci,netmargin,opex,opinc,payables,payoutratio,pb,pe,pe1,ppnenet,prefdivis,price,ps,ps1,receivables,retearn,revenue,revenueusd,rnd,roa,roe,roic,ros,sbcomp,sgna,sharefactor,sharesbas,shareswa,shareswadil,sps,tangibles,taxassets,taxexp,taxliabilities,tbvps,workingcapital
0,NRG,MRY,2020-12-31,2020-12-31,2020-12-31,2021-08-05,-206000000,14902000000,13071500000,6028000000,8874000000,0.696,6.857,-230000000.0,3911000000,3911000000,6540000000.0,510000000.0,3.148,7.87,9923000000,569000000,9354000000,9923000000,0,435000000.0,0,0.032,1.2,1162000000.0,1597000000.0,0.176,1597000000.0,1162000000.0,761000000.0,2.08,2.07,2.08,1680000000,1725000000,1680000000,15441492317.0,13.0,9.669,1607000000.0,6.559,1.0,2553000000.0,0.281,1247000000,401000000.0,17752000000,16205750000,327000000,2057000000,560000000,1497000000,13222000000,1915000000,11307000000,9170492317.0,3545000000.0,-201000000.0,-228000000.0,2736000000.0,-295000000.0,2204000000.0,-494000000.0,-53000000.0,1837000000.0,-2000000.0,510000000.0,510000000.0,510000000.0,0.0,0.0,0.056,1448000000.0,1105000000.0,649000000,0.577,5.459,17.981,18.053,2848000000,0.0,37.55,1.009,1.012,904000000,-1403000000,9093000000.0,9093000000.0,8000000.0,0.039,0.296,0.072,0.128,22000000.0,933000000.0,1.0,244220834.0,245000000.0,246000000.0,37.114,13655000000,3066000000,251000000.0,19000000,55.735,4113000000
1,NRG,MRY,2019-12-31,2019-12-31,2019-12-31,2021-08-05,-192000000,12531000000,10189750000,3088000000,9443000000,0.964,6.328,-228000000.0,353000000,353000000,7303000000.0,4441000000.0,1.309,6.546,7550000000,942000000,6608000000,7550000000,0,373000000.0,0,0.003,0.12,1517000000.0,1890000000.0,0.192,1890000000.0,1517000000.0,1104000000.0,16.94,16.81,16.94,1658000000,-774750000,1658000000,17458873028.0,12.0,9.237,1185000000.0,4.523,1.0,2518000000.0,0.256,1368000000,413000000.0,16001000000,13887750000,383000000,2352000000,860000000,1492000000,10853000000,2359000000,8494000000,10000873028.0,-228000000.0,804000000.0,-1437000000.0,-716000000.0,-32000000.0,-2148000000.0,556000000.0,-35000000.0,1413000000.0,0.0,4438000000.0,4438000000.0,4438000000.0,-321000000.0,3000000.0,0.452,1228000000.0,1290000000.0,722000000,0.007,6.032,2.253,2.347,3057000000,0.0,39.75,1.018,1.06,1025000000,-1616000000,9821000000.0,9821000000.0,7000000.0,0.436,-5.728,0.109,0.154,20000000.0,827000000.0,1.0,251594290.0,262000000.0,264000000.0,37.485,11163000000,3286000000,-3334000000.0,17000000,42.607,729000000
2,NRG,MRY,2018-12-31,2018-12-31,2018-12-31,2021-08-05,-94000000,10628000000,17194250000,3600000000,7028000000,0.551,-4.059,-388000000.0,580000000,580000000,7108000000.0,268000000.0,1.501,-9.597,7498000000,745000000,6753000000,7498000000,0,421000000.0,0,0.003,0.12,758000000.0,1179000000.0,0.124,1179000000.0,758000000.0,275000000.0,0.88,0.87,0.88,-1234000000,-667500000,-1234000000,18252228950.0,24.0,15.481,989000000.0,3.253,1.0,2370000000.0,0.25,1164000000,483000000.0,13984000000,23687750000,412000000,2156000000,764000000,1392000000,11843000000,2398000000,9445000000,11481228950.0,-473000000.0,954000000.0,-1229000000.0,-685000000.0,-37000000.0,-1526000000.0,-205000000.0,-59000000.0,1377000000.0,1000000.0,268000000.0,268000000.0,268000000.0,192000000.0,0.0,0.028,1388000000.0,982000000.0,863000000,0.136,-9.304,42.84,45.0,3048000000,0.0,39.6,1.211,1.27,1024000000,-6022000000,9478000000.0,9478000000.0,11000000.0,0.016,-0.401,0.032,0.08,25000000.0,799000000.0,1.0,289930024.0,304000000.0,308000000.0,31.178,9464000000,46000000,7000000.0,65000000,31.132,1202000000
3,NRG,MRY,2017-12-31,2017-12-31,2017-12-31,2021-08-05,-72000000,23355000000,25862500000,4437000000,18918000000,0.351,-1.091,-254000000.0,1049000000,1049000000,6886000000.0,-2337000000.0,1.323,-61.587,10064000000,741000000,9323000000,10064000000,0,596000000.0,0,0.014,0.39,-1640000000.0,-1044000000.0,-0.115,-1044000000.0,-1640000000.0,-2197000000.0,-6.79,-6.79,-6.79,-346000000,870750000,-346000000,24991958436.0,-15.0,-23.939,1356000000.0,4.278,1.0,2188000000.0,0.241,1046000000,557000000.0,27970000000,35030500000,453000000,1657000000,624000000,1033000000,21309000000,3354000000,17955000000,9017958436.0,226000000.0,509000000.0,-2000000.0,-766000000.0,-38000000.0,-1138000000.0,-639000000.0,-11000000.0,1610000000.0,-1000000.0,-2153000000.0,-2153000000.0,-2153000000.0,992000000.0,-184000000.0,-0.237,3016000000.0,-828000000.0,741000000,-0.057,-26.063,-4.189,-4.194,5974000000,0.0,28.48,0.994,0.995,1080000000,-6268000000,9074000000.0,9074000000.0,22000000.0,-0.083,-2.473,-0.047,-0.181,35000000.0,836000000.0,1.0,316641799.0,317000000.0,317000000.0,28.625,22309000000,6000000,-44000000.0,21000000,70.375,1083000000
4,NRG,MRY,2016-12-31,2016-12-31,2016-12-31,2021-08-05,-135000000,30682000000,31568750000,6714000000,23968000000,0.282,6.459,-544000000.0,1384000000,1384000000,6676000000.0,-891000000.0,1.428,12.832,17849000000,1608000000,16241000000,17849000000,0,772000000.0,0,0.019,0.235,-166000000.0,606000000.0,0.068,606000000.0,-166000000.0,-749000000.0,-2.22,-2.22,-2.22,2041000000,2582500000,2041000000,21635331143.0,-130.0,35.702,1364000000.0,4.316,1.0,2239000000.0,0.251,2635000000,583000000.0,39810000000,42341750000,721000000,2994000000,1067000000,1927000000,26190000000,4702000000,21488000000,3867331143.0,-182000000.0,149000000.0,1000000.0,-916000000.0,-76000000.0,-768000000.0,-757000000.0,-41000000.0,1908000000.0,1000000.0,-774000000.0,-701000000.0,-701000000.0,-65000000.0,-117000000.0,-0.079,2399000000.0,-160000000.0,813000000,-0.106,1.895,-5.517,-5.523,15369000000,-73000000.0,12.26,0.434,0.435,1058000000,-3787000000,8915000000.0,8915000000.0,48000000.0,-0.022,-0.271,-0.004,-0.019,10000000.0,1032000000.0,1.0,315442997.0,316000000.0,316000000.0,28.212,28047000000,225000000,25000000.0,20000000,88.756,2012000000
5,NRG,MRY,2015-12-31,2015-12-31,2015-12-31,2021-08-05,-173000000,32882000000,38391250000,7391000000,25491000000,0.321,8.228,-1029000000.0,1932000000,1932000000,9000000000.0,-6436000000.0,1.689,10.017,21678000000,2202000000,19476000000,21678000000,0,1351000000.0,0,0.049,0.58,-4100000000.0,-2749000000.0,-0.223,-2749000000.0,-4100000000.0,-5037000000.0,-19.46,-19.46,-19.46,2707000000,7710250000,2707000000,23025855381.0,-6.0,-8.376,320000000.0,0.973,1.0,3328000000.0,0.27,3309000000,937000000.0,44944000000,49273250000,1252000000,3879000000,1915000000,1964000000,27117000000,4375000000,22742000000,3697855381.0,-349000000.0,-399000000.0,-436000000.0,-358000000.0,-201000000.0,-432000000.0,-1528000000.0,20000000.0,1349000000.0,10000000.0,-6382000000.0,-6402000000.0,-6402000000.0,105000000.0,-54000000.0,-0.519,7572000000.0,-4244000000.0,869000000,-0.03,1.366,-0.578,-0.605,18732000000,20000000.0,11.77,0.3,0.314,1157000000,-3007000000,12328000000.0,12328000000.0,154000000.0,-0.167,-0.83,-0.083,-0.333,39000000.0,1228000000.0,1.0,314176328.0,329000000.0,329000000.0,37.471,29573000000,167000000,1345000000.0,19000000,89.888,3016000000
6,NRG,MRY,2014-12-31,2014-12-31,2014-12-31,2021-08-05,-174000000,40466000000,38281250000,8408000000,32058000000,0.415,29.228,-909000000.0,2573000000,2573000000,11808000000.0,132000000.0,1.73,2.917,22667000000,2528000000,20139000000,22667000000,0,1523000000.0,0,0.02,0.54,1256000000.0,2779000000.0,0.175,2779000000.0,1256000000.0,137000000.0,0.23,0.23,0.23,9762000000,9756750000,9762000000,29284027659.0,23.0,10.538,601000000.0,1.799,1.0,4060000000.0,0.256,5141000000,1119000000.0,50560000000,48207750000,1247000000,4333000000,2425000000,1908000000,28480000000,4859000000,23621000000,9112027659.0,-138000000.0,-2836000000.0,-18000000.0,736000000.0,-196000000.0,1265000000.0,-2903000000.0,6000000.0,1510000000.0,-10000000.0,134000000.0,78000000.0,78000000.0,0.0,-2000000.0,0.005,2789000000.0,1271000000.0,1060000000,2.348,0.933,116.821,117.174,22367000000,56000000.0,26.95,0.574,0.567,1457000000,3588000000,15868000000.0,15868000000.0,88000000.0,0.002,0.008,0.026,0.079,42000000.0,1016000000.0,1.0,338108633.0,334000000.0,339000000.0,47.509,35325000000,1580000000,3000000.0,21000000,105.763,3549000000
7,NRG,MRY,2013-12-31,2013-12-31,2013-12-31,2021-08-05,5000000,33902000000,34657000000,7596000000,26306000000,0.326,29.728,-1987000000.0,2522000000,2522000000,8130000000.0,-352000000.0,1.807,2.414,18067000000,2105000000,15962000000,18067000000,0,1256000000.0,0,0.016,0.45,180000000.0,1436000000.0,0.127,1436000000.0,180000000.0,-668000000.0,-1.22,-1.22,-1.22,9602000000,9759000000,9602000000,25001514987.0,139.0,17.411,-717000000.0,-2.22,1.0,3165000000.0,0.28,3125000000,848000000.0,42118000000,43434750000,898000000,2716000000,1328000000,1388000000,23184000000,4204000000,18980000000,9288514987.0,167000000.0,-481000000.0,-9000000.0,842000000.0,-154000000.0,1427000000.0,-2528000000.0,-37000000.0,1270000000.0,-2000000.0,-386000000.0,-395000000.0,-395000000.0,0.0,34000000.0,-0.035,2822000000.0,343000000.0,1038000000,-0.369,0.967,-23.515,-23.541,19851000000,9000000.0,28.72,0.822,0.821,1753000000,3695000000,11295000000.0,11295000000.0,84000000.0,-0.011,-0.04,0.004,0.016,38000000.0,895000000.0,1.0,323416260.0,323000000.0,323000000.0,34.969,30777000000,1460000000,-282000000.0,22000000,95.285,3392000000
8,NRG,MRY,2012-12-31,2012-12-31,2012-12-31,2021-08-05,-150000000,34983000000,29647250000,7972000000,27011000000,0.284,42.03,-3396000000.0,2304000000,2304000000,6140000000.0,315000000.0,1.707,2.509,18364000000,2128000000,16236000000,18364000000,0,950000000.0,0,0.008,0.18,629000000.0,1579000000.0,0.187,1579000000.0,629000000.0,-32000000.0,1.23,1.22,1.23,9751000000,7983000000,9751000000,17766566537.0,28.0,11.252,-2247000000.0,-9.685,1.0,2282000000.0,0.271,3166000000,661000000.0,43207000000,35051000000,903000000,4534000000,2644000000,1890000000,24465000000,4670000000,19795000000,5248566537.0,982000000.0,1014000000.0,0.0,1905000000.0,-50000000.0,2099000000.0,-2262000000.0,-61000000.0,1149000000.0,-4000000.0,295000000.0,286000000.0,286000000.0,0.0,20000000.0,0.034,1932000000.0,350000000.0,1172000000,0.146,0.538,18.352,18.691,20153000000,9000000.0,22.99,0.623,0.633,1119000000,4230000000,8422000000.0,8422000000.0,68000000.0,0.01,0.036,0.018,0.075,41000000.0,807000000.0,1.0,228297805.0,232000000.0,234000000.0,36.302,31817000000,1259000000,-327000000.0,55000000,137.142,3302000000
9,NRG,MRY,2011-12-31,2011-12-31,2011-12-31,2021-08-05,74000000,26900000000,25509750000,7749000000,19151000000,0.356,31.192,-2310000000.0,1397000000,1397000000,6745000000.0,197000000.0,1.322,2.536,14320000000,4116000000,10204000000,14320000000,0,896000000.0,0,0.0,0.0,19000000.0,915000000.0,0.101,915000000.0,19000000.0,-646000000.0,0.78,0.78,0.78,7486000000,7756750000,7486000000,14385010393.0,757.0,15.721,-1144000000.0,-4.767,1.0,2334000000.0,0.257,3305000000,665000000.0,30657000000,27809750000,308000000,6316000000,4427000000,1889000000,18982000000,5861000000,13121000000,4167010393.0,-1846000000.0,-436000000.0,-428000000.0,731000000.0,-9000000.0,33000000.0,-3047000000.0,-9000000.0,1166000000.0,2000000.0,197000000.0,188000000.0,188000000.0,0.0,0.0,0.021,1699000000.0,635000000.0,808000000,0.0,0.557,22.165,23.231,13621000000,9000000.0,18.12,0.459,0.479,834000000,3987000000,9079000000.0,9079000000.0,57000000.0,0.007,0.024,0.001,0.002,28000000.0,586000000.0,1.0,229967461.0,240000000.0,241000000.0,37.829,23595000000,0,-843000000.0,1516000000,98.312,1888000000
10,NRG,MRY,2010-12-31,2010-12-31,2010-12-31,2021-08-05,432000000,26896000000,25999000000,7137000000,19759000000,0.34,31.964,-706000000.0,2959000000,2959000000,6073000000.0,476000000.0,1.691,2.306,12561000000,2148000000,10413000000,12561000000,0,838000000.0,0,0.0,0.0,1384000000.0,2222000000.0,0.251,2222000000.0,1384000000.0,754000000.0,1.86,1.84,1.86,8055000000,8070250000,8055000000,11884234226.0,9.0,5.348,917000000.0,3.639,1.0,2776000000.0,0.314,3644000000,630000000.0,28634000000,25969000000,453000000,4054000000,1964000000,2090000000,18576000000,4220000000,14356000000,4830234226.0,647000000.0,-986000000.0,-178000000.0,726000000.0,-9000000.0,651000000.0,-1623000000.0,5000000.0,1623000000.0,-4000000.0,477000000.0,468000000.0,468000000.0,0.0,-1000000.0,0.053,1468000000.0,1308000000.0,783000000,0.0,0.6,10.321,10.505,12517000000,9000000.0,19.54,0.546,0.556,734000000,3800000000,8849000000.0,8849000000.0,55000000.0,0.018,0.058,0.053,0.156,30000000.0,598000000.0,1.0,247197248.0,252000000.0,254000000.0,35.115,23252000000,0,277000000.0,2097000000,92.27,2917000000
11,NRG,MRY,2009-12-31,2009-12-31,2009-12-31,2021-08-05,416000000,23378000000,25208750000,6208000000,17170000000,0.355,31.24,-734000000.0,2306000000,2306000000,5323000000.0,941000000.0,1.65,2.008,8418000000,571000000,7847000000,8418000000,0,818000000.0,0,0.0,0.0,2304000000.0,3122000000.0,0.349,3122000000.0,2304000000.0,1670000000.0,3.7,3.44,3.7,7685000000,7702000000,7685000000,12543823573.0,5.0,4.018,1372000000.0,5.577,1.0,3629000000.0,0.405,3495000000,634000000.0,22233000000,22979000000,541000000,1312000000,32000000,1280000000,15434000000,3762000000,11672000000,6053823573.0,810000000.0,-143000000.0,-498000000.0,248000000.0,0.0,-343000000.0,-954000000.0,-48000000.0,2106000000.0,1000000.0,942000000.0,909000000.0,909000000.0,0.0,-1000000.0,0.102,1470000000.0,2159000000.0,697000000,0.0,0.788,6.66,6.381,11564000000,33000000.0,23.61,0.676,0.649,876000000,3332000000,8952000000.0,8952000000.0,48000000.0,0.036,0.118,0.1,0.257,26000000.0,550000000.0,1.0,256409300.0,246000000.0,271000000.0,36.39,19883000000,0,728000000.0,1980000000,80.825,2446000000
12,NRG,MRY,2008-12-31,2008-12-31,2008-12-31,2021-08-05,310000000,24808000000,24063500000,8492000000,16316000000,0.286,30.281,-899000000.0,1510000000,1510000000,3598000000.0,1225000000.0,1.29,2.451,8161000000,464000000,7697000000,8161000000,0,649000000.0,0,0.0,0.0,2521000000.0,3170000000.0,0.46,3170000000.0,2521000000.0,1938000000.0,4.98,4.43,4.98,7116000000,5847250000,7116000000,12102991689.0,5.0,3.818,580000000.0,2.468,1.0,3287000000.0,0.477,2533000000,583000000.0,22345000000,22637000000,455000000,1296000000,68000000,1228000000,17438000000,6581000000,10857000000,5436991689.0,362000000.0,171000000.0,-176000000.0,-214000000.0,0.0,-487000000.0,-672000000.0,-24000000.0,1479000000.0,-1000000.0,1225000000.0,1170000000.0,1170000000.0,-172000000.0,0.0,0.17,1014000000.0,2273000000.0,451000000,0.0,0.764,4.647,4.685,11545000000,55000000.0,23.33,0.79,0.796,464000000,2423000000,6885000000.0,6885000000.0,46000000.0,0.049,0.2,0.111,0.366,26000000.0,319000000.0,1.0,233047222.0,235000000.0,275000000.0,29.298,22275000000,0,713000000.0,1391000000,94.787,1911000000
13,NRG,MRY,2007-12-31,2007-12-31,2007-12-31,2021-08-05,-115000000,19274000000,19031250000,3562000000,15712000000,0.315,22.933,-481000000.0,1161000000,1161000000,3378000000.0,573000000.0,1.564,2.457,8361000000,466000000,7895000000,8361000000,0,661000000.0,0,0.0,0.0,1652000000.0,2313000000.0,0.386,2313000000.0,1652000000.0,950000000.0,2.16,1.96,2.16,5504000000,5446750000,5504000000,17858243513.0,11.0,7.721,1036000000.0,4.317,1.0,2611000000.0,0.436,2659000000,702000000.0,21538000000,22144750000,451000000,1330000000,30000000,1300000000,13523000000,2277000000,11246000000,10343243513.0,355000000.0,59000000.0,-346000000.0,-408000000.0,0.0,-814000000.0,-327000000.0,-47000000.0,1517000000.0,4000000.0,573000000.0,518000000.0,518000000.0,-17000000.0,0.0,0.086,1051000000.0,1560000000.0,384000000,0.0,1.879,19.968,20.065,11320000000,55000000.0,43.34,1.727,1.737,482000000,1270000000,5989000000.0,5989000000.0,101000000.0,0.027,0.095,0.075,0.276,19000000.0,309000000.0,1.0,238653519.0,240000000.0,288000000.0,24.954,16615000000,124000000,377000000.0,843000000,69.229,1285000000
14,NRG,MRY,2006-12-31,2006-12-31,2006-12-31,2021-08-05,282000000,19436000000,19526500000,3083000000,16353000000,0.286,21.93,-221000000.0,818000000,818000000,3265000000.0,621000000.0,1.517,2.391,8726000000,123000000,8603000000,8726000000,0,607000000.0,0,0.0,0.0,1533000000.0,2140000000.0,0.383,2140000000.0,1533000000.0,943000000.0,2.21,2.04,2.21,5658000000,5772500000,5658000000,13569069181.0,9.0,6.341,187000000.0,0.725,1.0,2320000000.0,0.415,2849000000,590000000.0,22463000000,21792500000,420000000,1202000000,27000000,1175000000,13531000000,2032000000,11499000000,7082069181.0,291000000.0,-4073000000.0,254000000.0,3858000000.0,0.0,4053000000.0,-4176000000.0,15000000.0,408000000.0,4000000.0,621000000.0,571000000.0,571000000.0,-78000000.0,0.0,0.102,902000000.0,1418000000.0,329000000,0.0,1.252,12.403,12.672,11546000000,50000000.0,28.005,1.268,1.294,369000000,739000000,5585000000.0,5585000000.0,36000000.0,0.029,0.099,0.07,0.274,14000000.0,276000000.0,1.0,252885884.0,258000000.0,301000000.0,21.647,16587000000,63000000,322000000.0,718000000,64.291,1051000000
15,NRG,MRY,2005-12-31,2005-12-31,2005-12-31,2021-08-05,-205000000,7466000000,7459082250,2196000000,5270000000,0.322,13.201,-106000000.0,542000000,542000000,1829000000.0,84000000.0,1.618,2.236,2505000000,95000000,2410000000,2505000000,0,195000000.0,0,0.0,0.0,303000000.0,498000000.0,0.207,498000000.0,303000000.0,126000000.0,0.38,0.38,0.38,2231000000,2365227250,2231000000,6249194450.0,21.0,12.549,-38000000.0,-0.225,1.0,571000000.0,0.238,257000000,177000000.0,7815000000,8272256000,240000000,1330000000,24000000,1306000000,4988000000,1357000000,3631000000,3802640450.0,-569000000.0,31000000.0,-250000000.0,-756000000.0,0.0,-830000000.0,158000000.0,109000000.0,68000000.0,-2000000.0,84000000.0,64000000.0,64000000.0,-16000000.0,0.0,0.027,346000000.0,225000000.0,241000000,0.0,1.704,59.416,62.0,2609000000,20000000.0,23.56,1.584,1.659,352000000,261000000,2400000000.0,2400000000.0,0.0,0.009,0.027,0.037,0.126,12000000.0,176000000.0,1.0,161402396.0,169000000.0,171000000.0,14.201,7209000000,69000000,42000000.0,128000000,42.657,839000000
16,NRG,MRY,2004-12-31,2004-12-31,2004-12-31,2021-08-05,76000000,7864000000,8436019250,2119000000,5745000000,0.249,13.46,-119000000.0,1214000000,1214000000,1290000000.0,186000000.0,1.949,1.921,3484000000,511000000,2973000000,3484000000,0,215000000.0,0,0.0,0.0,515000000.0,730000000.0,0.347,730000000.0,515000000.0,260000000.0,0.93,0.925,0.93,2692000000,2567771000,2692000000,5987924311.0,12.0,8.203,526000000.0,2.63,1.0,814000000.0,0.387,294000000,255000000.0,8753000000,9930966750,247000000,1525000000,0,1525000000,5171000000,1087000000,4084000000,3605290311.0,534000000.0,253000000.0,-405000000.0,-259000000.0,0.0,-284000000.0,184000000.0,22000000.0,645000000.0,3000000.0,186000000.0,186000000.0,186000000.0,-31000000.0,0.0,0.088,424000000.0,390000000.0,214000000,0.0,1.339,19.383,19.382,3158000000,0.0,18.025,1.714,1.713,479000000,197000000,2104000000.0,2104000000.0,0.0,0.022,0.072,0.052,0.245,14000000.0,197000000.0,1.0,200016106.0,200000000.0,200000000.0,10.52,7570000000,71000000,74000000.0,169000000,37.85,1032000000
0,NRG,MRQ,2021-06-30,2021-06-30,2021-06-30,2021-08-05,-182000000,21619000000,,8624000000,12995000000,,10.384,-80000000.0,376000000,376000000,2957000000.0,1078000000.0,1.244,7.498,12936000000,3007000000,9929000000,12936000000,0,53000000.0,0,0.031,0.325,1583000000.0,1636000000.0,0.312,1636000000.0,1583000000.0,1458000000.0,4.4,4.4,4.4,2544000000,,2544000000,21679584709.0,11.0,8.535,1214000000.0,4.955,1.0,2286000000.0,0.436,4714000000,125000000.0,22534000000,,365000000,6820000000,3975000000,2845000000,19075000000,6931000000,12144000000,9863584709.0,335000000.0,-33000000.0,0.0,-753000000.0,-79000000.0,-831000000.0,-128000000.0,-16000000.0,1294000000.0,0.0,1078000000.0,1078000000.0,1078000000.0,0.0,0.0,0.206,729000000.0,1557000000.0,2166000000,0.074,3.877,9.201,9.18,2323000000,0.0,40.3,0.543,0.543,2822000000,-567000000,5243000000.0,5243000000.0,0.0,,,,,6000000.0,308000000.0,1.0,244753963.0,245000000.0,245000000.0,21.4,16905000000,2499000000,380000000.0,64000000,69.0,1693000000
1,NRG,MRQ,2021-03-31,2021-03-31,2021-03-31,2021-08-05,-203000000,19241000000,,6552000000,12689000000,,6.192,-63000000.0,519000000,519000000,6864000000.0,-82000000.0,1.131,11.684,12335000000,2516000000,9819000000,12335000000,0,317000000.0,0,0.032,0.325,-40000000.0,277000000.0,0.034,277000000.0,-40000000.0,-167000000.0,-0.33,-0.33,-0.33,1517000000,,1517000000,15244074731.0,17.0,10.003,-980000000.0,-4.0,1.0,1227000000.0,0.152,4626000000,127000000.0,20636000000,,316000000,3895000000,1816000000,2079000000,17724000000,5795000000,11929000000,9232074731.0,-3356000000.0,-3290000000.0,-8000000.0,822000000.0,-80000000.0,924000000.0,-3364000000.0,-11000000.0,-917000000.0,1000000.0,-82000000.0,-82000000.0,-82000000.0,0.0,0.0,-0.01,1283000000.0,-56000000.0,2216000000,-0.985,6.086,30.072,29.709,2640000000,0.0,37.73,0.609,0.61,3037000000,-1565000000,8091000000.0,8091000000.0,0.0,,,,,4000000.0,330000000.0,1.0,244687907.0,245000000.0,245000000.0,33.024,14615000000,2719000000,-85000000.0,30000000,59.653,757000000
2,NRG,MRQ,2020-12-31,2020-12-31,2020-12-31,2021-08-05,-206000000,14902000000,,6028000000,8874000000,,6.942,-63000000.0,3911000000,3911000000,1615000000.0,-173000000.0,3.148,7.87,9923000000,569000000,9354000000,9923000000,0,117000000.0,0,0.032,0.3,-29000000.0,88000000.0,0.043,88000000.0,-29000000.0,-138000000.0,-0.7,-0.7,-0.7,1680000000,,1680000000,15441492317.0,13.0,9.669,388000000.0,1.603,1.0,412000000.0,0.203,1247000000,109000000.0,17752000000,,327000000,2057000000,560000000,1497000000,13222000000,1915000000,11307000000,9170492317.0,3212000000.0,59000000.0,0.0,2846000000.0,-74000000.0,2771000000.0,-10000000.0,-11000000.0,451000000.0,0.0,-173000000.0,-173000000.0,-173000000.0,0.0,0.0,-0.085,428000000.0,-16000000.0,649000000,-0.429,5.459,17.981,18.053,2848000000,0.0,37.55,1.009,1.012,904000000,-1403000000,2027000000.0,2027000000.0,2000000.0,,,,,5000000.0,263000000.0,1.0,244220834.0,242000000.0,243000000.0,8.376,13655000000,3066000000,35000000.0,19000000,56.426,4113000000
3,NRG,MRQ,2020-09-30,2020-09-30,2020-09-30,2021-08-05,-190000000,12225000000,,3087000000,9138000000,,7.926,-51000000.0,703000000,703000000,2034000000.0,249000000.0,1.554,5.321,6974000000,567000000,6407000000,6974000000,0,99000000.0,0,0.03,0.3,440000000.0,539000000.0,0.192,539000000.0,440000000.0,341000000.0,1.02,1.02,1.02,1934000000,,1934000000,14449797448.0,11.0,8.224,643000000.0,2.635,1.0,775000000.0,0.276,1300000000,99000000.0,15210000000,,330000000,2097000000,578000000,1519000000,10291000000,1986000000,8305000000,7504797448.0,256000000.0,-268000000.0,0.0,-24000000.0,-73000000.0,-98000000.0,-339000000.0,-5000000.0,694000000.0,-1000000.0,249000000.0,249000000.0,249000000.0,0.0,0.0,0.089,382000000.0,393000000.0,753000000,0.294,3.88,1.846,1.951,2918000000,0.0,30.74,0.81,0.81,1126000000,-1157000000,2809000000.0,2809000000.0,1000000.0,,,,,5000000.0,253000000.0,1.0,244137848.0,244000000.0,245000000.0,11.512,10925000000,3087000000,92000000.0,17000000,44.775,1101000000
4,NRG,MRQ,2020-06-30,2020-06-30,2020-06-30,2021-08-05,-194000000,12337000000,,3076000000,9261000000,,7.143,-50000000.0,426000000,426000000,1434000000.0,313000000.0,1.426,6.05,7371000000,804000000,6567000000,7371000000,0,110000000.0,0,0.02,0.3,510000000.0,620000000.0,0.277,620000000.0,510000000.0,414000000.0,1.28,1.27,1.28,1750000000,,1750000000,15373474674.0,11.0,8.608,434000000.0,1.771,1.0,804000000.0,0.359,1312000000,96000000.0,15813000000,,388000000,2396000000,791000000,1605000000,10587000000,2157000000,8430000000,7947474674.0,-356000000.0,5000000.0,-49000000.0,-637000000.0,-74000000.0,-762000000.0,-77000000.0,-28000000.0,484000000.0,-1000000.0,313000000.0,313000000.0,313000000.0,0.0,0.0,0.14,320000000.0,484000000.0,736000000,0.234,4.541,1.897,2.01,2962000000,0.0,32.56,0.841,0.844,1015000000,-1331000000,2238000000.0,2238000000.0,0.0,,,,,7000000.0,186000000.0,1.0,244087060.0,245000000.0,246000000.0,9.135,11025000000,3170000000,101000000.0,17000000,45.0,919000000
5,NRG,MRQ,2020-03-31,2020-03-31,2020-03-31,2021-08-05,-207000000,12822000000,,3479000000,9343000000,,6.194,-66000000.0,767000000,767000000,1457000000.0,121000000.0,1.22,7.348,8193000000,1543000000,6650000000,8193000000,0,109000000.0,0,0.014,0.3,242000000.0,351000000.0,0.174,351000000.0,242000000.0,144000000.0,0.49,0.49,0.49,1536000000,,1536000000,13948122923.0,12.0,8.964,142000000.0,0.573,1.0,562000000.0,0.278,1348000000,98000000.0,16048000000,,372000000,2370000000,884000000,1486000000,11286000000,2852000000,8434000000,6751122923.0,433000000.0,7000000.0,-179000000.0,551000000.0,-74000000.0,293000000.0,-68000000.0,-9000000.0,208000000.0,0.0,121000000.0,121000000.0,121000000.0,0.0,0.0,0.06,318000000.0,244000000.0,708000000,0.612,4.395,1.656,1.739,3019000000,0.0,27.26,0.698,0.699,915000000,-1570000000,2019000000.0,2019000000.0,0.0,,,,,5000000.0,190000000.0,1.0,247656747.0,248000000.0,249000000.0,8.141,11474000000,3265000000,23000000.0,15000000,46.266,627000000
6,NRG,MRQ,2019-12-31,2019-12-31,2019-12-31,2021-08-05,-192000000,12531000000,,3088000000,9443000000,,6.632,-45000000.0,353000000,353000000,1654000000.0,3385000000.0,1.309,6.546,7550000000,942000000,6608000000,7550000000,0,112000000.0,0,0.003,0.03,135000000.0,247000000.0,0.113,247000000.0,135000000.0,40000000.0,12.97,12.87,12.97,1658000000,,1658000000,17458873028.0,12.0,9.237,471000000.0,1.884,1.0,541000000.0,0.246,1368000000,95000000.0,16001000000,,383000000,2352000000,860000000,1492000000,10853000000,2359000000,8494000000,10000873028.0,108000000.0,-3000000.0,-118000000.0,-219000000.0,-8000000.0,-350000000.0,-58000000.0,-13000000.0,516000000.0,0.0,3383000000.0,3383000000.0,3383000000.0,78000000.0,2000000.0,1.541,332000000.0,209000000.0,722000000,0.002,6.032,2.253,2.347,3057000000,0.0,39.75,1.018,1.06,1025000000,-1616000000,2195000000.0,2195000000.0,2000000.0,,,,,5000000.0,212000000.0,1.0,251594290.0,250000000.0,252000000.0,8.78,11163000000,3286000000,-3343000000.0,17000000,44.652,729000000
7,NRG,MRQ,2019-09-30,2019-09-30,2019-09-30,2021-08-05,-158000000,9527000000,,3187000000,6340000000,,-6.185,-76000000.0,247000000,247000000,2153000000.0,372000000.0,1.243,-7.052,7705000000,1043000000,6662000000,7705000000,0,91000000.0,0,0.003,0.03,477000000.0,568000000.0,0.19,568000000.0,477000000.0,378000000.0,1.46,1.45,1.46,-1571000000,,-1571000000,17333320404.0,12.0,9.64,396000000.0,1.559,1.0,843000000.0,0.281,1419000000,99000000.0,13002000000,,364000000,2254000000,735000000,1519000000,11079000000,2564000000,8515000000,10018320404.0,-59000000.0,-423000000.0,-246000000.0,212000000.0,-8000000.0,-42000000.0,-489000000.0,-4000000.0,472000000.0,0.0,372000000.0,372000000.0,372000000.0,2000000.0,0.0,0.124,303000000.0,540000000.0,866000000,0.021,-6.377,9.605,10.102,3097000000,0.0,39.6,1.042,1.046,1376000000,-4991000000,2996000000.0,2996000000.0,1000000.0,,,,,5000000.0,210000000.0,1.0,252987889.0,254000000.0,256000000.0,11.795,8108000000,53000000,6000000.0,70000000,31.921,623000000
8,NRG,MRQ,2019-06-30,2019-06-30,2019-06-30,2021-08-05,-99000000,9171000000,,3045000000,6126000000,,-6.219,-58000000.0,305000000,305000000,1845000000.0,202000000.0,1.327,-6.553,7620000000,939000000,6681000000,7620000000,0,85000000.0,0,0.003,0.03,305000000.0,390000000.0,0.158,390000000.0,305000000.0,200000000.0,0.76,0.75,0.76,-1648000000,,-1648000000,16440423299.0,15.0,11.743,458000000.0,1.728,1.0,620000000.0,0.252,1134000000,105000000.0,13058000000,,370000000,2407000000,850000000,1557000000,10800000000,2294000000,8506000000,9382423299.0,-549000000.0,-27000000.0,-292000000.0,-672000000.0,-8000000.0,-972000000.0,-93000000.0,-9000000.0,516000000.0,0.0,201000000.0,201000000.0,201000000.0,-13000000.0,1000000.0,0.082,300000000.0,320000000.0,723000000,0.039,-5.693,15.663,15.82,3109000000,0.0,35.12,0.979,0.971,1049000000,-5355000000,2465000000.0,2465000000.0,2000000.0,,,,,6000000.0,211000000.0,1.0,267153283.0,265000000.0,267000000.0,9.302,8037000000,55000000,-1000000.0,71000000,30.328,751000000
9,NRG,MRQ,2019-03-31,2019-03-31,2019-03-31,2021-08-05,-96000000,9530000000,,3458000000,6072000000,,-5.532,-49000000.0,874000000,874000000,1651000000.0,482000000.0,1.778,-7.185,7932000000,687000000,7245000000,7932000000,0,85000000.0,0,0.003,0.03,600000000.0,685000000.0,0.316,685000000.0,600000000.0,486000000.0,1.73,1.72,1.73,-1538000000,,-1538000000,18854775924.0,20.0,14.166,-140000000.0,-0.504,1.0,514000000.0,0.237,1153000000,114000000.0,13490000000,,391000000,2063000000,611000000,1452000000,11050000000,1945000000,9105000000,11936775924.0,272000000.0,1257000000.0,-781000000.0,-37000000.0,-8000000.0,-784000000.0,1196000000.0,-9000000.0,-91000000.0,0.0,482000000.0,482000000.0,482000000.0,-388000000.0,0.0,0.223,293000000.0,221000000.0,697000000,0.017,-7.761,25.397,25.136,3167000000,0.0,42.48,1.246,1.233,898000000,-5548000000,2165000000.0,2165000000.0,2000000.0,,,,,4000000.0,194000000.0,1.0,280997550.0,278000000.0,280000000.0,7.788,8377000000,45000000,4000000.0,62000000,30.133,1513000000
10,NRG,MRQ,2018-12-31,2018-12-31,2018-12-31,2021-08-05,-94000000,10628000000,,3600000000,7028000000,,-4.27,-45000000.0,580000000,580000000,1596000000.0,-13000000.0,1.501,-9.597,7498000000,745000000,6753000000,7498000000,0,57000000.0,0,0.003,0.03,98000000.0,155000000.0,0.078,155000000.0,98000000.0,-24000000.0,-0.03,-0.02,-0.03,-1234000000,,-1234000000,18252228950.0,24.0,15.481,265000000.0,0.917,1.0,396000000.0,0.199,1164000000,122000000.0,13984000000,,412000000,2156000000,764000000,1392000000,11843000000,2398000000,9445000000,11481228950.0,-737000000.0,-62000000.0,-244000000.0,-691000000.0,-9000000.0,-875000000.0,-146000000.0,-8000000.0,310000000.0,0.0,-12000000.0,-12000000.0,-12000000.0,-80000000.0,-1000000.0,-0.006,347000000.0,49000000.0,863000000,-1.0,-9.304,42.84,45.0,3048000000,0.0,39.6,1.211,1.27,1024000000,-6022000000,1992000000.0,1992000000.0,2000000.0,,,,,4000000.0,212000000.0,1.0,289930024.0,289000000.0,293000000.0,6.893,9464000000,46000000,-12000000.0,65000000,32.747,1202000000
11,NRG,MRQ,2018-09-30,2018-09-30,2018-09-30,2021-08-05,-58000000,11450000000,,4285000000,7165000000,,-3.13,-61000000.0,1387000000,1387000000,2238000000.0,-49000000.0,1.574,-13.213,8158000000,1143000000,7015000000,8158000000,0,112000000.0,0,0.003,0.03,58000000.0,170000000.0,0.057,170000000.0,58000000.0,-64000000.0,-0.24,-0.24,-0.24,-936000000,,-936000000,26849256007.0,-34.0,-82.108,493000000.0,1.649,1.0,722000000.0,0.244,1141000000,122000000.0,14357000000,,408000000,2256000000,683000000,1573000000,12367000000,2723000000,9644000000,11348256007.0,473000000.0,1272000000.0,-496000000.0,-621000000.0,-9000000.0,-1101000000.0,1103000000.0,-8000000.0,554000000.0,1000000.0,-72000000.0,-72000000.0,-72000000.0,336000000.0,23000000.0,-0.024,324000000.0,398000000.0,838000000,-0.125,-12.124,-9.042,-9.421,3599000000,0.0,37.4,1.218,1.201,1316000000,-6001000000,2960000000.0,2960000000.0,1000000.0,,,,,6000000.0,211000000.0,1.0,303429305.0,299000000.0,299000000.0,9.9,10309000000,11000000,8000000.0,18000000,34.478,1562000000
12,NRG,MRQ,2018-06-30,2018-06-30,2018-06-30,2021-08-05,-60000000,22947000000,,4753000000,18194000000,,-1.181,-127000000.0,1266000000,1266000000,1889000000.0,96000000.0,1.298,-56.85,16767000000,1661000000,15106000000,16767000000,0,121000000.0,0,0.013,0.03,200000000.0,321000000.0,0.13,321000000.0,200000000.0,77000000.0,0.23,0.23,0.23,-366000000,,-366000000,25912006248.0,-48.0,-121.653,36000000.0,0.116,1.0,572000000.0,0.232,2399000000,123000000.0,32386000000,,485000000,3041000000,851000000,2190000000,20807000000,3663000000,17144000000,9667006248.0,-139000000.0,-270000000.0,-403000000.0,668000000.0,-9000000.0,464000000.0,-702000000.0,-9000000.0,163000000.0,0.0,72000000.0,72000000.0,72000000.0,-69000000.0,24000000.0,0.029,398000000.0,174000000.0,1004000000,0.13,-26.413,-9.552,-9.624,12774000000,0.0,30.7,1.063,1.047,1428000000,-5920000000,2461000000.0,2461000000.0,3000000.0,,,,,9000000.0,200000000.0,1.0,314886197.0,310000000.0,314000000.0,7.939,20548000000,126000000,5000000.0,17000000,66.284,1090000000
13,NRG,MRQ,2018-03-31,2018-03-31,2018-03-31,2021-08-05,-61000000,23752000000,,4557000000,19195000000,,-0.421,-155000000.0,1171000000,1171000000,1385000000.0,233000000.0,1.229,-159.806,17416000000,1746000000,15670000000,17416000000,0,131000000.0,0,0.013,0.03,401000000.0,532000000.0,0.258,532000000.0,401000000.0,285000000.0,0.88,0.87,0.88,-134000000,,-134000000,25354485606.0,-23.0,-39.067,195000000.0,0.613,1.0,680000000.0,0.329,2265000000,116000000.0,34024000000,,528000000,3060000000,1015000000,2045000000,21414000000,3708000000,17706000000,9697485606.0,-70000000.0,14000000.0,-86000000.0,-41000000.0,-10000000.0,-14000000.0,-460000000.0,-34000000.0,350000000.0,0.0,279000000.0,279000000.0,279000000.0,5000000.0,-46000000.0,0.135,319000000.0,361000000.0,819000000,0.034,-72.369,-5.671,-5.654,13911000000,0.0,30.53,1.039,1.04,976000000,-5982000000,2065000000.0,2065000000.0,5000000.0,,,,,6000000.0,176000000.0,1.0,317637917.0,318000000.0,322000000.0,6.494,21487000000,136000000,6000000.0,20000000,67.569,849000000
14,NRG,MRQ,2017-12-31,2017-12-31,2017-12-31,2021-08-05,-72000000,23355000000,,4437000000,18918000000,,-1.091,-82000000.0,1049000000,1049000000,1297000000.0,-1655000000.0,1.323,-61.587,10064000000,741000000,9323000000,10064000000,0,106000000.0,0,0.014,0.03,-1456000000.0,-1350000000.0,-0.739,-1350000000.0,-1456000000.0,-1581000000.0,-4.84,-4.84,-4.84,-346000000,,-346000000,24991958436.0,-15.0,-23.939,792000000.0,2.498,1.0,531000000.0,0.29,1046000000,125000000.0,27970000000,,453000000,1657000000,624000000,1033000000,21309000000,3354000000,17955000000,9017958436.0,-285000000.0,188000000.0,-2000000.0,-692000000.0,-10000000.0,-924000000.0,-217000000.0,9000000.0,874000000.0,9000000.0,-1534000000.0,-1534000000.0,-1534000000.0,194000000.0,-121000000.0,-0.839,1800000000.0,-1269000000.0,741000000,-0.006,-26.063,-4.189,-4.194,5974000000,0.0,28.48,0.994,0.995,1080000000,-6268000000,1828000000.0,1828000000.0,4000000.0,,,,,8000000.0,202000000.0,1.0,316641799.0,317000000.0,317000000.0,5.767,22309000000,6000000,-47000000.0,21000000,70.375,1083000000
15,NRG,MRQ,2017-09-30,2017-09-30,2017-09-30,2021-08-05,-91000000,25470000000,,4760000000,20710000000,,3.732,370000000.0,1760000000,1760000000,2072000000.0,163000000.0,1.285,18.339,17734000000,1769000000,15965000000,17734000000,0,-27000000.0,0,0.015,0.3,311000000.0,284000000.0,0.104,284000000.0,311000000.0,172000000.0,0.54,0.53,0.54,1183000000,,1183000000,24765229108.0,-21.0,-33.376,1032000000.0,3.256,1.0,668000000.0,0.244,2500000000,139000000.0,35239000000,,630000000,2494000000,475000000,2019000000,21695000000,3705000000,17990000000,8098229108.0,657000000.0,332000000.0,0.0,-454000000.0,-9000000.0,-232000000.0,123000000.0,-26000000.0,662000000.0,-2000000.0,171000000.0,171000000.0,171000000.0,22000000.0,-8000000.0,0.062,371000000.0,297000000.0,911000000,0.556,6.846,-5.046,-5.028,15332000000,0.0,25.59,0.963,0.965,1274000000,-4713000000,2740000000.0,2740000000.0,6000000.0,,,,,11000000.0,190000000.0,1.0,316460692.0,317000000.0,322000000.0,8.644,22970000000,205000000,1000000.0,21000000,72.461,1055000000
16,NRG,MRQ,2017-06-30,2017-06-30,2017-06-30,2021-08-05,-100000000,25205000000,,4469000000,20736000000,,3.231,-306000000.0,1221000000,1221000000,1841000000.0,-642000000.0,1.27,21.225,17888000000,1753000000,16135000000,17888000000,0,260000000.0,0,0.007,0.03,-375000000.0,-115000000.0,-0.043,-115000000.0,-375000000.0,-622000000.0,-1.98,-1.98,-1.98,1021000000,,1021000000,23954935846.0,-29.0,-392.704,-165000000.0,-0.522,1.0,860000000.0,0.318,2555000000,247000000.0,35797000000,,713000000,2643000000,644000000,1999000000,21671000000,3520000000,18151000000,5442935846.0,213000000.0,-10000000.0,0.0,378000000.0,-10000000.0,171000000.0,-264000000.0,38000000.0,141000000.0,-1000000.0,-626000000.0,-626000000.0,-626000000.0,741000000.0,-16000000.0,-0.232,560000000.0,300000000.0,774000000,-0.015,5.331,-3.961,-3.95,15302000000,0.0,17.22,0.599,0.599,1162000000,-4874000000,2701000000.0,2701000000.0,18000000.0,,,,,8000000.0,221000000.0,1.0,316082221.0,316000000.0,316000000.0,8.547,22650000000,211000000,4000000.0,20000000,71.677,949000000
17,NRG,MRQ,2017-03-31,2017-03-31,2017-03-31,2021-08-05,-124000000,29420000000,,5440000000,23980000000,,5.142,-236000000.0,1910000000,1910000000,1862000000.0,-203000000.0,1.296,15.608,20422000000,2435000000,17987000000,20422000000,0,257000000.0,0,0.006,0.03,58000000.0,315000000.0,0.132,315000000.0,58000000.0,-167000000.0,-0.52,-0.52,-0.52,1625000000,,1625000000,24093689770.0,-53.0,92.668,-303000000.0,-0.959,1.0,520000000.0,0.218,2619000000,225000000.0,41116000000,,1140000000,2696000000,682000000,2014000000,25363000000,4197000000,21166000000,5908689770.0,-359000000.0,-1000000.0,0.0,2000000.0,-9000000.0,-153000000.0,-281000000.0,-32000000.0,-67000000.0,-7000000.0,-163000000.0,-163000000.0,-163000000.0,34000000.0,-40000000.0,-0.068,532000000.0,-12000000.0,872000000,-0.058,3.636,-6.279,-6.254,17942000000,0.0,18.7,0.684,0.684,974000000,-4238000000,2382000000.0,2382000000.0,17000000.0,,,,,8000000.0,260000000.0,1.0,315972715.0,316000000.0,316000000.0,7.538,26801000000,223000000,-4000000.0,20000000,84.813,1243000000
18,NRG,MRQ,2016-12-31,2016-12-31,2016-12-31,2021-08-05,-135000000,30682000000,,6714000000,23968000000,,6.398,115000000.0,1384000000,1384000000,965000000.0,-1055000000.0,1.428,12.832,17849000000,1608000000,16241000000,17849000000,0,-54000000.0,0,0.019,0.03,-1172000000.0,-1226000000.0,-2.089,-1226000000.0,-1172000000.0,-1037000000.0,-3.13,-3.13,-3.13,2041000000,,2041000000,21635331143.0,-130.0,35.702,282000000.0,0.884,1.0,-378000000.0,-0.644,2635000000,-135000000.0,39810000000,,721000000,2994000000,1067000000,1927000000,26190000000,4702000000,21488000000,3867331143.0,-563000000.0,106000000.0,0.0,-632000000.0,-10000000.0,-181000000.0,-502000000.0,-19000000.0,167000000.0,7000000.0,-987000000.0,-987000000.0,-987000000.0,191000000.0,-68000000.0,-1.681,563000000.0,-941000000.0,813000000,-0.01,1.895,-5.517,-5.523,15369000000,0.0,12.26,0.434,0.435,1058000000,-3787000000,587000000.0,587000000.0,-17000000.0,,,,,-13000000.0,231000000.0,1.0,315442997.0,319000000.0,316000000.0,1.84,28047000000,225000000,-50000000.0,20000000,87.922,2012000000
19,NRG,MRQ,2016-09-30,2016-09-30,2016-09-30,2021-08-05,-142000000,31491000000,,7014000000,24477000000,,9.627,-217000000.0,2915000000,2915000000,2440000000.0,393000000.0,1.631,8.54,20683000000,2190000000,18493000000,20683000000,0,298000000.0,0,0.031,0.03,667000000.0,965000000.0,0.282,965000000.0,667000000.0,430000000.0,1.27,1.27,1.27,3042000000,,3042000000,22752290560.0,-6.0,-8.14,713000000.0,2.256,1.0,981000000.0,0.287,3105000000,237000000.0,41853000000,,1017000000,2746000000,964000000,1782000000,25979000000,4301000000,21678000000,3534290560.0,541000000.0,34000000.0,1000000.0,33000000.0,-9000000.0,-57000000.0,215000000.0,-6000000.0,930000000.0,-3000000.0,402000000.0,402000000.0,402000000.0,-265000000.0,-9000000.0,0.118,601000000.0,380000000.0,945000000,0.024,1.162,-0.586,-0.612,18203000000,0.0,11.21,0.37,0.37,1396000000,-2791000000,3421000000.0,3421000000.0,21000000.0,,,,,7000000.0,277000000.0,1.0,315280157.0,316000000.0,317000000.0,10.826,28386000000,189000000,28000000.0,47000000,89.829,2713000000
20,NRG,MRQ,2016-06-30,2016-06-30,2016-06-30,2021-08-05,-203000000,31422000000,,6364000000,25058000000,,8.006,-163000000.0,1802000000,1802000000,1443000000.0,-276000000.0,1.41,10.42,21020000000,2588000000,18432000000,21020000000,0,215000000.0,0,0.031,0.03,-9000000.0,206000000.0,0.092,206000000.0,-9000000.0,-246000000.0,-0.61,-0.61,-0.61,2522000000,,2522000000,24390471535.0,-6.0,-8.201,94000000.0,0.298,1.0,805000000.0,0.358,3179000000,237000000.0,42947000000,,1124000000,3324000000,1470000000,1854000000,26278000000,4514000000,21764000000,4720471535.0,-301000000.0,-101000000.0,0.0,-62000000.0,-9000000.0,-266000000.0,-327000000.0,-8000000.0,257000000.0,3000000.0,-271000000.0,-193000000.0,-193000000.0,113000000.0,-5000000.0,-0.086,690000000.0,115000000.0,898000000,-0.049,1.872,-0.741,-0.773,18382000000,-78000000.0,14.99,0.446,0.446,1287000000,-3179000000,2248000000.0,2248000000.0,18000000.0,,,,,8000000.0,266000000.0,1.0,314908041.0,315000000.0,315000000.0,7.137,28243000000,175000000,25000000.0,42000000,89.66,1850000000
21,NRG,MRQ,2016-03-31,2016-03-31,2016-03-31,2021-08-05,-195000000,32680000000,,7346000000,25334000000,,8.651,-279000000.0,2046000000,2046000000,2194000000.0,47000000.0,1.693,9.898,21716000000,2412000000,19304000000,21716000000,0,313000000.0,0,0.045,0.145,387000000.0,700000000.0,0.217,700000000.0,387000000.0,103000000.0,0.24,0.24,0.24,2725000000,,2725000000,23842727317.0,-6.0,-9.343,275000000.0,0.873,1.0,1035000000.0,0.321,3255000000,284000000.0,44757000000,,1161000000,4093000000,2113000000,1980000000,26972000000,4338000000,22634000000,4096727317.0,141000000.0,110000000.0,0.0,-255000000.0,-48000000.0,-264000000.0,-143000000.0,-8000000.0,554000000.0,-6000000.0,82000000.0,77000000.0,77000000.0,0.0,-35000000.0,0.024,559000000.0,476000000.0,845000000,0.604,1.503,-0.661,-0.69,18763000000,5000000.0,13.01,0.349,0.349,1053000000,-2977000000,3229000000.0,3229000000.0,26000000.0,,,,,8000000.0,252000000.0,1.0,314890647.0,315000000.0,315000000.0,10.251,29425000000,185000000,21000000.0,37000000,93.413,3008000000
22,NRG,MRQ,2015-12-31,2015-12-31,2015-12-31,2021-08-05,-173000000,32882000000,,7391000000,25491000000,,8.621,-140000000.0,1932000000,1932000000,449000000.0,-6358000000.0,1.689,10.017,21678000000,2202000000,19476000000,21678000000,0,178000000.0,0,0.049,0.145,-4844000000.0,-4666000000.0,-7.017,-4666000000.0,-4844000000.0,-4926000000.0,-19.21,-19.21,-19.21,2707000000,,2707000000,23025855381.0,-6.0,-8.376,-183000000.0,-0.583,1.0,216000000.0,0.325,3309000000,82000000.0,44944000000,,1252000000,3879000000,1915000000,1964000000,27117000000,4375000000,22742000000,3697855381.0,-498000000.0,-12000000.0,-84000000.0,-69000000.0,-49000000.0,-406000000.0,-296000000.0,11000000.0,-43000000.0,-5000000.0,-6314000000.0,-6319000000.0,-6319000000.0,105000000.0,-44000000.0,-9.502,5147000000.0,-4931000000.0,869000000,-0.008,1.366,-0.578,-0.605,18732000000,5000000.0,11.77,0.3,0.314,1157000000,-3007000000,665000000.0,665000000.0,45000000.0,,,,,2000000.0,350000000.0,1.0,314176328.0,314000000.0,314000000.0,2.118,29573000000,167000000,1388000000.0,19000000,94.182,3016000000
23,NRG,MRQ,2015-09-30,2015-09-30,2015-09-30,2021-08-05,-188000000,39988000000,,8073000000,31915000000,,27.873,-306000000.0,2762000000,2762000000,3042000000.0,67000000.0,1.862,3.015,22090000000,1873000000,20217000000,22090000000,0,382000000.0,0,0.039,0.145,404000000.0,786000000.0,0.177,786000000.0,404000000.0,113000000.0,0.18,0.18,0.18,9226000000,,9226000000,24788231368.0,20.0,8.716,628000000.0,1.897,1.0,1392000000.0,0.314,4874000000,291000000.0,50106000000,,1149000000,3783000000,1580000000,2203000000,27821000000,4336000000,23485000000,4910231368.0,119000000.0,-5000000.0,-167000000.0,-244000000.0,-50000000.0,-455000000.0,-372000000.0,-2000000.0,934000000.0,12000000.0,66000000.0,61000000.0,61000000.0,0.0,1000000.0,0.014,1013000000.0,379000000.0,1173000000,0.806,0.532,-377.71,-371.25,21985000000,5000000.0,14.85,0.31,0.31,1518000000,3358000000,4434000000.0,4434000000.0,38000000.0,,,,,13000000.0,327000000.0,1.0,330655311.0,331000000.0,332000000.0,13.396,35114000000,1596000000,47000000.0,20000000,106.085,3737000000
24,NRG,MRQ,2015-06-30,2015-06-30,2015-06-30,2021-08-05,-170000000,40365000000,,8010000000,32355000000,,28.165,-331000000.0,2579000000,2579000000,2436000000.0,-9000000.0,1.792,2.987,22457000000,2274000000,20183000000,22457000000,0,396000000.0,0,0.025,0.145,232000000.0,628000000.0,0.185,628000000.0,232000000.0,-31000000.0,-0.06,-0.06,-0.06,9379000000,,9379000000,28072355510.0,20.0,9.452,-133000000.0,-0.399,1.0,964000000.0,0.284,4983000000,263000000.0,50791000000,,1153000000,4014000000,1805000000,2209000000,28019000000,4469000000,23550000000,7630355510.0,-18000000.0,-337000000.0,-107000000.0,-199000000.0,-51000000.0,389000000.0,-590000000.0,3000000.0,198000000.0,-15000000.0,-14000000.0,-19000000.0,-19000000.0,0.0,5000000.0,-0.006,732000000.0,232000000.0,1080000000,-2.417,0.814,82.939,84.741,22304000000,5000000.0,22.88,0.477,0.476,1432000000,3346000000,3400000000.0,3400000000.0,37000000.0,,,,,13000000.0,296000000.0,1.0,333494559.0,333000000.0,333000000.0,10.21,35382000000,1647000000,-17000000.0,18000000,106.252,3541000000
25,NRG,MRQ,2015-03-31,2015-03-31,2015-03-31,2021-08-05,-191000000,40330000000,,8122000000,32208000000,,28.36,-252000000.0,2607000000,2607000000,3063000000.0,-136000000.0,1.801,3.006,23049000000,2349000000,20700000000,23049000000,0,395000000.0,0,0.022,0.145,108000000.0,503000000.0,0.131,503000000.0,108000000.0,-193000000.0,-0.37,-0.37,-0.37,9529000000,,9529000000,28799543373.0,24.0,10.363,8000000.0,0.024,1.0,766000000.0,0.2,5011000000,301000000.0,51252000000,,1109000000,4045000000,2029000000,2016000000,28641000000,4509000000,24132000000,8506543373.0,48000000.0,-45000000.0,-78000000.0,154000000.0,-51000000.0,40000000.0,-270000000.0,8000000.0,260000000.0,18000000.0,-120000000.0,-125000000.0,-125000000.0,0.0,-16000000.0,-0.033,690000000.0,76000000.0,1045000000,-0.392,0.893,773.322,839.667,22276000000,5000000.0,25.19,0.525,0.522,1247000000,3413000000,3829000000.0,3829000000.0,34000000.0,,,,,11000000.0,265000000.0,1.0,337695251.0,336000000.0,336000000.0,11.396,35319000000,1672000000,-73000000.0,20000000,105.116,3613000000
26,NRG,MRQ,2014-12-31,2014-12-31,2014-12-31,2021-08-05,-174000000,40466000000,,8408000000,32058000000,,28.967,-234000000.0,2573000000,2573000000,2965000000.0,97000000.0,1.73,2.917,22667000000,2528000000,20139000000,22667000000,0,427000000.0,0,0.02,0.14,500000000.0,927000000.0,0.221,927000000.0,500000000.0,190000000.0,0.21,0.21,0.21,9762000000,,9762000000,29284027659.0,23.0,10.538,162000000.0,0.481,1.0,1227000000.0,0.293,5141000000,310000000.0,50560000000,,1247000000,4333000000,2425000000,1908000000,28480000000,4859000000,23621000000,9112027659.0,163000000.0,-70000000.0,-33000000.0,-355000000.0,-56000000.0,-276000000.0,55000000.0,-3000000.0,396000000.0,-12000000.0,119000000.0,70000000.0,70000000.0,0.0,-22000000.0,0.017,774000000.0,453000000.0,1060000000,0.667,0.933,116.821,117.174,22367000000,49000000.0,26.95,0.574,0.567,1457000000,3588000000,4192000000.0,4192000000.0,26000000.0,,,,,10000000.0,279000000.0,1.0,338108633.0,337000000.0,342000000.0,12.439,35325000000,1580000000,71000000.0,21000000,104.822,3549000000
27,NRG,MRQ,2014-09-30,2014-09-30,2014-09-30,2021-08-05,-5000000,40069000000,,7872000000,32197000000,,29.402,-168000000.0,2292000000,2292000000,3278000000.0,182000000.0,1.733,2.828,22464000000,2219000000,20245000000,22464000000,0,375000000.0,0,0.017,0.14,537000000.0,912000000.0,0.2,912000000.0,537000000.0,257000000.0,0.49,0.48,0.49,9938000000,,9938000000,29614414181.0,66.0,15.965,576000000.0,1.704,1.0,1291000000.0,0.283,5332000000,280000000.0,50366000000,,1051000000,3270000000,1397000000,1873000000,28102000000,4543000000,23559000000,10293414181.0,472000000.0,-1004000000.0,7000000.0,217000000.0,-49000000.0,907000000.0,-1205000000.0,13000000.0,744000000.0,26000000.0,168000000.0,166000000.0,166000000.0,0.0,14000000.0,0.036,742000000.0,549000000.0,1098000000,0.286,1.036,-35.373,-33.495,22181000000,2000000.0,30.48,0.711,0.712,2168000000,3564000000,4569000000.0,4569000000.0,22000000.0,,,,,8000000.0,258000000.0,1.0,337710439.0,338000000.0,343000000.0,13.518,34737000000,1555000000,89000000.0,24000000,102.772,3329000000
28,NRG,MRQ,2014-06-30,2014-06-30,2014-06-30,2021-08-05,5000000,37629000000,,7757000000,29872000000,,29.131,-270000000.0,1767000000,1767000000,2828000000.0,-80000000.0,1.634,2.69,21088000000,2569000000,18519000000,21088000000,0,386000000.0,0,0.013,0.14,51000000.0,437000000.0,0.121,437000000.0,51000000.0,-223000000.0,-0.3,-0.3,-0.3,9817000000,,9817000000,28398351734.0,68.0,15.981,-291000000.0,-0.864,1.0,793000000.0,0.219,3550000000,274000000.0,48654000000,,996000000,3640000000,1701000000,1939000000,26403000000,4746000000,21657000000,12545351734.0,-1706000000.0,-1621000000.0,5000000.0,206000000.0,-50000000.0,218000000.0,-1877000000.0,0.0,-21000000.0,-26000000.0,-97000000.0,-100000000.0,-100000000.0,0.0,17000000.0,-0.028,704000000.0,89000000.0,1103000000,-0.467,1.278,-36.898,-35.769,21576000000,3000000.0,37.2,0.937,0.936,2096000000,3445000000,3621000000.0,3621000000.0,21000000.0,,,,,16000000.0,257000000.0,1.0,337240638.0,337000000.0,337000000.0,10.745,34079000000,1579000000,-126000000.0,71000000,101.125,3011000000
29,NRG,MRQ,2014-03-31,2014-03-31,2014-03-31,2021-08-05,10000000,34961000000,,8383000000,26578000000,,29.352,-237000000.0,3396000000,3396000000,2737000000.0,-67000000.0,1.984,2.557,19249000000,2189000000,17060000000,19249000000,0,335000000.0,0,0.015,0.12,168000000.0,503000000.0,0.144,503000000.0,168000000.0,-87000000.0,-0.18,-0.18,-0.18,9510000000,,9510000000,25886906292.0,41.0,13.483,154000000.0,0.475,1.0,749000000.0,0.215,3338000000,255000000.0,43251000000,,781000000,2994000000,1573000000,1421000000,24318000000,4225000000,20093000000,10341906292.0,933000000.0,-141000000.0,3000000.0,668000000.0,-41000000.0,416000000.0,124000000.0,-4000000.0,391000000.0,2000000.0,-56000000.0,-58000000.0,-58000000.0,0.0,-11000000.0,-0.017,569000000.0,180000000.0,1082000000,-0.667,1.087,-86.907,-85.946,19644000000,2000000.0,31.8,0.814,0.811,1265000000,3594000000,3486000000.0,3486000000.0,19000000.0,,,,,8000000.0,222000000.0,1.0,325217179.0,324000000.0,324000000.0,10.759,31623000000,1494000000,-31000000.0,24000000,97.602,4158000000
30,NRG,MRQ,2013-12-31,2013-12-31,2013-12-31,2021-08-05,5000000,33902000000,,7596000000,26306000000,,29.728,-406000000.0,2522000000,2522000000,1953000000.0,-290000000.0,1.807,2.414,18067000000,2105000000,15962000000,18067000000,0,309000000.0,0,0.016,0.12,-306000000.0,3000000.0,0.001,3000000.0,-306000000.0,-524000000.0,-0.92,-0.92,-0.92,9602000000,,9602000000,25001514987.0,139.0,17.411,41000000.0,0.127,1.0,842000000.0,0.301,3125000000,218000000.0,42118000000,,898000000,2716000000,1328000000,1388000000,23184000000,4204000000,18980000000,9288514987.0,125000000.0,-120000000.0,2000000.0,148000000.0,-41000000.0,176000000.0,-497000000.0,10000000.0,447000000.0,-1000000.0,-297000000.0,-299000000.0,-299000000.0,0.0,7000000.0,-0.107,1047000000.0,-205000000.0,1038000000,-0.13,0.967,-23.515,-23.541,19851000000,2000000.0,28.72,0.822,0.821,1753000000,3695000000,2795000000.0,2795000000.0,21000000.0,,,,,6000000.0,225000000.0,1.0,323416260.0,323000000.0,323000000.0,8.653,30777000000,1460000000,-227000000.0,22000000,95.285,3392000000
31,NRG,MRQ,2013-09-30,2013-09-30,2013-09-30,2021-08-05,-129000000,34863000000,,7249000000,27614000000,,31.108,-300000000.0,2436000000,2436000000,2373000000.0,138000000.0,1.654,2.362,18149000000,1975000000,16174000000,18149000000,0,327000000.0,0,0.015,0.12,507000000.0,834000000.0,0.239,834000000.0,507000000.0,279000000.0,0.36,0.36,0.36,10048000000,,10048000000,25748632297.0,31.0,12.766,601000000.0,1.861,1.0,1117000000.0,0.32,3094000000,228000000.0,43100000000,,861000000,3121000000,1389000000,1732000000,23733000000,4382000000,19351000000,8825632297.0,761000000.0,-322000000.0,5000000.0,73000000.0,-40000000.0,515000000.0,-656000000.0,-11000000.0,901000000.0,1000000.0,119000000.0,117000000.0,117000000.0,0.0,19000000.0,0.034,590000000.0,527000000.0,1140000000,0.333,0.878,57.309,35.494,20600000000,2000000.0,27.33,0.836,0.836,1711000000,4272000000,3490000000.0,3490000000.0,24000000.0,,,,,8000000.0,213000000.0,1.0,322928368.0,323000000.0,327000000.0,10.805,31769000000,1499000000,160000000.0,162000000,98.356,2867000000
32,NRG,MRQ,2013-06-30,2013-06-30,2013-06-30,2021-08-05,-118000000,34492000000,,6943000000,27549000000,,30.142,-468000000.0,1635000000,1635000000,2051000000.0,131000000.0,1.574,2.459,18558000000,2249000000,16309000000,18558000000,0,313000000.0,0,0.015,0.12,267000000.0,580000000.0,0.198,580000000.0,267000000.0,61000000.0,0.37,0.37,0.37,9736000000,,9736000000,26122417104.0,72.0,17.758,-422000000.0,-1.307,1.0,878000000.0,0.3,3074000000,206000000.0,43930000000,,874000000,3652000000,1853000000,1799000000,23940000000,4411000000,19529000000,8610417104.0,-339000000.0,-21000000.0,3000000.0,109000000.0,-42000000.0,156000000.0,-539000000.0,-17000000.0,46000000.0,-2000000.0,124000000.0,121000000.0,121000000.0,0.0,7000000.0,0.041,591000000.0,287000000.0,1196000000,0.324,0.884,253.248,66.75,20454000000,3000000.0,26.7,0.916,0.917,1635000000,4179000000,2929000000.0,2929000000.0,21000000.0,,,,,6000000.0,230000000.0,1.0,322487532.0,323000000.0,327000000.0,9.068,31418000000,1654000000,-63000000.0,47000000,97.269,2532000000
33,NRG,MRQ,2013-03-31,2013-03-31,2013-03-31,2021-08-05,-136000000,35371000000,,8031000000,27340000000,,29.876,-813000000.0,1928000000,1928000000,1753000000.0,-331000000.0,1.556,2.583,19440000000,3049000000,16391000000,19440000000,0,307000000.0,0,0.01,0.09,-288000000.0,19000000.0,0.009,19000000.0,-288000000.0,-484000000.0,-1.03,-1.03,-1.03,9650000000,,9650000000,24617664135.0,49.0,16.09,-937000000.0,-2.901,1.0,328000000.0,0.158,3130000000,196000000.0,44591000000,,904000000,4631000000,2805000000,1826000000,24926000000,5162000000,19764000000,8560664135.0,-380000000.0,-18000000.0,-19000000.0,512000000.0,-31000000.0,580000000.0,-836000000.0,-19000000.0,-124000000.0,0.0,-332000000.0,-334000000.0,-334000000.0,0.0,1000000.0,-0.16,594000000.0,-266000000.0,1054000000,-0.087,0.887,53.172,23.652,20404000000,2000000.0,26.49,0.991,0.99,982000000,4124000000,2081000000.0,2081000000.0,18000000.0,,,,,18000000.0,227000000.0,1.0,323165879.0,323000000.0,323000000.0,6.443,32241000000,1563000000,-152000000.0,53000000,99.817,2869000000
34,NRG,MRQ,2012-12-31,2012-12-31,2012-12-31,2021-08-05,-150000000,34983000000,,7972000000,27011000000,,39.963,-922000000.0,2304000000,2304000000,1480000000.0,254000000.0,1.707,2.509,18364000000,2128000000,16236000000,18364000000,0,247000000.0,0,0.008,0.09,337000000.0,584000000.0,0.283,584000000.0,337000000.0,171000000.0,1.07,1.06,1.07,9751000000,,9751000000,17766566537.0,28.0,11.252,-831000000.0,-3.406,1.0,583000000.0,0.283,3166000000,166000000.0,43207000000,,903000000,4534000000,2644000000,1890000000,24465000000,4670000000,19795000000,5248566537.0,477000000.0,917000000.0,0.0,349000000.0,-22000000.0,320000000.0,67000000.0,-14000000.0,91000000.0,-1000000.0,252000000.0,250000000.0,250000000.0,0.0,2000000.0,0.121,546000000.0,37000000.0,1172000000,0.084,0.538,18.352,18.691,20153000000,2000000.0,22.99,0.623,0.633,1119000000,4230000000,2063000000.0,2063000000.0,16000000.0,,,,,14000000.0,194000000.0,1.0,228297805.0,244000000.0,246000000.0,8.455,31817000000,1259000000,-81000000.0,55000000,130.398,3302000000
35,NRG,MRQ,2012-09-30,2012-09-30,2012-09-30,2021-08-05,-68000000,27220000000,,6383000000,20837000000,,32.478,-881000000.0,1847000000,1847000000,1740000000.0,8000000.0,1.336,2.577,14365000000,2836000000,11529000000,14365000000,0,239000000.0,0,0.004,0.09,49000000.0,288000000.0,0.124,288000000.0,49000000.0,-114000000.0,-0.01,-0.01,-0.01,7405000000,,7405000000,18026609791.0,57.0,14.421,-408000000.0,-1.789,1.0,591000000.0,0.254,3074000000,163000000.0,31887000000,,393000000,4182000000,2677000000,1505000000,19081000000,4777000000,14304000000,4873609791.0,461000000.0,97000000.0,0.0,762000000.0,-23000000.0,764000000.0,-774000000.0,-10000000.0,473000000.0,-2000000.0,-1000000.0,-3000000.0,-3000000.0,0.0,9000000.0,-0.001,505000000.0,86000000.0,1246000000,-9.0,0.658,-64.981,-73.759,15866000000,2000000.0,21.39,0.574,0.574,1075000000,4002000000,2331000000.0,2331000000.0,24000000.0,,,,,9000000.0,224000000.0,1.0,227845245.0,228000000.0,228000000.0,10.224,24146000000,0,-113000000.0,1107000000,105.904,1606000000
36,NRG,MRQ,2012-06-30,2012-06-30,2012-06-30,2021-08-05,-17000000,27856000000,,7255000000,20601000000,,32.776,-954000000.0,1357000000,1357000000,1337000000.0,259000000.0,1.273,2.637,14510000000,3305000000,11205000000,14510000000,0,234000000.0,0,0.0,0.0,405000000.0,639000000.0,0.295,639000000.0,405000000.0,238000000.0,1.09,1.08,1.09,7473000000,,7473000000,18475209530.0,62.0,15.033,-293000000.0,-1.285,1.0,829000000.0,0.383,3142000000,167000000.0,32169000000,,416000000,5419000000,3670000000,1749000000,19704000000,5698000000,14006000000,3953209530.0,135000000.0,0.0,0.0,413000000.0,-3000000.0,488000000.0,-1012000000.0,-23000000.0,661000000.0,-2000000.0,251000000.0,248000000.0,248000000.0,0.0,8000000.0,0.114,432000000.0,397000000.0,1350000000,0.0,0.529,-30.645,-33.385,15318000000,3000000.0,17.36,0.447,0.448,1000000000,4026000000,2166000000.0,2166000000.0,15000000.0,,,,,18000000.0,183000000.0,1.0,227719443.0,228000000.0,229000000.0,9.5,24714000000,0,-13000000.0,1262000000,108.395,1557000000
37,NRG,MRQ,2012-03-31,2012-03-31,2012-03-31,2021-08-05,71000000,28530000000,,8458000000,20072000000,,32.031,-639000000.0,1231000000,1231000000,1583000000.0,-206000000.0,1.228,2.827,15753000000,4895000000,10858000000,15753000000,0,230000000.0,0,0.0,0.0,-162000000.0,68000000.0,0.037,68000000.0,-162000000.0,-327000000.0,-0.92,-0.92,-0.92,7303000000,,7303000000,16217825830.0,331.0,16.719,-715000000.0,-3.136,1.0,279000000.0,0.15,3226000000,165000000.0,32941000000,,392000000,7268000000,5150000000,2118000000,20648000000,6885000000,13763000000,3567825830.0,-91000000.0,0.0,0.0,381000000.0,-2000000.0,527000000.0,-543000000.0,-14000000.0,-76000000.0,1000000.0,-207000000.0,-209000000.0,-209000000.0,0.0,1000000.0,-0.112,449000000.0,-170000000.0,1080000000,0.0,0.489,14.804,16.849,14376000000,2000000.0,15.67,0.399,0.399,716000000,3777000000,1862000000.0,1862000000.0,13000000.0,,,,,0.0,206000000.0,1.0,227685120.0,228000000.0,228000000.0,8.167,25304000000,0,-120000000.0,1392000000,110.982,1573000000
38,NRG,MRQ,2011-12-31,2011-12-31,2011-12-31,2021-08-05,74000000,26900000000,,7749000000,19151000000,,32.407,-955000000.0,1397000000,1397000000,1760000000.0,-109000000.0,1.322,2.536,14320000000,4116000000,10204000000,14320000000,0,231000000.0,0,0.0,0.0,24000000.0,255000000.0,0.12,255000000.0,24000000.0,-137000000.0,-0.45,-0.44,-0.45,7486000000,,7486000000,14385010393.0,757.0,15.721,-457000000.0,-1.978,1.0,372000000.0,0.174,3305000000,161000000.0,30657000000,,308000000,6316000000,4427000000,1889000000,18982000000,5861000000,13121000000,4167010393.0,-22000000.0,-81000000.0,-52000000.0,471000000.0,-2000000.0,366000000.0,-886000000.0,-16000000.0,498000000.0,0.0,-109000000.0,-111000000.0,-111000000.0,0.0,0.0,-0.052,363000000.0,9000000.0,808000000,0.0,0.557,22.165,23.231,13621000000,2000000.0,18.12,0.459,0.479,834000000,3987000000,2132000000.0,2132000000.0,25000000.0,,,,,14000000.0,107000000.0,1.0,229967461.0,231000000.0,229000000.0,9.229,23595000000,0,-28000000.0,1516000000,102.143,1888000000
39,NRG,MRQ,2011-09-30,2011-09-30,2011-09-30,2021-08-05,201000000,24760000000,,6338000000,18422000000,,32.375,-516000000.0,1568000000,1568000000,2053000000.0,-55000000.0,1.586,2.134,11786000000,2170000000,9616000000,11786000000,0,238000000.0,0,0.0,0.0,29000000.0,267000000.0,0.1,267000000.0,29000000.0,-135000000.0,-0.24,-0.24,-0.24,7770000000,,7770000000,13332952184.0,89.0,12.92,-157000000.0,-0.654,1.0,621000000.0,0.232,3420000000,164000000.0,27563000000,,320000000,4423000000,2588000000,1835000000,16580000000,3995000000,12585000000,5116952184.0,-812000000.0,-287000000.0,-246000000.0,295000000.0,-7000000.0,-65000000.0,-1102000000.0,0.0,359000000.0,-4000000.0,-55000000.0,-57000000.0,-57000000.0,0.0,0.0,-0.021,578000000.0,43000000.0,974000000,0.0,0.659,18.145,17.824,12843000000,2000000.0,21.21,0.584,0.581,1042000000,4099000000,2674000000.0,2674000000.0,11000000.0,,,,,0.0,169000000.0,1.0,241251871.0,240000000.0,240000000.0,11.142,21340000000,0,-80000000.0,1653000000,88.917,2343000000
40,NRG,MRQ,2011-06-30,2011-06-30,2011-06-30,2021-08-05,305000000,25336000000,,6039000000,19297000000,,33.621,-620000000.0,2084000000,2084000000,1608000000.0,621000000.0,1.945,2.051,10300000000,90000000,10210000000,10300000000,0,222000000.0,0,0.0,0.0,158000000.0,380000000.0,0.167,380000000.0,158000000.0,-9000000.0,2.54,2.53,2.54,8170000000,,8170000000,13453977845.0,22.0,9.247,-527000000.0,-2.169,1.0,670000000.0,0.294,3452000000,167000000.0,26995000000,,386000000,1401000000,0,1401000000,16760000000,3105000000,13655000000,5925977845.0,-772000000.0,-68000000.0,0.0,40000000.0,0.0,-36000000.0,-831000000.0,5000000.0,93000000.0,2000000.0,621000000.0,618000000.0,618000000.0,0.0,0.0,0.271,401000000.0,269000000.0,842000000,0.0,0.725,10.582,10.641,12283000000,3000000.0,24.58,0.675,0.681,1008000000,4156000000,2278000000.0,2278000000.0,12000000.0,,,,,14000000.0,167000000.0,1.0,241089416.0,243000000.0,244000000.0,9.374,21884000000,0,-630000000.0,1810000000,90.058,2934000000
41,NRG,MRQ,2011-03-31,2011-03-31,2011-03-31,2021-08-05,363000000,25043000000,,6378000000,18665000000,,30.773,-219000000.0,2724000000,2724000000,1324000000.0,-260000000.0,2.127,2.262,10252000000,150000000,10102000000,10252000000,0,205000000.0,0,0.0,0.0,-192000000.0,13000000.0,0.007,13000000.0,-192000000.0,-365000000.0,-1.06,-1.06,-1.06,7601000000,,7601000000,12883937675.0,14.0,7.329,-3000000.0,-0.012,1.0,671000000.0,0.336,3549000000,173000000.0,26024000000,,418000000,1364000000,0,1364000000,17194000000,2998000000,14196000000,5331937675.0,-240000000.0,0.0,-130000000.0,-75000000.0,0.0,-232000000.0,-228000000.0,2000000.0,216000000.0,4000000.0,-260000000.0,-262000000.0,-262000000.0,0.0,0.0,-0.131,357000000.0,314000000.0,568000000,0.0,0.701,35.546,36.508,11579000000,2000000.0,21.54,0.618,0.617,687000000,3538000000,1995000000.0,1995000000.0,9000000.0,,,,,0.0,143000000.0,1.0,247536568.0,247000000.0,247000000.0,8.077,21494000000,0,-105000000.0,1949000000,87.02,3380000000
42,NRG,MRQ,2010-12-31,2010-12-31,2010-12-31,2021-08-05,432000000,26896000000,,7137000000,19759000000,,32.744,-216000000.0,2959000000,2959000000,1270000000.0,-15000000.0,1.691,2.306,12561000000,2148000000,10413000000,12561000000,0,218000000.0,0,0.0,0.0,154000000.0,372000000.0,0.205,372000000.0,154000000.0,-9000000.0,-0.05,-0.06,-0.05,8055000000,,8055000000,11884234226.0,9.0,5.348,266000000.0,1.081,1.0,546000000.0,0.301,3644000000,163000000.0,28634000000,,453000000,4054000000,1964000000,2090000000,18576000000,4220000000,14356000000,4830234226.0,-496000000.0,-844000000.0,0.0,74000000.0,-9000000.0,76000000.0,-1053000000.0,3000000.0,482000000.0,-1000000.0,-15000000.0,-17000000.0,-17000000.0,0.0,0.0,-0.009,394000000.0,152000000.0,783000000,0.0,0.6,10.321,10.505,12517000000,2000000.0,19.54,0.546,0.556,734000000,3800000000,1816000000.0,1816000000.0,19000000.0,,,,,30000000.0,157000000.0,1.0,247197248.0,246000000.0,251000000.0,7.382,23252000000,0,6000000.0,2097000000,94.52,2917000000
43,NRG,MRQ,2010-09-30,2010-09-30,2010-09-30,2021-08-05,571000000,27419000000,,8496000000,18923000000,,32.556,-160000000.0,3466000000,3466000000,1835000000.0,223000000.0,1.896,2.31,10520000000,157000000,10363000000,10520000000,0,210000000.0,0,0.0,0.0,480000000.0,690000000.0,0.257,690000000.0,480000000.0,312000000.0,0.88,0.87,0.88,8204000000,,8204000000,12560308993.0,8.0,5.275,376000000.0,1.492,1.0,850000000.0,0.317,3254000000,168000000.0,26737000000,,463000000,1301000000,0,1301000000,18950000000,4482000000,14468000000,5271308993.0,1279000000.0,-1000000.0,-130000000.0,-277000000.0,0.0,922000000.0,-185000000.0,-4000000.0,536000000.0,6000000.0,223000000.0,221000000.0,221000000.0,0.0,0.0,0.082,396000000.0,454000000.0,765000000,0.0,0.643,10.296,10.206,11844000000,2000000.0,20.82,0.575,0.572,904000000,3817000000,2685000000.0,2685000000.0,14000000.0,,,,,0.0,172000000.0,1.0,253184870.0,252000000.0,253000000.0,10.655,24165000000,0,89000000.0,2128000000,95.893,4014000000
44,NRG,MRQ,2010-06-30,2010-06-30,2010-06-30,2021-08-05,476000000,25103000000,,6369000000,18734000000,,31.424,-145000000.0,2181000000,2181000000,1329000000.0,210000000.0,1.804,2.1,9470000000,179000000,9291000000,9470000000,0,208000000.0,0,0.0,0.0,475000000.0,683000000.0,0.32,683000000.0,475000000.0,328000000.0,0.82,0.81,0.82,8013000000,,8013000000,11593180840.0,7.0,4.591,346000000.0,1.357,1.0,804000000.0,0.377,3342000000,147000000.0,25520000000,,535000000,1188000000,0,1188000000,16825000000,3530000000,13295000000,5415180840.0,355000000.0,-141000000.0,-50000000.0,1348000000.0,0.0,61000000.0,-191000000.0,10000000.0,491000000.0,-6000000.0,211000000.0,208000000.0,208000000.0,0.0,-1000000.0,0.098,360000000.0,444000000.0,690000000,0.0,0.676,9.618,9.427,11793000000,3000000.0,21.21,0.576,0.575,909000000,3596000000,2133000000.0,2133000000.0,13000000.0,,,,,0.0,139000000.0,1.0,255312628.0,255000000.0,256000000.0,8.365,21761000000,0,117000000.0,2012000000,85.337,2839000000
45,NRG,MRQ,2010-03-31,2010-03-31,2010-03-31,2021-08-05,667000000,24578000000,,7142000000,17436000000,,31.531,-185000000.0,1820000000,1820000000,1639000000.0,58000000.0,1.634,2.036,7998000000,152000000,7846000000,7998000000,0,202000000.0,0,0.0,0.0,276000000.0,478000000.0,0.216,478000000.0,276000000.0,123000000.0,0.22,0.22,0.22,8009000000,,8009000000,11585671920.0,6.0,4.142,-71000000.0,-0.28,1.0,576000000.0,0.26,3399000000,153000000.0,22985000000,,549000000,1279000000,0,1279000000,16310000000,4372000000,11938000000,5473671920.0,-491000000.0,0.0,2000000.0,-419000000.0,0.0,-408000000.0,-194000000.0,-4000000.0,114000000.0,-3000000.0,58000000.0,56000000.0,56000000.0,0.0,0.0,0.025,318000000.0,258000000.0,595000000,0.0,0.683,7.009,6.72,11627000000,2000000.0,20.9,0.576,0.558,700000000,3388000000,2215000000.0,2215000000.0,9000000.0,,,,,0.0,130000000.0,1.0,261898178.0,254000000.0,257000000.0,8.72,21179000000,0,65000000.0,2099000000,83.382,2770000000
46,NRG,MRQ,2009-12-31,2009-12-31,2009-12-31,2021-08-05,416000000,23378000000,,6208000000,17170000000,,31.626,-174000000.0,2306000000,2306000000,1422000000.0,33000000.0,1.65,2.008,8418000000,571000000,7847000000,8418000000,0,224000000.0,0,0.0,0.0,306000000.0,530000000.0,0.248,530000000.0,306000000.0,147000000.0,0.12,0.15,0.12,7685000000,,7685000000,12543823573.0,5.0,4.018,652000000.0,2.683,1.0,719000000.0,0.336,3495000000,159000000.0,22233000000,,541000000,1312000000,32000000,1280000000,15434000000,3762000000,11672000000,6053823573.0,54000000.0,207000000.0,-249000000.0,-347000000.0,0.0,-543000000.0,-227000000.0,-295000000.0,826000000.0,-2000000.0,33000000.0,27000000.0,27000000.0,0.0,0.0,0.013,405000000.0,314000000.0,697000000,0.0,0.788,6.66,6.381,11564000000,6000000.0,23.61,0.676,0.649,876000000,3332000000,2141000000.0,2141000000.0,14000000.0,,,,,6000000.0,154000000.0,1.0,256409300.0,243000000.0,262000000.0,8.811,19883000000,0,114000000.0,1980000000,81.823,2446000000
47,NRG,MRQ,2009-09-30,2009-09-30,2009-09-30,2021-08-05,320000000,25954000000,,8211000000,17743000000,,31.406,-186000000.0,2276000000,2276000000,1893000000.0,278000000.0,1.577,2.286,8766000000,537000000,8229000000,8766000000,0,212000000.0,0,0.0,0.0,622000000.0,834000000.0,0.286,834000000.0,622000000.0,444000000.0,1.09,1.02,1.09,7820000000,,7820000000,13924154148.0,5.0,4.113,372000000.0,1.494,1.0,1023000000.0,0.351,3660000000,178000000.0,23576000000,,533000000,1253000000,0,1253000000,17875000000,5208000000,12667000000,7478154148.0,-32000000.0,-11000000.0,-249000000.0,8000000.0,0.0,-365000000.0,-227000000.0,-11000000.0,558000000.0,2000000.0,278000000.0,272000000.0,272000000.0,0.0,0.0,0.093,412000000.0,611000000.0,725000000,0.0,0.956,6.566,6.049,11610000000,6000000.0,28.19,0.883,0.829,1119000000,3305000000,2916000000.0,2916000000.0,12000000.0,,,,,7000000.0,182000000.0,1.0,265276841.0,249000000.0,272000000.0,11.711,22294000000,101000000,166000000.0,1572000000,89.534,3003000000
48,NRG,MRQ,2009-06-30,2009-06-30,2009-06-30,2021-08-05,372000000,27305000000,,9332000000,17973000000,,31.0,-141000000.0,2301000000,2301000000,1242000000.0,432000000.0,1.406,2.448,8747000000,453000000,8294000000,8747000000,0,213000000.0,0,0.0,0.0,742000000.0,955000000.0,0.427,955000000.0,742000000.0,583000000.0,1.68,1.56,1.68,7843000000,,7843000000,13629478903.0,4.0,3.301,442000000.0,1.747,1.0,995000000.0,0.445,3829000000,159000000.0,23284000000,,530000000,1162000000,0,1162000000,19203000000,6638000000,12565000000,6886478903.0,1094000000.0,-339000000.0,0.0,796000000.0,0.0,749000000.0,-241000000.0,260000000.0,583000000.0,3000000.0,433000000.0,426000000.0,426000000.0,0.0,-1000000.0,0.19,376000000.0,619000000.0,857000000,0.0,0.878,4.22,3.801,11609000000,7000000.0,25.96,0.844,0.805,1186000000,3033000000,2237000000.0,2237000000.0,9000000.0,,,,,6000000.0,131000000.0,1.0,265272685.0,253000000.0,275000000.0,8.842,23476000000,0,150000000.0,1610000000,92.791,2694000000
49,NRG,MRQ,2009-03-31,2009-03-31,2009-03-31,2021-08-05,466000000,24198000000,,7665000000,16533000000,,31.477,-233000000.0,1205000000,1205000000,766000000.0,198000000.0,1.372,2.21,7948000000,263000000,7685000000,7948000000,0,169000000.0,0,0.0,0.0,634000000.0,803000000.0,0.484,803000000.0,634000000.0,496000000.0,0.78,0.7,0.78,7460000000,,7460000000,10815683746.0,4.0,3.044,-94000000.0,-0.397,1.0,892000000.0,0.538,2533000000,138000000.0,22823000000,,488000000,1183000000,0,1183000000,16484000000,5585000000,10899000000,4157683746.0,-306000000.0,0.0,0.0,-209000000.0,0.0,-184000000.0,-259000000.0,-2000000.0,139000000.0,-2000000.0,198000000.0,184000000.0,184000000.0,0.0,0.0,0.111,277000000.0,615000000.0,358000000,0.0,0.557,3.152,3.126,11544000000,14000000.0,17.6,0.574,0.576,399000000,2607000000,1658000000.0,1658000000.0,13000000.0,,,,,7000000.0,95000000.0,1.0,236232031.0,237000000.0,275000000.0,6.996,21665000000,0,298000000.0,1721000000,91.414,2080000000
50,NRG,MRQ,2008-12-31,2008-12-31,2008-12-31,2021-08-05,310000000,24808000000,,8492000000,16316000000,,30.672,-250000000.0,1510000000,1510000000,786000000.0,271000000.0,1.29,2.451,8161000000,464000000,7697000000,8161000000,0,171000000.0,0,0.0,0.0,622000000.0,793000000.0,0.479,793000000.0,622000000.0,481000000.0,1.11,1.02,1.11,7116000000,,7116000000,12102991689.0,5.0,3.818,143000000.0,0.616,1.0,869000000.0,0.525,2533000000,141000000.0,22345000000,,455000000,1296000000,68000000,1228000000,17438000000,6581000000,10857000000,5436991689.0,11000000.0,-67000000.0,1000000.0,-32000000.0,0.0,-41000000.0,-340000000.0,-37000000.0,393000000.0,-1000000.0,271000000.0,257000000.0,257000000.0,0.0,0.0,0.155,274000000.0,595000000.0,451000000,0.0,0.764,4.647,4.685,11545000000,14000000.0,23.33,0.79,0.796,464000000,2423000000,1655000000.0,1655000000.0,17000000.0,,,,,5000000.0,86000000.0,1.0,233047222.0,232000000.0,266000000.0,7.134,22275000000,0,210000000.0,1391000000,96.013,1911000000
51,NRG,MRQ,2008-09-30,2008-09-30,2008-09-30,2021-08-05,-58000000,23683000000,,7439000000,16244000000,,26.991,-240000000.0,1515000000,1515000000,997000000.0,778000000.0,1.401,2.694,8181000000,122000000,8059000000,8181000000,0,156000000.0,0,0.0,0.0,1422000000.0,1578000000.0,0.604,1578000000.0,1422000000.0,1280000000.0,3.26,2.81,3.26,6343000000,,6343000000,12745619073.0,6.0,4.387,410000000.0,1.745,1.0,1615000000.0,0.618,2611000000,142000000.0,22428000000,,456000000,761000000,0,761000000,17086000000,5310000000,11776000000,5840619073.0,220000000.0,-5000000.0,-130000000.0,-4000000.0,0.0,-213000000.0,-210000000.0,8000000.0,650000000.0,-7000000.0,778000000.0,765000000.0,765000000.0,0.0,0.0,0.293,244000000.0,1371000000.0,367000000,0.0,0.921,5.9,5.865,11472000000,13000000.0,24.75,0.883,0.88,981000000,2194000000,2612000000.0,2612000000.0,13000000.0,,,,,7000000.0,75000000.0,1.0,235984609.0,235000000.0,277000000.0,11.115,21072000000,0,502000000.0,1099000000,89.668,2129000000
52,NRG,MRQ,2008-06-30,2008-06-30,2008-06-30,2021-08-05,-1062000000,26789000000,,9780000000,17009000000,,19.907,-245000000.0,1293000000,1293000000,1011000000.0,127000000.0,1.298,4.648,8198000000,130000000,8068000000,8198000000,0,161000000.0,0,0.0,0.0,218000000.0,379000000.0,0.288,379000000.0,218000000.0,74000000.0,0.48,0.48,0.48,4698000000,,4698000000,17479052813.0,12.0,8.444,131000000.0,0.555,1.0,305000000.0,0.232,2625000000,144000000.0,23537000000,,454000000,831000000,0,831000000,21837000000,7532000000,14305000000,10121052813.0,429000000.0,243000000.0,6000000.0,-24000000.0,0.0,-9000000.0,10000000.0,5000000.0,376000000.0,3000000.0,127000000.0,113000000.0,113000000.0,-168000000.0,0.0,0.086,248000000.0,57000000.0,490000000,0.0,2.154,21.086,21.133,11430000000,14000000.0,42.9,1.753,1.754,1215000000,1424000000,1316000000.0,1316000000.0,4000000.0,,,,,7000000.0,83000000.0,1.0,235921977.0,236000000.0,236000000.0,5.576,24164000000,977000000,-53000000.0,943000000,102.39,2248000000
53,NRG,MRQ,2008-03-31,2008-03-31,2008-03-31,2021-08-05,-373000000,20974000000,,4964000000,16010000000,,22.169,-164000000.0,873000000,873000000,804000000.0,49000000.0,1.438,2.962,8231000000,130000000,8101000000,8231000000,0,161000000.0,0,0.0,0.0,259000000.0,420000000.0,0.323,420000000.0,259000000.0,103000000.0,0.15,0.14,0.15,5232000000,,5232000000,16418884263.0,10.0,7.22,-104000000.0,-0.441,1.0,498000000.0,0.382,2641000000,156000000.0,22238000000,,454000000,816000000,0,816000000,15495000000,3453000000,12042000000,9218884263.0,-298000000.0,0.0,-53000000.0,-154000000.0,0.0,-224000000.0,-132000000.0,0.0,60000000.0,4000000.0,49000000.0,35000000.0,35000000.0,-4000000.0,0.0,0.027,248000000.0,250000000.0,349000000,0.0,1.762,18.364,18.479,11279000000,14000000.0,38.99,1.539,1.536,985000000,1308000000,1302000000.0,1302000000.0,12000000.0,,,,,7000000.0,75000000.0,1.0,236442274.0,236000000.0,245000000.0,5.517,18333000000,325000000,54000000.0,884000000,77.682,1511000000
54,NRG,MRQ,2007-12-31,2007-12-31,2007-12-31,2021-08-05,-115000000,19274000000,,3562000000,15712000000,,23.224,-172000000.0,1161000000,1161000000,818000000.0,91000000.0,1.564,2.457,8361000000,466000000,7895000000,8361000000,0,178000000.0,0,0.0,0.0,350000000.0,528000000.0,0.382,528000000.0,350000000.0,168000000.0,0.33,0.3,0.33,5504000000,,5504000000,17858243513.0,11.0,7.721,369000000.0,1.557,1.0,564000000.0,0.408,2659000000,182000000.0,21538000000,,451000000,1330000000,30000000,1300000000,13523000000,2277000000,11246000000,10343243513.0,-5000000.0,59000000.0,-78000000.0,-347000000.0,0.0,-439000000.0,-95000000.0,-50000000.0,541000000.0,-3000000.0,91000000.0,77000000.0,77000000.0,-4000000.0,0.0,0.056,244000000.0,320000000.0,384000000,0.0,1.879,19.968,20.065,11320000000,14000000.0,43.34,1.727,1.737,482000000,1270000000,1382000000.0,1382000000.0,-7000000.0,,,,,0.0,75000000.0,1.0,238653519.0,237000000.0,291000000.0,5.831,16615000000,124000000,77000000.0,843000000,70.105,1285000000
55,NRG,MRQ,2007-09-30,2007-09-30,2007-09-30,2021-08-05,70000000,19204000000,,3349000000,15855000000,,23.531,-104000000.0,1233000000,1233000000,939000000.0,268000000.0,2.08,2.371,8748000000,129000000,8619000000,8748000000,0,161000000.0,0,0.0,0.0,582000000.0,743000000.0,0.419,743000000.0,582000000.0,413000000.0,1.07,0.93,1.07,5624000000,,5624000000,18030537781.0,13.0,8.838,413000000.0,1.728,1.0,833000000.0,0.47,2774000000,169000000.0,22335000000,,424000000,782000000,0,782000000,13332000000,1610000000,11722000000,10142537781.0,366000000.0,0.0,-53000000.0,-13000000.0,0.0,-84000000.0,-60000000.0,4000000.0,517000000.0,3000000.0,268000000.0,255000000.0,255000000.0,-3000000.0,0.0,0.144,287000000.0,546000000.0,356000000,0.0,1.803,25.484,24.876,11413000000,13000000.0,42.29,1.775,1.769,1026000000,1180000000,1772000000.0,1772000000.0,49000000.0,,,,,5000000.0,78000000.0,1.0,239833005.0,239000000.0,285000000.0,7.414,16430000000,75000000,145000000.0,824000000,68.745,1739000000
56,NRG,MRQ,2007-06-30,2007-06-30,2007-06-30,2021-08-05,-15000000,18936000000,,2997000000,15939000000,,22.221,-98000000.0,847000000,847000000,840000000.0,149000000.0,1.822,2.504,8735000000,126000000,8609000000,8735000000,0,162000000.0,0,0.0,0.0,421000000.0,583000000.0,0.38,583000000.0,421000000.0,249000000.0,0.56,0.51,0.56,5333000000,,5333000000,18135112452.0,11.0,7.909,255000000.0,1.062,1.0,696000000.0,0.453,2821000000,172000000.0,22358000000,,430000000,748000000,0,748000000,13355000000,1645000000,11710000000,10073112452.0,139000000.0,0.0,-112000000.0,-29000000.0,0.0,-155000000.0,-60000000.0,-1000000.0,353000000.0,2000000.0,149000000.0,135000000.0,135000000.0,-6000000.0,0.0,0.088,269000000.0,427000000.0,383000000,0.0,1.889,18.282,19.516,11454000000,14000000.0,41.57,1.712,1.696,1038000000,925000000,1536000000.0,1536000000.0,36000000.0,,,,,7000000.0,71000000.0,1.0,242316874.0,240000000.0,288000000.0,6.4,16115000000,91000000,100000000.0,713000000,67.146,1352000000
57,NRG,MRQ,2007-03-31,2007-03-31,2007-03-31,2021-08-05,9000000,18711000000,,2669000000,16042000000,,21.828,-107000000.0,704000000,704000000,781000000.0,65000000.0,1.702,2.467,8766000000,129000000,8637000000,8766000000,0,160000000.0,0,0.0,0.0,299000000.0,459000000.0,0.353,459000000.0,299000000.0,120000000.0,0.21,0.2,0.21,5326000000,,5326000000,16751046971.0,10.0,7.177,-1000000.0,-0.004,1.0,518000000.0,0.399,2857000000,179000000.0,22348000000,,400000000,718000000,0,718000000,13137000000,1568000000,11569000000,8813046971.0,-145000000.0,0.0,-103000000.0,-19000000.0,0.0,-136000000.0,-112000000.0,0.0,106000000.0,2000000.0,65000000.0,51000000.0,51000000.0,-4000000.0,0.0,0.039,251000000.0,267000000.0,295000000,0.0,1.655,14.543,15.938,11521000000,14000000.0,36.02,1.507,1.503,885000000,790000000,1299000000.0,1299000000.0,23000000.0,,,,,7000000.0,85000000.0,1.0,244670932.0,244000000.0,271000000.0,5.324,15854000000,70000000,55000000.0,623000000,64.975,1101000000
58,NRG,MRQ,2006-12-31,2006-12-31,2006-12-31,2021-08-05,282000000,19436000000,,3083000000,16353000000,,22.723,-62000000.0,818000000,818000000,787000000.0,-30000000.0,1.517,2.391,8726000000,123000000,8603000000,8726000000,0,117000000.0,0,0.0,0.0,138000000.0,255000000.0,0.231,255000000.0,138000000.0,-32000000.0,-0.14,-0.09,-0.14,5658000000,,5658000000,13569069181.0,9.0,6.341,-820000000.0,-3.293,1.0,319000000.0,0.288,2849000000,170000000.0,22463000000,,420000000,1202000000,27000000,1175000000,13531000000,2032000000,11499000000,7082069181.0,-604000000.0,24000000.0,-435000000.0,832000000.0,0.0,181000000.0,-17000000.0,-84000000.0,-758000000.0,2000000.0,-30000000.0,-43000000.0,-43000000.0,-15000000.0,0.0,-0.039,239000000.0,80000000.0,329000000,0.0,1.252,12.403,12.672,11546000000,13000000.0,28.005,1.268,1.294,369000000,739000000,1106000000.0,1106000000.0,21000000.0,,,,,1000000.0,71000000.0,1.0,252885884.0,249000000.0,295000000.0,4.442,16587000000,63000000,-2000000.0,718000000,66.614,1051000000
59,NRG,MRQ,2006-09-30,2006-09-30,2006-09-30,2021-08-05,169000000,19721000000,,3671000000,16050000000,,22.077,-85000000.0,1462000000,1462000000,996000000.0,422000000.0,2.045,2.243,7949000000,123000000,7826000000,7949000000,0,182000000.0,0,0.0,0.0,814000000.0,996000000.0,0.513,996000000.0,814000000.0,660000000.0,1.5,1.32,1.5,6005000000,,6005000000,12947816193.0,9.0,6.307,404000000.0,1.485,1.0,946000000.0,0.487,2601000000,154000000.0,21812000000,,397000000,1118000000,0,1118000000,13468000000,1795000000,11673000000,6206816193.0,430000000.0,216000000.0,-297000000.0,163000000.0,0.0,-203000000.0,133000000.0,2000000.0,489000000.0,-1000000.0,422000000.0,408000000.0,408000000.0,-51000000.0,0.0,0.21,227000000.0,719000000.0,278000000,0.0,1.034,9.264,8.712,11686000000,14000000.0,22.65,1.202,1.193,433000000,782000000,1942000000.0,1942000000.0,9000000.0,,,,,4000000.0,70000000.0,1.0,274031620.0,272000000.0,317000000.0,7.14,17120000000,86000000,238000000.0,362000000,62.941,1876000000
60,NRG,MRQ,2006-06-30,2006-06-30,2006-06-30,2021-08-05,136000000,19442000000,,2910000000,16532000000,,21.376,-39000000.0,1015000000,1015000000,832000000.0,203000000.0,1.785,2.277,7756000000,125000000,7631000000,7756000000,0,183000000.0,0,0.0,0.0,441000000.0,624000000.0,0.415,624000000.0,441000000.0,290000000.0,0.69,0.63,0.69,5857000000,,5857000000,13672508450.0,19.0,12.078,296000000.0,1.08,1.0,670000000.0,0.446,2710000000,151000000.0,21843000000,,402000000,1113000000,0,1113000000,13338000000,1630000000,11708000000,6599508450.0,170000000.0,-40000000.0,0.0,-39000000.0,0.0,-96000000.0,-90000000.0,41000000.0,335000000.0,2000000.0,203000000.0,190000000.0,190000000.0,-1000000.0,0.0,0.126,260000000.0,410000000.0,340000000,0.0,1.127,28.569,26.619,11815000000,13000000.0,24.09,1.688,1.689,473000000,374000000,1502000000.0,1502000000.0,0.0,,,,,6000000.0,83000000.0,1.0,273952198.0,274000000.0,319000000.0,5.482,16732000000,42000000,87000000.0,152000000,61.066,1280000000
61,NRG,MRQ,2006-03-31,2006-03-31,2006-03-31,2021-08-05,45000000,19507000000,,2457000000,17050000000,,23.803,-35000000.0,885000000,885000000,659000000.0,26000000.0,1.807,2.458,7958000000,136000000,7822000000,7958000000,0,125000000.0,0,0.0,0.0,140000000.0,265000000.0,0.254,265000000.0,140000000.0,25000000.0,0.065,0.065,0.065,5570000000,,5570000000,8306021936.0,23.0,13.101,307000000.0,1.312,1.0,384000000.0,0.368,4168000000,115000000.0,21052000000,,412000000,1098000000,0,1098000000,13690000000,1360000000,12330000000,6194021936.0,295000000.0,-4273000000.0,986000000.0,2902000000.0,0.0,4171000000.0,-4202000000.0,56000000.0,342000000.0,1000000.0,26000000.0,16000000.0,16000000.0,-11000000.0,0.0,0.015,175000000.0,209000000.0,346000000,0.0,1.112,101.541,68.515,11452000000,10000000.0,22.61,2.115,1.806,426000000,184000000,1043000000.0,1043000000.0,0.0,,,,,3000000.0,57000000.0,1.0,273950550.0,234000000.0,238000000.0,4.457,15339000000,30000000,-1000000.0,800000000,65.551,1097000000
62,NRG,MRQ,2005-12-31,2005-12-31,2005-12-31,2021-08-05,-205000000,7466000000,,2196000000,5270000000,,13.944,-60000000.0,542000000,542000000,451000000.0,64000000.0,1.618,2.236,2505000000,95000000,2410000000,2505000000,0,50000000.0,0,0.0,0.0,118000000.0,168000000.0,0.248,168000000.0,118000000.0,82000000.0,0.345,0.345,0.345,2231000000,,2231000000,6249194450.0,21.0,12.549,122000000.0,0.762,1.0,226000000.0,0.334,257000000,36000000.0,7815000000,,240000000,1330000000,24000000,1306000000,4988000000,1357000000,3631000000,3802640450.0,-1161000000.0,-5000000.0,1000000.0,-106000000.0,0.0,-157000000.0,-21000000.0,-62000000.0,182000000.0,-1000000.0,64000000.0,56000000.0,56000000.0,8000000.0,0.0,0.083,77000000.0,149000000.0,241000000,0.0,1.704,59.416,62.0,2609000000,8000000.0,23.56,1.584,1.659,352000000,261000000,677000000.0,677000000.0,0.0,,,,,4000000.0,40000000.0,1.0,161402396.0,160000000.0,168000000.0,4.231,7209000000,69000000,18000000.0,128000000,45.056,839000000
63,NRG,MRQ,2005-09-30,2005-09-30,2005-09-30,2021-08-05,-355753000,7795367000,,2421503000,5373864000,,12.019,-9000000.0,595844000,595844000,604000000.0,-27000000.0,1.297,2.738,3042398000,176024000,2866374000,3042398000,0,49000000.0,0,0.0,0.0,26000000.0,75000000.0,0.109,75000000.0,26000000.0,-17000000.0,-0.195,-0.195,-0.195,2019168000,,2019168000,6008745648.0,22.0,12.756,-214000000.0,-1.274,1.0,83000000.0,0.121,268897000,43000000.0,8105548000,,203547000,1026346000,24934000,1001412000,5529139000,1867476000,3661663000,3708203648.0,884000000.0,36000000.0,-251000000.0,-132000000.0,0.0,-146000000.0,31000000.0,12000000.0,-205000000.0,0.0,-27000000.0,-31000000.0,-31000000.0,-10000000.0,0.0,-0.045,91000000.0,-8000000.0,152968000,0.0,1.837,139.827,177.5,3226714000,4000000.0,21.3,1.733,1.673,1020859000,203973000,687000000.0,687000000.0,0.0,,,,,3000000.0,42000000.0,1.0,174094068.0,168000000.0,168000000.0,4.089,7526470000,76069000,10000000.0,103199000,44.8,554027000
64,NRG,MRQ,2005-06-30,2005-06-30,2005-06-30,2021-08-05,-59882000,7281664000,,1871889000,5409775000,,14.946,-26000000.0,910409000,910409000,387000000.0,24000000.0,2.38,1.797,3210951000,90745000,3120206000,3210951000,0,48000000.0,0,0.0,0.0,78000000.0,126000000.0,0.241,126000000.0,78000000.0,32000000.0,0.115,0.11,0.115,2600651000,,2600651000,5660087838.0,15.0,9.72,1000000.0,0.006,1.0,135000000.0,0.259,275854000,46000000.0,8519969000,,228995000,1012981000,25100000,987881000,4673929000,786383000,3887546000,3272910838.0,57000000.0,0.0,0.0,-22000000.0,0.0,-26000000.0,56000000.0,91000000.0,27000000.0,1000000.0,24000000.0,20000000.0,20000000.0,-1000000.0,0.0,0.038,92000000.0,43000000.0,150688000,0.0,1.258,29.29,32.137,3308650000,4000000.0,18.8,1.591,1.59,1037121000,235054000,522000000.0,522000000.0,0.0,,,,,3000000.0,50000000.0,1.0,174091002.0,174000000.0,176000000.0,3.0,7005810000,40139000,8000000.0,109438000,40.263,1085506000
65,NRG,MRQ,2005-03-31,2005-03-31,2005-03-31,2021-08-05,-28274000,7293298000,,1676833000,5616465000,,15.001,-11000000.0,841284000,841284000,452000000.0,23000000.0,2.245,1.792,3228461000,85092000,3143369000,3228461000,0,48000000.0,0,0.0,0.0,83000000.0,131000000.0,0.219,131000000.0,83000000.0,28000000.0,0.105,0.105,0.105,2610090000,,2610090000,5515839302.0,11.0,7.922,53000000.0,0.305,1.0,145000000.0,0.243,284909000,55000000.0,8648507000,,208757000,1249381000,26860000,1222521000,4676632000,747059000,3929573000,2972590302.0,-349000000.0,0.0,0.0,-496000000.0,0.0,-501000000.0,92000000.0,68000000.0,64000000.0,-2000000.0,23000000.0,19000000.0,19000000.0,-1000000.0,0.0,0.032,101000000.0,44000000.0,129741000,0.0,1.139,17.009,19.294,3332434000,4000000.0,17.075,1.41,1.409,880732000,215388000,597000000.0,597000000.0,0.0,,,,,2000000.0,50000000.0,1.0,174090208.0,174000000.0,176000000.0,3.431,7008389000,37673000,5000000.0,123055000,40.278,929774000
66,NRG,MRQ,2004-12-31,2004-12-31,2004-12-31,2021-08-05,76000000,7864000000,,2119000000,5745000000,,13.487,-40707000.0,1214000000,1214000000,177521000.0,18520000.0,1.949,1.921,3484000000,511000000,2973000000,3484000000,0,50128000.0,0,0.0,0.0,88921000.0,139049000.0,0.417,139049000.0,88921000.0,27384000.0,0.095,0.09,0.095,2692000000,,2692000000,5987924311.0,12.0,8.203,8872000.0,0.044,1.0,155810000.0,0.467,294000000,61537000.0,8753000000,,247000000,1525000000,0,1525000000,5171000000,1087000000,4084000000,3605290311.0,-15601000.0,6502000.0,-405000000.0,-39864000.0,0.0,-56367000.0,-26806000.0,-43630000.0,49579000.0,5507000.0,18520000.0,18520000.0,18520000.0,-5674000.0,0.0,0.056,76723000.0,79087000.0,214000000,0.0,1.339,19.383,19.382,3158000000,0.0,18.025,1.714,1.713,479000000,197000000,333331000.0,333331000.0,0.0,,,,,3467000.0,61327000.0,1.0,200016106.0,199604000.0,198032000.0,1.67,7570000000,71000000,8864000.0,169000000,37.925,1032000000
67,NRG,MRQ,2004-09-30,2004-09-30,2004-09-30,2021-08-05,3684000,8185584000,,2112933000,6072651000,,12.973,-13617000.0,1253702000,1253702000,379855000.0,54221000.0,2.887,2.15,3636336000,125105000,3511231000,3636336000,0,51373000.0,0,0.0,0.0,134890000.0,186263000.0,0.308,186263000.0,134890000.0,68780000.0,0.27,0.27,0.27,2597151000,,2597151000,5783262138.0,,,264447000.0,1.321,1.0,224777000.0,0.372,326030000,66110000.0,9510257000,,214980000,1674016000,121599000,1552417000,5582841000,731931000,4850910000,2694183138.0,279948000.0,187308000.0,0.0,-141961000.0,0.0,-141961000.0,209248000.0,21295000.0,278064000.0,-28095000.0,54221000.0,54221000.0,54221000.0,-10870000.0,0.0,0.09,146066000.0,78711000.0,120571000,0.0,1.037,,,3350991000,0.0,13.47,,,360445000,178505000,604632000.0,604632000.0,0.0,,,,,3211000.0,54031000.0,1.0,200013596.0,200202000.0,201232000.0,3.02,7859554000,31920000,14559000.0,143129000,39.258,1381002000
68,NRG,MRQ,2004-06-30,2004-06-30,2004-06-30,2021-08-05,43000,8553275000,,1929218000,6624057000,,12.67,-29948000.0,972549000,972549000,353258000.0,83024000.0,2.639,2.37,4061628000,139211000,3922417000,4061628000,0,54385000.0,0,0.0,0.0,185571000.0,239956000.0,0.418,239956000.0,185571000.0,119346000.0,0.415,0.415,0.415,2536078000,,2536078000,6318019378.0,,,-62746000.0,-0.313,1.0,220365000.0,0.384,356068000,66225000.0,10555268000,,203672000,1662862000,123060000,1539802000,6011524000,731018000,5280506000,2480114378.0,-10604000.0,59190000.0,0.0,-46291000.0,0.0,-47555000.0,36036000.0,25895000.0,-32798000.0,25989000.0,83024000.0,83024000.0,83024000.0,-13624000.0,0.0,0.145,103574000.0,116791000.0,143405000,0.0,0.978,,,3921222000,0.0,12.4,,,438105000,124284000,573623000.0,573623000.0,0.0,,,,,7322000.0,45746000.0,1.0,200009224.0,200160000.0,200956000.0,2.866,8197207000,15785000,36322000.0,144522000,40.953,1198200000
69,NRG,MRQ,2004-03-31,2004-03-31,2004-03-31,2021-08-05,-3176000,9141218000,,2164165000,6977053000,,12.227,-34728000.0,1007493000,1007493000,381753000.0,30235000.0,1.303,2.735,4845398000,993728000,3851670000,4845398000,0,59114000.0,0,0.0,0.0,107244000.0,166358000.0,0.277,166358000.0,107244000.0,44515000.0,0.15,0.15,0.15,2445855000,,2445855000,,,,315427000.0,1.577,1.0,218512000.0,0.364,413085000,62729000.0,10905342000,,182716000,1718958000,123666000,1595292000,6689833000,1660696000,5029137000,2220102386.0,280257000.0,0.0,0.0,-30884000.0,0.0,-38117000.0,-34478000.0,18440000.0,350155000.0,-401000.0,30235000.0,30235000.0,30235000.0,1211000.0,0.0,0.05,98764000.0,119748000.0,185617000,0.0,0.908,,,4319061000,0.0,11.1,,,719823000,41260000,600265000.0,600265000.0,0.0,,,,,0.0,36392000.0,1.0,200009224.0,200036000.0,200036000.0,3.001,8728133000,1028000,14280000.0,166411000,43.633,503469000
70,NRG,MRQ,2003-12-31,2003-12-31,2003-12-31,2021-08-05,21802000,9244987000,,2113839000,7131148000,,,,667290000,667290000,,,1.043,2.791,4688030000,1360248000,3327782000,4688030000,0,,0,,0.0,,,,,,,,,,2437256000,,2437256000,,,,,,1.0,,,432361000,,10807185000,,194926000,1183291000,65141000,1118150000,6802727000,2026181000,4776546000,,,,,,,,,,,,,,,,,,,,161738000,,,,,4012836000,,10.95,,,1533565000,11025000,,,,,,,,,,1.0,,,,,8812626000,1850000,,165588000,,87658000
0,NRG,MRT,2021-06-30,2021-06-30,2021-06-30,2021-08-05,-182000000,21619000000,16996750000.0,8624000000,12995000000,1.069,10.384,-257000000.0,376000000,376000000,13470000000.0,1072000000.0,1.244,7.498,12936000000,3007000000,9929000000,12936000000,0,586000000.0,0,0.031,1.25,1954000000.0,2540000000.0,0.14,2540000000.0,1954000000.0,1494000000.0,4.39,4.39,4.39,2544000000,1918750000.0,2544000000,21679584709.0,11.0,8.535,1265000000.0,5.163,1.0,4700000000.0,0.259,4714000000,460000000.0,22534000000,19033000000.0,365000000,6820000000,3975000000,2845000000,19075000000,6931000000,12144000000,9863584709.0,447000000.0,-3532000000.0,-8000000.0,2891000000.0,-306000000.0,2766000000.0,-3841000000.0,-43000000.0,1522000000.0,0.0,1072000000.0,1072000000.0,1072000000.0,0.0,0.0,0.059,2822000000.0,1878000000.0,2166000000,0.285,3.877,9.201,9.18,2323000000,0.0,40.3,0.543,0.543,2822000000,-567000000,18170000000.0,18170000000.0,3000000.0,0.063,0.559,0.103,0.108,20000000.0,1154000000.0,1.0,244753963.0,245000000.0,245000000.0,74.163,16905000000,2499000000,422000000.0,64000000,69.0,1693000000
1,NRG,MRT,2021-03-31,2021-03-31,2021-03-31,2021-08-05,-203000000,19241000000,14676250000.0,6552000000,12689000000,1.033,6.192,-227000000.0,519000000,519000000,11947000000.0,307000000.0,1.131,11.684,12335000000,2516000000,9819000000,12335000000,0,643000000.0,0,0.032,1.225,881000000.0,1524000000.0,0.1,1524000000.0,881000000.0,450000000.0,1.27,1.26,1.27,1517000000,1720250000.0,1517000000,15244074731.0,17.0,10.003,485000000.0,1.98,1.0,3218000000.0,0.212,4626000000,431000000.0,20636000000,17352750000.0,316000000,3895000000,1816000000,2079000000,17724000000,5795000000,11929000000,9232074731.0,-244000000.0,-3494000000.0,-57000000.0,3007000000.0,-301000000.0,2835000000.0,-3790000000.0,-55000000.0,712000000.0,-1000000.0,307000000.0,307000000.0,307000000.0,0.0,0.0,0.02,2413000000.0,805000000.0,2216000000,0.965,6.086,30.072,29.709,2640000000,0.0,37.73,0.609,0.61,3037000000,-1565000000,15165000000.0,15165000000.0,3000000.0,0.021,0.178,0.051,0.058,21000000.0,1032000000.0,1.0,244687907.0,245000000.0,245000000.0,61.898,14615000000,2719000000,143000000.0,30000000,59.653,757000000
2,NRG,MRT,2020-12-31,2020-12-31,2020-12-31,2021-08-05,-206000000,14902000000,13071500000.0,6028000000,8874000000,0.696,6.857,-230000000.0,3911000000,3911000000,6540000000.0,510000000.0,3.148,7.87,9923000000,569000000,9354000000,9923000000,0,435000000.0,0,0.032,1.2,1162000000.0,1597000000.0,0.176,1597000000.0,1162000000.0,761000000.0,2.08,2.07,2.08,1680000000,1725000000.0,1680000000,15441492317.0,13.0,9.669,1607000000.0,6.559,1.0,2553000000.0,0.281,1247000000,401000000.0,17752000000,16205750000.0,327000000,2057000000,560000000,1497000000,13222000000,1915000000,11307000000,9170492317.0,3545000000.0,-201000000.0,-228000000.0,2736000000.0,-295000000.0,2204000000.0,-494000000.0,-53000000.0,1837000000.0,-2000000.0,510000000.0,510000000.0,510000000.0,0.0,0.0,0.056,1448000000.0,1105000000.0,649000000,0.577,5.459,17.981,18.053,2848000000,0.0,37.55,1.009,1.012,904000000,-1403000000,9093000000.0,9093000000.0,8000000.0,0.039,0.296,0.072,0.128,22000000.0,933000000.0,1.0,244220834.0,245000000.0,246000000.0,37.114,13655000000,3066000000,251000000.0,19000000,55.735,4113000000
3,NRG,MRT,2020-09-30,2020-09-30,2020-09-30,2021-08-05,-190000000,12225000000,12478750000.0,3087000000,9138000000,0.742,7.926,-212000000.0,703000000,703000000,6579000000.0,4068000000.0,1.554,5.321,6974000000,567000000,6407000000,6974000000,0,430000000.0,0,0.03,0.93,1327000000.0,1757000000.0,0.19,1757000000.0,1327000000.0,939000000.0,15.76,15.65,15.76,1934000000,1719500000.0,1934000000,14449797448.0,11.0,8.224,1690000000.0,6.926,1.0,2682000000.0,0.29,1300000000,388000000.0,15210000000,15768000000.0,330000000,2097000000,578000000,1519000000,10291000000,1986000000,8305000000,7504797448.0,441000000.0,-259000000.0,-346000000.0,-329000000.0,-229000000.0,-917000000.0,-542000000.0,-55000000.0,1902000000.0,-2000000.0,4066000000.0,4066000000.0,4066000000.0,78000000.0,2000000.0,0.439,1352000000.0,1330000000.0,753000000,0.059,3.88,1.846,1.951,2918000000,0.0,30.74,0.81,0.81,1126000000,-1157000000,9261000000.0,9261000000.0,3000000.0,0.326,2.365,0.084,0.143,22000000.0,841000000.0,1.0,244137848.0,244000000.0,245000000.0,37.955,10925000000,3087000000,-3127000000.0,17000000,44.775,1101000000
4,NRG,MRT,2020-06-30,2020-06-30,2020-06-30,2021-08-05,-194000000,12337000000,11804250000.0,3076000000,9261000000,0.8,7.143,-237000000.0,426000000,426000000,6698000000.0,4191000000.0,1.426,6.05,7371000000,804000000,6567000000,7371000000,0,422000000.0,0,0.02,0.66,1364000000.0,1786000000.0,0.189,1786000000.0,1364000000.0,976000000.0,16.2,16.08,16.2,1750000000,843250000.0,1750000000,15373474674.0,11.0,8.608,1443000000.0,5.89,1.0,2750000000.0,0.291,1312000000,388000000.0,15813000000,15216000000.0,388000000,2396000000,791000000,1605000000,10587000000,2157000000,8430000000,7947474674.0,126000000.0,-414000000.0,-592000000.0,-93000000.0,-164000000.0,-861000000.0,-692000000.0,-54000000.0,1680000000.0,-1000000.0,4189000000.0,4189000000.0,4189000000.0,80000000.0,2000000.0,0.443,1273000000.0,1477000000.0,736000000,0.041,4.541,1.897,2.01,2962000000,0.0,32.56,0.841,0.844,1015000000,-1331000000,9448000000.0,9448000000.0,3000000.0,0.355,4.968,0.09,0.144,22000000.0,798000000.0,1.0,244087060.0,245000000.0,246000000.0,38.563,11025000000,3170000000,-3213000000.0,17000000,45.0,919000000
5,NRG,MRT,2020-03-31,2020-03-31,2020-03-31,2021-08-05,-207000000,12822000000,11012750000.0,3479000000,9343000000,0.879,6.194,-245000000.0,767000000,767000000,7109000000.0,4080000000.0,1.22,7.348,8193000000,1543000000,6650000000,8193000000,0,397000000.0,0,0.014,0.39,1159000000.0,1556000000.0,0.161,1556000000.0,1159000000.0,762000000.0,15.68,15.56,15.68,1536000000,-6250000.0,1536000000,13948122923.0,12.0,8.964,1467000000.0,5.915,1.0,2566000000.0,0.265,1348000000,397000000.0,16048000000,14527250000.0,372000000,2370000000,884000000,1486000000,11286000000,2852000000,8434000000,6751122923.0,-67000000.0,-446000000.0,-835000000.0,-128000000.0,-98000000.0,-1071000000.0,-708000000.0,-35000000.0,1712000000.0,0.0,4077000000.0,4077000000.0,4077000000.0,67000000.0,3000000.0,0.421,1253000000.0,1313000000.0,708000000,0.025,4.395,1.656,1.739,3019000000,0.0,27.26,0.698,0.699,915000000,-1570000000,9675000000.0,9675000000.0,5000000.0,0.37,-652.32,0.08,0.12,21000000.0,823000000.0,1.0,247656747.0,248000000.0,249000000.0,39.012,11474000000,3265000000,-3315000000.0,15000000,46.266,627000000
6,NRG,MRT,2019-12-31,2019-12-31,2019-12-31,2021-08-05,-192000000,12531000000,10189750000.0,3088000000,9443000000,0.964,6.328,-228000000.0,353000000,353000000,7303000000.0,4441000000.0,1.309,6.546,7550000000,942000000,6608000000,7550000000,0,373000000.0,0,0.003,0.12,1517000000.0,1890000000.0,0.192,1890000000.0,1517000000.0,1104000000.0,16.94,16.81,16.94,1658000000,-774750000.0,1658000000,17458873028.0,12.0,9.237,1185000000.0,4.523,1.0,2518000000.0,0.256,1368000000,413000000.0,16001000000,13887750000.0,383000000,2352000000,860000000,1492000000,10853000000,2359000000,8494000000,10000873028.0,-228000000.0,804000000.0,-1437000000.0,-716000000.0,-32000000.0,-2148000000.0,556000000.0,-35000000.0,1413000000.0,0.0,4438000000.0,4438000000.0,4438000000.0,-321000000.0,3000000.0,0.452,1228000000.0,1290000000.0,722000000,0.007,6.032,2.253,2.347,3057000000,0.0,39.75,1.018,1.06,1025000000,-1616000000,9821000000.0,9821000000.0,7000000.0,0.436,-5.728,0.109,0.154,20000000.0,827000000.0,1.0,251594290.0,262000000.0,264000000.0,37.485,11163000000,3286000000,-3334000000.0,17000000,42.607,729000000
7,NRG,MRT,2019-09-30,2019-09-30,2019-09-30,2021-08-05,-158000000,9527000000,9714000000.0,3187000000,6340000000,0.99,-6.185,-228000000.0,247000000,247000000,7245000000.0,1043000000.0,1.243,-7.052,7705000000,1043000000,6662000000,7705000000,0,318000000.0,0,0.003,0.12,1480000000.0,1798000000.0,0.187,1798000000.0,1480000000.0,1040000000.0,3.92,3.9,3.92,-1571000000,-1497750000.0,-1571000000,17333320404.0,12.0,9.64,979000000.0,3.854,1.0,2373000000.0,0.247,1419000000,440000000.0,13002000000,13383500000.0,364000000,2254000000,735000000,1519000000,11079000000,2564000000,8515000000,10018320404.0,-1073000000.0,745000000.0,-1563000000.0,-1188000000.0,-33000000.0,-2673000000.0,468000000.0,-30000000.0,1207000000.0,0.0,1043000000.0,1043000000.0,1043000000.0,-479000000.0,0.0,0.108,1243000000.0,1130000000.0,866000000,0.031,-6.377,9.605,10.102,3097000000,0.0,39.6,1.042,1.046,1376000000,-4991000000,9618000000.0,9618000000.0,7000000.0,0.107,-0.696,0.111,0.154,19000000.0,827000000.0,1.0,252987889.0,254000000.0,256000000.0,37.866,8108000000,53000000,-3000000.0,70000000,31.921,623000000
8,NRG,MRT,2019-06-30,2019-06-30,2019-06-30,2021-08-05,-99000000,9171000000,10194750000.0,3045000000,6126000000,0.94,-6.219,-213000000.0,305000000,305000000,7330000000.0,622000000.0,1.327,-6.553,7620000000,939000000,6681000000,7620000000,0,339000000.0,0,0.003,0.12,1061000000.0,1400000000.0,0.146,1400000000.0,1061000000.0,598000000.0,2.22,2.21,2.22,-1648000000,-1339000000.0,-1648000000,16440423299.0,15.0,11.743,1076000000.0,4.06,1.0,2252000000.0,0.235,1134000000,463000000.0,13058000000,13722250000.0,370000000,2407000000,850000000,1557000000,10800000000,2294000000,8506000000,9382423299.0,-541000000.0,2440000000.0,-1813000000.0,-2021000000.0,-34000000.0,-3732000000.0,2060000000.0,-34000000.0,1289000000.0,1000000.0,599000000.0,599000000.0,599000000.0,-145000000.0,23000000.0,0.063,1264000000.0,988000000.0,723000000,0.054,-5.693,15.663,15.82,3109000000,0.0,35.12,0.979,0.971,1049000000,-5355000000,9582000000.0,9582000000.0,7000000.0,0.059,-0.447,0.077,0.111,20000000.0,828000000.0,1.0,267153283.0,265000000.0,267000000.0,36.158,8037000000,55000000,-1000000.0,71000000,30.328,751000000
9,NRG,MRT,2019-03-31,2019-03-31,2019-03-31,2021-08-05,-96000000,9530000000,13638750000.0,3458000000,6072000000,0.702,-5.532,-282000000.0,874000000,874000000,7374000000.0,516000000.0,1.778,-7.185,7932000000,687000000,7245000000,7932000000,0,375000000.0,0,0.003,0.12,956000000.0,1331000000.0,0.139,1331000000.0,956000000.0,475000000.0,1.69,1.69,1.69,-1538000000,-1018500000.0,-1538000000,18854775924.0,20.0,14.166,654000000.0,2.353,1.0,2204000000.0,0.23,1153000000,481000000.0,13490000000,18554250000.0,391000000,2063000000,611000000,1452000000,11050000000,1945000000,9105000000,11936775924.0,-131000000.0,2197000000.0,-1924000000.0,-681000000.0,-35000000.0,-2296000000.0,1451000000.0,-34000000.0,936000000.0,1000000.0,470000000.0,470000000.0,470000000.0,-201000000.0,46000000.0,0.049,1362000000.0,842000000.0,697000000,0.071,-7.761,25.397,25.136,3167000000,0.0,42.48,1.246,1.233,898000000,-5548000000,9578000000.0,9578000000.0,8000000.0,0.034,-0.461,0.052,0.1,23000000.0,817000000.0,1.0,280997550.0,278000000.0,280000000.0,34.453,8377000000,45000000,5000000.0,62000000,30.133,1513000000
10,NRG,MRT,2018-12-31,2018-12-31,2018-12-31,2021-08-05,-94000000,10628000000,17194250000.0,3600000000,7028000000,0.551,-4.059,-388000000.0,580000000,580000000,7108000000.0,268000000.0,1.501,-9.597,7498000000,745000000,6753000000,7498000000,0,421000000.0,0,0.003,0.12,758000000.0,1179000000.0,0.124,1179000000.0,758000000.0,275000000.0,0.88,0.87,0.88,-1234000000,-667500000.0,-1234000000,18252228950.0,24.0,15.481,989000000.0,3.253,1.0,2370000000.0,0.25,1164000000,483000000.0,13984000000,23687750000.0,412000000,2156000000,764000000,1392000000,11843000000,2398000000,9445000000,11481228950.0,-473000000.0,954000000.0,-1229000000.0,-685000000.0,-37000000.0,-1526000000.0,-205000000.0,-59000000.0,1377000000.0,1000000.0,268000000.0,268000000.0,268000000.0,192000000.0,0.0,0.028,1388000000.0,982000000.0,863000000,0.136,-9.304,42.84,45.0,3048000000,0.0,39.6,1.211,1.27,1024000000,-6022000000,9478000000.0,9478000000.0,11000000.0,0.016,-0.401,0.032,0.08,25000000.0,799000000.0,1.0,289930024.0,304000000.0,308000000.0,31.178,9464000000,46000000,7000000.0,65000000,31.132,1202000000
11,NRG,MRT,2018-09-30,2018-09-30,2018-09-30,2021-08-05,-58000000,11450000000,20376000000.0,4285000000,7165000000,0.457,-3.13,-425000000.0,1387000000,1387000000,6809000000.0,-1375000000.0,1.574,-13.213,8158000000,1143000000,7015000000,8158000000,0,470000000.0,0,0.003,0.12,-797000000.0,-327000000.0,-0.035,-327000000.0,-797000000.0,-1283000000.0,-3.97,-3.98,-3.97,-936000000,-445500000.0,-936000000,26849256007.0,-34.0,-82.108,1516000000.0,5.07,1.0,2505000000.0,0.269,1141000000,486000000.0,14357000000,27184250000.0,408000000,2256000000,683000000,1573000000,12367000000,2723000000,9644000000,11348256007.0,-21000000.0,1204000000.0,-987000000.0,-686000000.0,-38000000.0,-1575000000.0,-276000000.0,-42000000.0,1941000000.0,10000000.0,-1255000000.0,-1255000000.0,-1255000000.0,466000000.0,-120000000.0,-0.135,2841000000.0,-336000000.0,838000000,-0.03,-12.124,-9.042,-9.421,3599000000,0.0,37.4,1.218,1.201,1316000000,-6001000000,9314000000.0,9314000000.0,13000000.0,-0.062,2.817,-0.029,-0.086,29000000.0,789000000.0,1.0,303429305.0,299000000.0,299000000.0,31.151,10309000000,11000000,-28000000.0,18000000,34.478,1562000000
12,NRG,MRT,2018-06-30,2018-06-30,2018-06-30,2021-08-05,-60000000,22947000000,23881000000.0,4753000000,18194000000,0.381,-1.181,6000000.0,1266000000,1266000000,6643000000.0,-1163000000.0,1.298,-56.85,16767000000,1661000000,15106000000,16767000000,0,331000000.0,0,0.013,0.39,-544000000.0,-213000000.0,-0.023,-213000000.0,-544000000.0,-1047000000.0,-3.19,-3.21,-3.19,-366000000,84250000.0,-366000000,25912006248.0,-48.0,-121.653,2055000000.0,6.629,1.0,2451000000.0,0.27,2399000000,503000000.0,32386000000,32404750000.0,485000000,3041000000,851000000,2190000000,20807000000,3663000000,17144000000,9667006248.0,163000000.0,264000000.0,-491000000.0,-519000000.0,-38000000.0,-706000000.0,-1256000000.0,-60000000.0,2049000000.0,7000000.0,-1012000000.0,-1012000000.0,-1012000000.0,152000000.0,-151000000.0,-0.111,2888000000.0,-437000000.0,1004000000,-0.122,-26.413,-9.552,-9.624,12774000000,0.0,30.7,1.063,1.047,1428000000,-5920000000,9094000000.0,9094000000.0,18000000.0,-0.042,-12.012,-0.017,-0.06,34000000.0,768000000.0,1.0,314886197.0,310000000.0,314000000.0,29.335,20548000000,126000000,-35000000.0,17000000,66.284,1090000000
13,NRG,MRT,2018-03-31,2018-03-31,2018-03-31,2021-08-05,-61000000,23752000000,24445500000.0,4557000000,19195000000,0.382,-0.421,-173000000.0,1171000000,1171000000,6595000000.0,-1901000000.0,1.229,-159.806,17416000000,1746000000,15670000000,17416000000,0,470000000.0,0,0.013,0.39,-1119000000.0,-649000000.0,-0.07,-649000000.0,-1119000000.0,-1746000000.0,-5.4,-5.42,-5.4,-134000000,431000000.0,-134000000,25354485606.0,-23.0,-39.067,1854000000.0,5.83,1.0,2739000000.0,0.293,2265000000,627000000.0,34024000000,33257500000.0,528000000,3060000000,1015000000,2045000000,21414000000,3708000000,17706000000,9697485606.0,515000000.0,524000000.0,-88000000.0,-809000000.0,-39000000.0,-999000000.0,-818000000.0,-13000000.0,2027000000.0,6000000.0,-1710000000.0,-1710000000.0,-1710000000.0,962000000.0,-191000000.0,-0.183,3050000000.0,-311000000.0,819000000,-0.072,-72.369,-5.671,-5.654,13911000000,0.0,30.53,1.039,1.04,976000000,-5982000000,9334000000.0,9334000000.0,33000000.0,-0.07,-3.968,-0.034,-0.12,33000000.0,789000000.0,1.0,317637917.0,318000000.0,322000000.0,29.352,21487000000,136000000,-36000000.0,20000000,67.569,849000000
14,NRG,MRT,2017-12-31,2017-12-31,2017-12-31,2021-08-05,-72000000,23355000000,25862500000.0,4437000000,18918000000,0.351,-1.091,-254000000.0,1049000000,1049000000,6886000000.0,-2337000000.0,1.323,-61.587,10064000000,741000000,9323000000,10064000000,0,596000000.0,0,0.014,0.39,-1640000000.0,-1044000000.0,-0.115,-1044000000.0,-1640000000.0,-2197000000.0,-6.79,-6.79,-6.79,-346000000,870750000.0,-346000000,24991958436.0,-15.0,-23.939,1356000000.0,4.278,1.0,2188000000.0,0.241,1046000000,557000000.0,27970000000,35030500000.0,453000000,1657000000,624000000,1033000000,21309000000,3354000000,17955000000,9017958436.0,226000000.0,509000000.0,-2000000.0,-766000000.0,-38000000.0,-1138000000.0,-639000000.0,-11000000.0,1610000000.0,-1000000.0,-2153000000.0,-2153000000.0,-2153000000.0,992000000.0,-184000000.0,-0.237,3016000000.0,-828000000.0,741000000,-0.057,-26.063,-4.189,-4.194,5974000000,0.0,28.48,0.994,0.995,1080000000,-6268000000,9074000000.0,9074000000.0,22000000.0,-0.083,-2.473,-0.047,-0.181,35000000.0,836000000.0,1.0,316641799.0,317000000.0,317000000.0,28.625,22309000000,6000000,-44000000.0,21000000,70.375,1083000000
15,NRG,MRT,2017-09-30,2017-09-30,2017-09-30,2021-08-05,-91000000,25470000000,27694250000.0,4760000000,20710000000,0.304,3.732,-57000000.0,1760000000,1760000000,6740000000.0,-1737000000.0,1.285,18.339,17734000000,1769000000,15965000000,17734000000,0,436000000.0,0,0.015,0.39,-1178000000.0,-742000000.0,-0.088,-742000000.0,-1178000000.0,-1654000000.0,-5.09,-5.1,-5.09,1183000000,1467500000.0,1183000000,24765229108.0,-21.0,-33.376,846000000.0,2.669,1.0,1670000000.0,0.199,2500000000,476000000.0,35239000000,37990500000.0,630000000,2494000000,475000000,2019000000,21695000000,3705000000,17990000000,8098229108.0,-52000000.0,427000000.0,0.0,-706000000.0,-38000000.0,-395000000.0,-924000000.0,-39000000.0,903000000.0,-3000000.0,-1605000000.0,-1605000000.0,-1605000000.0,988000000.0,-132000000.0,-0.191,2026000000.0,-356000000.0,911000000,-0.077,6.846,-5.046,-5.028,15332000000,0.0,25.59,0.963,0.965,1274000000,-4713000000,8410000000.0,8410000000.0,24000000.0,-0.058,-1.094,-0.031,-0.14,14000000.0,902000000.0,1.0,316460692.0,317000000.0,322000000.0,26.53,22970000000,205000000,-49000000.0,21000000,72.461,1055000000
16,NRG,MRT,2017-06-30,2017-06-30,2017-06-30,2021-08-05,-100000000,25205000000,29199500000.0,4469000000,20736000000,0.311,3.231,-644000000.0,1221000000,1221000000,7108000000.0,-1507000000.0,1.27,21.225,17888000000,1753000000,16135000000,17888000000,0,761000000.0,0,0.007,0.12,-822000000.0,-61000000.0,-0.007,-61000000.0,-822000000.0,-1396000000.0,-4.36,-4.36,-4.36,1021000000,1932250000.0,1021000000,23954935846.0,-29.0,-392.704,527000000.0,1.668,1.0,1983000000.0,0.218,2555000000,574000000.0,35797000000,39644000000.0,713000000,2643000000,644000000,1999000000,21671000000,3520000000,18151000000,5442935846.0,-168000000.0,129000000.0,1000000.0,-219000000.0,-38000000.0,-220000000.0,-832000000.0,-19000000.0,1171000000.0,-4000000.0,-1374000000.0,-1374000000.0,-1374000000.0,701000000.0,-133000000.0,-0.151,2256000000.0,-273000000.0,774000000,-0.028,5.331,-3.961,-3.95,15302000000,0.0,17.22,0.599,0.599,1162000000,-4874000000,9091000000.0,9091000000.0,39000000.0,-0.047,-0.711,-0.021,-0.09,10000000.0,989000000.0,1.0,316082221.0,316000000.0,316000000.0,28.769,22650000000,211000000,-22000000.0,20000000,71.677,949000000
17,NRG,MRT,2017-03-31,2017-03-31,2017-03-31,2021-08-05,-124000000,29420000000,30753750000.0,5440000000,23980000000,0.281,5.142,-501000000.0,1910000000,1910000000,6710000000.0,-1141000000.0,1.296,15.608,20422000000,2435000000,17987000000,20422000000,0,716000000.0,0,0.006,0.12,-456000000.0,260000000.0,0.03,260000000.0,-456000000.0,-1020000000.0,-2.99,-2.99,-2.99,1625000000,2307500000.0,1625000000,24093689770.0,-53.0,92.668,786000000.0,2.487,1.0,1928000000.0,0.223,2619000000,564000000.0,41116000000,41431500000.0,1140000000,2696000000,682000000,2014000000,25363000000,4197000000,21166000000,5908689770.0,-682000000.0,38000000.0,1000000.0,-659000000.0,-37000000.0,-657000000.0,-895000000.0,-65000000.0,1287000000.0,0.0,-1019000000.0,-941000000.0,-941000000.0,73000000.0,-122000000.0,-0.109,2386000000.0,-458000000.0,872000000,-0.04,3.636,-6.279,-6.254,17942000000,-78000000.0,18.7,0.684,0.684,974000000,-4238000000,8638000000.0,8638000000.0,39000000.0,-0.031,-0.408,-0.011,-0.053,10000000.0,1034000000.0,1.0,315972715.0,316000000.0,316000000.0,27.335,26801000000,223000000,-1000000.0,20000000,84.813,1243000000
18,NRG,MRT,2016-12-31,2016-12-31,2016-12-31,2021-08-05,-135000000,30682000000,31568750000.0,6714000000,23968000000,0.282,6.459,-544000000.0,1384000000,1384000000,6676000000.0,-891000000.0,1.428,12.832,17849000000,1608000000,16241000000,17849000000,0,772000000.0,0,0.019,0.235,-166000000.0,606000000.0,0.068,606000000.0,-166000000.0,-749000000.0,-2.22,-2.22,-2.22,2041000000,2582500000.0,2041000000,21635331143.0,-130.0,35.702,1364000000.0,4.316,1.0,2239000000.0,0.251,2635000000,583000000.0,39810000000,42341750000.0,721000000,2994000000,1067000000,1927000000,26190000000,4702000000,21488000000,3867331143.0,-182000000.0,149000000.0,1000000.0,-916000000.0,-76000000.0,-768000000.0,-757000000.0,-41000000.0,1908000000.0,1000000.0,-774000000.0,-701000000.0,-701000000.0,-65000000.0,-117000000.0,-0.079,2399000000.0,-160000000.0,813000000,-0.106,1.895,-5.517,-5.523,15369000000,-73000000.0,12.26,0.434,0.435,1058000000,-3787000000,8915000000.0,8915000000.0,48000000.0,-0.022,-0.271,-0.004,-0.019,10000000.0,1032000000.0,1.0,315442997.0,316000000.0,316000000.0,28.212,28047000000,225000000,25000000.0,20000000,88.756,2012000000
19,NRG,MRT,2016-09-30,2016-09-30,2016-09-30,2021-08-05,-142000000,31491000000,32118750000.0,7014000000,24477000000,0.298,9.627,-799000000.0,2915000000,2915000000,6526000000.0,-6194000000.0,1.631,8.54,20683000000,2190000000,18493000000,20683000000,0,1004000000.0,0,0.031,0.35,-3799000000.0,-2795000000.0,-0.292,-2795000000.0,-3799000000.0,-4639000000.0,-18.31,-18.31,-18.31,3042000000,2749000000.0,3042000000,22752290560.0,-6.0,-8.14,899000000.0,2.845,1.0,3037000000.0,0.318,3105000000,840000000.0,41853000000,43625250000.0,1017000000,2746000000,964000000,1782000000,25979000000,4301000000,21678000000,3534290560.0,-117000000.0,31000000.0,-83000000.0,-353000000.0,-115000000.0,-993000000.0,-551000000.0,-11000000.0,1698000000.0,-11000000.0,-6101000000.0,-6033000000.0,-6033000000.0,-47000000.0,-93000000.0,-0.631,6997000000.0,-3960000000.0,945000000,-0.019,1.162,-0.586,-0.612,18203000000,-68000000.0,11.21,0.37,0.37,1396000000,-2791000000,9563000000.0,9563000000.0,110000000.0,-0.188,-2.195,-0.087,-0.397,25000000.0,1145000000.0,1.0,315280157.0,316000000.0,317000000.0,30.263,28386000000,189000000,1462000000.0,47000000,89.829,2713000000
20,NRG,MRT,2016-06-30,2016-06-30,2016-06-30,2021-08-05,-203000000,31422000000,34243000000.0,6364000000,25058000000,0.309,8.006,-888000000.0,1802000000,1802000000,7128000000.0,-6520000000.0,1.41,10.42,21020000000,2588000000,18432000000,21020000000,0,1088000000.0,0,0.031,0.465,-4062000000.0,-2974000000.0,-0.281,-2974000000.0,-4062000000.0,-4956000000.0,-19.4,-19.4,-19.4,2522000000,4295000000.0,2522000000,24390471535.0,-6.0,-8.201,814000000.0,2.584,1.0,3448000000.0,0.326,3179000000,894000000.0,42947000000,45688500000.0,1124000000,3324000000,1470000000,1854000000,26278000000,4514000000,21764000000,4720471535.0,-539000000.0,-8000000.0,-251000000.0,-630000000.0,-156000000.0,-1391000000.0,-1138000000.0,-7000000.0,1702000000.0,4000000.0,-6437000000.0,-6374000000.0,-6374000000.0,218000000.0,-83000000.0,-0.603,7409000000.0,-3961000000.0,898000000,-0.024,1.872,-0.741,-0.773,18382000000,-63000000.0,14.99,0.446,0.446,1287000000,-3179000000,10576000000.0,10576000000.0,127000000.0,-0.186,-1.484,-0.089,-0.384,31000000.0,1195000000.0,1.0,314908041.0,315000000.0,315000000.0,33.575,28243000000,175000000,1481000000.0,42000000,89.66,1850000000
21,NRG,MRT,2016-03-31,2016-03-31,2016-03-31,2021-08-05,-195000000,32680000000,36478750000.0,7346000000,25334000000,0.322,8.651,-1056000000.0,2046000000,2046000000,8121000000.0,-6253000000.0,1.693,9.898,21716000000,2412000000,19304000000,21716000000,0,1269000000.0,0,0.045,0.58,-3821000000.0,-2552000000.0,-0.218,-2552000000.0,-3821000000.0,-4741000000.0,-18.85,-18.85,-18.85,2725000000,6009250000.0,2725000000,23842727317.0,-6.0,-9.343,587000000.0,1.863,1.0,3607000000.0,0.308,3255000000,920000000.0,44757000000,47649500000.0,1161000000,4093000000,2113000000,1980000000,26972000000,4338000000,22634000000,4096727317.0,-256000000.0,-244000000.0,-358000000.0,-767000000.0,-198000000.0,-736000000.0,-1401000000.0,4000000.0,1643000000.0,-14000000.0,-6180000000.0,-6200000000.0,-6200000000.0,105000000.0,-73000000.0,-0.529,7451000000.0,-3844000000.0,845000000,-0.031,1.503,-0.661,-0.69,18763000000,20000000.0,13.01,0.349,0.349,1053000000,-2977000000,11728000000.0,11728000000.0,146000000.0,-0.17,-1.032,-0.08,-0.326,36000000.0,1225000000.0,1.0,314890647.0,315000000.0,315000000.0,37.232,29425000000,185000000,1439000000.0,37000000,93.413,3008000000
22,NRG,MRT,2015-12-31,2015-12-31,2015-12-31,2021-08-05,-173000000,32882000000,38391250000.0,7391000000,25491000000,0.321,8.228,-1029000000.0,1932000000,1932000000,9000000000.0,-6436000000.0,1.689,10.017,21678000000,2202000000,19476000000,21678000000,0,1351000000.0,0,0.049,0.58,-4100000000.0,-2749000000.0,-0.223,-2749000000.0,-4100000000.0,-5037000000.0,-19.46,-19.46,-19.46,2707000000,7710250000.0,2707000000,23025855381.0,-6.0,-8.376,320000000.0,0.973,1.0,3328000000.0,0.27,3309000000,937000000.0,44944000000,49273250000.0,1252000000,3879000000,1915000000,1964000000,27117000000,4375000000,22742000000,3697855381.0,-349000000.0,-399000000.0,-436000000.0,-358000000.0,-201000000.0,-432000000.0,-1528000000.0,20000000.0,1349000000.0,10000000.0,-6382000000.0,-6402000000.0,-6402000000.0,105000000.0,-54000000.0,-0.519,7572000000.0,-4244000000.0,869000000,-0.03,1.366,-0.578,-0.605,18732000000,20000000.0,11.77,0.3,0.314,1157000000,-3007000000,12328000000.0,12328000000.0,154000000.0,-0.167,-0.83,-0.083,-0.333,39000000.0,1228000000.0,1.0,314176328.0,329000000.0,329000000.0,37.471,29573000000,167000000,1345000000.0,19000000,89.888,3016000000
23,NRG,MRT,2015-09-30,2015-09-30,2015-09-30,2021-08-05,-188000000,39988000000,40287250000.0,8073000000,31915000000,0.394,27.873,-1123000000.0,2762000000,2762000000,11506000000.0,19000000.0,1.862,3.015,22090000000,1873000000,20217000000,22090000000,0,1600000000.0,0,0.039,0.575,1244000000.0,2844000000.0,0.179,2844000000.0,1244000000.0,79000000.0,-0.04,-0.04,-0.04,9226000000,9474000000.0,9226000000,24788231368.0,20.0,8.716,665000000.0,2.009,1.0,4349000000.0,0.274,4874000000,1165000000.0,50106000000,50677250000.0,1149000000,3783000000,1580000000,2203000000,27821000000,4336000000,23485000000,4910231368.0,312000000.0,-457000000.0,-385000000.0,-644000000.0,-208000000.0,-302000000.0,-1177000000.0,6000000.0,1788000000.0,3000000.0,51000000.0,-13000000.0,-13000000.0,0.0,-32000000.0,-0.001,3209000000.0,1140000000.0,1173000000,-14.375,0.532,-377.71,-371.25,21985000000,64000000.0,14.85,0.31,0.31,1518000000,3358000000,15855000000.0,15855000000.0,135000000.0,0.0,-0.001,0.025,0.078,47000000.0,1167000000.0,1.0,330655311.0,331000000.0,332000000.0,47.9,35114000000,1596000000,28000000.0,20000000,106.085,3737000000
24,NRG,MRT,2015-06-30,2015-06-30,2015-06-30,2021-08-05,-170000000,40365000000,40307500000.0,8010000000,32355000000,0.397,28.165,-985000000.0,2579000000,2579000000,11742000000.0,134000000.0,1.792,2.987,22457000000,2274000000,20183000000,22457000000,0,1593000000.0,0,0.025,0.57,1377000000.0,2970000000.0,0.186,2970000000.0,1377000000.0,223000000.0,0.27,0.26,0.27,9379000000,9652000000.0,9379000000,28072355510.0,20.0,9.452,613000000.0,1.841,1.0,4248000000.0,0.266,4983000000,1154000000.0,50791000000,50742250000.0,1153000000,4014000000,1805000000,2209000000,28019000000,4469000000,23550000000,7630355510.0,665000000.0,-1456000000.0,-211000000.0,-183000000.0,-207000000.0,1060000000.0,-2010000000.0,21000000.0,1598000000.0,17000000.0,153000000.0,92000000.0,92000000.0,0.0,-19000000.0,0.006,2938000000.0,1310000000.0,1080000000,2.111,0.814,82.939,84.741,22304000000,61000000.0,22.88,0.477,0.476,1432000000,3346000000,15990000000.0,15990000000.0,119000000.0,0.002,0.01,0.027,0.086,42000000.0,1098000000.0,1.0,333494559.0,333000000.0,333000000.0,48.018,35382000000,1647000000,70000000.0,18000000,106.252,3541000000
25,NRG,MRT,2015-03-31,2015-03-31,2015-03-31,2021-08-05,-191000000,40330000000,39623500000.0,8122000000,32208000000,0.409,28.36,-924000000.0,2607000000,2607000000,12134000000.0,63000000.0,1.801,3.006,23049000000,2349000000,20700000000,23049000000,0,1583000000.0,0,0.022,0.565,1196000000.0,2779000000.0,0.171,2779000000.0,1196000000.0,31000000.0,0.03,0.02,0.03,9529000000,9761500000.0,9529000000,28799543373.0,24.0,10.363,455000000.0,1.354,1.0,4077000000.0,0.251,5011000000,1165000000.0,51252000000,50208000000.0,1109000000,4045000000,2029000000,2016000000,28641000000,4509000000,24132000000,8506543373.0,-1023000000.0,-2740000000.0,-99000000.0,222000000.0,-206000000.0,889000000.0,-3297000000.0,18000000.0,1379000000.0,6000000.0,70000000.0,11000000.0,11000000.0,0.0,-7000000.0,0.001,2910000000.0,1167000000.0,1045000000,18.833,0.893,773.322,839.667,22276000000,59000000.0,25.19,0.525,0.522,1247000000,3413000000,16211000000.0,16211000000.0,103000000.0,0.0,0.001,0.024,0.074,45000000.0,1059000000.0,1.0,337695251.0,336000000.0,336000000.0,48.247,35319000000,1672000000,-39000000.0,20000000,105.116,3613000000
26,NRG,MRT,2014-12-31,2014-12-31,2014-12-31,2021-08-05,-174000000,40466000000,38281250000.0,8408000000,32058000000,0.415,29.228,-909000000.0,2573000000,2573000000,11808000000.0,132000000.0,1.73,2.917,22667000000,2528000000,20139000000,22667000000,0,1523000000.0,0,0.02,0.54,1256000000.0,2779000000.0,0.175,2779000000.0,1256000000.0,137000000.0,0.23,0.23,0.23,9762000000,9756750000.0,9762000000,29284027659.0,23.0,10.538,601000000.0,1.799,1.0,4060000000.0,0.256,5141000000,1119000000.0,50560000000,48207750000.0,1247000000,4333000000,2425000000,1908000000,28480000000,4859000000,23621000000,9112027659.0,-138000000.0,-2836000000.0,-18000000.0,736000000.0,-196000000.0,1265000000.0,-2903000000.0,6000000.0,1510000000.0,-10000000.0,134000000.0,78000000.0,78000000.0,0.0,-2000000.0,0.005,2789000000.0,1271000000.0,1060000000,2.348,0.933,116.821,117.174,22367000000,56000000.0,26.95,0.574,0.567,1457000000,3588000000,15868000000.0,15868000000.0,88000000.0,0.002,0.008,0.026,0.079,42000000.0,1016000000.0,1.0,338108633.0,334000000.0,339000000.0,47.509,35325000000,1580000000,3000000.0,21000000,105.763,3549000000
27,NRG,MRT,2014-09-30,2014-09-30,2014-09-30,2021-08-05,-5000000,40069000000,36640250000.0,7872000000,32197000000,0.395,29.402,-1081000000.0,2292000000,2292000000,10796000000.0,-255000000.0,1.733,2.828,22464000000,2219000000,20245000000,22464000000,0,1405000000.0,0,0.017,0.52,450000000.0,1855000000.0,0.128,1855000000.0,450000000.0,-577000000.0,-0.91,-0.92,-0.91,9938000000,9716750000.0,9938000000,29614414181.0,66.0,15.965,480000000.0,1.42,1.0,3675000000.0,0.254,5332000000,1027000000.0,50366000000,46097250000.0,1051000000,3270000000,1397000000,1873000000,28102000000,4543000000,23559000000,10293414181.0,-176000000.0,-2886000000.0,17000000.0,1239000000.0,-181000000.0,1717000000.0,-3455000000.0,19000000.0,1561000000.0,1000000.0,-282000000.0,-291000000.0,-291000000.0,0.0,27000000.0,-0.02,3062000000.0,613000000.0,1098000000,-0.571,1.036,-35.373,-33.495,22181000000,9000000.0,30.48,0.711,0.712,2168000000,3564000000,14471000000.0,14471000000.0,83000000.0,-0.008,-0.03,0.01,0.031,38000000.0,962000000.0,1.0,337710439.0,338000000.0,343000000.0,42.814,34737000000,1555000000,-295000000.0,24000000,102.772,3329000000
28,NRG,MRT,2014-06-30,2014-06-30,2014-06-30,2021-08-05,5000000,37629000000,35338750000.0,7757000000,29872000000,0.379,29.131,-1213000000.0,1767000000,1767000000,9891000000.0,-299000000.0,1.634,2.69,21088000000,2569000000,18519000000,21088000000,0,1357000000.0,0,0.013,0.5,420000000.0,1777000000.0,0.133,1777000000.0,420000000.0,-555000000.0,-1.04,-1.04,-1.04,9817000000,9744250000.0,9817000000,28398351734.0,68.0,15.981,505000000.0,1.499,1.0,3501000000.0,0.261,3550000000,975000000.0,48654000000,44280750000.0,996000000,3640000000,1701000000,1939000000,26403000000,4746000000,21657000000,12545351734.0,113000000.0,-2204000000.0,15000000.0,1095000000.0,-172000000.0,1325000000.0,-2906000000.0,-5000000.0,1718000000.0,-24000000.0,-331000000.0,-340000000.0,-340000000.0,0.0,32000000.0,-0.025,2910000000.0,591000000.0,1103000000,-0.481,1.278,-36.898,-35.769,21576000000,9000000.0,37.2,0.937,0.936,2096000000,3445000000,13392000000.0,13392000000.0,85000000.0,-0.01,-0.035,0.009,0.031,38000000.0,917000000.0,1.0,337240638.0,337000000.0,337000000.0,39.739,34079000000,1579000000,-224000000.0,71000000,101.125,3011000000
29,NRG,MRT,2014-03-31,2014-03-31,2014-03-31,2021-08-05,10000000,34961000000,34554500000.0,8383000000,26578000000,0.368,29.352,-1411000000.0,3396000000,3396000000,9114000000.0,-88000000.0,1.984,2.557,19249000000,2189000000,17060000000,19249000000,0,1284000000.0,0,0.015,0.48,636000000.0,1920000000.0,0.151,1920000000.0,636000000.0,-271000000.0,-0.37,-0.37,-0.37,9510000000,9724000000.0,9510000000,25886906292.0,41.0,13.483,374000000.0,1.154,1.0,3586000000.0,0.282,3338000000,907000000.0,43251000000,43099750000.0,781000000,2994000000,1573000000,1421000000,24318000000,4225000000,20093000000,10341906292.0,1480000000.0,-604000000.0,13000000.0,998000000.0,-164000000.0,1263000000.0,-1568000000.0,-22000000.0,1785000000.0,0.0,-110000000.0,-119000000.0,-119000000.0,0.0,22000000.0,-0.009,2797000000.0,789000000.0,1082000000,-1.297,1.087,-86.907,-85.946,19644000000,9000000.0,31.8,0.814,0.811,1265000000,3594000000,12700000000.0,12700000000.0,85000000.0,-0.003,-0.012,0.015,0.05,28000000.0,890000000.0,1.0,325217179.0,324000000.0,324000000.0,39.198,31623000000,1494000000,-161000000.0,24000000,97.602,4158000000
30,NRG,MRT,2013-12-31,2013-12-31,2013-12-31,2021-08-05,5000000,33902000000,34657000000.0,7596000000,26306000000,0.326,29.728,-1987000000.0,2522000000,2522000000,8130000000.0,-352000000.0,1.807,2.414,18067000000,2105000000,15962000000,18067000000,0,1256000000.0,0,0.016,0.45,180000000.0,1436000000.0,0.127,1436000000.0,180000000.0,-668000000.0,-1.22,-1.22,-1.22,9602000000,9759000000.0,9602000000,25001514987.0,139.0,17.411,-717000000.0,-2.22,1.0,3165000000.0,0.28,3125000000,848000000.0,42118000000,43434750000.0,898000000,2716000000,1328000000,1388000000,23184000000,4204000000,18980000000,9288514987.0,167000000.0,-481000000.0,-9000000.0,842000000.0,-154000000.0,1427000000.0,-2528000000.0,-37000000.0,1270000000.0,-2000000.0,-386000000.0,-395000000.0,-395000000.0,0.0,34000000.0,-0.035,2822000000.0,343000000.0,1038000000,-0.369,0.967,-23.515,-23.541,19851000000,9000000.0,28.72,0.822,0.821,1753000000,3695000000,11295000000.0,11295000000.0,84000000.0,-0.011,-0.04,0.004,0.016,38000000.0,895000000.0,1.0,323416260.0,323000000.0,323000000.0,34.969,30777000000,1460000000,-282000000.0,22000000,95.285,3392000000
31,NRG,MRT,2013-09-30,2013-09-30,2013-09-30,2021-08-05,-129000000,34863000000,34927250000.0,7249000000,27614000000,0.302,31.108,-2503000000.0,2436000000,2436000000,7657000000.0,192000000.0,1.654,2.362,18149000000,1975000000,16174000000,18149000000,0,1194000000.0,0,0.015,0.42,823000000.0,2017000000.0,0.191,2017000000.0,823000000.0,27000000.0,0.77,0.76,0.77,10048000000,9796250000.0,10048000000,25748632297.0,31.0,12.766,-1589000000.0,-4.92,1.0,2906000000.0,0.275,3094000000,796000000.0,43100000000,43707000000.0,861000000,3121000000,1389000000,1732000000,23733000000,4382000000,19351000000,8825632297.0,519000000.0,556000000.0,-11000000.0,1043000000.0,-135000000.0,1571000000.0,-1964000000.0,-61000000.0,914000000.0,-2000000.0,163000000.0,154000000.0,154000000.0,0.0,29000000.0,0.015,2321000000.0,585000000.0,1140000000,0.545,0.878,57.309,35.494,20600000000,9000000.0,27.33,0.836,0.836,1711000000,4272000000,10563000000.0,10563000000.0,79000000.0,0.004,0.016,0.019,0.078,46000000.0,864000000.0,1.0,322928368.0,323000000.0,327000000.0,32.703,31769000000,1499000000,-136000000.0,162000000,98.356,2867000000
32,NRG,MRT,2013-06-30,2013-06-30,2013-06-30,2021-08-05,-118000000,34492000000,33016500000.0,6943000000,27549000000,0.285,30.142,-3084000000.0,1635000000,1635000000,7024000000.0,62000000.0,1.574,2.459,18558000000,2249000000,16309000000,18558000000,0,1106000000.0,0,0.015,0.39,365000000.0,1471000000.0,0.156,1471000000.0,365000000.0,-366000000.0,0.4,0.39,0.4,9736000000,9135500000.0,9736000000,26122417104.0,72.0,17.758,-2598000000.0,-8.043,1.0,2380000000.0,0.253,3074000000,731000000.0,43930000000,40903750000.0,874000000,3652000000,1853000000,1799000000,23940000000,4411000000,19529000000,8610417104.0,219000000.0,975000000.0,-16000000.0,1732000000.0,-118000000.0,1820000000.0,-2082000000.0,-60000000.0,486000000.0,-5000000.0,43000000.0,34000000.0,34000000.0,0.0,19000000.0,0.004,2236000000.0,144000000.0,1196000000,0.975,0.884,253.248,66.75,20454000000,9000000.0,26.7,0.916,0.917,1635000000,4179000000,9404000000.0,9404000000.0,79000000.0,0.001,0.004,0.009,0.039,47000000.0,875000000.0,1.0,322487532.0,323000000.0,327000000.0,29.115,31418000000,1654000000,-409000000.0,47000000,97.269,2532000000
33,NRG,MRT,2013-03-31,2013-03-31,2013-03-31,2021-08-05,-136000000,35371000000,31357500000.0,8031000000,27340000000,0.276,29.876,-3570000000.0,1928000000,1928000000,6310000000.0,190000000.0,1.556,2.583,19440000000,3049000000,16391000000,19440000000,0,1027000000.0,0,0.01,0.27,503000000.0,1530000000.0,0.177,1530000000.0,503000000.0,-189000000.0,1.12,1.1,1.12,9650000000,8569750000.0,9650000000,24617664135.0,49.0,16.09,-2469000000.0,-7.644,1.0,2331000000.0,0.27,3130000000,692000000.0,44591000000,37963500000.0,904000000,4631000000,2805000000,1826000000,24926000000,5162000000,19764000000,8560664135.0,693000000.0,996000000.0,-19000000.0,2036000000.0,-79000000.0,2152000000.0,-2555000000.0,-66000000.0,1101000000.0,-5000000.0,170000000.0,161000000.0,161000000.0,0.0,20000000.0,0.019,2077000000.0,254000000.0,1054000000,0.241,0.887,53.172,23.652,20404000000,9000000.0,26.49,0.991,0.99,982000000,4124000000,8641000000.0,8641000000.0,73000000.0,0.005,0.019,0.013,0.058,59000000.0,828000000.0,1.0,323165879.0,323000000.0,323000000.0,26.752,32241000000,1563000000,-359000000.0,53000000,99.817,2869000000
34,NRG,MRT,2012-12-31,2012-12-31,2012-12-31,2021-08-05,-150000000,34983000000,29647250000.0,7972000000,27011000000,0.284,42.03,-3396000000.0,2304000000,2304000000,6140000000.0,315000000.0,1.707,2.509,18364000000,2128000000,16236000000,18364000000,0,950000000.0,0,0.008,0.18,629000000.0,1579000000.0,0.187,1579000000.0,629000000.0,-32000000.0,1.23,1.22,1.23,9751000000,7983000000.0,9751000000,17766566537.0,28.0,11.252,-2247000000.0,-9.685,1.0,2282000000.0,0.271,3166000000,661000000.0,43207000000,35051000000.0,903000000,4534000000,2644000000,1890000000,24465000000,4670000000,19795000000,5248566537.0,982000000.0,1014000000.0,0.0,1905000000.0,-50000000.0,2099000000.0,-2262000000.0,-61000000.0,1149000000.0,-4000000.0,295000000.0,286000000.0,286000000.0,0.0,20000000.0,0.034,1932000000.0,350000000.0,1172000000,0.146,0.538,18.352,18.691,20153000000,9000000.0,22.99,0.623,0.633,1119000000,4230000000,8422000000.0,8422000000.0,68000000.0,0.01,0.036,0.018,0.075,41000000.0,807000000.0,1.0,228297805.0,232000000.0,234000000.0,36.302,31817000000,1259000000,-327000000.0,55000000,137.142,3302000000
35,NRG,MRT,2012-09-30,2012-09-30,2012-09-30,2021-08-05,-68000000,27220000000,27626500000.0,6383000000,20837000000,0.307,32.478,-3429000000.0,1847000000,1847000000,6420000000.0,-48000000.0,1.336,2.577,14365000000,2836000000,11529000000,14365000000,0,934000000.0,0,0.004,0.09,316000000.0,1250000000.0,0.147,1250000000.0,316000000.0,-340000000.0,-0.29,-0.29,-0.29,7405000000,7416750000.0,7405000000,18026609791.0,57.0,14.421,-1873000000.0,-8.215,1.0,2071000000.0,0.244,3074000000,656000000.0,31887000000,31913500000.0,393000000,4182000000,2677000000,1505000000,19081000000,4777000000,14304000000,4873609791.0,483000000.0,16000000.0,-52000000.0,2027000000.0,-30000000.0,2145000000.0,-3215000000.0,-63000000.0,1556000000.0,-3000000.0,-66000000.0,-75000000.0,-75000000.0,0.0,18000000.0,-0.009,1749000000.0,322000000.0,1246000000,-0.31,0.658,-64.981,-73.759,15866000000,9000000.0,21.39,0.574,0.574,1075000000,4002000000,8491000000.0,8491000000.0,77000000.0,-0.003,-0.01,0.01,0.037,41000000.0,720000000.0,1.0,227845245.0,228000000.0,228000000.0,37.241,24146000000,0,-274000000.0,1107000000,105.904,1606000000
36,NRG,MRT,2012-06-30,2012-06-30,2012-06-30,2021-08-05,-17000000,27856000000,27011500000.0,7255000000,20601000000,0.327,32.776,-3064000000.0,1357000000,1357000000,6733000000.0,-111000000.0,1.273,2.637,14510000000,3305000000,11205000000,14510000000,0,933000000.0,0,0.0,0.0,296000000.0,1229000000.0,0.139,1229000000.0,296000000.0,-361000000.0,-0.52,-0.52,-0.52,7473000000,7508000000.0,7473000000,18475209530.0,62.0,15.033,-1622000000.0,-7.114,1.0,2101000000.0,0.238,3142000000,657000000.0,32169000000,30832500000.0,416000000,5419000000,3670000000,1749000000,19704000000,5698000000,14006000000,3953209530.0,-790000000.0,-368000000.0,-298000000.0,1560000000.0,-14000000.0,1316000000.0,-3543000000.0,-53000000.0,1442000000.0,-5000000.0,-120000000.0,-129000000.0,-129000000.0,0.0,9000000.0,-0.015,1822000000.0,279000000.0,1350000000,0.0,0.529,-30.645,-33.385,15318000000,9000000.0,17.36,0.447,0.448,1000000000,4026000000,8834000000.0,8834000000.0,64000000.0,-0.005,-0.017,0.01,0.034,32000000.0,665000000.0,1.0,227719443.0,228000000.0,229000000.0,38.746,24714000000,0,-241000000.0,1262000000,108.395,1557000000
37,NRG,MRT,2012-03-31,2012-03-31,2012-03-31,2021-08-05,71000000,28530000000,26381500000.0,8458000000,20072000000,0.339,32.031,-2730000000.0,1231000000,1231000000,7004000000.0,251000000.0,1.228,2.827,15753000000,4895000000,10858000000,15753000000,0,921000000.0,0,0.0,0.0,49000000.0,970000000.0,0.108,970000000.0,49000000.0,-608000000.0,0.93,0.93,0.93,7303000000,7682250000.0,7303000000,16217825830.0,331.0,16.719,-1856000000.0,-8.14,1.0,1942000000.0,0.217,3226000000,657000000.0,32941000000,29539000000.0,392000000,7268000000,5150000000,2118000000,20648000000,6885000000,13763000000,3567825830.0,-1697000000.0,-436000000.0,-298000000.0,1187000000.0,-11000000.0,792000000.0,-3362000000.0,-25000000.0,874000000.0,-1000000.0,250000000.0,241000000.0,241000000.0,0.0,1000000.0,0.027,1791000000.0,151000000.0,1080000000,0.0,0.489,14.804,16.849,14376000000,9000000.0,15.67,0.399,0.399,716000000,3777000000,8946000000.0,8946000000.0,61000000.0,0.009,0.031,0.002,0.005,28000000.0,649000000.0,1.0,227685120.0,228000000.0,228000000.0,39.237,25304000000,0,-858000000.0,1392000000,110.982,1573000000
38,NRG,MRT,2011-12-31,2011-12-31,2011-12-31,2021-08-05,74000000,26900000000,25509750000.0,7749000000,19151000000,0.356,31.192,-2310000000.0,1397000000,1397000000,6745000000.0,197000000.0,1.322,2.536,14320000000,4116000000,10204000000,14320000000,0,896000000.0,0,0.0,0.0,19000000.0,915000000.0,0.101,915000000.0,19000000.0,-646000000.0,0.78,0.78,0.78,7486000000,7756750000.0,7486000000,14385010393.0,757.0,15.721,-1144000000.0,-4.767,1.0,2334000000.0,0.257,3305000000,665000000.0,30657000000,27809750000.0,308000000,6316000000,4427000000,1889000000,18982000000,5861000000,13121000000,4167010393.0,-1846000000.0,-436000000.0,-428000000.0,731000000.0,-9000000.0,33000000.0,-3047000000.0,-9000000.0,1166000000.0,2000000.0,197000000.0,188000000.0,188000000.0,0.0,0.0,0.021,1699000000.0,635000000.0,808000000,0.0,0.557,22.165,23.231,13621000000,9000000.0,18.12,0.459,0.479,834000000,3987000000,9079000000.0,9079000000.0,57000000.0,0.007,0.024,0.001,0.002,28000000.0,586000000.0,1.0,229967461.0,240000000.0,241000000.0,37.829,23595000000,0,-843000000.0,1516000000,98.312,1888000000
39,NRG,MRT,2011-09-30,2011-09-30,2011-09-30,2021-08-05,201000000,24760000000,25508750000.0,6338000000,18422000000,0.344,32.375,-1571000000.0,1568000000,1568000000,6255000000.0,291000000.0,1.586,2.134,11786000000,2170000000,9616000000,11786000000,0,883000000.0,0,0.0,0.0,149000000.0,1032000000.0,0.118,1032000000.0,149000000.0,-518000000.0,1.19,1.17,1.19,7770000000,7899000000.0,7770000000,13332952184.0,89.0,12.92,-421000000.0,-1.754,1.0,2508000000.0,0.286,3420000000,667000000.0,27563000000,27304000000.0,320000000,4423000000,2588000000,1835000000,16580000000,3995000000,12585000000,5116952184.0,-2320000000.0,-1199000000.0,-376000000.0,334000000.0,-16000000.0,-257000000.0,-3214000000.0,10000000.0,1150000000.0,1000000.0,291000000.0,282000000.0,282000000.0,0.0,0.0,0.032,1730000000.0,778000000.0,974000000,0.0,0.659,18.145,17.824,12843000000,9000000.0,21.21,0.584,0.581,1042000000,4099000000,8763000000.0,8763000000.0,51000000.0,0.011,0.036,0.005,0.017,44000000.0,636000000.0,1.0,241251871.0,240000000.0,240000000.0,36.513,21340000000,0,-809000000.0,1653000000,88.917,2343000000
40,NRG,MRT,2011-06-30,2011-06-30,2011-06-30,2021-08-05,305000000,25336000000,26173500000.0,6039000000,19297000000,0.335,33.621,-1215000000.0,2084000000,2084000000,6037000000.0,569000000.0,1.945,2.051,10300000000,90000000,10210000000,10300000000,0,855000000.0,0,0.0,0.0,600000000.0,1455000000.0,0.166,1455000000.0,600000000.0,-71000000.0,2.31,2.28,2.31,8170000000,8007500000.0,8170000000,13453977845.0,22.0,9.247,112000000.0,0.461,1.0,2737000000.0,0.312,3452000000,671000000.0,26995000000,27097500000.0,386000000,1401000000,0,1401000000,16760000000,3105000000,13655000000,5925977845.0,-229000000.0,-913000000.0,-260000000.0,-238000000.0,-9000000.0,730000000.0,-2297000000.0,6000000.0,1327000000.0,11000000.0,569000000.0,560000000.0,560000000.0,0.0,0.0,0.064,1548000000.0,1189000000.0,842000000,0.0,0.725,10.582,10.641,12283000000,9000000.0,24.58,0.675,0.681,1008000000,4156000000,8774000000.0,8774000000.0,54000000.0,0.021,0.07,0.022,0.068,44000000.0,639000000.0,1.0,241089416.0,243000000.0,244000000.0,36.107,21884000000,0,-640000000.0,1810000000,90.058,2934000000
41,NRG,MRT,2011-03-31,2011-03-31,2011-03-31,2021-08-05,363000000,25043000000,26115250000.0,6378000000,18665000000,0.33,30.773,-740000000.0,2724000000,2724000000,5758000000.0,158000000.0,2.127,2.262,10252000000,150000000,10102000000,10252000000,0,841000000.0,0,0.0,0.0,917000000.0,1758000000.0,0.204,1758000000.0,917000000.0,266000000.0,0.59,0.56,0.59,7601000000,7968250000.0,7601000000,12883937675.0,14.0,7.329,985000000.0,3.988,1.0,2871000000.0,0.333,3549000000,651000000.0,26024000000,26728750000.0,418000000,1364000000,0,1364000000,17194000000,2998000000,14196000000,5331937675.0,898000000.0,-986000000.0,-310000000.0,1070000000.0,-9000000.0,827000000.0,-1657000000.0,11000000.0,1725000000.0,3000000.0,159000000.0,150000000.0,150000000.0,0.0,-1000000.0,0.017,1507000000.0,1364000000.0,568000000,0.0,0.701,35.546,36.508,11579000000,9000000.0,21.54,0.618,0.617,687000000,3538000000,8629000000.0,8629000000.0,55000000.0,0.006,0.019,0.034,0.106,30000000.0,611000000.0,1.0,247536568.0,247000000.0,247000000.0,34.935,21494000000,0,107000000.0,1949000000,87.02,3380000000
42,NRG,MRT,2010-12-31,2010-12-31,2010-12-31,2021-08-05,432000000,26896000000,25999000000.0,7137000000,19759000000,0.34,31.964,-706000000.0,2959000000,2959000000,6073000000.0,476000000.0,1.691,2.306,12561000000,2148000000,10413000000,12561000000,0,838000000.0,0,0.0,0.0,1384000000.0,2222000000.0,0.251,2222000000.0,1384000000.0,754000000.0,1.86,1.84,1.86,8055000000,8070250000.0,8055000000,11884234226.0,9.0,5.348,917000000.0,3.639,1.0,2776000000.0,0.314,3644000000,630000000.0,28634000000,25969000000.0,453000000,4054000000,1964000000,2090000000,18576000000,4220000000,14356000000,4830234226.0,647000000.0,-986000000.0,-178000000.0,726000000.0,-9000000.0,651000000.0,-1623000000.0,5000000.0,1623000000.0,-4000000.0,477000000.0,468000000.0,468000000.0,0.0,-1000000.0,0.053,1468000000.0,1308000000.0,783000000,0.0,0.6,10.321,10.505,12517000000,9000000.0,19.54,0.546,0.556,734000000,3800000000,8849000000.0,8849000000.0,55000000.0,0.018,0.058,0.053,0.156,30000000.0,598000000.0,1.0,247197248.0,252000000.0,254000000.0,35.115,23252000000,0,277000000.0,2097000000,92.27,2917000000
43,NRG,MRT,2010-09-30,2010-09-30,2010-09-30,2021-08-05,571000000,27419000000,25119500000.0,8496000000,18923000000,0.365,32.556,-664000000.0,3466000000,3466000000,6225000000.0,524000000.0,1.896,2.31,10520000000,157000000,10363000000,10520000000,0,844000000.0,0,0.0,0.0,1537000000.0,2381000000.0,0.26,2381000000.0,1537000000.0,910000000.0,2.04,2.05,2.04,8204000000,7977750000.0,8204000000,12560308993.0,8.0,5.275,1303000000.0,5.171,1.0,2949000000.0,0.321,3254000000,627000000.0,26737000000,24368750000.0,463000000,1301000000,0,1301000000,18950000000,4482000000,14468000000,5271308993.0,1197000000.0,65000000.0,-427000000.0,305000000.0,0.0,32000000.0,-797000000.0,-293000000.0,1967000000.0,-5000000.0,525000000.0,512000000.0,512000000.0,0.0,-1000000.0,0.056,1479000000.0,1470000000.0,765000000,0.0,0.643,10.296,10.206,11844000000,13000000.0,20.82,0.575,0.572,904000000,3817000000,9174000000.0,9174000000.0,50000000.0,0.02,0.064,0.063,0.168,6000000.0,595000000.0,1.0,253184870.0,252000000.0,253000000.0,36.405,24165000000,0,385000000.0,2128000000,95.893,4014000000
44,NRG,MRT,2010-06-30,2010-06-30,2010-06-30,2021-08-05,476000000,25103000000,24753250000.0,6369000000,18734000000,0.38,31.424,-690000000.0,2181000000,2181000000,6283000000.0,579000000.0,1.804,2.1,9470000000,179000000,9291000000,9470000000,0,846000000.0,0,0.0,0.0,1679000000.0,2525000000.0,0.268,2525000000.0,1679000000.0,1042000000.0,2.25,2.2,2.25,8013000000,7881750000.0,8013000000,11593180840.0,7.0,4.591,1299000000.0,5.094,1.0,3122000000.0,0.332,3342000000,637000000.0,25520000000,23578500000.0,535000000,1188000000,0,1188000000,16825000000,3530000000,13295000000,5415180840.0,-114000000.0,55000000.0,-546000000.0,590000000.0,0.0,-1255000000.0,-839000000.0,-300000000.0,1989000000.0,-9000000.0,580000000.0,563000000.0,563000000.0,0.0,-1000000.0,0.06,1495000000.0,1627000000.0,690000000,0.0,0.676,9.618,9.427,11793000000,17000000.0,21.21,0.576,0.575,909000000,3596000000,9405000000.0,9405000000.0,48000000.0,0.023,0.071,0.071,0.179,13000000.0,605000000.0,1.0,255312628.0,255000000.0,256000000.0,36.882,21761000000,0,462000000.0,2012000000,85.337,2839000000
45,NRG,MRT,2010-03-31,2010-03-31,2010-03-31,2021-08-05,667000000,24578000000,25303750000.0,7142000000,17436000000,0.376,31.531,-686000000.0,1820000000,1820000000,6196000000.0,801000000.0,1.634,2.036,7998000000,152000000,7846000000,7998000000,0,851000000.0,0,0.0,0.0,1946000000.0,2797000000.0,0.294,2797000000.0,1946000000.0,1297000000.0,3.11,2.95,3.11,8009000000,7839250000.0,8009000000,11585671920.0,6.0,4.142,1395000000.0,5.492,1.0,3313000000.0,0.348,3399000000,649000000.0,22985000000,23019500000.0,549000000,1279000000,0,1279000000,16310000000,4372000000,11938000000,5473671920.0,625000000.0,-143000000.0,-496000000.0,38000000.0,0.0,-567000000.0,-889000000.0,-50000000.0,2081000000.0,0.0,802000000.0,781000000.0,781000000.0,0.0,-1000000.0,0.082,1511000000.0,1802000000.0,595000000,0.0,0.683,7.009,6.72,11627000000,21000000.0,20.9,0.576,0.558,700000000,3388000000,9509000000.0,9509000000.0,44000000.0,0.031,0.1,0.085,0.205,19000000.0,597000000.0,1.0,261898178.0,254000000.0,257000000.0,37.437,21179000000,0,495000000.0,2099000000,83.382,2770000000
46,NRG,MRT,2009-12-31,2009-12-31,2009-12-31,2021-08-05,416000000,23378000000,25208750000.0,6208000000,17170000000,0.355,31.24,-734000000.0,2306000000,2306000000,5323000000.0,941000000.0,1.65,2.008,8418000000,571000000,7847000000,8418000000,0,818000000.0,0,0.0,0.0,2304000000.0,3122000000.0,0.349,3122000000.0,2304000000.0,1670000000.0,3.7,3.44,3.7,7685000000,7702000000.0,7685000000,12543823573.0,5.0,4.018,1372000000.0,5.577,1.0,3629000000.0,0.405,3495000000,634000000.0,22233000000,22979000000.0,541000000,1312000000,32000000,1280000000,15434000000,3762000000,11672000000,6053823573.0,810000000.0,-143000000.0,-498000000.0,248000000.0,0.0,-343000000.0,-954000000.0,-48000000.0,2106000000.0,1000000.0,942000000.0,909000000.0,909000000.0,0.0,-1000000.0,0.102,1470000000.0,2159000000.0,697000000,0.0,0.788,6.66,6.381,11564000000,33000000.0,23.61,0.676,0.649,876000000,3332000000,8952000000.0,8952000000.0,48000000.0,0.036,0.118,0.1,0.257,26000000.0,550000000.0,1.0,256409300.0,246000000.0,271000000.0,36.39,19883000000,0,728000000.0,1980000000,80.825,2446000000
47,NRG,MRT,2009-09-30,2009-09-30,2009-09-30,2021-08-05,320000000,25954000000,25566250000.0,8211000000,17743000000,0.331,31.406,-810000000.0,2276000000,2276000000,4687000000.0,1179000000.0,1.577,2.286,8766000000,537000000,8229000000,8766000000,0,765000000.0,0,0.0,0.0,2620000000.0,3385000000.0,0.4,3385000000.0,2620000000.0,2004000000.0,4.66,4.3,4.66,7820000000,7559750000.0,7820000000,13924154148.0,5.0,4.113,863000000.0,3.466,1.0,3779000000.0,0.446,3660000000,616000000.0,23576000000,23007000000.0,533000000,1253000000,0,1253000000,17875000000,5208000000,12667000000,7478154148.0,767000000.0,-417000000.0,-248000000.0,563000000.0,0.0,159000000.0,-1067000000.0,210000000.0,1673000000.0,2000000.0,1180000000.0,1139000000.0,1139000000.0,0.0,-1000000.0,0.135,1339000000.0,2440000000.0,725000000,0.0,0.956,6.566,6.049,11610000000,41000000.0,28.19,0.883,0.829,1119000000,3305000000,8466000000.0,8466000000.0,51000000.0,0.045,0.151,0.114,0.309,25000000.0,494000000.0,1.0,265276841.0,249000000.0,272000000.0,34.0,22294000000,101000000,824000000.0,1572000000,89.534,3003000000
48,NRG,MRT,2009-06-30,2009-06-30,2009-06-30,2021-08-05,372000000,27305000000,24998500000.0,9332000000,17973000000,0.326,31.0,-864000000.0,2301000000,2301000000,3791000000.0,1679000000.0,1.406,2.448,8747000000,453000000,8294000000,8747000000,0,709000000.0,0,0.0,0.0,3420000000.0,4129000000.0,0.506,4129000000.0,3420000000.0,2840000000.0,6.83,6.09,6.83,7843000000,7190500000.0,7843000000,13629478903.0,4.0,3.301,901000000.0,3.561,1.0,4371000000.0,0.536,3829000000,580000000.0,23284000000,22720000000.0,530000000,1162000000,0,1162000000,19203000000,6638000000,12565000000,6886478903.0,1019000000.0,-411000000.0,-129000000.0,551000000.0,0.0,311000000.0,-1050000000.0,229000000.0,1765000000.0,-7000000.0,1680000000.0,1632000000.0,1632000000.0,0.0,-1000000.0,0.2,1171000000.0,3200000000.0,857000000,0.0,0.878,4.22,3.801,11609000000,48000000.0,25.96,0.844,0.805,1186000000,3033000000,8162000000.0,8162000000.0,52000000.0,0.065,0.227,0.151,0.419,25000000.0,387000000.0,1.0,265272685.0,253000000.0,275000000.0,32.261,23476000000,0,1160000000.0,1610000000,92.791,2694000000
49,NRG,MRT,2009-03-31,2009-03-31,2009-03-31,2021-08-05,466000000,24198000000,24869500000.0,7665000000,16533000000,0.291,31.477,-968000000.0,1205000000,1205000000,3560000000.0,1374000000.0,1.372,2.21,7948000000,263000000,7685000000,7948000000,0,657000000.0,0,0.0,0.0,2896000000.0,3553000000.0,0.491,3553000000.0,2896000000.0,2331000000.0,5.63,5.01,5.63,7460000000,6404250000.0,7460000000,10815683746.0,4.0,3.044,590000000.0,2.489,1.0,3681000000.0,0.508,2533000000,565000000.0,22823000000,22783250000.0,488000000,1183000000,0,1183000000,16484000000,5585000000,10899000000,4157683746.0,354000000.0,171000000.0,-123000000.0,-269000000.0,0.0,-447000000.0,-799000000.0,-26000000.0,1558000000.0,-7000000.0,1374000000.0,1319000000.0,1319000000.0,-168000000.0,0.0,0.182,1043000000.0,2638000000.0,358000000,0.0,0.557,3.152,3.126,11544000000,55000000.0,17.6,0.574,0.576,399000000,2607000000,7241000000.0,7241000000.0,47000000.0,0.053,0.206,0.127,0.4,26000000.0,339000000.0,1.0,236232031.0,237000000.0,275000000.0,30.553,21665000000,0,957000000.0,1721000000,91.414,2080000000
50,NRG,MRT,2008-12-31,2008-12-31,2008-12-31,2021-08-05,310000000,24808000000,24063500000.0,8492000000,16316000000,0.286,30.281,-899000000.0,1510000000,1510000000,3598000000.0,1225000000.0,1.29,2.451,8161000000,464000000,7697000000,8161000000,0,649000000.0,0,0.0,0.0,2521000000.0,3170000000.0,0.46,3170000000.0,2521000000.0,1938000000.0,4.98,4.43,4.98,7116000000,5847250000.0,7116000000,12102991689.0,5.0,3.818,580000000.0,2.468,1.0,3287000000.0,0.477,2533000000,583000000.0,22345000000,22637000000.0,455000000,1296000000,68000000,1228000000,17438000000,6581000000,10857000000,5436991689.0,362000000.0,171000000.0,-176000000.0,-214000000.0,0.0,-487000000.0,-672000000.0,-24000000.0,1479000000.0,-1000000.0,1225000000.0,1170000000.0,1170000000.0,-172000000.0,0.0,0.17,1014000000.0,2273000000.0,451000000,0.0,0.764,4.647,4.685,11545000000,55000000.0,23.33,0.79,0.796,464000000,2423000000,6885000000.0,6885000000.0,46000000.0,0.049,0.2,0.111,0.366,26000000.0,319000000.0,1.0,233047222.0,235000000.0,275000000.0,29.298,22275000000,0,713000000.0,1391000000,94.787,1911000000
51,NRG,MRT,2008-09-30,2008-09-30,2008-09-30,2021-08-05,-58000000,23683000000,22680000000.0,7439000000,16244000000,0.292,26.991,-821000000.0,1515000000,1515000000,3630000000.0,1045000000.0,1.401,2.694,8181000000,122000000,8059000000,8181000000,0,656000000.0,0,0.0,0.0,2249000000.0,2905000000.0,0.439,2905000000.0,2249000000.0,1625000000.0,4.22,3.73,4.22,6343000000,5444250000.0,6343000000,12745619073.0,6.0,4.387,806000000.0,3.43,1.0,2982000000.0,0.451,2611000000,624000000.0,22428000000,22435250000.0,456000000,761000000,0,761000000,17086000000,5310000000,11776000000,5840619073.0,346000000.0,297000000.0,-255000000.0,-529000000.0,0.0,-885000000.0,-427000000.0,-37000000.0,1627000000.0,-3000000.0,1045000000.0,990000000.0,990000000.0,-176000000.0,0.0,0.15,984000000.0,1998000000.0,367000000,0.0,0.921,5.9,5.865,11472000000,55000000.0,24.75,0.883,0.88,981000000,2194000000,6612000000.0,6612000000.0,22000000.0,0.044,0.182,0.1,0.34,21000000.0,308000000.0,1.0,235984609.0,235000000.0,277000000.0,28.136,21072000000,0,580000000.0,1099000000,89.668,2129000000
52,NRG,MRT,2008-06-30,2008-06-30,2008-06-30,2021-08-05,-1062000000,26789000000,21560250000.0,9780000000,17009000000,0.268,19.907,-685000000.0,1293000000,1293000000,3572000000.0,535000000.0,1.298,4.648,8198000000,130000000,8068000000,8198000000,0,661000000.0,0,0.0,0.0,1409000000.0,2070000000.0,0.359,2070000000.0,1409000000.0,758000000.0,2.03,1.85,2.03,4698000000,5264500000.0,4698000000,17479052813.0,12.0,8.444,809000000.0,3.428,1.0,2200000000.0,0.381,2625000000,651000000.0,23537000000,22412000000.0,454000000,831000000,0,831000000,21837000000,7532000000,14305000000,10121052813.0,492000000.0,302000000.0,-178000000.0,-538000000.0,0.0,-756000000.0,-277000000.0,-41000000.0,1494000000.0,7000000.0,535000000.0,480000000.0,480000000.0,-179000000.0,0.0,0.083,1027000000.0,1173000000.0,490000000,0.0,2.154,21.086,21.133,11430000000,55000000.0,42.9,1.753,1.754,1215000000,1424000000,5772000000.0,5772000000.0,58000000.0,0.022,0.091,0.063,0.244,19000000.0,311000000.0,1.0,235921977.0,236000000.0,236000000.0,24.458,24164000000,977000000,223000000.0,943000000,102.39,2248000000
53,NRG,MRT,2008-03-31,2008-03-31,2008-03-31,2021-08-05,-373000000,20974000000,19597000000.0,4964000000,16010000000,0.306,22.169,-538000000.0,873000000,873000000,3401000000.0,557000000.0,1.438,2.962,8231000000,130000000,8101000000,8231000000,0,662000000.0,0,0.0,0.0,1612000000.0,2274000000.0,0.38,2274000000.0,1612000000.0,933000000.0,2.11,1.88,2.11,5232000000,5423250000.0,5232000000,16418884263.0,10.0,7.22,933000000.0,3.953,1.0,2591000000.0,0.432,2641000000,679000000.0,22238000000,22117250000.0,454000000,816000000,0,816000000,15495000000,3453000000,12042000000,9218884263.0,202000000.0,59000000.0,-296000000.0,-543000000.0,0.0,-902000000.0,-347000000.0,-47000000.0,1471000000.0,6000000.0,557000000.0,502000000.0,502000000.0,-17000000.0,0.0,0.084,1048000000.0,1543000000.0,349000000,0.0,1.762,18.364,18.479,11279000000,55000000.0,38.99,1.539,1.536,985000000,1308000000,5992000000.0,5992000000.0,90000000.0,0.026,0.093,0.073,0.269,19000000.0,299000000.0,1.0,236442274.0,236000000.0,245000000.0,25.39,18333000000,325000000,376000000.0,884000000,77.682,1511000000
54,NRG,MRT,2007-12-31,2007-12-31,2007-12-31,2021-08-05,-115000000,19274000000,19031250000.0,3562000000,15712000000,0.315,22.933,-481000000.0,1161000000,1161000000,3378000000.0,573000000.0,1.564,2.457,8361000000,466000000,7895000000,8361000000,0,661000000.0,0,0.0,0.0,1652000000.0,2313000000.0,0.386,2313000000.0,1652000000.0,950000000.0,2.16,1.96,2.16,5504000000,5446750000.0,5504000000,17858243513.0,11.0,7.721,1036000000.0,4.317,1.0,2611000000.0,0.436,2659000000,702000000.0,21538000000,22144750000.0,451000000,1330000000,30000000,1300000000,13523000000,2277000000,11246000000,10343243513.0,355000000.0,59000000.0,-346000000.0,-408000000.0,0.0,-814000000.0,-327000000.0,-47000000.0,1517000000.0,4000000.0,573000000.0,518000000.0,518000000.0,-17000000.0,0.0,0.086,1051000000.0,1560000000.0,384000000,0.0,1.879,19.968,20.065,11320000000,55000000.0,43.34,1.727,1.737,482000000,1270000000,5989000000.0,5989000000.0,101000000.0,0.027,0.095,0.075,0.276,19000000.0,309000000.0,1.0,238653519.0,240000000.0,288000000.0,24.954,16615000000,124000000,377000000.0,843000000,69.229,1285000000
55,NRG,MRT,2007-09-30,2007-09-30,2007-09-30,2021-08-05,70000000,19204000000,19071750000.0,3349000000,15855000000,0.3,23.531,-371000000.0,1233000000,1233000000,3347000000.0,452000000.0,2.08,2.371,8748000000,129000000,8619000000,8748000000,0,600000000.0,0,0.0,0.0,1440000000.0,2040000000.0,0.357,2040000000.0,1440000000.0,750000000.0,1.7,1.55,1.7,5624000000,5485250000.0,5624000000,18030537781.0,13.0,8.838,-153000000.0,-0.64,1.0,2366000000.0,0.414,2774000000,690000000.0,22335000000,22376000000.0,424000000,782000000,0,782000000,13332000000,1610000000,11722000000,10142537781.0,-244000000.0,24000000.0,-703000000.0,771000000.0,0.0,-194000000.0,-249000000.0,-81000000.0,218000000.0,9000000.0,452000000.0,398000000.0,398000000.0,-28000000.0,0.0,0.07,1046000000.0,1320000000.0,356000000,0.0,1.803,25.484,24.876,11413000000,54000000.0,42.29,1.775,1.769,1026000000,1180000000,5713000000.0,5713000000.0,129000000.0,0.021,0.073,0.064,0.252,20000000.0,305000000.0,1.0,239833005.0,239000000.0,285000000.0,23.904,16430000000,75000000,298000000.0,824000000,68.745,1739000000
56,NRG,MRT,2007-06-30,2007-06-30,2007-06-30,2021-08-05,-15000000,18936000000,19201000000.0,2997000000,15939000000,0.306,22.221,-352000000.0,847000000,847000000,3404000000.0,606000000.0,1.822,2.504,8735000000,126000000,8609000000,8735000000,0,621000000.0,0,0.0,0.0,1672000000.0,2293000000.0,0.39,2293000000.0,1672000000.0,997000000.0,2.13,1.94,2.13,5333000000,5580500000.0,5333000000,18135112452.0,11.0,7.909,-162000000.0,-0.675,1.0,2479000000.0,0.421,2821000000,675000000.0,22358000000,22245250000.0,430000000,748000000,0,748000000,13355000000,1645000000,11710000000,10073112452.0,-180000000.0,240000000.0,-947000000.0,947000000.0,0.0,-313000000.0,-56000000.0,-83000000.0,190000000.0,5000000.0,606000000.0,551000000.0,551000000.0,-76000000.0,0.0,0.094,986000000.0,1493000000.0,383000000,0.0,1.889,18.282,19.516,11454000000,55000000.0,41.57,1.712,1.696,1038000000,925000000,5883000000.0,5883000000.0,89000000.0,0.029,0.099,0.075,0.284,19000000.0,297000000.0,1.0,242316874.0,240000000.0,288000000.0,24.512,16115000000,91000000,391000000.0,713000000,67.146,1352000000
57,NRG,MRT,2007-03-31,2007-03-31,2007-03-31,2021-08-05,9000000,18711000000,19327500000.0,2669000000,16042000000,0.303,21.828,-293000000.0,704000000,704000000,3396000000.0,660000000.0,1.702,2.467,8766000000,129000000,8637000000,8766000000,0,642000000.0,0,0.0,0.0,1692000000.0,2334000000.0,0.399,2334000000.0,1692000000.0,1038000000.0,2.26,2.06,2.26,5326000000,5711500000.0,5326000000,16751046971.0,10.0,7.177,-121000000.0,-0.496,1.0,2453000000.0,0.419,2857000000,654000000.0,22348000000,22116500000.0,400000000,718000000,0,718000000,13137000000,1568000000,11569000000,8813046971.0,-149000000.0,200000000.0,-835000000.0,937000000.0,0.0,-254000000.0,-86000000.0,-41000000.0,172000000.0,5000000.0,660000000.0,606000000.0,606000000.0,-71000000.0,0.0,0.104,977000000.0,1476000000.0,295000000,0.0,1.655,14.543,15.938,11521000000,54000000.0,36.02,1.507,1.503,885000000,790000000,5849000000.0,5849000000.0,53000000.0,0.031,0.106,0.077,0.289,18000000.0,309000000.0,1.0,244670932.0,244000000.0,271000000.0,23.971,15854000000,70000000,378000000.0,623000000,64.975,1101000000
58,NRG,MRT,2006-12-31,2006-12-31,2006-12-31,2021-08-05,282000000,19436000000,19526500000.0,3083000000,16353000000,0.286,21.93,-221000000.0,818000000,818000000,3265000000.0,621000000.0,1.517,2.391,8726000000,123000000,8603000000,8726000000,0,607000000.0,0,0.0,0.0,1533000000.0,2140000000.0,0.383,2140000000.0,1533000000.0,943000000.0,2.21,2.04,2.21,5658000000,5772500000.0,5658000000,13569069181.0,9.0,6.341,187000000.0,0.725,1.0,2320000000.0,0.415,2849000000,590000000.0,22463000000,21792500000.0,420000000,1202000000,27000000,1175000000,13531000000,2032000000,11499000000,7082069181.0,291000000.0,-4073000000.0,254000000.0,3858000000.0,0.0,4053000000.0,-4176000000.0,15000000.0,408000000.0,4000000.0,621000000.0,571000000.0,571000000.0,-78000000.0,0.0,0.102,902000000.0,1418000000.0,329000000,0.0,1.252,12.403,12.672,11546000000,50000000.0,28.005,1.268,1.294,369000000,739000000,5585000000.0,5585000000.0,36000000.0,0.029,0.099,0.07,0.274,14000000.0,276000000.0,1.0,252885884.0,258000000.0,301000000.0,21.647,16587000000,63000000,322000000.0,718000000,64.291,1051000000
59,NRG,MRT,2006-09-30,2006-09-30,2006-09-30,2021-08-05,169000000,19721000000,16534000000.0,3671000000,16050000000,0.312,22.077,-219000000.0,1462000000,1462000000,2938000000.0,715000000.0,2.045,2.243,7949000000,123000000,7826000000,7949000000,0,540000000.0,0,0.0,0.0,1513000000.0,2053000000.0,0.398,2053000000.0,1513000000.0,1057000000.0,2.6,2.36,2.6,6005000000,4915750000.0,6005000000,12947816193.0,9.0,6.307,1129000000.0,4.151,1.0,2226000000.0,0.431,2601000000,456000000.0,21812000000,18130500000.0,397000000,1118000000,0,1118000000,13468000000,1795000000,11673000000,6206816193.0,-266000000.0,-4102000000.0,690000000.0,2920000000.0,0.0,3715000000.0,-4180000000.0,37000000.0,1348000000.0,1000000.0,715000000.0,670000000.0,670000000.0,-55000000.0,0.0,0.13,739000000.0,1487000000.0,278000000,0.0,1.034,9.264,8.712,11686000000,45000000.0,22.65,1.202,1.193,433000000,782000000,5164000000.0,5164000000.0,9000000.0,0.041,0.136,0.083,0.293,17000000.0,250000000.0,1.0,274031620.0,272000000.0,317000000.0,18.985,17120000000,86000000,342000000.0,362000000,62.941,1876000000
60,NRG,MRT,2006-06-30,2006-06-30,2006-06-30,2021-08-05,136000000,19442000000,13552591750.0,2910000000,16532000000,0.288,21.376,-143000000.0,1015000000,1015000000,2546000000.0,266000000.0,1.785,2.277,7756000000,125000000,7631000000,7756000000,0,407000000.0,0,0.0,0.0,725000000.0,1132000000.0,0.29,1132000000.0,725000000.0,380000000.0,0.905,0.845,0.905,5857000000,3919292000.0,5857000000,13672508450.0,19.0,12.078,511000000.0,1.865,1.0,1363000000.0,0.349,2710000000,345000000.0,21843000000,14703887000.0,402000000,1113000000,0,1113000000,13338000000,1630000000,11708000000,6599508450.0,188000000.0,-4282000000.0,736000000.0,2625000000.0,0.0,3772000000.0,-4282000000.0,47000000.0,654000000.0,2000000.0,266000000.0,231000000.0,231000000.0,-14000000.0,0.0,0.059,603000000.0,760000000.0,340000000,0.0,1.127,28.569,26.619,11815000000,35000000.0,24.09,1.688,1.689,473000000,374000000,3909000000.0,3909000000.0,0.0,0.017,0.059,0.049,0.185,16000000.0,222000000.0,1.0,273952198.0,274000000.0,319000000.0,14.266,16732000000,42000000,114000000.0,152000000,61.066,1280000000
61,NRG,MRT,2006-03-31,2006-03-31,2006-03-31,2021-08-05,45000000,19507000000,10512507750.0,2457000000,17050000000,0.279,23.803,-130000000.0,885000000,885000000,2101000000.0,87000000.0,1.807,2.458,7958000000,136000000,7822000000,7958000000,0,272000000.0,0,0.0,0.0,362000000.0,634000000.0,0.216,634000000.0,362000000.0,122000000.0,0.33,0.325,0.33,5570000000,3105204750.0,5570000000,8306021936.0,23.0,13.101,216000000.0,0.923,1.0,828000000.0,0.283,4168000000,240000000.0,21052000000,11373129250.0,412000000,1098000000,0,1098000000,13690000000,1360000000,12330000000,6194021936.0,75000000.0,-4242000000.0,736000000.0,2642000000.0,0.0,3842000000.0,-4136000000.0,97000000.0,346000000.0,1000000.0,87000000.0,61000000.0,61000000.0,-14000000.0,0.0,0.021,435000000.0,393000000.0,346000000,0.0,1.112,101.541,68.515,11452000000,26000000.0,22.61,2.115,1.806,426000000,184000000,2929000000.0,2929000000.0,0.0,0.006,0.02,0.032,0.124,13000000.0,189000000.0,1.0,273950550.0,234000000.0,238000000.0,12.517,15339000000,30000000,35000000.0,800000000,65.551,1097000000
62,NRG,MRT,2005-12-31,2005-12-31,2005-12-31,2021-08-05,-205000000,7466000000,7459082250.0,2196000000,5270000000,0.322,13.201,-106000000.0,542000000,542000000,1829000000.0,84000000.0,1.618,2.236,2505000000,95000000,2410000000,2505000000,0,195000000.0,0,0.0,0.0,303000000.0,498000000.0,0.207,498000000.0,303000000.0,126000000.0,0.38,0.38,0.38,2231000000,2365227250.0,2231000000,6249194450.0,21.0,12.549,-38000000.0,-0.225,1.0,571000000.0,0.238,257000000,177000000.0,7815000000,8272256000.0,240000000,1330000000,24000000,1306000000,4988000000,1357000000,3631000000,3802640450.0,-569000000.0,31000000.0,-250000000.0,-756000000.0,0.0,-830000000.0,158000000.0,109000000.0,68000000.0,-2000000.0,84000000.0,64000000.0,64000000.0,-16000000.0,0.0,0.027,346000000.0,225000000.0,241000000,0.0,1.704,59.416,62.0,2609000000,20000000.0,23.56,1.584,1.659,352000000,261000000,2400000000.0,2400000000.0,0.0,0.009,0.027,0.037,0.126,12000000.0,176000000.0,1.0,161402396.0,169000000.0,171000000.0,14.201,7209000000,69000000,42000000.0,128000000,42.657,839000000
63,NRG,MRT,2005-09-30,2005-09-30,2005-09-30,2021-08-05,-355753000,7795367000,7558582250.0,2421503000,5373864000,0.283,12.019,-86707000.0,595844000,595844000,1620521000.0,38520000.0,1.297,2.738,3042398000,176024000,2866374000,3042398000,0,195128000.0,0,0.0,0.0,275921000.0,471049000.0,0.22,471049000.0,275921000.0,70384000.0,0.12,0.11,0.12,2019168000,2480477250.0,2019168000,6008745648.0,22.0,12.756,-151128000.0,-0.9,1.0,518810000.0,0.243,268897000,205537000.0,8105548000,8506756000.0,203547000,1026346000,24934000,1001412000,5529139000,1867476000,3661663000,3708203648.0,576399000.0,42502000.0,-656000000.0,-689864000.0,0.0,-729367000.0,152194000.0,127370000.0,-64421000.0,4507000.0,38520000.0,26520000.0,26520000.0,-17674000.0,0.0,0.012,360723000.0,158087000.0,152968000,0.0,1.837,139.827,177.5,3226714000,12000000.0,21.3,1.733,1.673,1020859000,203973000,2139331000.0,2139331000.0,0.0,0.004,0.011,0.032,0.129,11467000.0,203327000.0,1.0,174094068.0,168000000.0,168000000.0,12.734,7526470000,76069000,31864000.0,103199000,44.8,554027000
64,NRG,MRT,2005-06-30,2005-06-30,2005-06-30,2021-08-05,-59882000,7281664000,7656136500.0,1871889000,5409775000,0.269,14.946,-91324000.0,910409000,910409000,1396376000.0,119741000.0,2.38,1.797,3210951000,90745000,3120206000,3210951000,0,197501000.0,0,0.0,0.0,384811000.0,582312000.0,0.283,582312000.0,384811000.0,156164000.0,0.585,0.575,0.585,2600651000,2624973000.0,2600651000,5660087838.0,15.0,9.72,327319000.0,1.881,1.0,660587000.0,0.321,275854000,228647000.0,8519969000,8857933250.0,228995000,1012981000,25100000,987881000,4673929000,786383000,3887546000,3272910838.0,-27653000.0,193810000.0,-405000000.0,-699825000.0,0.0,-725328000.0,330442000.0,136665000.0,418643000.0,-23588000.0,119741000.0,111741000.0,111741000.0,-18544000.0,0.0,0.054,415789000.0,244798000.0,150688000,0.0,1.258,29.29,32.137,3308650000,8000000.0,18.8,1.591,1.59,1037121000,235054000,2056963000.0,2056963000.0,0.0,0.015,0.043,0.043,0.187,11678000.0,215358000.0,1.0,174091002.0,174000000.0,176000000.0,11.822,7005810000,40139000,36423000.0,109438000,40.263,1085506000
65,NRG,MRT,2005-03-31,2005-03-31,2005-03-31,2021-08-05,-28274000,7293298000,7974039250.0,1676833000,5616465000,0.264,15.001,-95272000.0,841284000,841284000,1362634000.0,178765000.0,2.245,1.792,3228461000,85092000,3143369000,3228461000,0,203886000.0,0,0.0,0.0,492382000.0,696268000.0,0.33,696268000.0,492382000.0,243510000.0,0.885,0.88,0.885,2610090000,2608829750.0,2610090000,5515839302.0,11.0,7.922,263573000.0,1.515,1.0,745952000.0,0.354,284909000,248872000.0,8648507000,9366758000.0,208757000,1249381000,26860000,1222521000,4676632000,747059000,3929573000,2972590302.0,-95257000.0,253000000.0,-405000000.0,-724116000.0,0.0,-746883000.0,310478000.0,71560000.0,358845000.0,1401000.0,178765000.0,174765000.0,174765000.0,-31168000.0,0.0,0.083,427363000.0,318589000.0,129741000,0.0,1.139,17.009,19.294,3332434000,4000000.0,17.075,1.41,1.409,880732000,215388000,2108586000.0,2108586000.0,0.0,0.022,0.067,0.053,0.234,16000000.0,211104000.0,1.0,174090208.0,174000000.0,176000000.0,12.118,7008389000,37673000,64745000.0,123055000,40.278,929774000
66,NRG,MRT,2004-12-31,2004-12-31,2004-12-31,2021-08-05,76000000,7864000000,8436019250.0,2119000000,5745000000,0.249,13.46,-119000000.0,1214000000,1214000000,1290000000.0,186000000.0,1.949,1.921,3484000000,511000000,2973000000,3484000000,0,215000000.0,0,0.0,0.0,515000000.0,730000000.0,0.347,730000000.0,515000000.0,260000000.0,0.93,0.925,0.93,2692000000,2567771000.0,2692000000,5987924311.0,12.0,8.203,526000000.0,2.63,1.0,814000000.0,0.387,294000000,255000000.0,8753000000,9930966750.0,247000000,1525000000,0,1525000000,5171000000,1087000000,4084000000,3605290311.0,534000000.0,253000000.0,-405000000.0,-259000000.0,0.0,-284000000.0,184000000.0,22000000.0,645000000.0,3000000.0,186000000.0,186000000.0,186000000.0,-31000000.0,0.0,0.088,424000000.0,390000000.0,214000000,0.0,1.339,19.383,19.382,3158000000,0.0,18.025,1.714,1.713,479000000,197000000,2104000000.0,2104000000.0,0.0,0.022,0.072,0.052,0.245,14000000.0,197000000.0,1.0,200016106.0,200000000.0,200000000.0,10.52,7570000000,71000000,74000000.0,169000000,37.85,1032000000
67,NRG,MRT,2004-09-30,2004-09-30,2004-09-30,2021-08-05,3684000,8185584000,8781266000.0,2112933000,6072651000,,12.973,,1253702000,1253702000,,,2.887,2.15,3636336000,125105000,3511231000,3636336000,0,,0,0.0,0.0,,,,,,,,,,2597151000,2504085000.0,2597151000,5783262138.0,,,,,1.0,,,326030000,,9510257000,10444513000.0,214980000,1674016000,121599000,1552417000,5582841000,731931000,4850910000,2694183138.0,,,,,,,,,,,,,,,,,,,120571000,,1.037,,,3350991000,,13.47,,,360445000,178505000,,,,,,,,,,1.0,200013596.0,200202000.0,,,7859554000,31920000,,143129000,39.258,1381002000
68,NRG,MRT,2004-06-30,2004-06-30,2004-06-30,2021-08-05,43000,8553275000,,1929218000,6624057000,,12.67,,972549000,972549000,,,2.639,2.37,4061628000,139211000,3922417000,4061628000,0,,0,0.0,0.0,,,,,,,,,,2536078000,,2536078000,6318019378.0,,,,,1.0,,,356068000,,10555268000,,203672000,1662862000,123060000,1539802000,6011524000,731018000,5280506000,2480114378.0,,,,,,,,,,,,,,,,,,,143405000,,0.978,,,3921222000,,12.4,,,438105000,124284000,,,,,,,,,,1.0,200009224.0,200160000.0,,,8197207000,15785000,,144522000,40.953,1198200000
69,NRG,MRT,2004-03-31,2004-03-31,2004-03-31,2021-08-05,-3176000,9141218000,,2164165000,6977053000,,12.227,,1007493000,1007493000,,,1.303,2.735,4845398000,993728000,3851670000,4845398000,0,,0,0.0,0.0,,,,,,,,,,2445855000,,2445855000,,,,,,1.0,,,413085000,,10905342000,,182716000,1718958000,123666000,1595292000,6689833000,1660696000,5029137000,2220102386.0,,,,,,,,,,,,,,,,,,,185617000,,0.908,,,4319061000,,11.1,,,719823000,41260000,,,,,,,,,,1.0,200009224.0,200036000.0,,,8728133000,1028000,,166411000,43.633,503469000
70,NRG,MRT,2003-12-31,2003-12-31,2003-12-31,2021-08-05,21802000,9244987000,,2113839000,7131148000,,,,667290000,667290000,,,1.043,2.791,4688030000,1360248000,3327782000,4688030000,0,,0,,,,,,,,,,,,2437256000,,2437256000,,,,,,1.0,,,432361000,,10807185000,,194926000,1183291000,65141000,1118150000,6802727000,2026181000,4776546000,,,,,,,,,,,,,,,,,,,,161738000,,,,,4012836000,,10.95,,,1533565000,11025000,,,,,,,,,,1.0,,,,,8812626000,1850000,,165588000,,87658000
