None,ticker,dimension,calendardate,datekey,reportperiod,lastupdated,accoci,assets,assetsavg,assetsc,assetsnc,assetturnover,bvps,capex,cashneq,cashnequsd,cor,consolinc,currentratio,de,debt,debtc,debtnc,debtusd,deferredrev,depamor,deposits,divyield,dps,ebit,ebitda,ebitdamargin,ebitdausd,ebitusd,ebt,eps,epsdil,epsusd,equity,equityavg,equityusd,ev,evebit,evebitda,fcf,fcfps,fxusd,gp,grossmargin,intangibles,intexp,invcap,invcapavg,inventory,investments,investmentsc,investmentsnc,liabilities,liabilitiesc,liabilitiesnc,marketcap,ncf,ncfbus,ncfcommon,ncfdebt,ncfdiv,ncff,ncfi,ncfinv,ncfo,ncfx,netinc,netinccmn,netinccmnusd,netincdis,netincnci,netmargin,opex,opinc,payables,payoutratio,pb,pe,pe1,ppnenet,prefdivis,price,ps,ps1,receivables,retearn,revenue,revenueusd,rnd,roa,roe,roic,ros,sbcomp,sgna,sharefactor,sharesbas,shareswa,shareswadil,sps,tangibles,taxassets,taxexp,taxliabilities,tbvps,workingcapital
0,VLO,MRY,2020-12-31,2020-12-31,2020-12-31,2021-08-25,-1254000000.0,51774000000.0,50088000000.0,15844000000.0,35930000000.0,1.296,46.194,-1662000000.0,3313000000.0,3313000000.0,65652000000.0,-1107000000.0,1.707,1.709,14677000000.0,723000000.0,13954000000.0,14677000000.0,0.0,2351000000.0,0.0,0.069,3.92,-1761000000.0,590000000.0,0.009,590000000.0,-1761000000.0,-2324000000.0,-3.5,-3.5,-3.5,18801000000.0,19178250000.0,18801000000.0,34234636006.0,-19.0,58.025,-714000000.0,-1.754,1.0,-740000000.0,-0.011,0.0,563000000.0,53855000000.0,52437000000.0,6038000000.0,0.0,0.0,0.0,32132000000.0,9283000000.0,22849000000.0,23068636006.0,730000000.0,-828000000.0,-156000000.0,4075000000.0,-1600000000.0,2077000000.0,-2425000000.0,0.0,948000000.0,130000000.0,-1421000000.0,-1421000000.0,-1421000000.0,0.0,314000000.0,-0.022,839000000.0,-1579000000.0,6082000000.0,-1.12,1.227,-16.234,-16.163,30389000000.0,0.0,56.57,0.355,0.355,6109000000.0,28953000000.0,64912000000.0,64912000000.0,0.0,-0.028,-0.074,-0.034,-0.027,0.0,756000000.0,1.0,407789217.0,407000000,407000000.0,159.489,51774000000.0,0.0,-903000000.0,6759000000.0,127.209,6561000000.0
1,VLO,MRY,2019-12-31,2019-12-31,2019-12-31,2021-08-25,-1351000000.0,53864000000.0,52302500000.0,18969000000.0,34895000000.0,2.071,52.792,-2410000000.0,2583000000.0,2583000000.0,103546000000.0,2784000000.0,1.441,1.437,9672000000.0,494000000.0,9178000000.0,9672000000.0,0.0,2255000000.0,0.0,0.038,3.6,3578000000.0,5833000000.0,0.054,5833000000.0,3578000000.0,3124000000.0,5.84,5.84,5.84,21803000000.0,21391000000.0,21803000000.0,45892628352.0,13.0,7.868,3121000000.0,7.557,1.0,4778000000.0,0.044,0.0,454000000.0,47793000000.0,46944750000.0,7013000000.0,0.0,0.0,0.0,31328000000.0,13160000000.0,18168000000.0,38457628352.0,-399000000.0,-603000000.0,-777000000.0,314000000.0,-1492000000.0,-2997000000.0,-3001000000.0,0.0,5531000000.0,68000000.0,2422000000.0,2422000000.0,2422000000.0,0.0,362000000.0,0.022,942000000.0,3836000000.0,10205000000.0,0.616,1.764,15.878,16.036,29264000000.0,0.0,93.65,0.355,0.357,8988000000.0,31974000000.0,108324000000.0,108324000000.0,0.0,0.046,0.113,0.076,0.033,0.0,868000000.0,1.0,410652732.0,413000000,414000000.0,262.286,53864000000.0,0.0,702000000.0,6615000000.0,130.421,5809000000.0
2,VLO,MRY,2018-12-31,2018-12-31,2018-12-31,2021-08-25,-1507000000.0,50155000000.0,50525750000.0,17675000000.0,32480000000.0,2.316,50.862,-2698000000.0,2982000000.0,2982000000.0,111439000000.0,3353000000.0,1.648,1.266,9109000000.0,238000000.0,8871000000.0,9109000000.0,0.0,2069000000.0,0.0,0.043,3.2,4471000000.0,6540000000.0,0.056,6540000000.0,4471000000.0,4001000000.0,7.3,7.29,7.3,21667000000.0,21805750000.0,21667000000.0,37335388903.0,8.0,5.709,1673000000.0,3.927,1.0,5594000000.0,0.048,0.0,470000000.0,45558000000.0,44340750000.0,6532000000.0,0.0,0.0,0.0,27424000000.0,10724000000.0,16700000000.0,31810388903.0,-2868000000.0,-1238000000.0,-1708000000.0,-5000000.0,-1369000000.0,-3168000000.0,-3928000000.0,0.0,4371000000.0,-143000000.0,3122000000.0,3122000000.0,3122000000.0,0.0,231000000.0,0.027,1022000000.0,4572000000.0,8594000000.0,0.438,1.468,10.189,10.27,28848000000.0,0.0,74.97,0.272,0.273,7345000000.0,31044000000.0,117033000000.0,117033000000.0,0.0,0.062,0.143,0.101,0.038,0.0,925000000.0,1.0,424308242.0,426000000,428000000.0,274.725,50155000000.0,0.0,879000000.0,6224000000.0,117.735,6951000000.0
3,VLO,MRY,2017-12-31,2017-12-31,2017-12-31,2021-08-25,-940000000.0,50158000000.0,47541750000.0,19312000000.0,30846000000.0,1.977,49.753,-1792000000.0,5850000000.0,5850000000.0,89475000000.0,4156000000.0,1.744,1.24,8872000000.0,122000000.0,8750000000.0,8872000000.0,0.0,1986000000.0,0.0,0.03,2.8,3584000000.0,5570000000.0,0.059,5570000000.0,3584000000.0,3116000000.0,9.17,9.16,9.17,21991000000.0,20527250000.0,21991000000.0,43527102522.0,12.0,7.815,3690000000.0,8.348,1.0,4505000000.0,0.048,0.0,468000000.0,42109000000.0,42005250000.0,6384000000.0,0.0,0.0,0.0,27258000000.0,11071000000.0,16187000000.0,40218102522.0,1034000000.0,-588000000.0,-1372000000.0,359000000.0,-1242000000.0,-2272000000.0,-2382000000.0,0.0,5482000000.0,206000000.0,4065000000.0,4065000000.0,4065000000.0,0.0,91000000.0,0.043,942000000.0,3563000000.0,8348000000.0,0.305,1.829,9.894,10.023,27480000000.0,0.0,91.91,0.428,0.432,6922000000.0,29200000000.0,93980000000.0,93980000000.0,0.0,0.086,0.198,0.085,0.038,0.0,829000000.0,1.0,437581357.0,442000000,444000000.0,212.624,50158000000.0,0.0,-949000000.0,6597000000.0,113.48,8241000000.0
4,VLO,MRY,2016-12-31,2016-12-31,2016-12-31,2021-08-25,-1410000000.0,46173000000.0,45537250000.0,16800000000.0,29373000000.0,1.661,43.436,-1278000000.0,4816000000.0,4816000000.0,71312000000.0,2417000000.0,2.017,1.264,8001000000.0,115000000.0,7886000000.0,8001000000.0,0.0,1894000000.0,0.0,0.035,2.4,3500000000.0,5394000000.0,0.071,5394000000.0,3500000000.0,3054000000.0,4.94,4.94,4.94,20024000000.0,20398750000.0,20024000000.0,33929056335.0,10.0,6.29,3542000000.0,7.683,1.0,4347000000.0,0.057,0.0,446000000.0,41030000000.0,40625000000.0,5709000000.0,0.0,0.0,0.0,25319000000.0,8328000000.0,16991000000.0,30926056335.0,702000000.0,-4000000.0,-1336000000.0,678000000.0,-1111000000.0,-2012000000.0,-2006000000.0,0.0,4820000000.0,-100000000.0,2289000000.0,2289000000.0,2289000000.0,0.0,128000000.0,0.03,813000000.0,3534000000.0,6357000000.0,0.486,1.544,13.511,13.83,26472000000.0,0.0,68.32,0.409,0.416,5901000000.0,26366000000.0,75659000000.0,75659000000.0,0.0,0.05,0.112,0.086,0.046,0.0,709000000.0,1.0,452664759.0,461000000,464000000.0,164.119,46173000000.0,0.0,765000000.0,8523000000.0,100.158,8472000000.0
5,VLO,MRY,2015-12-31,2015-12-31,2015-12-31,2021-08-25,-933000000.0,44227000000.0,45848000000.0,14898000000.0,29329000000.0,1.915,41.302,-1618000000.0,4114000000.0,4114000000.0,80689000000.0,4101000000.0,2.13,1.114,7335000000.0,127000000.0,7208000000.0,7335000000.0,0.0,1842000000.0,0.0,0.024,1.7,6293000000.0,8135000000.0,0.093,8135000000.0,6293000000.0,5860000000.0,8.0,7.99,8.0,20527000000.0,21018750000.0,20527000000.0,36127108242.0,6.0,4.441,3993000000.0,8.034,1.0,7115000000.0,0.081,0.0,433000000.0,40454000000.0,39762500000.0,5898000000.0,0.0,0.0,0.0,22873000000.0,6994000000.0,15879000000.0,34047108242.0,425000000.0,-141000000.0,-2804000000.0,933000000.0,-848000000.0,-2545000000.0,-2487000000.0,0.0,5611000000.0,-154000000.0,3990000000.0,3990000000.0,3990000000.0,0.0,111000000.0,0.045,757000000.0,6358000000.0,4907000000.0,0.212,1.659,8.533,8.839,26703000000.0,0.0,70.71,0.388,0.4,4464000000.0,25188000000.0,87804000000.0,87804000000.0,0.0,0.087,0.19,0.158,0.072,0.0,710000000.0,1.0,481503440.0,497000000,500000000.0,176.668,44227000000.0,218000000.0,1870000000.0,8466000000.0,88.988,7904000000.0
6,VLO,MRY,2014-12-31,2014-12-31,2014-12-31,2021-08-25,-367000000.0,45550000000.0,47029250000.0,16614000000.0,28936000000.0,2.782,39.31,-2153000000.0,3689000000.0,3689000000.0,122528000000.0,3711000000.0,1.665,1.176,6386000000.0,606000000.0,5780000000.0,6386000000.0,0.0,1690000000.0,0.0,0.021,1.05,5804000000.0,7494000000.0,0.057,7494000000.0,5804000000.0,5407000000.0,6.88,6.85,6.88,20677000000.0,20339250000.0,20677000000.0,27993629332.0,5.0,3.735,2088000000.0,3.97,1.0,8316000000.0,0.064,0.0,397000000.0,38267000000.0,37484750000.0,6623000000.0,0.0,0.0,0.0,24306000000.0,9980000000.0,14326000000.0,25801629332.0,-603000000.0,-14000000.0,-1249000000.0,-176000000.0,-554000000.0,-1930000000.0,-2844000000.0,0.0,4241000000.0,-70000000.0,3630000000.0,3630000000.0,3630000000.0,64000000.0,81000000.0,0.028,2414000000.0,5902000000.0,6760000000.0,0.153,1.248,7.108,7.195,26735000000.0,0.0,49.5,0.197,0.199,5879000000.0,22046000000.0,130844000000.0,130844000000.0,0.0,0.077,0.178,0.155,0.044,0.0,724000000.0,1.0,521245037.0,526000000,530000000.0,248.753,45550000000.0,259000000.0,1777000000.0,8625000000.0,86.597,6634000000.0
7,VLO,MRY,2013-12-31,2013-12-31,2013-12-31,2021-08-25,350000000.0,47260000000.0,45807750000.0,19277000000.0,27983000000.0,3.014,35.904,-2121000000.0,4292000000.0,4292000000.0,131639000000.0,2728000000.0,1.469,1.404,6564000000.0,303000000.0,6261000000.0,6564000000.0,0.0,1720000000.0,0.0,0.017,0.85,4339000000.0,6059000000.0,0.044,6059000000.0,4339000000.0,3974000000.0,4.99,4.97,4.99,19460000000.0,18498250000.0,19460000000.0,31849937854.0,7.0,5.257,3443000000.0,6.352,1.0,6435000000.0,0.047,0.0,365000000.0,36409000000.0,36821000000.0,5758000000.0,0.0,0.0,0.0,27314000000.0,13123000000.0,14191000000.0,27193937854.0,2569000000.0,-76000000.0,-869000000.0,531000000.0,-462000000.0,-163000000.0,-2812000000.0,0.0,5564000000.0,-20000000.0,2720000000.0,2720000000.0,2720000000.0,0.0,8000000.0,0.02,2478000000.0,3957000000.0,9931000000.0,0.17,1.397,9.998,10.1,25707000000.0,0.0,50.4,0.197,0.198,8751000000.0,18970000000.0,138074000000.0,138074000000.0,0.0,0.059,0.147,0.118,0.031,0.0,758000000.0,1.0,539562259.0,542000000,548000000.0,254.749,47260000000.0,338000000.0,1254000000.0,8968000000.0,87.196,6154000000.0
8,VLO,MRY,2012-12-31,2012-12-31,2012-12-31,2021-08-25,108000000.0,44477000000.0,43022750000.0,16460000000.0,28017000000.0,3.217,32.785,-2931000000.0,1723000000.0,1723000000.0,131016000000.0,2080000000.0,1.38,1.463,7049000000.0,586000000.0,6463000000.0,7049000000.0,0.0,1574000000.0,0.0,0.019,0.65,4023000000.0,5597000000.0,0.04,5597000000.0,4023000000.0,3709000000.0,3.77,3.75,3.77,18032000000.0,16975000000.0,18032000000.0,23385787154.0,6.0,4.178,2339000000.0,4.253,1.0,7377000000.0,0.053,213000000.0,314000000.0,37661000000.0,36194750000.0,5973000000.0,0.0,0.0,0.0,26382000000.0,11929000000.0,14453000000.0,18886787154.0,699000000.0,160000000.0,-222000000.0,-712000000.0,-360000000.0,-1233000000.0,-3351000000.0,0.0,5270000000.0,13000000.0,2083000000.0,2083000000.0,2083000000.0,0.0,-3000000.0,0.015,2333000000.0,5044000000.0,9348000000.0,0.172,1.047,9.067,9.05,26300000000.0,0.0,34.12,0.136,0.136,8167000000.0,17032000000.0,138393000000.0,138393000000.0,0.0,0.048,0.123,0.111,0.029,58000000.0,698000000.0,1.0,553540069.0,550000000,556000000.0,251.624,44264000000.0,443000000.0,1626000000.0,7265000000.0,80.48,4531000000.0
9,VLO,MRY,2011-12-31,2011-12-31,2011-12-31,2021-08-25,96000000.0,42783000000.0,40896000000.0,15972000000.0,26811000000.0,3.081,29.171,-2355000000.0,1024000000.0,1024000000.0,120202000000.0,2089000000.0,1.257,1.604,7741000000.0,1009000000.0,6732000000.0,7741000000.0,0.0,1534000000.0,0.0,0.014,0.3,3717000000.0,5251000000.0,0.042,5251000000.0,3717000000.0,3316000000.0,3.69,3.68,3.69,16423000000.0,16070750000.0,16423000000.0,16601253097.0,4.0,3.162,1683000000.0,2.989,1.0,5785000000.0,0.046,227000000.0,401000000.0,36565000000.0,34094750000.0,5623000000.0,0.0,0.0,0.0,26338000000.0,12708000000.0,13630000000.0,11782253097.0,-2310000000.0,-2238000000.0,-300000000.0,-628000000.0,-169000000.0,-1066000000.0,-5298000000.0,0.0,4038000000.0,16000000.0,2090000000.0,2090000000.0,2090000000.0,7000000.0,-1000000.0,0.017,2105000000.0,3680000000.0,9472000000.0,0.081,0.717,5.637,5.705,25177000000.0,0.0,21.05,0.094,0.094,8706000000.0,15309000000.0,125987000000.0,125987000000.0,0.0,0.051,0.13,0.109,0.03,58000000.0,571000000.0,1.0,559726988.0,563000000,569000000.0,223.778,42556000000.0,495000000.0,1226000000.0,6649000000.0,75.588,3264000000.0
10,VLO,MRY,2010-12-31,2010-12-31,2010-12-31,2021-08-25,388000000.0,37621000000.0,36959750000.0,13518000000.0,24103000000.0,2.225,26.687,-1730000000.0,3334000000.0,3334000000.0,78419000000.0,324000000.0,1.539,1.504,8337000000.0,822000000.0,7515000000.0,8337000000.0,0.0,1473000000.0,0.0,0.009,0.2,1383000000.0,2856000000.0,0.035,2856000000.0,1383000000.0,899000000.0,0.57,0.57,0.57,15025000000.0,15035500000.0,15025000000.0,18774789742.0,14.0,6.574,1315000000.0,2.336,1.0,3814000000.0,0.046,224000000.0,484000000.0,33616000000.0,34245000000.0,4947000000.0,0.0,0.0,0.0,22596000000.0,8784000000.0,13812000000.0,13090789742.0,2509000000.0,837000000.0,7000000.0,927000000.0,-114000000.0,816000000.0,-1405000000.0,0.0,3045000000.0,53000000.0,324000000.0,324000000.0,324000000.0,0.0,0.0,0.004,1938000000.0,1876000000.0,6441000000.0,0.351,0.871,40.404,40.561,22669000000.0,0.0,23.12,0.159,0.158,4583000000.0,13388000000.0,82233000000.0,82233000000.0,0.0,0.009,0.022,0.04,0.017,54000000.0,531000000.0,1.0,566210629.0,563000000,568000000.0,146.062,37397000000.0,533000000.0,575000000.0,5461000000.0,66.425,4734000000.0
11,VLO,MRY,2009-12-31,2009-12-31,2009-12-31,2021-08-25,365000000.0,35572000000.0,36343500000.0,10922000000.0,24650000000.0,1.777,27.218,-2306000000.0,825000000.0,825000000.0,62361000000.0,-1982000000.0,1.399,1.416,7400000000.0,237000000.0,7163000000.0,7400000000.0,0.0,1527000000.0,0.0,0.036,0.6,-1609000000.0,-82000000.0,-0.001,-82000000.0,-1609000000.0,-2025000000.0,-3.67,-3.67,-3.67,14725000000.0,15706250000.0,14725000000.0,15078854326.0,-9.0,-183.888,-483000000.0,-0.893,1.0,2238000000.0,0.035,227000000.0,416000000.0,34111000000.0,34721000000.0,4578000000.0,0.0,0.0,0.0,20847000000.0,7809000000.0,13038000000.0,9452854326.0,-115000000.0,-606000000.0,806000000.0,813000000.0,-324000000.0,1289000000.0,-3292000000.0,0.0,1823000000.0,65000000.0,-1982000000.0,-1982000000.0,-1982000000.0,0.0,0.0,-0.031,2155000000.0,83000000.0,5825000000.0,-0.163,0.642,-4.769,-4.564,21615000000.0,0.0,16.75,0.146,0.14,3779000000.0,13178000000.0,64599000000.0,64599000000.0,0.0,-0.055,-0.126,-0.046,-0.025,66000000.0,572000000.0,1.0,564349512.0,541000000,541000000.0,119.407,35345000000.0,1067000000.0,-43000000.0,5079000000.0,65.333,3113000000.0
12,VLO,MRY,2008-12-31,2008-12-31,2008-12-31,2021-08-25,-176000000.0,34417000000.0,40637250000.0,9450000000.0,24967000000.0,2.625,29.809,-2893000000.0,1071000000.0,1071000000.0,100494000000.0,-1131000000.0,1.522,1.203,6576000000.0,312000000.0,6264000000.0,6576000000.0,0.0,1476000000.0,0.0,0.026,0.57,667000000.0,2143000000.0,0.02,2143000000.0,667000000.0,307000000.0,-2.16,-2.16,-2.16,15620000000.0,18061500000.0,15620000000.0,14753595935.0,22.0,6.885,202000000.0,0.385,1.0,6182000000.0,0.058,224000000.0,360000000.0,33489000000.0,31803750000.0,4620000000.0,0.0,0.0,0.0,18797000000.0,6209000000.0,12588000000.0,11166595935.0,-1524000000.0,319000000.0,-939000000.0,-374000000.0,-299000000.0,-1607000000.0,-2965000000.0,0.0,3095000000.0,-47000000.0,-1131000000.0,-1131000000.0,-1131000000.0,-23000000.0,0.0,-0.011,5956000000.0,226000000.0,4323000000.0,-0.264,0.715,-9.873,-10.019,21421000000.0,0.0,21.64,0.105,0.106,2895000000.0,15484000000.0,106676000000.0,106676000000.0,0.0,-0.028,-0.063,0.021,0.006,59000000.0,559000000.0,1.0,516016448.0,524000000,524000000.0,203.58,34193000000.0,295000000.0,1438000000.0,4906000000.0,65.254,3241000000.0
13,VLO,MRY,2007-12-31,2007-12-31,2007-12-31,2021-08-25,573000000.0,42722000000.0,40780000000.0,14987000000.0,27735000000.0,2.207,32.756,-2197000000.0,2495000000.0,2495000000.0,81475000000.0,5234000000.0,1.258,1.308,6862000000.0,392000000.0,6470000000.0,6862000000.0,0.0,1376000000.0,0.0,0.007,0.48,7654000000.0,9030000000.0,0.1,9030000000.0,7654000000.0,7293000000.0,9.24,8.88,9.24,18507000000.0,18580000000.0,18507000000.0,42321060112.0,6.0,4.687,3061000000.0,5.418,1.0,8512000000.0,0.095,4309000000.0,361000000.0,30866000000.0,30206000000.0,4073000000.0,0.0,0.0,0.0,24215000000.0,11914000000.0,12301000000.0,38547060112.0,874000000.0,2144000000.0,-5629000000.0,1782000000.0,-271000000.0,-3831000000.0,-582000000.0,0.0,5258000000.0,29000000.0,5234000000.0,5234000000.0,5234000000.0,-857000000.0,0.0,0.058,1882000000.0,6630000000.0,9587000000.0,0.052,2.083,7.365,7.579,21560000000.0,0.0,70.03,0.428,0.44,7691000000.0,16914000000.0,89987000000.0,89987000000.0,0.0,0.128,0.282,0.253,0.085,100000000.0,638000000.0,1.0,550436386.0,565000000,579000000.0,159.269,38413000000.0,247000000.0,2059000000.0,5445000000.0,67.988,3073000000.0
14,VLO,MRY,2006-12-31,2006-12-31,2006-12-31,2021-08-25,265000000.0,37753000000.0,36055500000.0,11831000000.0,25922000000.0,2.431,30.45,-3123000000.0,1621000000.0,1621000000.0,78204000000.0,5463000000.0,1.335,1.029,5094000000.0,475000000.0,4619000000.0,5094000000.0,0.0,1155000000.0,0.0,0.006,0.3,8286000000.0,9441000000.0,0.108,9441000000.0,8286000000.0,8074000000.0,8.94,8.64,8.94,18605000000.0,17089000000.0,18605000000.0,35007265168.0,4.0,3.708,3189000000.0,5.219,1.0,9436000000.0,0.108,4406000000.0,212000000.0,27960000000.0,27104750000.0,3979000000.0,0.0,0.0,0.0,19148000000.0,8860000000.0,10288000000.0,30932265168.0,1154000000.0,753000000.0,-1898000000.0,-249000000.0,-184000000.0,-2188000000.0,-2971000000.0,0.0,6312000000.0,1000000.0,5463000000.0,5461000000.0,5461000000.0,-176000000.0,0.0,0.062,1714000000.0,7722000000.0,6841000000.0,0.034,1.663,5.664,5.723,20180000000.0,2000000.0,51.16,0.353,0.357,4384000000.0,11951000000.0,87640000000.0,87640000000.0,0.0,0.151,0.32,0.306,0.095,108000000.0,598000000.0,1.0,604618162.0,611000000,632000000.0,143.437,33347000000.0,175000000.0,2611000000.0,5017000000.0,54.578,2971000000.0
15,VLO,MRY,2005-12-31,2005-12-31,2005-12-31,2021-08-25,335000000.0,32798000000.0,26881750000.0,8346000000.0,24452000000.0,2.999,27.413,-2058000000.0,466000000.0,466000000.0,73954000000.0,3590000000.0,1.132,1.179,5378000000.0,222000000.0,5156000000.0,5378000000.0,0.0,840000000.0,0.0,0.004,0.19,5479000000.0,6319000000.0,0.078,6319000000.0,5479000000.0,5211000000.0,6.51,6.1,6.51,15050000000.0,11433500000.0,15050000000.0,37466139530.0,7.0,5.929,3792000000.0,6.907,1.0,6662000000.0,0.083,5224000000.0,268000000.0,25111000000.0,20373500000.0,4039000000.0,327000000.0,0.0,327000000.0,17748000000.0,7375000000.0,10373000000.0,31915139530.0,-428000000.0,-2372000000.0,-389000000.0,-874000000.0,-106000000.0,-1382000000.0,-4900000000.0,-29000000.0,5850000000.0,4000000.0,3590000000.0,3577000000.0,3577000000.0,-117000000.0,0.0,0.044,1394000000.0,5268000000.0,5563000000.0,0.029,2.121,8.922,7.926,17856000000.0,13000000.0,51.6,0.396,0.351,3564000000.0,6673000000.0,80616000000.0,80616000000.0,0.0,0.133,0.313,0.269,0.068,80000000.0,558000000.0,1.0,618510456.0,549000000,588000000.0,146.842,27574000000.0,212000000.0,1621000000.0,4624000000.0,50.226,971000000.0
16,VLO,MRY,2004-12-31,2004-12-31,2004-12-31,2021-08-25,229000000.0,19392000000.0,18791500000.0,5264000000.0,14128000000.0,2.907,15.29,-1184000000.0,888000000.0,888000000.0,50593000000.0,1804000000.0,1.161,1.487,4313000000.0,412000000.0,3901000000.0,4313000000.0,0.0,605000000.0,0.0,0.006,0.145,2970000000.0,3575000000.0,0.065,3575000000.0,2970000000.0,2710000000.0,3.51,3.27,3.51,7798000000.0,7049075000.0,7798000000.0,15530845179.0,5.0,4.344,1796000000.0,3.522,1.0,4026000000.0,0.074,2712000000.0,260000000.0,15571000000.0,15544500000.0,2318000000.0,265000000.0,0.0,265000000.0,11594000000.0,4534000000.0,7060000000.0,11651345179.0,495000000.0,-630000000.0,201000000.0,71000000.0,-79000000.0,185000000.0,-2685000000.0,0.0,2980000000.0,15000000.0,1804000000.0,1791000000.0,1791000000.0,0.0,0.0,0.033,1047000000.0,2979000000.0,2963000000.0,0.041,1.494,6.505,6.467,10317000000.0,13000000.0,22.7,0.213,0.212,1839000000.0,3199000000.0,54619000000.0,54619000000.0,0.0,0.095,0.254,0.191,0.054,35000000.0,442000000.0,1.0,513275118.0,510000000,552000000.0,107.096,16680000000.0,175000000.0,906000000.0,2651000000.0,32.706,730000000.0
17,VLO,MRY,2003-12-31,2003-12-31,2003-12-31,2021-08-25,169600000.0,15664200000.0,15005575000.0,3817300000.0,11846900000.0,2.53,12.495,-882000000.0,412900000.0,412900000.0,35937000000.0,622000000.0,1.246,1.731,4245100000.0,0.0,4245100000.0,4245100000.0,0.0,511000000.0,0.0,0.009,0.105,1248000000.0,1759000000.0,0.046,1759000000.0,1248000000.0,987000000.0,1.34,1.27,1.34,5735200000.0,5274350000.0,5735200000.0,9604099008.0,8.0,5.46,871000000.0,1.898,1.0,2032000000.0,0.054,2721900000.0,261000000.0,13710200000.0,13216500000.0,1913100000.0,264500000.0,0.0,264500000.0,9929000000.0,3064300000.0,6864700000.0,5573199008.0,-10000000.0,-37000000.0,276000000.0,-571000000.0,-51000000.0,-136000000.0,-1331000000.0,-1000000.0,1753000000.0,40000000.0,622000000.0,617000000.0,617000000.0,0.0,0.0,0.016,810000000.0,1222000000.0,2288200000.0,0.078,0.972,9.033,8.646,8195100000.0,5000000.0,11.585,0.147,0.14,1327700000.0,1482700000.0,37969000000.0,37969000000.0,0.0,0.041,0.117,0.094,0.033,0.0,299000000.0,1.0,481070264.0,459000000,488000000.0,82.721,12942300000.0,118700000.0,365000000.0,2025100000.0,28.197,753000000.0
18,VLO,MRY,2002-12-31,2002-12-31,2002-12-31,2021-08-25,-1100000.0,14465200000.0,14230925000.0,3536400000.0,10928800000.0,2.041,10.18,-794800000.0,409200000.0,409200000.0,27869300000.0,91500000.0,1.176,2.358,5343300000.0,476700000.0,4866600000.0,5343300000.0,0.0,449300000.0,0.0,0.011,0.1,435400000.0,884700000.0,0.03,884700000.0,435400000.0,149700000.0,0.215,0.21,0.215,4308300000.0,4253225000.0,4308300000.0,8941309079.0,21.0,10.107,-522500000.0,-1.235,1.0,1178600000.0,0.041,2921100000.0,285700000.0,13471500000.0,13274800000.0,1436100000.0,0.0,0.0,0.0,10156900000.0,3006700000.0,7150200000.0,3936209079.0,109500000.0,1195200000.0,56500000.0,1642300000.0,-42300000.0,-412400000.0,248600000.0,0.0,272300000.0,1000000.0,91500000.0,91500000.0,91500000.0,0.0,0.0,0.003,707700000.0,470900000.0,1825000000.0,0.465,0.914,43.019,42.953,7412000000.0,0.0,9.235,0.136,0.135,1558200000.0,913600000.0,29047900000.0,29047900000.0,0.0,0.006,0.022,0.033,0.015,0.0,258400000.0,1.0,426227296.0,423200000,440400000.0,68.639,11544100000.0,95300000.0,58200000.0,1651500000.0,27.278,529700000.0
19,VLO,MRY,2001-12-31,2001-12-31,2001-12-31,2021-08-25,18100000.0,14399800000.0,7375588000.0,4135800000.0,10264000000.0,2.032,17.309,-385900000.0,346000000.0,346000000.0,13596500000.0,563600000.0,0.87,2.426,3683500000.0,505700000.0,3177800000.0,3683500000.0,0.0,237700000.0,0.0,0.009,0.085,983400000.0,1221100000.0,0.081,1221100000.0,983400000.0,894900000.0,2.32,2.208,2.32,4202600000.0,2474746250.0,4202600000.0,3548937924.0,4.0,2.906,519600000.0,2.14,1.0,1391800000.0,0.093,2544400000.0,88500000.0,10440000000.0,6423807250.0,1453100000.0,0.0,0.0,0.0,10197200000.0,4752900000.0,5444300000.0,2311728924.0,254800000.0,-2773600000.0,-78300000.0,697600000.0,-20700000.0,2651200000.0,-3301900000.0,0.0,905500000.0,0.0,563600000.0,563600000.0,563600000.0,0.0,0.0,0.038,390400000.0,1001400000.0,3445400000.0,0.037,0.55,4.102,4.108,7217300000.0,0.0,9.53,0.154,0.154,770800000.0,864400000.0,14988300000.0,14988300000.0,0.0,0.076,0.228,0.153,0.066,0.0,152700000.0,1.0,242573864.0,242800000,255200000.0,61.731,11855400000.0,176700000.0,331300000.0,1769000000.0,48.828,-617100000.0
20,VLO,MRY,2000-12-31,2000-12-31,2000-12-31,2021-08-25,0.0,4307704000.0,3963264500.0,1285067000.0,3022637000.0,3.702,6.526,-194900000.0,14596000.0,14596000.0,13762100000.0,339100000.0,1.237,1.821,1241917000.0,27000000.0,1214917000.0,1241917000.0,0.0,173900000.0,0.0,0.009,0.08,604500000.0,778400000.0,0.053,778400000.0,604500000.0,528200000.0,1.448,1.4,1.448,1527055000.0,1357264000.0,1527055000.0,3435858851.0,6.0,4.414,406400000.0,1.737,1.0,909000000.0,0.062,59141000.0,76300000.0,4436892000.0,4046738750.0,539882000.0,0.0,0.0,0.0,2780649000.0,1038992000.0,1741657000.0,2263132851.0,-45500000.0,-889700000.0,119900000.0,279300000.0,-18700000.0,547200000.0,-1194000000.0,0.0,601300000.0,0.0,339100000.0,339100000.0,339100000.0,0.0,0.0,0.023,298000000.0,611000000.0,806697000.0,0.055,1.482,6.674,6.421,2676680000.0,0.0,9.297,0.154,0.148,585892000.0,321566000.0,14671100000.0,14671100000.0,0.0,0.086,0.25,0.149,0.041,0.0,124100000.0,1.0,243413052.0,234000000,242000000.0,62.697,4248563000.0,105817000.0,189100000.0,507456000.0,18.156,246075000.0
21,VLO,MRY,1999-12-31,1999-12-31,1999-12-31,2021-08-25,0.0,2979272000.0,2915682250.0,823517000.0,2155755000.0,2.73,4.835,-99339000.0,60087000.0,60087000.0,7731151000.0,14287000.0,1.145,1.746,785472000.0,0.0,785472000.0,785472000.0,0.0,89525000.0,0.0,0.016,0.08,75616000.0,165141000.0,0.021,165141000.0,75616000.0,20187000.0,0.062,0.062,0.062,1084769000.0,1074441000.0,1084769000.0,1958368102.0,26.0,11.859,335772000.0,1.497,1.0,230017000.0,0.029,0.0,55429000.0,2985675000.0,3156900750.0,298047000.0,0.0,0.0,0.0,1894503000.0,718982000.0,1175521000.0,1108399102.0,48888000.0,-148000.0,2082000.0,-198206000.0,-17931000.0,-214055000.0,-172168000.0,0.0,435111000.0,0.0,14287000.0,14287000.0,14287000.0,0.0,0.0,0.002,157988000.0,72029000.0,616895000.0,1.29,1.022,77.581,80.161,1914071000.0,0.0,4.97,0.139,0.14,372542000.0,-3331000.0,7961168000.0,7961168000.0,0.0,0.005,0.013,0.024,0.009,0.0,68463000.0,1.0,223017928.0,224344000,227032000.0,35.486,2979272000.0,79307000.0,5900000.0,275521000.0,13.28,104535000.0
22,VLO,MRY,1998-12-31,1998-12-31,1998-12-31,2021-08-25,0.0,2725664000.0,2607592500.0,639710000.0,2085954000.0,2.124,4.838,-165507000.0,11199000.0,11199000.0,5271473000.0,-47291000.0,1.285,1.511,982335000.0,160000000.0,822335000.0,982335000.0,0.0,75809000.0,0.0,0.015,0.08,-50612000.0,25197000.0,0.005,25197000.0,-50612000.0,-83091000.0,-0.21,-0.21,-0.21,1085287000.0,1147389750.0,1085287000.0,1982957702.0,-39.0,78.698,318000.0,0.001,1.0,267873000.0,0.048,0.0,32479000.0,3199056000.0,2775583000.0,316405000.0,0.0,0.0,0.0,1640377000.0,497744000.0,1142633000.0,1186480702.0,1264000.0,-344415000.0,-9774000.0,429434000.0,-17953000.0,401707000.0,-566268000.0,0.0,165825000.0,0.0,-47291000.0,-47291000.0,-47291000.0,0.0,0.0,-0.009,316220000.0,-48347000.0,283183000.0,-0.381,1.093,-25.089,-25.298,1959343000.0,0.0,5.312,0.214,0.215,283456000.0,-17618000.0,5539346000.0,5539346000.0,0.0,-0.018,-0.041,-0.018,-0.009,0.0,69482000.0,1.0,223337544.0,224312000,224312000.0,24.695,2725664000.0,4851000.0,-35800000.0,210389000.0,12.151,141966000.0
23,VLO,MRY,1997-12-31,1997-12-31,1997-12-31,2021-08-25,0.0,2493043000.0,2239337000.0,789025000.0,1704018000.0,2.571,5.608,-69284000.0,9935000.0,9935000.0,5426438000.0,96096000.0,1.321,1.151,552183000.0,122000000.0,430183000.0,552183000.0,0.0,65175000.0,0.0,0.442,3.478,202340000.0,267515000.0,0.046,267515000.0,202340000.0,159885000.0,0.443,0.435,0.443,1158841000.0,1117333000.0,1158841000.0,,,,151813000.0,0.735,1.0,329782000.0,0.057,0.0,42455000.0,2438007000.0,2280058000.0,369355000.0,0.0,0.0,0.0,1334202000.0,597284000.0,736918000.0,1756931872.0,9925000.0,-355595000.0,49761000.0,468229000.0,-21031000.0,275548000.0,-486720000.0,0.0,221097000.0,0.0,96096000.0,91504000.0,91504000.0,15672000.0,0.0,0.016,118748000.0,211034000.0,414305000.0,7.851,1.516,19.201,17.743,1592533000.0,4592000.0,7.86,0.305,0.282,366315000.0,47626000.0,5756220000.0,5756220000.0,0.0,0.041,0.082,0.089,0.035,0.0,53573000.0,1.0,223528228.0,206648000,220516000.0,27.855,2493043000.0,17155000.0,63789000.0,256858000.0,12.064,191741000.0
24,VLO,MRY,1996-12-31,1996-12-31,1996-12-31,2021-08-25,0.0,1985631000.0,,351849000.0,1633782000.0,,6.123,-59412000.0,10000.0,10000.0,2581836000.0,72701000.0,1.171,0.846,437072000.0,83765000.0,353307000.0,437072000.0,0.0,55021000.0,0.0,0.0,0.0,127846000.0,182867000.0,0.066,182867000.0,127846000.0,89312000.0,0.35,0.355,0.35,1075825000.0,,1075825000.0,,,,187096000.0,1.065,1.0,176017000.0,0.064,0.0,38534000.0,2122109000.0,,159871000.0,0.0,0.0,0.0,909806000.0,300584000.0,609222000.0,,-3000.0,0.0,7225000.0,-51617000.0,-22837000.0,-84347000.0,-162164000.0,0.0,246508000.0,0.0,72701000.0,61374000.0,61374000.0,-50229000.0,0.0,0.022,86269000.0,89748000.0,191555000.0,0.0,,,20.443,1232210000.0,11327000.0,7.155,,0.456,162457000.0,496839000.0,2757853000.0,2757853000.0,0.0,,,,0.046,0.0,31248000.0,1.0,,175704000,203108000.0,15.696,1985631000.0,17587000.0,16611000.0,224548000.0,11.301,51265000.0
25,VLO,MRY,1995-12-31,1995-12-31,1995-12-31,2021-08-25,,,,,,,,-89346000.0,,,1560324000.0,59838000.0,,,,,,,,57167000.0,,0.0,0.0,131227000.0,188394000.0,0.106,188394000.0,131227000.0,90292000.0,0.275,0.292,0.275,,,,,,,77377000.0,0.443,1.0,212314000.0,0.12,,40935000.0,,,,,,,,,,,-5022000.0,-2018000.0,1684000.0,30279000.0,-22698000.0,-8341000.0,-163404000.0,0.0,166723000.0,0.0,59838000.0,48020000.0,48020000.0,-1596000.0,0.0,0.027,88559000.0,123755000.0,,0.0,,,22.273,,11818000.0,6.125,,0.603,,,1772638000.0,1772638000.0,0.0,,,,0.074,0.0,31392000.0,1.0,,174608000,200972000.0,10.152,,,30454000.0,,,
0,VLO,MRQ,2021-06-30,2021-06-30,2021-06-30,2021-08-25,-1089000000.0,55456000000.0,,19372000000.0,36084000000.0,,43.369,-297000000.0,3572000000.0,3572000000.0,27039000000.0,292000000.0,1.363,2.082,14680000000.0,1044000000.0,13636000000.0,14680000000.0,0.0,588000000.0,0.0,0.05,0.98,481000000.0,1069000000.0,0.039,1069000000.0,481000000.0,331000000.0,0.39,0.39,0.39,17651000000.0,,17651000000.0,44325993683.0,-32.0,45.138,1711000000.0,4.204,1.0,709000000.0,0.026,0.0,150000000.0,52350000000.0,,6103000000.0,0.0,0.0,0.0,36752000000.0,14214000000.0,22538000000.0,31915993683.0,1318000000.0,19000000.0,-1000000.0,-26000000.0,-401000000.0,-427000000.0,-256000000.0,0.0,2008000000.0,-7000000.0,162000000.0,162000000.0,162000000.0,0.0,130000000.0,0.006,200000000.0,509000000.0,10168000000.0,2.513,1.808,-23.382,-23.238,30461000000.0,0.0,78.08,0.394,0.392,9132000000.0,27610000000.0,27748000000.0,27748000000.0,0.0,,,,,0.0,176000000.0,1.0,408760165.0,407000000,407000000.0,68.177,55456000000.0,0.0,169000000.0,6858000000.0,136.256,5158000000.0
1,VLO,MRQ,2021-03-31,2021-03-31,2021-03-31,2021-08-25,-1165000000.0,53614000000.0,,17591000000.0,36023000000.0,,43.737,-391000000.0,2254000000.0,2254000000.0,21214000000.0,-622000000.0,1.429,1.96,14664000000.0,734000000.0,13930000000.0,14664000000.0,0.0,578000000.0,0.0,0.055,0.98,-703000000.0,-125000000.0,-0.006,-125000000.0,-703000000.0,-852000000.0,-1.73,-1.73,-1.73,17801000000.0,,17801000000.0,40617102996.0,-333.0,18.255,-443000000.0,-1.088,1.0,-408000000.0,-0.02,0.0,149000000.0,53717000000.0,,5881000000.0,0.0,0.0,0.0,34887000000.0,12307000000.0,22580000000.0,29253102996.0,-1059000000.0,-191000000.0,-14000000.0,-24000000.0,-400000000.0,-439000000.0,-580000000.0,0.0,-52000000.0,12000000.0,-704000000.0,-704000000.0,-704000000.0,0.0,82000000.0,-0.034,258000000.0,-666000000.0,9113000000.0,-0.566,1.643,-106.763,-105.294,30379000000.0,0.0,71.6,0.46,0.458,9014000000.0,27849000000.0,20806000000.0,20806000000.0,0.0,,,,,0.0,208000000.0,1.0,408562891.0,407000000,407000000.0,51.12,53614000000.0,0.0,-148000000.0,6407000000.0,131.73,5284000000.0
2,VLO,MRQ,2020-12-31,2020-12-31,2020-12-31,2021-08-25,-1254000000.0,51774000000.0,,15844000000.0,35930000000.0,,46.194,-340000000.0,3313000000.0,3313000000.0,16834000000.0,-309000000.0,1.707,1.709,14677000000.0,723000000.0,13954000000.0,14677000000.0,0.0,577000000.0,0.0,0.069,0.98,-495000000.0,82000000.0,0.005,82000000.0,-495000000.0,-648000000.0,-0.88,-0.88,-0.88,18801000000.0,,18801000000.0,34234636006.0,-19.0,58.025,-244000000.0,-0.6,1.0,-230000000.0,-0.014,0.0,153000000.0,53855000000.0,,6038000000.0,0.0,0.0,0.0,32132000000.0,9283000000.0,22849000000.0,23068636006.0,-734000000.0,-282000000.0,-9000000.0,18000000.0,-400000000.0,-393000000.0,-573000000.0,0.0,96000000.0,136000000.0,-359000000.0,-359000000.0,-359000000.0,0.0,50000000.0,-0.022,240000000.0,-470000000.0,6082000000.0,-1.114,1.227,-16.234,-16.163,30389000000.0,0.0,56.57,0.355,0.355,6109000000.0,28953000000.0,16604000000.0,16604000000.0,0.0,,,,,0.0,224000000.0,1.0,407789217.0,407000000,407000000.0,40.796,51774000000.0,0.0,-289000000.0,6759000000.0,127.209,6561000000.0
3,VLO,MRQ,2020-09-30,2020-09-30,2020-09-30,2021-08-25,-1571000000.0,51732000000.0,,15422000000.0,36310000000.0,,47.231,-320000000.0,4047000000.0,4047000000.0,16207000000.0,-379000000.0,1.899,1.65,15213000000.0,636000000.0,14577000000.0,15213000000.0,0.0,614000000.0,0.0,0.089,0.98,-658000000.0,-44000000.0,-0.003,-44000000.0,-658000000.0,-801000000.0,-1.14,-1.14,-1.14,19223000000.0,,19223000000.0,28022045110.0,117.0,10.844,-155000000.0,-0.381,1.0,-398000000.0,-0.025,0.0,143000000.0,54776000000.0,,5357000000.0,0.0,0.0,0.0,31716000000.0,8122000000.0,23594000000.0,17664045110.0,1728000000.0,-197000000.0,0.0,2530000000.0,-399000000.0,2035000000.0,-513000000.0,0.0,165000000.0,41000000.0,-464000000.0,-464000000.0,-464000000.0,0.0,85000000.0,-0.029,223000000.0,-621000000.0,5237000000.0,-0.86,0.919,-8832.023,-866.4,30729000000.0,0.0,43.32,0.232,0.231,5601000000.0,29712000000.0,15809000000.0,15809000000.0,0.0,,,,,0.0,186000000.0,1.0,407757274.0,407000000,407000000.0,38.843,51732000000.0,0.0,-337000000.0,6620000000.0,127.106,7300000000.0
4,VLO,MRQ,2020-06-30,2020-06-30,2020-06-30,2021-08-25,-1799000000.0,49099000000.0,,12762000000.0,36337000000.0,,48.884,-390000000.0,2319000000.0,2319000000.0,8424000000.0,1335000000.0,1.748,1.434,12677000000.0,587000000.0,12090000000.0,12677000000.0,0.0,578000000.0,0.0,0.064,0.98,1734000000.0,2312000000.0,0.222,2312000000.0,1734000000.0,1592000000.0,3.07,3.07,3.07,19847000000.0,,19847000000.0,33925831299.0,19.0,8.315,346000000.0,0.852,1.0,1973000000.0,0.19,0.0,142000000.0,52157000000.0,,5420000000.0,0.0,0.0,0.0,28465000000.0,7300000000.0,21165000000.0,23980831299.0,804000000.0,-194000000.0,0.0,1173000000.0,-400000000.0,630000000.0,-582000000.0,0.0,736000000.0,20000000.0,1253000000.0,1253000000.0,1253000000.0,0.0,82000000.0,0.121,184000000.0,1789000000.0,4652000000.0,0.319,1.208,22.391,22.887,30653000000.0,0.0,58.82,0.274,0.273,4152000000.0,30575000000.0,10397000000.0,10397000000.0,0.0,,,,,0.0,169000000.0,1.0,407698594.0,406000000,407000000.0,25.608,49099000000.0,0.0,339000000.0,6505000000.0,120.933,5462000000.0
5,VLO,MRQ,2020-03-31,2020-03-31,2020-03-31,2021-08-25,-1937000000.0,47747000000.0,,11465000000.0,36282000000.0,,46.181,-612000000.0,1515000000.0,1515000000.0,24187000000.0,-1754000000.0,1.313,1.489,11460000000.0,886000000.0,10574000000.0,11460000000.0,0.0,582000000.0,0.0,0.081,0.98,-2342000000.0,-1760000000.0,-0.08,-1760000000.0,-2342000000.0,-2467000000.0,-4.54,-4.54,-4.54,18842000000.0,,18842000000.0,25656532035.0,28.0,7.973,-661000000.0,-1.62,1.0,-2085000000.0,-0.094,0.0,125000000.0,48960000000.0,,3675000000.0,0.0,0.0,0.0,28062000000.0,8732000000.0,19330000000.0,18567532035.0,-1068000000.0,-155000000.0,-147000000.0,354000000.0,-401000000.0,-195000000.0,-757000000.0,0.0,-49000000.0,-67000000.0,-1851000000.0,-1851000000.0,-1851000000.0,0.0,97000000.0,-0.084,192000000.0,-2277000000.0,5906000000.0,-0.216,0.985,43.18,46.763,30526000000.0,0.0,45.36,0.175,0.174,5392000000.0,29722000000.0,22102000000.0,22102000000.0,0.0,,,,,0.0,177000000.0,1.0,409337126.0,408000000,408000000.0,54.172,47747000000.0,0.0,-616000000.0,5983000000.0,117.027,2733000000.0
6,VLO,MRQ,2019-12-31,2019-12-31,2019-12-31,2021-08-25,-1351000000.0,53864000000.0,,18969000000.0,34895000000.0,,53.57,-632000000.0,2583000000.0,2583000000.0,25876000000.0,1330000000.0,1.441,1.437,9672000000.0,494000000.0,9178000000.0,9672000000.0,0.0,571000000.0,0.0,0.038,0.9,1505000000.0,2076000000.0,0.074,2076000000.0,1505000000.0,1386000000.0,2.56,2.56,2.56,21803000000.0,,21803000000.0,45892628352.0,13.0,7.868,1076000000.0,2.644,1.0,2003000000.0,0.072,0.0,119000000.0,47793000000.0,,7013000000.0,0.0,0.0,0.0,31328000000.0,13160000000.0,18168000000.0,38457628352.0,446000000.0,-186000000.0,-222000000.0,80000000.0,-369000000.0,-523000000.0,-811000000.0,0.0,1708000000.0,72000000.0,1060000000.0,1060000000.0,1060000000.0,0.0,270000000.0,0.038,264000000.0,1739000000.0,10205000000.0,0.352,1.764,15.878,16.036,29264000000.0,0.0,93.65,0.355,0.357,8988000000.0,31974000000.0,27879000000.0,27879000000.0,0.0,,,,,0.0,243000000.0,1.0,410652732.0,407000000,408000000.0,68.499,53864000000.0,0.0,326000000.0,6615000000.0,132.344,5809000000.0
7,VLO,MRQ,2019-09-30,2019-09-30,2019-09-30,2021-08-25,-1529000000.0,51229000000.0,,17033000000.0,34196000000.0,,51.231,-453000000.0,2137000000.0,2137000000.0,26130000000.0,639000000.0,1.404,1.404,9572000000.0,402000000.0,9170000000.0,9572000000.0,0.0,567000000.0,0.0,0.041,0.9,885000000.0,1452000000.0,0.053,1452000000.0,885000000.0,774000000.0,1.48,1.48,1.48,21107000000.0,,21107000000.0,42780749226.0,13.0,7.696,976000000.0,2.369,1.0,1119000000.0,0.041,0.0,111000000.0,46534000000.0,,6376000000.0,0.0,0.0,0.0,29641000000.0,12130000000.0,17511000000.0,35323749226.0,104000000.0,-178000000.0,-307000000.0,67000000.0,-372000000.0,-649000000.0,-635000000.0,0.0,1429000000.0,-41000000.0,609000000.0,609000000.0,609000000.0,0.0,30000000.0,0.022,238000000.0,881000000.0,9504000000.0,0.608,1.674,15.265,15.386,28890000000.0,0.0,85.24,0.324,0.322,7994000000.0,31283000000.0,27249000000.0,27249000000.0,0.0,,,,,0.0,217000000.0,1.0,414403440.0,412000000,413000000.0,66.138,51229000000.0,0.0,165000000.0,6263000000.0,124.342,4903000000.0
8,VLO,MRQ,2019-06-30,2019-06-30,2019-06-30,2021-08-25,-1350000000.0,52022000000.0,,17811000000.0,34211000000.0,,51.434,-675000000.0,2033000000.0,2033000000.0,27810000000.0,648000000.0,1.419,1.414,9490000000.0,323000000.0,9167000000.0,9490000000.0,0.0,566000000.0,0.0,0.04,0.9,884000000.0,1450000000.0,0.05,1450000000.0,884000000.0,772000000.0,1.47,1.47,1.47,21345000000.0,,21345000000.0,43059040620.0,12.0,7.339,842000000.0,2.029,1.0,1123000000.0,0.039,0.0,112000000.0,46931000000.0,,6281000000.0,0.0,0.0,0.0,30185000000.0,12548000000.0,17637000000.0,35720040620.0,-744000000.0,-144000000.0,-212000000.0,-841000000.0,-376000000.0,-1447000000.0,-808000000.0,0.0,1517000000.0,-6000000.0,612000000.0,612000000.0,612000000.0,0.0,36000000.0,0.021,215000000.0,908000000.0,10135000000.0,0.612,1.673,13.948,14.104,28784000000.0,0.0,85.61,0.317,0.315,9050000000.0,31046000000.0,28933000000.0,28933000000.0,0.0,,,,,0.0,199000000.0,1.0,417241451.0,415000000,417000000.0,69.718,52022000000.0,0.0,160000000.0,6225000000.0,125.354,5263000000.0
9,VLO,MRQ,2019-03-31,2019-03-31,2019-03-31,2021-08-25,-1352000000.0,52095000000.0,,18480000000.0,33615000000.0,,51.224,-650000000.0,2777000000.0,2777000000.0,23730000000.0,167000000.0,1.431,1.423,10116000000.0,1110000000.0,9006000000.0,10116000000.0,0.0,551000000.0,0.0,0.039,0.9,304000000.0,855000000.0,0.035,855000000.0,304000000.0,192000000.0,0.34,0.34,0.34,21309000000.0,,21309000000.0,41553236932.0,10.0,6.748,227000000.0,0.546,1.0,533000000.0,0.022,0.0,112000000.0,46521000000.0,,6554000000.0,0.0,0.0,0.0,30316000000.0,12913000000.0,17403000000.0,35426236932.0,-205000000.0,-95000000.0,-36000000.0,1008000000.0,-375000000.0,-378000000.0,-747000000.0,0.0,877000000.0,43000000.0,141000000.0,141000000.0,141000000.0,0.0,26000000.0,0.006,225000000.0,308000000.0,10005000000.0,2.647,1.663,12.679,12.931,28408000000.0,0.0,84.83,0.308,0.307,8289000000.0,30810000000.0,24263000000.0,24263000000.0,0.0,,,,,0.0,209000000.0,1.0,417614487.0,416000000,418000000.0,58.325,52095000000.0,0.0,51000000.0,5893000000.0,125.228,5567000000.0
10,VLO,MRQ,2018-12-31,2018-12-31,2018-12-31,2021-08-25,-1507000000.0,50155000000.0,,17675000000.0,32480000000.0,,51.588,-1012000000.0,2982000000.0,2982000000.0,27184000000.0,1022000000.0,1.648,1.266,9109000000.0,238000000.0,8871000000.0,9109000000.0,0.0,531000000.0,0.0,0.043,0.8,1271000000.0,1802000000.0,0.063,1802000000.0,1271000000.0,1157000000.0,2.25,2.24,2.25,21667000000.0,,21667000000.0,37335388903.0,8.0,5.709,666000000.0,1.586,1.0,1546000000.0,0.054,0.0,114000000.0,45558000000.0,,6532000000.0,0.0,0.0,0.0,27424000000.0,10724000000.0,16700000000.0,31810388903.0,-569000000.0,-147000000.0,-627000000.0,18000000.0,-338000000.0,-987000000.0,-1160000000.0,0.0,1678000000.0,-100000000.0,952000000.0,952000000.0,952000000.0,0.0,70000000.0,0.033,247000000.0,1299000000.0,8594000000.0,0.356,1.468,10.189,10.27,28848000000.0,0.0,74.97,0.272,0.273,7345000000.0,31044000000.0,28730000000.0,28730000000.0,0.0,,,,,0.0,230000000.0,1.0,424308242.0,420000000,422000000.0,68.405,50155000000.0,0.0,205000000.0,6224000000.0,119.417,6951000000.0
11,VLO,MRQ,2018-09-30,2018-09-30,2018-09-30,2021-08-25,-1235000000.0,51894000000.0,,19891000000.0,32003000000.0,,51.553,-868000000.0,3551000000.0,3551000000.0,29398000000.0,874000000.0,1.594,1.321,9076000000.0,199000000.0,8877000000.0,9076000000.0,0.0,517000000.0,0.0,0.027,0.8,1243000000.0,1760000000.0,0.057,1760000000.0,1243000000.0,1132000000.0,2.01,2.01,2.01,21910000000.0,,21910000000.0,53224525571.0,13.0,8.757,-372000000.0,-0.875,1.0,1451000000.0,0.047,0.0,111000000.0,44937000000.0,,7501000000.0,0.0,0.0,0.0,28934000000.0,12482000000.0,16452000000.0,48616525571.0,-900000000.0,-265000000.0,-434000000.0,8000000.0,-341000000.0,-779000000.0,-636000000.0,0.0,496000000.0,19000000.0,856000000.0,856000000.0,856000000.0,0.0,18000000.0,0.028,232000000.0,1219000000.0,10224000000.0,0.398,2.219,10.706,10.906,28428000000.0,0.0,113.75,0.424,0.421,8249000000.0,30430000000.0,30849000000.0,30849000000.0,0.0,,,,,0.0,209000000.0,1.0,427398027.0,425000000,427000000.0,72.586,51894000000.0,0.0,276000000.0,6231000000.0,122.104,7409000000.0
12,VLO,MRQ,2018-06-30,2018-06-30,2018-06-30,2021-08-25,-1262000000.0,50678000000.0,,18948000000.0,31730000000.0,,50.744,-434000000.0,4451000000.0,4451000000.0,29480000000.0,875000000.0,1.671,1.28,9059000000.0,183000000.0,8876000000.0,9059000000.0,0.0,523000000.0,0.0,0.027,0.8,1218000000.0,1741000000.0,0.056,1741000000.0,1218000000.0,1094000000.0,1.96,1.96,1.96,21769000000.0,,21769000000.0,52069325417.0,13.0,8.469,1625000000.0,3.788,1.0,1535000000.0,0.049,0.0,124000000.0,43945000000.0,,6420000000.0,0.0,0.0,0.0,27874000000.0,11341000000.0,16533000000.0,47770325417.0,-207000000.0,-686000000.0,-327000000.0,-114000000.0,-345000000.0,-829000000.0,-1380000000.0,0.0,2059000000.0,-57000000.0,845000000.0,845000000.0,845000000.0,0.0,30000000.0,0.027,282000000.0,1253000000.0,8963000000.0,0.408,2.194,10.555,10.729,28180000000.0,0.0,110.83,0.445,0.443,7535000000.0,29915000000.0,31015000000.0,31015000000.0,0.0,,,,,0.0,248000000.0,1.0,431023418.0,429000000,431000000.0,72.296,50678000000.0,0.0,249000000.0,6314000000.0,118.131,7607000000.0
13,VLO,MRQ,2018-03-31,2018-03-31,2018-03-31,2021-08-25,-983000000.0,49376000000.0,,18260000000.0,31116000000.0,,50.759,-384000000.0,4658000000.0,4658000000.0,25377000000.0,582000000.0,1.698,1.209,8957000000.0,871000000.0,8086000000.0,8957000000.0,0.0,498000000.0,0.0,0.031,0.8,739000000.0,1237000000.0,0.047,1237000000.0,739000000.0,618000000.0,1.09,1.09,1.09,21877000000.0,,21877000000.0,43207761455.0,11.0,7.49,-246000000.0,-0.571,1.0,1062000000.0,0.04,0.0,121000000.0,42923000000.0,,6555000000.0,0.0,0.0,0.0,26451000000.0,10752000000.0,15699000000.0,40185761455.0,-1192000000.0,-140000000.0,-320000000.0,83000000.0,-345000000.0,-573000000.0,-752000000.0,0.0,138000000.0,-5000000.0,469000000.0,469000000.0,469000000.0,0.0,113000000.0,0.018,261000000.0,801000000.0,7966000000.0,0.734,1.837,9.502,9.664,27731000000.0,0.0,92.77,0.407,0.405,6814000000.0,29415000000.0,26439000000.0,26439000000.0,0.0,,,,,0.0,238000000.0,1.0,433176258.0,431000000,432000000.0,61.343,49376000000.0,0.0,149000000.0,6036000000.0,114.561,7508000000.0
14,VLO,MRQ,2017-12-31,2017-12-31,2017-12-31,2021-08-25,-940000000.0,50158000000.0,,19312000000.0,30846000000.0,,50.438,-879000000.0,5850000000.0,5850000000.0,25282000000.0,2400000000.0,1.744,1.24,8872000000.0,122000000.0,8750000000.0,8872000000.0,0.0,490000000.0,0.0,0.03,0.7,850000000.0,1340000000.0,0.051,1340000000.0,850000000.0,736000000.0,5.37,5.36,5.37,21991000000.0,,21991000000.0,43527102522.0,12.0,7.815,781000000.0,1.791,1.0,1110000000.0,0.042,0.0,114000000.0,42109000000.0,,6384000000.0,0.0,0.0,0.0,27258000000.0,11071000000.0,16187000000.0,40218102522.0,674000000.0,-143000000.0,-421000000.0,374000000.0,-306000000.0,-329000000.0,-642000000.0,0.0,1660000000.0,-15000000.0,2371000000.0,2371000000.0,2371000000.0,0.0,29000000.0,0.09,267000000.0,843000000.0,8348000000.0,0.13,1.829,9.894,10.023,27480000000.0,0.0,91.91,0.428,0.432,6922000000.0,29200000000.0,26392000000.0,26392000000.0,0.0,,,,,0.0,237000000.0,1.0,437581357.0,436000000,438000000.0,60.532,50158000000.0,0.0,-1635000000.0,6597000000.0,115.041,8241000000.0
15,VLO,MRQ,2017-09-30,2017-09-30,2017-09-30,2021-08-25,-893000000.0,47988000000.0,,17442000000.0,30546000000.0,,46.401,-341000000.0,5176000000.0,5176000000.0,21948000000.0,863000000.0,1.91,1.314,8485000000.0,121000000.0,8364000000.0,8485000000.0,0.0,497000000.0,0.0,0.035,0.7,1333000000.0,1830000000.0,0.078,1830000000.0,1333000000.0,1219000000.0,1.91,1.91,1.91,20370000000.0,,20370000000.0,37257209058.0,11.0,7.043,696000000.0,1.585,1.0,1614000000.0,0.069,0.0,114000000.0,42167000000.0,,6137000000.0,0.0,0.0,0.0,26764000000.0,9130000000.0,17634000000.0,33977209058.0,-31000000.0,-151000000.0,-291000000.0,-4000000.0,-309000000.0,-615000000.0,-566000000.0,0.0,1037000000.0,113000000.0,841000000.0,841000000.0,841000000.0,0.0,22000000.0,0.036,282000000.0,1332000000.0,6677000000.0,0.366,1.668,16.486,16.58,27274000000.0,0.0,76.93,0.385,0.382,5959000000.0,27135000000.0,23562000000.0,23562000000.0,0.0,,,,,0.0,225000000.0,1.0,441663968.0,439000000,441000000.0,53.672,47988000000.0,0.0,378000000.0,8877000000.0,109.312,8312000000.0
16,VLO,MRQ,2017-06-30,2017-06-30,2017-06-30,2021-08-25,-1123000000.0,45974000000.0,,15731000000.0,30243000000.0,,44.872,-293000000.0,5207000000.0,5207000000.0,21205000000.0,572000000.0,2.048,1.265,8487000000.0,121000000.0,8366000000.0,8487000000.0,0.0,499000000.0,0.0,0.039,0.7,863000000.0,1362000000.0,0.061,1362000000.0,863000000.0,744000000.0,1.23,1.23,1.23,19923000000.0,,19923000000.0,34196230851.0,12.0,7.121,1504000000.0,3.387,1.0,1049000000.0,0.047,0.0,119000000.0,41571000000.0,,5674000000.0,0.0,0.0,0.0,25209000000.0,7683000000.0,17526000000.0,30170230851.0,744000000.0,-105000000.0,-346000000.0,-6000000.0,-312000000.0,-676000000.0,-460000000.0,0.0,1797000000.0,83000000.0,548000000.0,548000000.0,548000000.0,0.0,24000000.0,0.025,189000000.0,860000000.0,5456000000.0,0.569,1.514,16.459,16.616,27054000000.0,0.0,67.46,0.358,0.355,4573000000.0,26603000000.0,22254000000.0,22254000000.0,0.0,,,,,0.0,175000000.0,1.0,447231409.0,444000000,446000000.0,50.122,45974000000.0,0.0,196000000.0,8405000000.0,103.545,8048000000.0
17,VLO,MRQ,2017-03-31,2017-03-31,2017-03-31,2021-08-25,-1334000000.0,46047000000.0,,15908000000.0,30139000000.0,,44.252,-279000000.0,4463000000.0,4463000000.0,21040000000.0,321000000.0,2.014,1.281,8489000000.0,120000000.0,8369000000.0,8489000000.0,0.0,500000000.0,0.0,0.038,0.7,538000000.0,1038000000.0,0.048,1038000000.0,538000000.0,417000000.0,0.68,0.68,0.68,19825000000.0,,19825000000.0,33085072615.0,10.0,6.453,709000000.0,1.583,1.0,732000000.0,0.034,0.0,121000000.0,42174000000.0,,6025000000.0,0.0,0.0,0.0,25396000000.0,7899000000.0,17497000000.0,29900072615.0,-353000000.0,-189000000.0,-314000000.0,-5000000.0,-315000000.0,-652000000.0,-714000000.0,0.0,988000000.0,25000000.0,305000000.0,305000000.0,305000000.0,0.0,16000000.0,0.014,204000000.0,528000000.0,6037000000.0,1.029,1.508,14.245,14.505,26991000000.0,0.0,66.29,0.366,0.363,5104000000.0,26366000000.0,21772000000.0,21772000000.0,0.0,,,,,0.0,192000000.0,1.0,451049519.0,448000000,451000000.0,48.598,46047000000.0,0.0,112000000.0,8231000000.0,102.783,8009000000.0
18,VLO,MRQ,2016-12-31,2016-12-31,2016-12-31,2021-08-25,-1410000000.0,46173000000.0,,16800000000.0,29373000000.0,,44.597,-366000000.0,4816000000.0,4816000000.0,19915000000.0,416000000.0,2.017,1.264,8001000000.0,115000000.0,7886000000.0,8001000000.0,0.0,468000000.0,0.0,0.035,0.6,592000000.0,1060000000.0,0.051,1060000000.0,592000000.0,480000000.0,0.82,0.82,0.82,20024000000.0,,20024000000.0,33929056335.0,10.0,6.29,632000000.0,1.408,1.0,797000000.0,0.038,0.0,112000000.0,41030000000.0,,5709000000.0,0.0,0.0,0.0,25319000000.0,8328000000.0,16991000000.0,30926056335.0,-1133000000.0,-4000000.0,-169000000.0,-947000000.0,-271000000.0,-1433000000.0,-622000000.0,0.0,998000000.0,-76000000.0,367000000.0,367000000.0,367000000.0,0.0,49000000.0,0.018,215000000.0,582000000.0,6357000000.0,0.732,1.544,13.511,13.83,26472000000.0,0.0,68.32,0.409,0.416,5901000000.0,26366000000.0,20712000000.0,20712000000.0,0.0,,,,,0.0,202000000.0,1.0,452664759.0,449000000,455000000.0,46.129,46173000000.0,0.0,113000000.0,8523000000.0,102.835,8472000000.0
19,VLO,MRQ,2016-09-30,2016-09-30,2016-09-30,2021-08-25,-1120000000.0,46265000000.0,,16878000000.0,29387000000.0,,44.408,-302000000.0,5949000000.0,5949000000.0,18553000000.0,645000000.0,2.052,1.236,8952000000.0,1064000000.0,7888000000.0,8952000000.0,0.0,470000000.0,0.0,0.043,0.6,872000000.0,1342000000.0,0.068,1342000000.0,872000000.0,757000000.0,1.33,1.33,1.33,20339000000.0,,20339000000.0,27036068071.0,8.0,5.018,561000000.0,1.225,1.0,1096000000.0,0.056,0.0,115000000.0,41044000000.0,,5979000000.0,0.0,0.0,0.0,25135000000.0,8224000000.0,16911000000.0,24451068071.0,1024000000.0,0.0,-502000000.0,1452000000.0,-276000000.0,658000000.0,-453000000.0,0.0,863000000.0,-44000000.0,613000000.0,613000000.0,613000000.0,0.0,32000000.0,0.031,204000000.0,892000000.0,5368000000.0,0.451,1.202,11.014,11.019,26518000000.0,0.0,53.0,0.332,0.329,4672000000.0,26270000000.0,19649000000.0,19649000000.0,0.0,,,,,0.0,192000000.0,1.0,461340907.0,458000000,460000000.0,42.902,46265000000.0,50000000.0,144000000.0,8533000000.0,101.015,8654000000.0
20,VLO,MRQ,2016-06-30,2016-06-30,2016-06-30,2021-08-25,-1002000000.0,45452000000.0,,16180000000.0,29272000000.0,,44.06,-294000000.0,4925000000.0,4925000000.0,17667000000.0,843000000.0,1.87,1.169,7510000000.0,864000000.0,6646000000.0,7510000000.0,0.0,471000000.0,0.0,0.041,0.6,1216000000.0,1687000000.0,0.086,1687000000.0,1216000000.0,1105000000.0,1.74,1.73,1.74,20576000000.0,,20576000000.0,27516933977.0,6.0,4.123,2025000000.0,4.336,1.0,1917000000.0,0.098,0.0,111000000.0,39385000000.0,,6137000000.0,0.0,0.0,0.0,24048000000.0,8652000000.0,15396000000.0,23959933977.0,1147000000.0,2000000.0,-400000000.0,176000000.0,-282000000.0,-693000000.0,-450000000.0,0.0,2319000000.0,-29000000.0,814000000.0,814000000.0,814000000.0,0.0,29000000.0,0.042,686000000.0,1231000000.0,5943000000.0,0.345,1.164,8.029,8.134,26589000000.0,0.0,51.0,0.313,0.311,4880000000.0,25933000000.0,19584000000.0,19584000000.0,0.0,,,,,0.0,159000000.0,1.0,469802627.0,467000000,470000000.0,41.936,45452000000.0,48000000.0,291000000.0,8685000000.0,97.328,7528000000.0
21,VLO,MRQ,2016-03-31,2016-03-31,2016-03-31,2021-08-25,-802000000.0,44259000000.0,,14861000000.0,29398000000.0,,44.043,-316000000.0,3778000000.0,3778000000.0,14244000000.0,513000000.0,2.194,1.102,7335000000.0,128000000.0,7207000000.0,7335000000.0,0.0,485000000.0,0.0,0.03,0.6,820000000.0,1305000000.0,0.083,1305000000.0,820000000.0,712000000.0,1.05,1.05,1.05,20656000000.0,,20656000000.0,33433985533.0,6.0,4.467,324000000.0,0.691,1.0,1470000000.0,0.094,0.0,108000000.0,41041000000.0,,6056000000.0,0.0,0.0,0.0,22764000000.0,6775000000.0,15989000000.0,30170985533.0,-336000000.0,-2000000.0,-265000000.0,-3000000.0,-282000000.0,-544000000.0,-481000000.0,0.0,640000000.0,49000000.0,495000000.0,495000000.0,495000000.0,0.0,18000000.0,0.032,641000000.0,829000000.0,4980000000.0,0.571,1.461,8.569,8.908,26745000000.0,0.0,64.14,0.367,0.366,4518000000.0,25401000000.0,15714000000.0,15714000000.0,0.0,,,,,0.0,156000000.0,1.0,470392665.0,469000000,471000000.0,33.505,44259000000.0,174000000.0,217000000.0,8443000000.0,94.369,8086000000.0
22,VLO,MRQ,2015-12-31,2015-12-31,2015-12-31,2021-08-25,-933000000.0,44227000000.0,,14898000000.0,29329000000.0,,42.854,-432000000.0,4114000000.0,4114000000.0,19226000000.0,395000000.0,2.13,1.114,7335000000.0,127000000.0,7208000000.0,7335000000.0,0.0,494000000.0,0.0,0.024,0.5,560000000.0,1054000000.0,0.056,1054000000.0,560000000.0,453000000.0,0.69,0.69,0.69,20527000000.0,,20527000000.0,36127108242.0,6.0,4.441,55000000.0,0.115,1.0,-449000000.0,-0.024,0.0,107000000.0,40454000000.0,,5898000000.0,0.0,0.0,0.0,22873000000.0,6994000000.0,15879000000.0,34047108242.0,-1187000000.0,-141000000.0,-733000000.0,-4000000.0,-240000000.0,-818000000.0,-808000000.0,0.0,487000000.0,-48000000.0,298000000.0,298000000.0,298000000.0,0.0,97000000.0,0.016,-1095000000.0,646000000.0,4907000000.0,0.725,1.659,8.533,8.839,26703000000.0,0.0,70.71,0.388,0.4,4464000000.0,25188000000.0,18777000000.0,18777000000.0,0.0,,,,,0.0,206000000.0,1.0,481503440.0,479000000,482000000.0,39.2,44227000000.0,218000000.0,155000000.0,8466000000.0,92.332,7904000000.0
23,VLO,MRQ,2015-09-30,2015-09-30,2015-09-30,2021-08-25,-795000000.0,45825000000.0,,16827000000.0,28998000000.0,,43.424,-358000000.0,5301000000.0,5301000000.0,19779000000.0,1373000000.0,2.03,1.124,7381000000.0,129000000.0,7252000000.0,7381000000.0,0.0,482000000.0,0.0,0.025,0.4,2146000000.0,2628000000.0,0.116,2628000000.0,2146000000.0,2034000000.0,2.79,2.79,2.79,21321000000.0,,21321000000.0,31461419541.0,4.0,3.403,1004000000.0,2.045,1.0,2800000000.0,0.124,0.0,112000000.0,39616000000.0,,6557000000.0,0.0,0.0,0.0,23957000000.0,8289000000.0,15668000000.0,29876419541.0,-463000000.0,0.0,-1099000000.0,-30000000.0,-199000000.0,-1295000000.0,-465000000.0,0.0,1362000000.0,-65000000.0,1377000000.0,1377000000.0,1377000000.0,0.0,-4000000.0,0.061,661000000.0,2139000000.0,5679000000.0,0.143,1.401,6.164,6.293,26688000000.0,0.0,60.1,0.308,0.305,4691000000.0,25130000000.0,22579000000.0,22579000000.0,0.0,,,,,0.0,179000000.0,1.0,497111806.0,491000000,494000000.0,45.986,45825000000.0,105000000.0,657000000.0,8542000000.0,93.33,8538000000.0
24,VLO,MRQ,2015-06-30,2015-06-30,2015-06-30,2021-08-25,-529000000.0,47599000000.0,,18492000000.0,29107000000.0,,42.481,-370000000.0,5764000000.0,5764000000.0,22437000000.0,1365000000.0,1.875,1.193,7349000000.0,150000000.0,7199000000.0,7349000000.0,0.0,425000000.0,0.0,0.022,0.4,2072000000.0,2497000000.0,0.099,2497000000.0,2072000000.0,1959000000.0,2.67,2.66,2.67,21453000000.0,,21453000000.0,34393701142.0,5.0,3.942,1959000000.0,3.879,1.0,2681000000.0,0.107,0.0,113000000.0,39319000000.0,,6618000000.0,0.0,0.0,0.0,25593000000.0,9865000000.0,15728000000.0,31839701142.0,894000000.0,0.0,-662000000.0,-76000000.0,-203000000.0,-958000000.0,-501000000.0,0.0,2329000000.0,24000000.0,1351000000.0,1351000000.0,1351000000.0,0.0,14000000.0,0.054,603000000.0,2078000000.0,7315000000.0,0.15,1.484,7.03,7.138,26734000000.0,0.0,62.6,0.293,0.291,5799000000.0,23953000000.0,25118000000.0,25118000000.0,0.0,,,,,0.0,178000000.0,1.0,508621424.0,505000000,508000000.0,49.739,47599000000.0,154000000.0,608000000.0,8511000000.0,94.255,8627000000.0
25,VLO,MRQ,2015-03-31,2015-03-31,2015-03-31,2021-08-25,-730000000.0,45741000000.0,,16788000000.0,28953000000.0,,40.495,-458000000.0,4870000000.0,4870000000.0,19247000000.0,968000000.0,1.944,1.174,7424000000.0,200000000.0,7224000000.0,7424000000.0,0.0,441000000.0,0.0,0.019,0.4,1515000000.0,1956000000.0,0.092,1956000000.0,1515000000.0,1414000000.0,1.87,1.87,1.87,20774000000.0,,20774000000.0,35454196700.0,6.0,4.621,975000000.0,1.901,1.0,2083000000.0,0.098,0.0,101000000.0,39661000000.0,,6666000000.0,0.0,0.0,0.0,24399000000.0,8634000000.0,15765000000.0,32757196700.0,1181000000.0,0.0,-310000000.0,1043000000.0,-206000000.0,526000000.0,-713000000.0,0.0,1433000000.0,-65000000.0,964000000.0,964000000.0,964000000.0,0.0,4000000.0,0.045,588000000.0,1495000000.0,6010000000.0,0.214,1.577,8.698,8.824,26596000000.0,0.0,63.62,0.276,0.275,4924000000.0,22804000000.0,21330000000.0,21330000000.0,0.0,,,,,0.0,147000000.0,1.0,514888348.0,513000000,516000000.0,41.579,45741000000.0,174000000.0,450000000.0,8536000000.0,89.164,8154000000.0
26,VLO,MRQ,2014-12-31,2014-12-31,2014-12-31,2021-08-25,-367000000.0,45550000000.0,,16614000000.0,28936000000.0,,39.994,-700000000.0,3689000000.0,3689000000.0,25424000000.0,1220000000.0,1.665,1.176,6386000000.0,606000000.0,5780000000.0,6386000000.0,0.0,425000000.0,0.0,0.021,0.275,1740000000.0,2165000000.0,0.078,2165000000.0,1740000000.0,1639000000.0,2.22,2.21,2.22,20677000000.0,,20677000000.0,27993629332.0,5.0,3.735,297000000.0,0.574,1.0,2435000000.0,0.087,0.0,101000000.0,38267000000.0,,6623000000.0,0.0,0.0,0.0,24306000000.0,9980000000.0,14326000000.0,25801629332.0,-502000000.0,-14000000.0,-487000000.0,24000000.0,-143000000.0,-614000000.0,-858000000.0,0.0,997000000.0,-27000000.0,1155000000.0,1155000000.0,1155000000.0,0.0,65000000.0,0.041,639000000.0,1796000000.0,6760000000.0,0.124,1.248,7.108,7.195,26735000000.0,0.0,49.5,0.197,0.199,5879000000.0,22046000000.0,27859000000.0,27859000000.0,0.0,,,,,0.0,214000000.0,1.0,521245037.0,517000000,521000000.0,53.886,45550000000.0,259000000.0,484000000.0,8625000000.0,88.104,6634000000.0
27,VLO,MRQ,2014-09-30,2014-09-30,2014-09-30,2021-08-25,149000000.0,48455000000.0,,19666000000.0,28789000000.0,,39.076,-499000000.0,4191000000.0,4191000000.0,32128000000.0,1062000000.0,1.461,1.333,6383000000.0,600000000.0,5783000000.0,6383000000.0,0.0,430000000.0,0.0,0.022,0.275,1678000000.0,2108000000.0,0.061,2108000000.0,1678000000.0,1580000000.0,2.01,2.0,2.01,20554000000.0,,20554000000.0,27333863464.0,5.0,3.563,1367000000.0,2.599,1.0,2280000000.0,0.066,0.0,98000000.0,37187000000.0,,6860000000.0,0.0,0.0,0.0,27393000000.0,13460000000.0,13933000000.0,24428863464.0,711000000.0,0.0,-339000000.0,0.0,-145000000.0,-489000000.0,-620000000.0,0.0,1866000000.0,-46000000.0,1059000000.0,1059000000.0,1059000000.0,0.0,3000000.0,0.031,610000000.0,1670000000.0,9939000000.0,0.137,1.189,6.492,6.572,26449000000.0,0.0,46.27,0.178,0.177,8175000000.0,21034000000.0,34408000000.0,34408000000.0,0.0,,,,,0.0,180000000.0,1.0,527963334.0,526000000,530000000.0,65.414,48455000000.0,308000000.0,521000000.0,8892000000.0,92.12,6206000000.0
28,VLO,MRQ,2014-06-30,2014-06-30,2014-06-30,2021-08-25,426000000.0,47013000000.0,,18450000000.0,28563000000.0,,38.206,-566000000.0,3480000000.0,3480000000.0,33245000000.0,593000000.0,1.473,1.301,6385000000.0,601000000.0,5784000000.0,6385000000.0,0.0,414000000.0,0.0,0.019,0.25,1029000000.0,1443000000.0,0.041,1443000000.0,1029000000.0,931000000.0,1.11,1.1,1.11,20211000000.0,,20211000000.0,29651570466.0,6.0,4.528,568000000.0,1.074,1.0,1669000000.0,0.048,0.0,98000000.0,37395000000.0,,6526000000.0,0.0,0.0,0.0,26293000000.0,12523000000.0,13770000000.0,26734570466.0,-167000000.0,0.0,-221000000.0,-200000000.0,-133000000.0,-515000000.0,-808000000.0,0.0,1134000000.0,22000000.0,588000000.0,588000000.0,588000000.0,63000000.0,5000000.0,0.017,584000000.0,1085000000.0,9355000000.0,0.225,1.323,8.864,8.93,26122000000.0,0.0,50.1,0.192,0.19,7952000000.0,20120000000.0,34914000000.0,34914000000.0,0.0,,,,,0.0,170000000.0,1.0,533624161.0,529000000,534000000.0,66.0,47013000000.0,368000000.0,343000000.0,8642000000.0,88.871,5927000000.0
29,VLO,MRQ,2014-03-31,2014-03-31,2014-03-31,2021-08-25,277000000.0,47099000000.0,,19030000000.0,28069000000.0,,37.505,-388000000.0,3647000000.0,3647000000.0,31731000000.0,836000000.0,1.472,1.34,6564000000.0,704000000.0,5860000000.0,6564000000.0,0.0,421000000.0,0.0,0.017,0.25,1357000000.0,1778000000.0,0.053,1778000000.0,1357000000.0,1257000000.0,1.55,1.54,1.55,19915000000.0,,19915000000.0,30548294965.0,7.0,4.826,-144000000.0,-0.271,1.0,1932000000.0,0.057,0.0,100000000.0,37090000000.0,,7106000000.0,0.0,0.0,0.0,26691000000.0,12926000000.0,13765000000.0,28276294965.0,-645000000.0,0.0,-202000000.0,0.0,-133000000.0,-312000000.0,-558000000.0,0.0,244000000.0,-19000000.0,828000000.0,828000000.0,828000000.0,1000000.0,8000000.0,0.025,581000000.0,1351000000.0,9617000000.0,0.161,1.42,9.771,9.907,25766000000.0,0.0,53.1,0.205,0.204,7783000000.0,19665000000.0,33663000000.0,33663000000.0,0.0,,,,,0.0,160000000.0,1.0,532510263.0,531000000,536000000.0,63.395,47099000000.0,360000000.0,429000000.0,8732000000.0,88.699,6104000000.0
30,VLO,MRQ,2013-12-31,2013-12-31,2013-12-31,2021-08-25,350000000.0,47260000000.0,,19277000000.0,27983000000.0,,36.306,-431000000.0,4292000000.0,4292000000.0,32251000000.0,1287000000.0,1.469,1.404,6564000000.0,303000000.0,6261000000.0,6564000000.0,0.0,437000000.0,0.0,0.017,0.225,1905000000.0,2342000000.0,0.068,2342000000.0,1905000000.0,1803000000.0,2.37,2.36,2.37,19460000000.0,,19460000000.0,31849937854.0,7.0,5.257,2098000000.0,3.914,1.0,2178000000.0,0.063,0.0,102000000.0,36409000000.0,,5758000000.0,0.0,0.0,0.0,27314000000.0,13123000000.0,14191000000.0,27193937854.0,2384000000.0,-76000000.0,-326000000.0,461000000.0,-120000000.0,395000000.0,-539000000.0,0.0,2529000000.0,-1000000.0,1288000000.0,1288000000.0,1288000000.0,6000000.0,-1000000.0,0.037,616000000.0,1562000000.0,9931000000.0,0.095,1.397,9.998,10.1,25707000000.0,0.0,50.4,0.197,0.198,8751000000.0,18970000000.0,34429000000.0,34429000000.0,0.0,,,,,0.0,179000000.0,1.0,539562259.0,536000000,545000000.0,64.233,47260000000.0,338000000.0,515000000.0,8968000000.0,88.172,6154000000.0
31,VLO,MRQ,2013-09-30,2013-09-30,2013-09-30,2021-08-25,83000000.0,46293000000.0,,18593000000.0,27700000000.0,,33.833,-479000000.0,1908000000.0,1908000000.0,34987000000.0,324000000.0,1.36,1.527,6564000000.0,303000000.0,6261000000.0,6564000000.0,0.0,448000000.0,0.0,0.023,0.225,537000000.0,985000000.0,0.027,985000000.0,537000000.0,435000000.0,0.58,0.57,0.58,18270000000.0,,18270000000.0,22680174878.0,6.0,3.969,-258000000.0,-0.478,1.0,1150000000.0,0.032,160000000.0,102000000.0,37121000000.0,,7063000000.0,0.0,0.0,0.0,27906000000.0,13668000000.0,14238000000.0,18514174878.0,-490000000.0,0.0,-26000000.0,0.0,-122000000.0,-145000000.0,-590000000.0,0.0,221000000.0,24000000.0,312000000.0,312000000.0,312000000.0,0.0,12000000.0,0.009,618000000.0,532000000.0,10998000000.0,0.388,1.013,7.582,7.674,25642000000.0,0.0,34.15,0.135,0.134,9126000000.0,17804000000.0,36137000000.0,36137000000.0,0.0,,,,,0.0,170000000.0,1.0,542142749.0,540000000,545000000.0,66.92,46133000000.0,365000000.0,123000000.0,8081000000.0,85.431,4925000000.0
32,VLO,MRQ,2013-06-30,2013-06-30,2013-06-30,2021-08-25,-99000000.0,44177000000.0,,16768000000.0,27409000000.0,,33.002,-634000000.0,2398000000.0,2398000000.0,32591000000.0,465000000.0,1.393,1.459,6564000000.0,303000000.0,6261000000.0,6564000000.0,0.0,405000000.0,0.0,0.022,0.2,820000000.0,1225000000.0,0.036,1225000000.0,820000000.0,742000000.0,0.86,0.85,0.86,17920000000.0,,17920000000.0,23974360869.0,5.0,3.723,631000000.0,1.162,1.0,1443000000.0,0.042,159000000.0,78000000.0,36149000000.0,,6446000000.0,0.0,0.0,0.0,26152000000.0,12035000000.0,14117000000.0,18962360869.0,541000000.0,0.0,-251000000.0,250000000.0,-109000000.0,109000000.0,-823000000.0,0.0,1265000000.0,-10000000.0,466000000.0,466000000.0,466000000.0,0.0,-1000000.0,0.014,638000000.0,805000000.0,9507000000.0,0.233,1.058,6.763,6.831,25386000000.0,0.0,34.77,0.139,0.139,7486000000.0,17593000000.0,34034000000.0,34034000000.0,0.0,,,,,0.0,233000000.0,1.0,545365570.0,543000000,548000000.0,62.678,44018000000.0,302000000.0,276000000.0,7880000000.0,81.064,4733000000.0
33,VLO,MRQ,2013-03-31,2013-03-31,2013-03-31,2021-08-25,121000000.0,45501000000.0,,17206000000.0,28295000000.0,,33.351,-577000000.0,1857000000.0,1857000000.0,31807000000.0,652000000.0,1.354,1.476,6869000000.0,406000000.0,6463000000.0,6869000000.0,0.0,430000000.0,0.0,0.015,0.2,1077000000.0,1507000000.0,0.045,1507000000.0,1077000000.0,994000000.0,1.18,1.18,1.18,18343000000.0,,18343000000.0,30478935135.0,6.0,4.38,972000000.0,1.767,1.0,1667000000.0,0.05,203000000.0,83000000.0,37605000000.0,,6937000000.0,0.0,0.0,0.0,27083000000.0,12705000000.0,14378000000.0,25152935135.0,134000000.0,0.0,-266000000.0,-180000000.0,-111000000.0,-522000000.0,-860000000.0,0.0,1549000000.0,-33000000.0,654000000.0,654000000.0,654000000.0,0.0,-2000000.0,0.02,606000000.0,1061000000.0,9821000000.0,0.169,1.371,7.937,7.939,26398000000.0,0.0,45.49,0.184,0.183,7658000000.0,17575000000.0,33474000000.0,33474000000.0,0.0,,,,,0.0,176000000.0,1.0,552933285.0,550000000,556000000.0,60.862,45298000000.0,370000000.0,340000000.0,7848000000.0,82.36,4501000000.0
34,VLO,MRQ,2012-12-31,2012-12-31,2012-12-31,2021-08-25,108000000.0,44477000000.0,,16460000000.0,28017000000.0,,32.785,-802000000.0,1723000000.0,1723000000.0,31524000000.0,1009000000.0,1.38,1.463,7049000000.0,586000000.0,6463000000.0,7049000000.0,0.0,402000000.0,0.0,0.019,0.175,1596000000.0,1998000000.0,0.059,1998000000.0,1596000000.0,1525000000.0,1.83,1.82,1.83,18032000000.0,,18032000000.0,23385787154.0,6.0,4.178,-479000000.0,-0.871,1.0,2314000000.0,0.068,213000000.0,71000000.0,37661000000.0,,5973000000.0,0.0,0.0,0.0,26382000000.0,11929000000.0,14453000000.0,18886787154.0,-826000000.0,77000000.0,-110000000.0,0.0,-97000000.0,-188000000.0,-938000000.0,0.0,323000000.0,-23000000.0,1010000000.0,1010000000.0,1010000000.0,0.0,-1000000.0,0.03,-304000000.0,2618000000.0,9348000000.0,0.096,1.047,9.067,9.05,26300000000.0,0.0,34.12,0.136,0.136,8167000000.0,17032000000.0,33838000000.0,33838000000.0,0.0,,,,,29000000.0,189000000.0,1.0,553540069.0,550000000,556000000.0,61.524,44264000000.0,443000000.0,515000000.0,7265000000.0,80.48,4531000000.0
35,VLO,MRQ,2012-09-30,2012-09-30,2012-09-30,2021-08-25,252000000.0,43792000000.0,,16267000000.0,27525000000.0,,31.57,-709000000.0,2549000000.0,2549000000.0,32496000000.0,673000000.0,1.328,1.524,7048000000.0,585000000.0,6463000000.0,7048000000.0,0.0,402000000.0,0.0,0.02,0.175,1308000000.0,1710000000.0,0.049,1710000000.0,1308000000.0,1238000000.0,1.22,1.21,1.22,17332000000.0,,17332000000.0,23221876274.0,9.0,5.563,1404000000.0,2.557,1.0,2230000000.0,0.064,216000000.0,70000000.0,35824000000.0,,5787000000.0,0.0,0.0,0.0,26406000000.0,12251000000.0,14155000000.0,17474876274.0,1254000000.0,-11000000.0,24000000.0,0.0,-97000000.0,-54000000.0,-832000000.0,0.0,2113000000.0,27000000.0,674000000.0,674000000.0,674000000.0,0.0,-1000000.0,0.019,921000000.0,1309000000.0,9286000000.0,0.143,1.008,15.63,15.606,25873000000.0,0.0,31.68,0.126,0.125,7451000000.0,16119000000.0,34726000000.0,34726000000.0,0.0,,,,,9000000.0,174000000.0,1.0,551605943.0,549000000,556000000.0,63.253,43576000000.0,332000000.0,564000000.0,7526000000.0,79.373,4016000000.0
36,VLO,MRQ,2012-06-30,2012-06-30,2012-06-30,2021-08-25,119000000.0,41188000000.0,,14033000000.0,27155000000.0,,30.14,-694000000.0,1295000000.0,1295000000.0,32744000000.0,830000000.0,1.3,1.482,7042000000.0,582000000.0,6460000000.0,7042000000.0,0.0,386000000.0,0.0,0.021,0.15,1357000000.0,1743000000.0,0.05,1743000000.0,1357000000.0,1283000000.0,1.5,1.5,1.5,16577000000.0,,16577000000.0,19395859090.0,6.0,4.012,596000000.0,1.084,1.0,1918000000.0,0.055,218000000.0,74000000.0,35919000000.0,,5443000000.0,0.0,0.0,0.0,24565000000.0,10798000000.0,13767000000.0,13351859090.0,-264000000.0,-66000000.0,-39000000.0,-562000000.0,-83000000.0,-672000000.0,-867000000.0,0.0,1290000000.0,-15000000.0,831000000.0,831000000.0,831000000.0,0.0,-1000000.0,0.024,557000000.0,1361000000.0,7998000000.0,0.1,0.805,8.107,8.242,25521000000.0,0.0,24.15,0.097,0.096,6624000000.0,15542000000.0,34662000000.0,34662000000.0,0.0,,,,,10000000.0,171000000.0,1.0,552872012.0,550000000,555000000.0,63.022,40970000000.0,533000000.0,452000000.0,7102000000.0,74.491,3235000000.0
37,VLO,MRQ,2012-03-31,2012-03-31,2012-03-31,2021-08-25,221000000.0,42634000000.0,,15824000000.0,26810000000.0,,28.964,-726000000.0,1559000000.0,1559000000.0,34252000000.0,-432000000.0,1.21,1.669,7603000000.0,1143000000.0,6460000000.0,7603000000.0,0.0,384000000.0,0.0,0.016,0.15,-238000000.0,146000000.0,0.004,146000000.0,-238000000.0,-337000000.0,-0.78,-0.78,-0.78,15959000000.0,,15959000000.0,21021139520.0,7.0,4.4,818000000.0,1.485,1.0,915000000.0,0.026,227000000.0,99000000.0,35375000000.0,,6145000000.0,0.0,0.0,0.0,26642000000.0,13076000000.0,13566000000.0,14304139520.0,535000000.0,160000000.0,-97000000.0,-150000000.0,-83000000.0,-319000000.0,-714000000.0,0.0,1544000000.0,24000000.0,-432000000.0,-432000000.0,-432000000.0,0.0,0.0,-0.012,1159000000.0,-244000000.0,9941000000.0,-0.192,0.896,9.169,9.405,25155000000.0,0.0,25.77,0.106,0.105,7418000000.0,14794000000.0,35167000000.0,35167000000.0,0.0,,,,,10000000.0,164000000.0,1.0,555069442.0,551000000,551000000.0,63.824,42407000000.0,584000000.0,95000000.0,6719000000.0,76.964,2748000000.0
38,VLO,MRQ,2011-12-31,2011-12-31,2011-12-31,2021-08-25,96000000.0,42783000000.0,,15972000000.0,26811000000.0,,29.644,-771000000.0,1024000000.0,1024000000.0,33984000000.0,45000000.0,1.257,1.604,7741000000.0,1009000000.0,6732000000.0,7741000000.0,0.0,393000000.0,0.0,0.014,0.15,182000000.0,575000000.0,0.017,575000000.0,182000000.0,93000000.0,0.09,0.1,0.09,16423000000.0,,16423000000.0,16601253097.0,4.0,3.162,-1061000000.0,-1.915,1.0,689000000.0,0.02,227000000.0,89000000.0,36565000000.0,,5623000000.0,0.0,0.0,0.0,26338000000.0,12708000000.0,13630000000.0,11782253097.0,-1805000000.0,-526000000.0,-72000000.0,90000000.0,-84000000.0,-64000000.0,-1477000000.0,0.0,-290000000.0,26000000.0,45000000.0,45000000.0,45000000.0,0.0,0.0,0.001,522000000.0,167000000.0,9472000000.0,1.667,0.717,5.637,5.705,25177000000.0,0.0,21.05,0.094,0.094,8706000000.0,15309000000.0,34673000000.0,34673000000.0,0.0,,,,,24000000.0,129000000.0,1.0,559726988.0,554000000,560000000.0,62.587,42556000000.0,495000000.0,48000000.0,6649000000.0,76.816,3264000000.0
39,VLO,MRQ,2011-09-30,2011-09-30,2011-09-30,2021-08-25,232000000.0,41683000000.0,,15870000000.0,25813000000.0,,29.528,-615000000.0,2829000000.0,2829000000.0,31183000000.0,1203000000.0,1.358,1.502,7648000000.0,867000000.0,6781000000.0,7648000000.0,0.0,390000000.0,0.0,0.011,0.05,1980000000.0,2370000000.0,0.07,2370000000.0,1980000000.0,1892000000.0,2.12,2.11,2.12,16654000000.0,,16654000000.0,13688530376.0,4.0,2.799,759000000.0,1.346,1.0,2530000000.0,0.075,251000000.0,88000000.0,34568000000.0,,5164000000.0,0.0,0.0,0.0,25013000000.0,11683000000.0,13330000000.0,10172530376.0,-1278000000.0,-1638000000.0,-258000000.0,0.0,-28000000.0,-273000000.0,-2327000000.0,0.0,1374000000.0,-52000000.0,1203000000.0,1203000000.0,1203000000.0,0.0,0.0,0.036,551000000.0,1979000000.0,8520000000.0,0.024,0.611,6.33,6.283,24219000000.0,0.0,17.78,0.09,0.088,7509000000.0,15347000000.0,33713000000.0,33713000000.0,0.0,,,,,11000000.0,161000000.0,1.0,572133317.0,564000000,569000000.0,59.775,41432000000.0,259000000.0,689000000.0,6453000000.0,73.461,4187000000.0
40,VLO,MRQ,2011-06-30,2011-06-30,2011-06-30,2021-08-25,498000000.0,39526000000.0,,14687000000.0,24839000000.0,,28.187,-531000000.0,4107000000.0,4107000000.0,29466000000.0,743000000.0,1.436,1.473,7623000000.0,861000000.0,6762000000.0,7623000000.0,0.0,386000000.0,0.0,0.008,0.05,1300000000.0,1686000000.0,0.054,1686000000.0,1300000000.0,1193000000.0,1.31,1.3,1.31,15982000000.0,,15982000000.0,18277297435.0,9.0,5.24,365000000.0,0.644,1.0,1827000000.0,0.058,222000000.0,107000000.0,32589000000.0,,3988000000.0,0.0,0.0,0.0,23534000000.0,10231000000.0,13303000000.0,14581297435.0,-26000000.0,-37000000.0,9000000.0,-208000000.0,-29000000.0,-217000000.0,-711000000.0,0.0,896000000.0,6000000.0,744000000.0,744000000.0,744000000.0,1000000.0,-1000000.0,0.024,537000000.0,1290000000.0,7642000000.0,0.038,0.912,20.95,20.789,23206000000.0,0.0,25.57,0.145,0.144,6027000000.0,14173000000.0,31293000000.0,31293000000.0,0.0,,,,,11000000.0,151000000.0,1.0,570250193.0,567000000,574000000.0,55.19,39304000000.0,403000000.0,449000000.0,5764000000.0,69.319,4456000000.0
41,VLO,MRQ,2011-03-31,2011-03-31,2011-03-31,2021-08-25,479000000.0,39592000000.0,,15056000000.0,24536000000.0,,26.898,-438000000.0,4133000000.0,4133000000.0,25569000000.0,98000000.0,1.447,1.601,7829000000.0,312000000.0,7517000000.0,7829000000.0,0.0,365000000.0,0.0,0.007,0.05,255000000.0,620000000.0,0.024,620000000.0,255000000.0,138000000.0,0.17,0.17,0.17,15224000000.0,,15224000000.0,21969719872.0,13.0,7.003,1620000000.0,2.862,1.0,739000000.0,0.028,225000000.0,117000000.0,32657000000.0,,4338000000.0,0.0,0.0,0.0,24368000000.0,10406000000.0,13962000000.0,16966719872.0,799000000.0,-37000000.0,21000000.0,-510000000.0,-28000000.0,-512000000.0,-783000000.0,0.0,2058000000.0,36000000.0,98000000.0,98000000.0,98000000.0,0.0,0.0,0.004,495000000.0,244000000.0,8653000000.0,0.294,1.114,31.713,31.389,22895000000.0,0.0,29.82,0.188,0.187,5858000000.0,13458000000.0,26308000000.0,26308000000.0,0.0,,,,,12000000.0,130000000.0,1.0,568971156.0,566000000,573000000.0,46.481,39367000000.0,578000000.0,40000000.0,5405000000.0,69.553,4650000000.0
42,VLO,MRQ,2010-12-31,2010-12-31,2010-12-31,2021-08-25,388000000.0,37621000000.0,,13518000000.0,24103000000.0,,26.687,-504000000.0,3334000000.0,3334000000.0,21260000000.0,-438000000.0,1.539,1.504,8337000000.0,822000000.0,7515000000.0,8337000000.0,0.0,377000000.0,0.0,0.009,0.05,-163000000.0,214000000.0,0.01,214000000.0,-163000000.0,-284000000.0,-0.77,-0.77,-0.77,15025000000.0,,15025000000.0,18774789742.0,14.0,6.574,-81000000.0,-0.144,1.0,904000000.0,0.041,224000000.0,121000000.0,33616000000.0,,4947000000.0,0.0,0.0,0.0,22596000000.0,8784000000.0,13812000000.0,13090789742.0,982000000.0,877000000.0,-3000000.0,310000000.0,-29000000.0,269000000.0,256000000.0,0.0,423000000.0,34000000.0,-438000000.0,-438000000.0,-438000000.0,0.0,0.0,-0.02,526000000.0,378000000.0,6441000000.0,-0.065,0.871,40.404,40.561,22669000000.0,0.0,23.12,0.159,0.158,4583000000.0,13388000000.0,22164000000.0,22164000000.0,0.0,,,,,22000000.0,164000000.0,1.0,566210629.0,563000000,571000000.0,39.368,37397000000.0,533000000.0,154000000.0,5461000000.0,66.425,4734000000.0
43,VLO,MRQ,2010-09-30,2010-09-30,2010-09-30,2021-08-25,314000000.0,37276000000.0,,11877000000.0,25399000000.0,,27.305,-441000000.0,2352000000.0,2352000000.0,19933000000.0,292000000.0,1.446,1.421,8036000000.0,523000000.0,7513000000.0,8036000000.0,0.0,372000000.0,0.0,0.017,0.05,596000000.0,968000000.0,0.046,968000000.0,596000000.0,477000000.0,0.52,0.51,0.52,15400000000.0,,15400000000.0,15935220777.0,82.0,9.594,411000000.0,0.729,1.0,1082000000.0,0.051,224000000.0,119000000.0,34523000000.0,,4804000000.0,0.0,0.0,0.0,21876000000.0,8213000000.0,13663000000.0,9915220777.0,351000000.0,0.0,-1000000.0,0.0,-28000000.0,-28000000.0,-504000000.0,0.0,852000000.0,31000000.0,292000000.0,292000000.0,292000000.0,0.0,0.0,0.014,492000000.0,590000000.0,6096000000.0,0.096,0.644,-15.349,-14.121,23590000000.0,0.0,17.51,0.132,0.131,4240000000.0,13855000000.0,21015000000.0,21015000000.0,0.0,,,,,10000000.0,139000000.0,1.0,566260467.0,564000000,568000000.0,37.261,37052000000.0,284000000.0,185000000.0,5387000000.0,65.695,3664000000.0
44,VLO,MRQ,2010-06-30,2010-06-30,2010-06-30,2021-08-25,240000000.0,36477000000.0,,11348000000.0,25129000000.0,,26.734,-403000000.0,2014000000.0,2014000000.0,19174000000.0,583000000.0,1.434,1.424,8034000000.0,523000000.0,7511000000.0,8034000000.0,0.0,367000000.0,0.0,0.022,0.05,968000000.0,1335000000.0,0.065,1335000000.0,968000000.0,851000000.0,1.03,1.03,1.03,15051000000.0,,15051000000.0,16504253949.0,-18.0,29.159,385000000.0,0.684,1.0,1387000000.0,0.067,223000000.0,117000000.0,34360000000.0,,4767000000.0,0.0,0.0,0.0,21426000000.0,7914000000.0,13512000000.0,10167253949.0,114000000.0,220000000.0,8000000.0,-323000000.0,-29000000.0,-341000000.0,-301000000.0,0.0,788000000.0,-32000000.0,583000000.0,583000000.0,583000000.0,0.0,0.0,0.028,483000000.0,904000000.0,5856000000.0,0.049,0.676,-6.488,-6.243,23363000000.0,0.0,17.98,0.139,0.139,4122000000.0,13591000000.0,20561000000.0,20561000000.0,0.0,,,,,10000000.0,131000000.0,1.0,565475748.0,563000000,567000000.0,36.52,36254000000.0,250000000.0,268000000.0,5263000000.0,64.394,3434000000.0
45,VLO,MRQ,2010-03-31,2010-03-31,2010-03-31,2021-08-25,432000000.0,36465000000.0,,11320000000.0,25145000000.0,,26.096,-382000000.0,2016000000.0,2016000000.0,18052000000.0,-113000000.0,1.398,1.486,8353000000.0,635000000.0,7718000000.0,8353000000.0,0.0,357000000.0,0.0,0.025,0.05,-18000000.0,339000000.0,0.018,339000000.0,-18000000.0,-145000000.0,-0.2,-0.2,-0.2,14666000000.0,,14666000000.0,17579730760.0,-8.0,-26.717,600000000.0,1.068,1.0,441000000.0,0.024,226000000.0,127000000.0,34481000000.0,,4724000000.0,0.0,0.0,0.0,21799000000.0,8095000000.0,13704000000.0,11126730760.0,1062000000.0,-260000000.0,3000000.0,940000000.0,-28000000.0,916000000.0,-856000000.0,0.0,982000000.0,20000000.0,-113000000.0,-113000000.0,-113000000.0,33000000.0,0.0,-0.006,437000000.0,4000000.0,5986000000.0,-0.25,0.759,-4.628,-4.487,23335000000.0,0.0,19.7,0.159,0.159,3947000000.0,13036000000.0,18493000000.0,18493000000.0,0.0,,,,,12000000.0,97000000.0,1.0,564808668.0,562000000,562000000.0,32.906,36239000000.0,233000000.0,-32000000.0,4943000000.0,64.482,3225000000.0
46,VLO,MRQ,2009-12-31,2009-12-31,2009-12-31,2021-08-25,365000000.0,35572000000.0,,10922000000.0,24650000000.0,,26.201,70000000.0,825000000.0,825000000.0,14952000000.0,-1408000000.0,1.399,1.416,7400000000.0,237000000.0,7163000000.0,7400000000.0,0.0,371000000.0,0.0,0.036,0.15,-1352000000.0,-981000000.0,-0.064,-981000000.0,-1352000000.0,-1473000000.0,-2.59,-2.59,-2.59,14725000000.0,,14725000000.0,15078854326.0,-9.0,-183.888,-47000000.0,-0.084,1.0,370000000.0,0.024,227000000.0,121000000.0,34111000000.0,,4578000000.0,0.0,0.0,0.0,20847000000.0,7809000000.0,13038000000.0,9452854326.0,-780000000.0,-577000000.0,0.0,32000000.0,-85000000.0,-54000000.0,-609000000.0,0.0,-117000000.0,0.0,-1408000000.0,-1408000000.0,-1408000000.0,-404000000.0,0.0,-0.092,450000000.0,-80000000.0,5825000000.0,-0.058,0.642,-4.769,-4.564,21615000000.0,0.0,16.75,0.146,0.14,3779000000.0,13178000000.0,15322000000.0,15322000000.0,0.0,,,,,31000000.0,138000000.0,1.0,564349512.0,562000000,562000000.0,27.263,35345000000.0,1067000000.0,-65000000.0,5079000000.0,62.891,3113000000.0
47,VLO,MRQ,2009-09-30,2009-09-30,2009-09-30,2021-08-25,68000000.0,36805000000.0,,10865000000.0,25940000000.0,,28.324,-469000000.0,1749000000.0,1749000000.0,18225000000.0,-629000000.0,1.401,1.316,7375000000.0,213000000.0,7162000000.0,7375000000.0,0.0,389000000.0,0.0,0.031,0.15,-516000000.0,-127000000.0,-0.007,-127000000.0,-516000000.0,-647000000.0,-1.12,-1.12,-1.12,15890000000.0,,15890000000.0,16515944341.0,-5.0,-10.29,64000000.0,0.114,1.0,348000000.0,0.019,229000000.0,131000000.0,34445000000.0,,4576000000.0,0.0,0.0,0.0,20915000000.0,7757000000.0,13158000000.0,10911944341.0,-18000000.0,0.0,3000000.0,0.0,-84000000.0,-85000000.0,-509000000.0,0.0,533000000.0,43000000.0,-629000000.0,-629000000.0,-629000000.0,286000000.0,0.0,-0.034,586000000.0,-238000000.0,5756000000.0,-0.134,0.687,-2.833,-2.682,24231000000.0,0.0,19.39,0.197,0.196,3923000000.0,14670000000.0,18573000000.0,18573000000.0,0.0,,,,,12000000.0,167000000.0,1.0,562761441.0,561000000,561000000.0,33.107,36576000000.0,231000000.0,-18000000.0,5027000000.0,65.198,3108000000.0
48,VLO,MRQ,2009-06-30,2009-06-30,2009-06-30,2021-08-25,-115000000.0,37221000000.0,,11173000000.0,26048000000.0,,31.251,-1159000000.0,1764000000.0,1764000000.0,16966000000.0,-254000000.0,1.526,1.269,7368000000.0,137000000.0,7231000000.0,7368000000.0,0.0,389000000.0,0.0,0.036,0.15,-278000000.0,111000000.0,0.006,111000000.0,-278000000.0,-362000000.0,-0.48,-0.48,-0.48,16407000000.0,,16407000000.0,14443974871.0,-20.0,18.807,-533000000.0,-1.015,1.0,410000000.0,0.024,221000000.0,84000000.0,35280000000.0,,4561000000.0,0.0,0.0,0.0,20814000000.0,7324000000.0,13490000000.0,8721974871.0,-92000000.0,-29000000.0,802000000.0,-210000000.0,-78000000.0,514000000.0,-1265000000.0,0.0,626000000.0,33000000.0,-254000000.0,-254000000.0,-254000000.0,63000000.0,0.0,-0.015,602000000.0,-192000000.0,5840000000.0,-0.312,0.532,-4.211,-4.32,24284000000.0,0.0,16.89,0.12,0.122,4217000000.0,15384000000.0,17376000000.0,17376000000.0,0.0,,,,,11000000.0,122000000.0,1.0,516398749.0,525000000,525000000.0,33.097,37000000000.0,159000000.0,-108000000.0,5102000000.0,70.476,3849000000.0
49,VLO,MRQ,2009-03-31,2009-03-31,2009-03-31,2021-08-25,-237000000.0,35776000000.0,,10468000000.0,25308000000.0,,30.745,-748000000.0,1854000000.0,1854000000.0,12218000000.0,309000000.0,1.678,1.264,7576000000.0,312000000.0,7264000000.0,7576000000.0,0.0,378000000.0,0.0,0.034,0.15,537000000.0,915000000.0,0.069,915000000.0,537000000.0,457000000.0,0.6,0.59,0.6,15803000000.0,,15803000000.0,14746918105.0,21.0,6.706,33000000.0,0.064,1.0,1110000000.0,0.083,213000000.0,80000000.0,35048000000.0,,4669000000.0,0.0,0.0,0.0,19973000000.0,6237000000.0,13736000000.0,9241918105.0,775000000.0,0.0,1000000.0,991000000.0,-77000000.0,914000000.0,-909000000.0,0.0,781000000.0,-11000000.0,309000000.0,309000000.0,309000000.0,55000000.0,0.0,0.023,517000000.0,593000000.0,4539000000.0,0.25,0.585,-8.534,-8.775,23532000000.0,0.0,17.9,0.1,0.1,3156000000.0,15715000000.0,13328000000.0,13328000000.0,0.0,,,,,12000000.0,145000000.0,1.0,516308274.0,514000000,519000000.0,25.93,35563000000.0,164000000.0,148000000.0,5297000000.0,69.189,4231000000.0
50,VLO,MRQ,2008-12-31,2008-12-31,2008-12-31,2021-08-25,-176000000.0,34417000000.0,,9450000000.0,24967000000.0,,30.154,-999000000.0,1071000000.0,1071000000.0,4684000000.0,-3278000000.0,1.522,1.203,6576000000.0,312000000.0,6264000000.0,6576000000.0,0.0,370000000.0,0.0,0.026,0.15,-2874000000.0,-2504000000.0,-0.408,-2504000000.0,-2874000000.0,-2973000000.0,-6.23,-6.18,-6.23,15620000000.0,,15620000000.0,14753595935.0,22.0,6.885,-1424000000.0,-2.749,1.0,1447000000.0,0.236,224000000.0,99000000.0,33489000000.0,,4620000000.0,0.0,0.0,0.0,18797000000.0,6209000000.0,12588000000.0,11166595935.0,-1827000000.0,14000000.0,-179000000.0,0.0,-78000000.0,-265000000.0,-1113000000.0,0.0,-425000000.0,-24000000.0,-3278000000.0,-3278000000.0,-3278000000.0,-23000000.0,0.0,-0.535,4386000000.0,-2939000000.0,4323000000.0,-0.024,0.715,-9.873,-10.019,21421000000.0,0.0,21.64,0.105,0.106,2895000000.0,15484000000.0,6131000000.0,6131000000.0,0.0,,,,,23000000.0,138000000.0,1.0,516016448.0,518000000,491000000.0,11.836,34193000000.0,295000000.0,305000000.0,4906000000.0,66.01,3241000000.0
51,VLO,MRQ,2008-09-30,2008-09-30,2008-09-30,2021-08-25,400000000.0,43807000000.0,,14826000000.0,28981000000.0,,37.766,-716000000.0,2888000000.0,2888000000.0,33843000000.0,1152000000.0,1.26,1.222,6475000000.0,211000000.0,6264000000.0,6475000000.0,0.0,370000000.0,0.0,0.018,0.15,1876000000.0,2246000000.0,0.062,2246000000.0,1876000000.0,1795000000.0,2.2,2.18,2.2,19714000000.0,,19714000000.0,20582744243.0,5.0,3.55,1002000000.0,1.92,1.0,2117000000.0,0.059,4309000000.0,81000000.0,31315000000.0,,4859000000.0,0.0,0.0,0.0,24093000000.0,11770000000.0,12323000000.0,15851744243.0,1123000000.0,358000000.0,-71000000.0,0.0,-78000000.0,-147000000.0,-432000000.0,0.0,1718000000.0,-16000000.0,1152000000.0,1152000000.0,1152000000.0,0.0,0.0,0.032,582000000.0,1535000000.0,9921000000.0,0.068,0.804,5.841,5.883,22743000000.0,0.0,30.3,0.128,0.128,6581000000.0,18839000000.0,35960000000.0,35960000000.0,0.0,,,,,12000000.0,169000000.0,1.0,523159876.0,522000000,529000000.0,68.889,39498000000.0,306000000.0,643000000.0,5417000000.0,75.667,3056000000.0
52,VLO,MRQ,2008-06-30,2008-06-30,2008-06-30,2021-08-25,427000000.0,43656000000.0,,15252000000.0,28404000000.0,,35.513,-641000000.0,1744000000.0,1744000000.0,34996000000.0,734000000.0,1.187,1.337,6475000000.0,212000000.0,6263000000.0,6475000000.0,0.0,369000000.0,0.0,0.012,0.15,1173000000.0,1542000000.0,0.042,1542000000.0,1173000000.0,1090000000.0,1.39,1.37,1.39,18680000000.0,,18680000000.0,26765767212.0,6.0,4.75,533000000.0,1.013,1.0,1644000000.0,0.045,4307000000.0,83000000.0,31232000000.0,,4904000000.0,0.0,0.0,0.0,24976000000.0,12848000000.0,12128000000.0,21763767212.0,213000000.0,29000000.0,-178000000.0,0.0,-79000000.0,-254000000.0,-704000000.0,0.0,1174000000.0,-3000000.0,734000000.0,734000000.0,734000000.0,0.0,0.0,0.02,486000000.0,1158000000.0,10963000000.0,0.108,1.165,7.674,7.829,22275000000.0,0.0,41.18,0.195,0.194,7721000000.0,17765000000.0,36640000000.0,36640000000.0,0.0,,,,,12000000.0,117000000.0,1.0,528503332.0,526000000,534000000.0,69.658,39349000000.0,388000000.0,356000000.0,5301000000.0,74.808,2404000000.0
53,VLO,MRQ,2008-03-31,2008-03-31,2008-03-31,2021-08-25,432000000.0,40669000000.0,,12514000000.0,28155000000.0,,34.271,-537000000.0,1472000000.0,1472000000.0,26971000000.0,261000000.0,1.232,1.231,6474000000.0,3000000.0,6471000000.0,6474000000.0,0.0,367000000.0,0.0,0.01,0.12,492000000.0,859000000.0,0.031,859000000.0,492000000.0,395000000.0,0.49,0.48,0.49,18232000000.0,,18232000000.0,30623777743.0,5.0,3.916,91000000.0,0.171,1.0,974000000.0,0.035,4335000000.0,97000000.0,31179000000.0,,4643000000.0,0.0,0.0,0.0,22437000000.0,10157000000.0,12280000000.0,26256777743.0,-1033000000.0,-82000000.0,-511000000.0,-374000000.0,-64000000.0,-941000000.0,-716000000.0,0.0,628000000.0,-4000000.0,261000000.0,261000000.0,261000000.0,0.0,0.0,0.009,502000000.0,472000000.0,8635000000.0,0.245,1.44,6.035,6.248,21984000000.0,0.0,49.11,0.265,0.263,6009000000.0,17110000000.0,27945000000.0,27945000000.0,0.0,,,,,12000000.0,135000000.0,1.0,534652367.0,532000000,541000000.0,52.528,36334000000.0,271000000.0,134000000.0,5037000000.0,68.297,2357000000.0
54,VLO,MRQ,2007-12-31,2007-12-31,2007-12-31,2021-08-25,573000000.0,42722000000.0,,14987000000.0,27735000000.0,,33.834,-644000000.0,2495000000.0,2495000000.0,22329000000.0,567000000.0,1.258,1.308,6862000000.0,392000000.0,6470000000.0,6862000000.0,0.0,357000000.0,0.0,0.007,0.12,794000000.0,1151000000.0,0.049,1151000000.0,794000000.0,697000000.0,1.07,1.08,1.07,18507000000.0,,18507000000.0,42321060112.0,6.0,4.687,608000000.0,1.112,1.0,1002000000.0,0.043,4309000000.0,97000000.0,30866000000.0,,4073000000.0,0.0,0.0,0.0,24215000000.0,11914000000.0,12301000000.0,38547060112.0,-645000000.0,-15000000.0,-1008000000.0,-50000000.0,-66000000.0,-1045000000.0,-850000000.0,0.0,1252000000.0,-2000000.0,567000000.0,567000000.0,567000000.0,-188000000.0,0.0,0.024,406000000.0,596000000.0,9587000000.0,0.112,2.083,7.365,7.579,21560000000.0,0.0,70.03,0.428,0.44,7691000000.0,16914000000.0,23331000000.0,23331000000.0,0.0,,,,,42000000.0,164000000.0,1.0,550436386.0,547000000,555000000.0,42.653,38413000000.0,247000000.0,130000000.0,5445000000.0,70.225,3073000000.0
55,VLO,MRQ,2007-09-30,2007-09-30,2007-09-30,2021-08-25,491000000.0,41861000000.0,,14654000000.0,27207000000.0,,34.425,-511000000.0,3140000000.0,3140000000.0,22036000000.0,1274000000.0,1.431,1.207,6914000000.0,60000000.0,6854000000.0,6914000000.0,0.0,344000000.0,0.0,0.007,0.12,1739000000.0,2083000000.0,0.088,2083000000.0,1739000000.0,1616000000.0,2.31,2.09,2.31,18968000000.0,,18968000000.0,41759844054.0,5.0,4.234,-856000000.0,-1.554,1.0,1663000000.0,0.07,4359000000.0,123000000.0,31034000000.0,,4616000000.0,0.0,0.0,0.0,22893000000.0,10242000000.0,12651000000.0,37205844054.0,773000000.0,2338000000.0,-551000000.0,0.0,-66000000.0,-603000000.0,1719000000.0,0.0,-345000000.0,2000000.0,1274000000.0,1274000000.0,1274000000.0,-426000000.0,0.0,0.054,495000000.0,1168000000.0,8145000000.0,0.052,1.962,6.436,6.671,21224000000.0,0.0,67.18,0.435,0.433,6463000000.0,16413000000.0,23699000000.0,23699000000.0,0.0,,,,,12000000.0,152000000.0,1.0,553823222.0,551000000,564000000.0,43.011,37502000000.0,197000000.0,342000000.0,5370000000.0,68.062,4412000000.0
56,VLO,MRQ,2007-06-30,2007-06-30,2007-06-30,2021-08-25,335000000.0,40350000000.0,,13567000000.0,26783000000.0,,32.176,-491000000.0,2367000000.0,2367000000.0,20495000000.0,2249000000.0,1.433,1.227,6921000000.0,66000000.0,6855000000.0,6921000000.0,0.0,341000000.0,0.0,0.005,0.12,3387000000.0,3728000000.0,0.154,3728000000.0,3387000000.0,3304000000.0,3.99,3.89,3.99,18115000000.0,,18115000000.0,43767440915.0,5.0,4.156,1974000000.0,3.506,1.0,3707000000.0,0.153,4385000000.0,83000000.0,31054000000.0,,4578000000.0,0.0,0.0,0.0,22235000000.0,9465000000.0,12770000000.0,40548440915.0,640000000.0,-136000000.0,-3203000000.0,2015000000.0,-66000000.0,-1123000000.0,-728000000.0,0.0,2465000000.0,26000000.0,2249000000.0,2249000000.0,2249000000.0,-187000000.0,0.0,0.093,514000000.0,3193000000.0,7348000000.0,0.03,2.238,6.636,7.109,20785000000.0,0.0,73.86,0.477,0.489,4693000000.0,15204000000.0,24202000000.0,24202000000.0,0.0,,,,,16000000.0,177000000.0,1.0,548990535.0,563000000,578000000.0,42.988,35965000000.0,183000000.0,1055000000.0,5608000000.0,63.881,4102000000.0
57,VLO,MRQ,2007-03-31,2007-03-31,2007-03-31,2021-08-25,233000000.0,38187000000.0,,10995000000.0,27192000000.0,,31.269,-551000000.0,1727000000.0,1727000000.0,16615000000.0,1144000000.0,1.217,1.039,4946000000.0,297000000.0,4649000000.0,4946000000.0,0.0,334000000.0,0.0,0.006,0.12,1734000000.0,2068000000.0,0.11,2068000000.0,1734000000.0,1676000000.0,1.91,1.86,1.91,18730000000.0,,18730000000.0,42471314891.0,5.0,4.283,1335000000.0,2.229,1.0,2140000000.0,0.114,4502000000.0,58000000.0,27870000000.0,,4835000000.0,0.0,0.0,0.0,19457000000.0,9034000000.0,10423000000.0,38959314891.0,106000000.0,-43000000.0,-867000000.0,-183000000.0,-73000000.0,-1060000000.0,-723000000.0,0.0,1886000000.0,3000000.0,1144000000.0,1144000000.0,1144000000.0,-56000000.0,0.0,0.061,467000000.0,1673000000.0,6970000000.0,0.063,2.08,6.767,6.788,21294000000.0,0.0,64.49,0.451,0.447,4173000000.0,13022000000.0,18755000000.0,18755000000.0,0.0,,,,,30000000.0,145000000.0,1.0,604114047.0,599000000,615000000.0,31.311,33685000000.0,147000000.0,532000000.0,5350000000.0,56.235,1961000000.0
58,VLO,MRQ,2006-12-31,2006-12-31,2006-12-31,2021-08-25,265000000.0,37753000000.0,,11831000000.0,25922000000.0,,30.752,-792000000.0,1621000000.0,1621000000.0,16974000000.0,1114000000.0,1.335,1.029,5094000000.0,475000000.0,4619000000.0,5094000000.0,0.0,308000000.0,0.0,0.006,0.08,1676000000.0,1984000000.0,0.105,1984000000.0,1676000000.0,1618000000.0,1.86,1.81,1.86,18605000000.0,,18605000000.0,35007265168.0,4.0,3.708,424000000.0,0.701,1.0,1861000000.0,0.099,4406000000.0,58000000.0,27960000000.0,,3979000000.0,0.0,0.0,0.0,19148000000.0,8860000000.0,10288000000.0,30932265168.0,561000000.0,512000000.0,-183000000.0,-1000000.0,-48000000.0,-191000000.0,-459000000.0,0.0,1216000000.0,-5000000.0,1114000000.0,1114000000.0,1114000000.0,-33000000.0,0.0,0.059,437000000.0,1424000000.0,6841000000.0,0.043,1.663,5.664,5.723,20180000000.0,0.0,51.16,0.353,0.357,4384000000.0,11951000000.0,18835000000.0,18835000000.0,0.0,,,,,38000000.0,140000000.0,1.0,604618162.0,605000000,620000000.0,31.132,33347000000.0,175000000.0,504000000.0,5017000000.0,55.119,2971000000.0
59,VLO,MRQ,2006-09-30,2006-09-30,2006-09-30,2021-08-25,431000000.0,36642000000.0,,9731000000.0,26911000000.0,,28.882,-743000000.0,1060000000.0,1060000000.0,20556000000.0,1603000000.0,1.211,1.07,5135000000.0,238000000.0,4897000000.0,5135000000.0,0.0,294000000.0,0.0,0.005,0.08,2457000000.0,2751000000.0,0.118,2751000000.0,2457000000.0,2411000000.0,2.63,2.55,2.63,17589000000.0,,17589000000.0,35764078066.0,4.0,3.683,530000000.0,0.87,1.0,2682000000.0,0.115,4572000000.0,46000000.0,28108000000.0,,4666000000.0,480000000.0,0.0,480000000.0,18827000000.0,8037000000.0,10790000000.0,31544078066.0,92000000.0,327000000.0,-593000000.0,-89000000.0,-49000000.0,-704000000.0,-479000000.0,0.0,1273000000.0,2000000.0,1603000000.0,1603000000.0,1603000000.0,-44000000.0,0.0,0.069,421000000.0,2261000000.0,6144000000.0,0.03,1.793,5.541,5.499,20564000000.0,0.0,51.47,0.335,0.333,3605000000.0,10885000000.0,23238000000.0,23238000000.0,0.0,,,,,18000000.0,136000000.0,1.0,612863378.0,609000000,628000000.0,38.158,32070000000.0,223000000.0,808000000.0,5268000000.0,52.66,1694000000.0
60,VLO,MRQ,2006-06-30,2006-06-30,2006-06-30,2021-08-25,403000000.0,36524000000.0,,10174000000.0,26350000000.0,,27.437,-813000000.0,968000000.0,968000000.0,22404000000.0,1897000000.0,1.117,1.179,5188000000.0,275000000.0,4913000000.0,5188000000.0,0.0,293000000.0,0.0,0.004,0.08,2821000000.0,3114000000.0,0.122,3114000000.0,2821000000.0,2773000000.0,3.1,2.98,3.1,16764000000.0,,16764000000.0,45611944270.0,6.0,5.357,1270000000.0,2.079,1.0,3188000000.0,0.125,4604000000.0,48000000.0,27033000000.0,,4626000000.0,481000000.0,0.0,481000000.0,19760000000.0,9107000000.0,10653000000.0,40939944270.0,501000000.0,-36000000.0,-564000000.0,61000000.0,-49000000.0,-566000000.0,-1020000000.0,0.0,2083000000.0,4000000.0,1897000000.0,1896000000.0,1896000000.0,-78000000.0,0.0,0.074,450000000.0,2738000000.0,6902000000.0,0.026,2.442,8.274,8.024,19988000000.0,1000000.0,66.52,0.435,0.432,4234000000.0,9331000000.0,25592000000.0,25592000000.0,0.0,,,,,29000000.0,171000000.0,1.0,615453161.0,611000000,636000000.0,41.885,31920000000.0,176000000.0,876000000.0,5618000000.0,52.242,1067000000.0
61,VLO,MRQ,2006-03-31,2006-03-31,2006-03-31,2021-08-25,323000000.0,33303000000.0,,8181000000.0,25122000000.0,,24.876,-775000000.0,466000000.0,466000000.0,19183000000.0,849000000.0,1.099,1.163,5138000000.0,3000000.0,5135000000.0,5138000000.0,0.0,260000000.0,0.0,0.004,0.06,1345000000.0,1605000000.0,0.077,1605000000.0,1345000000.0,1286000000.0,1.37,1.32,1.37,15398000000.0,,15398000000.0,42085487058.0,7.0,6.106,965000000.0,1.559,1.0,1744000000.0,0.083,5213000000.0,59000000.0,25318000000.0,,4381000000.0,326000000.0,0.0,326000000.0,17905000000.0,7444000000.0,10461000000.0,37173487058.0,0.0,-50000000.0,-558000000.0,-220000000.0,-38000000.0,-727000000.0,-1013000000.0,0.0,1740000000.0,0.0,849000000.0,848000000.0,848000000.0,0.0,0.0,0.041,411000000.0,1333000000.0,6167000000.0,0.044,2.414,9.544,8.753,18424000000.0,1000000.0,59.78,0.429,0.427,3115000000.0,7484000000.0,20927000000.0,20927000000.0,0.0,,,,,23000000.0,151000000.0,1.0,621838191.0,619000000,644000000.0,33.808,28090000000.0,145000000.0,437000000.0,4636000000.0,45.38,737000000.0
62,VLO,MRQ,2005-12-31,2005-12-31,2005-12-31,2021-08-25,335000000.0,32798000000.0,,8346000000.0,24452000000.0,,24.353,-814000000.0,466000000.0,466000000.0,22111000000.0,1347000000.0,1.132,1.179,5378000000.0,222000000.0,5156000000.0,5378000000.0,0.0,252000000.0,0.0,0.004,0.05,1989000000.0,2241000000.0,0.092,2241000000.0,1989000000.0,1912000000.0,2.26,2.14,2.26,15050000000.0,,15050000000.0,37466139530.0,7.0,5.929,1153000000.0,1.866,1.0,2237000000.0,0.092,5224000000.0,77000000.0,25111000000.0,,4039000000.0,327000000.0,0.0,327000000.0,17748000000.0,7375000000.0,10373000000.0,31915139530.0,-301000000.0,56000000.0,-315000000.0,-993000000.0,-31000000.0,-1340000000.0,-931000000.0,0.0,1967000000.0,3000000.0,1347000000.0,1346000000.0,1346000000.0,-117000000.0,0.0,0.055,431000000.0,1806000000.0,5563000000.0,0.022,2.121,8.922,7.926,17856000000.0,1000000.0,51.6,0.396,0.351,3564000000.0,6673000000.0,24348000000.0,24348000000.0,0.0,,,,,20000000.0,183000000.0,1.0,618510456.0,618000000,654000000.0,39.398,27574000000.0,212000000.0,565000000.0,4624000000.0,44.618,971000000.0
63,VLO,MRQ,2005-09-30,2005-09-30,2005-09-30,2021-08-25,149000000.0,32774000000.0,,9112000000.0,23662000000.0,,25.034,-513000000.0,827000000.0,827000000.0,21594000000.0,862000000.0,1.141,1.376,6378000000.0,269000000.0,6109000000.0,6378000000.0,0.0,219000000.0,0.0,0.003,0.05,1335000000.0,1554000000.0,0.067,1554000000.0,1335000000.0,1268000000.0,1.56,1.47,1.56,13794000000.0,,13794000000.0,32457175340.0,8.0,6.51,1591000000.0,2.887,1.0,1689000000.0,0.073,5270000000.0,67000000.0,25068000000.0,,4475000000.0,292000000.0,0.0,292000000.0,18980000000.0,7987000000.0,10993000000.0,29553175340.0,-212000000.0,-2343000000.0,69000000.0,598000000.0,-27000000.0,628000000.0,-2950000000.0,-29000000.0,2104000000.0,6000000.0,862000000.0,858000000.0,858000000.0,0.0,0.0,0.037,378000000.0,1311000000.0,5969000000.0,0.032,2.142,10.881,10.924,17152000000.0,4000000.0,56.53,0.412,0.435,3553000000.0,5359000000.0,23283000000.0,23283000000.0,0.0,,,,,30000000.0,159000000.0,1.0,522787464.0,551000000,587000000.0,42.256,27504000000.0,0.0,406000000.0,4185000000.0,49.917,1125000000.0
64,VLO,MRQ,2005-06-30,2005-06-30,2005-06-30,2021-08-25,88000000.0,21641000000.0,,6898000000.0,14743000000.0,,17.313,-393000000.0,973000000.0,973000000.0,16425000000.0,847000000.0,1.169,1.432,3877000000.0,236000000.0,3641000000.0,3877000000.0,0.0,190000000.0,0.0,0.004,0.05,1302000000.0,1492000000.0,0.083,1492000000.0,1302000000.0,1241000000.0,1.64,1.53,1.64,8899000000.0,,8899000000.0,23645121128.0,6.0,5.484,582000000.0,1.132,1.0,1607000000.0,0.089,2728000000.0,61000000.0,15917000000.0,,3088000000.0,262000000.0,0.0,262000000.0,12742000000.0,5900000000.0,6842000000.0,20310121128.0,263000000.0,-35000000.0,8000000.0,-201000000.0,-26000000.0,-219000000.0,-490000000.0,0.0,975000000.0,-3000000.0,847000000.0,843000000.0,843000000.0,0.0,0.0,0.047,302000000.0,1305000000.0,4382000000.0,0.03,2.282,8.873,8.869,10839000000.0,4000000.0,39.555,0.324,0.324,2640000000.0,4526000000.0,18032000000.0,18032000000.0,0.0,,,,,16000000.0,112000000.0,1.0,513465330.0,514000000,555000000.0,35.082,18913000000.0,106000000.0,394000000.0,2745000000.0,36.796,998000000.0
65,VLO,MRQ,2005-03-31,2005-03-31,2005-03-31,2021-08-25,33000000.0,20314000000.0,,5856000000.0,14458000000.0,,15.607,-338000000.0,710000000.0,710000000.0,13824000000.0,534000000.0,1.056,1.542,4045000000.0,435000000.0,3610000000.0,4045000000.0,0.0,179000000.0,0.0,0.004,0.04,853000000.0,1032000000.0,0.069,1032000000.0,853000000.0,790000000.0,1.03,0.96,1.03,7991000000.0,,7991000000.0,22229091313.0,7.0,5.531,466000000.0,0.91,1.0,1129000000.0,0.076,2704000000.0,63000000.0,15398000000.0,,2801000000.0,263000000.0,0.0,263000000.0,12323000000.0,5547000000.0,6776000000.0,18804391313.0,-178000000.0,-50000000.0,-151000000.0,-278000000.0,-22000000.0,-451000000.0,-529000000.0,0.0,804000000.0,-2000000.0,534000000.0,530000000.0,530000000.0,0.0,0.0,0.035,283000000.0,846000000.0,3914000000.0,0.039,2.353,9.058,9.057,10585000000.0,4000000.0,36.635,0.321,0.321,2153000000.0,3709000000.0,14953000000.0,14953000000.0,0.0,,,,,14000000.0,104000000.0,1.0,513290332.0,512000000,556000000.0,29.205,17610000000.0,149000000.0,256000000.0,2482000000.0,34.395,309000000.0
66,VLO,MRQ,2004-12-31,2004-12-31,2004-12-31,2021-08-25,229000000.0,19392000000.0,,5264000000.0,14128000000.0,,15.29,-421000000.0,888000000.0,888000000.0,14262000000.0,489000000.0,1.161,1.487,4313000000.0,412000000.0,3901000000.0,4313000000.0,0.0,141000000.0,0.0,0.006,0.04,767000000.0,908000000.0,0.059,908000000.0,767000000.0,702000000.0,0.945,0.88,0.945,7798000000.0,,7798000000.0,15530845179.0,5.0,4.344,680000000.0,1.333,1.0,1129000000.0,0.073,2712000000.0,65000000.0,15571000000.0,,2318000000.0,265000000.0,0.0,265000000.0,11594000000.0,4534000000.0,7060000000.0,11651345179.0,183000000.0,-24000000.0,-72000000.0,-262000000.0,-21000000.0,-362000000.0,-569000000.0,0.0,1101000000.0,13000000.0,489000000.0,485000000.0,485000000.0,0.0,0.0,0.032,320000000.0,809000000.0,2963000000.0,0.042,1.494,6.505,6.467,10317000000.0,4000000.0,22.7,0.213,0.212,1839000000.0,3199000000.0,15391000000.0,15391000000.0,0.0,,,,,35000000.0,179000000.0,1.0,513275118.0,510000000,558000000.0,30.178,16680000000.0,175000000.0,213000000.0,2651000000.0,32.706,730000000.0
67,VLO,MRQ,2004-09-30,2004-09-30,2004-09-30,2021-08-25,77400000.0,19437500000.0,,5761500000.0,13676000000.0,,14.106,-284000000.0,705600000.0,705600000.0,13389000000.0,434000000.0,1.146,1.691,4585100000.0,412800000.0,4172300000.0,4585100000.0,0.0,164000000.0,0.0,0.007,0.037,716000000.0,880000000.0,0.061,880000000.0,716000000.0,653000000.0,0.845,0.785,0.845,7222200000.0,,7222200000.0,14470111275.0,6.0,4.7,405000000.0,0.791,1.0,950000000.0,0.066,2734000000.0,63000000.0,15555000000.0,,2737000000.0,264200000.0,0.0,264200000.0,12215300000.0,5028000000.0,7187300000.0,10254411275.0,351000000.0,-1000000.0,14000000.0,-16000000.0,-20000000.0,-23000000.0,-324000000.0,0.0,689000000.0,9000000.0,434000000.0,431000000.0,431000000.0,0.0,0.0,0.03,251000000.0,699000000.0,3364800000.0,0.044,1.42,7.149,7.123,9903400000.0,3000000.0,20.052,0.21,0.211,2138200000.0,2734800000.0,14339000000.0,14339000000.0,0.0,,,,,0.0,87000000.0,1.0,511378196.0,512000000,552000000.0,28.006,16703500000.0,130900000.0,219000000.0,2357800000.0,32.624,733500000.0
68,VLO,MRQ,2004-06-30,2004-06-30,2004-06-30,2021-08-25,27700000.0,18557300000.0,,5128800000.0,13428500000.0,,13.107,-233000000.0,355000000.0,355000000.0,12521000000.0,633000000.0,1.091,1.754,4570700000.0,416400000.0,4154300000.0,4570700000.0,0.0,159000000.0,0.0,0.007,0.037,1040000000.0,1199000000.0,0.087,1199000000.0,1040000000.0,970000000.0,1.225,1.14,1.225,6737200000.0,,6737200000.0,14104843590.0,7.0,5.245,628000000.0,1.222,1.0,1286000000.0,0.093,2737400000.0,70000000.0,15333700000.0,,2642300000.0,264500000.0,0.0,264500000.0,11820100000.0,4701900000.0,7118200000.0,9495043590.0,91000000.0,-34000000.0,-196000000.0,-262000000.0,-21000000.0,-479000000.0,-288000000.0,0.0,861000000.0,-3000000.0,633000000.0,630000000.0,630000000.0,0.0,0.0,0.046,252000000.0,1034000000.0,3142500000.0,0.03,1.409,7.958,7.764,9663400000.0,3000000.0,18.44,0.214,0.214,1941100000.0,2322600000.0,13807000000.0,13807000000.0,0.0,,,,,0.0,93000000.0,1.0,514915596.0,514000000,554000000.0,26.862,15819900000.0,161900000.0,337000000.0,2378600000.0,30.778,426900000.0
69,VLO,MRQ,2004-03-31,2004-03-31,2004-03-31,2021-08-25,166200000.0,17779200000.0,,4667800000.0,13111400000.0,,12.776,-246000000.0,273500000.0,273500000.0,10421000000.0,248000000.0,1.179,1.761,4883300000.0,201600000.0,4681700000.0,4883300000.0,0.0,141000000.0,0.0,0.007,0.03,447000000.0,588000000.0,0.053,588000000.0,447000000.0,385000000.0,0.485,0.455,0.485,6438900000.0,,6438900000.0,11620389410.0,9.0,6.181,83000000.0,0.165,1.0,661000000.0,0.06,2712000000.0,62000000.0,15718300000.0,,2444300000.0,264600000.0,0.0,264600000.0,11340300000.0,3958700000.0,7381600000.0,7788189410.0,-130000000.0,-571000000.0,455000000.0,611000000.0,-17000000.0,1049000000.0,-1504000000.0,0.0,329000000.0,-4000000.0,248000000.0,245000000.0,245000000.0,0.0,0.0,0.022,224000000.0,437000000.0,3012400000.0,0.062,1.21,11.261,10.483,9356800000.0,3000000.0,14.99,0.198,0.192,1679400000.0,1712200000.0,11082000000.0,11082000000.0,0.0,,,,,0.0,83000000.0,1.0,519559000.0,504000000,544000000.0,21.988,15067200000.0,211900000.0,137000000.0,2176700000.0,29.895,709100000.0
70,VLO,MRQ,2003-12-31,2003-12-31,2003-12-31,2021-08-25,169600000.0,15664200000.0,,3817300000.0,11846900000.0,,11.948,-373500000.0,412900000.0,412900000.0,9052200000.0,132100000.0,1.246,1.731,4245100000.0,0.0,4245100000.0,4245100000.0,0.0,149000000.0,0.0,0.009,0.03,262800000.0,411800000.0,0.043,411800000.0,262800000.0,203200000.0,0.26,0.245,0.26,5735200000.0,,5735200000.0,9604099008.0,8.0,5.46,226800000.0,0.472,1.0,457600000.0,0.048,2721900000.0,59600000.0,13710200000.0,,1913100000.0,264500000.0,0.0,264500000.0,9929000000.0,3064300000.0,6864700000.0,5573199008.0,59300000.0,380800000.0,-11600000.0,-117000000.0,-17300000.0,-144900000.0,-408300000.0,-1000000.0,600300000.0,12100000.0,132100000.0,128400000.0,128400000.0,0.0,0.0,0.014,225500000.0,232100000.0,2288200000.0,0.115,0.972,9.033,8.646,8195100000.0,3700000.0,11.585,0.147,0.14,1327700000.0,1482700000.0,9509800000.0,9509800000.0,0.0,,,,,0.0,76500000.0,1.0,481070264.0,480000000,518000000.0,19.812,12942300000.0,118700000.0,71100000.0,2025100000.0,26.963,753000000.0
71,VLO,MRQ,2003-09-30,2003-09-30,2003-09-30,2021-08-25,133300000.0,15248700000.0,,3762400000.0,11486300000.0,,11.902,-218800000.0,335100000.0,335100000.0,9363400000.0,191100000.0,1.29,1.74,4366000000.0,24300000.0,4341700000.0,4366000000.0,0.0,125200000.0,0.0,0.01,0.025,365000000.0,490200000.0,0.049,490200000.0,365000000.0,301900000.0,0.405,0.375,0.405,5565400000.0,,5565400000.0,8298508286.0,7.0,4.916,105800000.0,0.226,1.0,558900000.0,0.056,2795100000.0,63100000.0,13568800000.0,,2092300000.0,263800000.0,0.0,263800000.0,9683300000.0,2915700000.0,6767600000.0,4377508286.0,-387900000.0,-381000000.0,18600000.0,-103400000.0,-11500000.0,-84000000.0,-628600000.0,0.0,324600000.0,100000.0,191100000.0,189800000.0,189800000.0,0.0,0.0,0.019,201500000.0,357400000.0,2136100000.0,0.062,0.787,7.579,7.417,7795200000.0,1300000.0,9.568,0.12,0.122,1183300000.0,1368500000.0,9922300000.0,9922300000.0,0.0,,,,,0.0,76300000.0,1.0,457539408.0,467600000,510400000.0,21.22,12453600000.0,87500000.0,110800000.0,1971200000.0,26.633,846700000.0
72,VLO,MRQ,2003-06-30,2003-06-30,2003-06-30,2021-08-25,136800000.0,14467900000.0,,3564200000.0,10903700000.0,,10.929,-161800000.0,726400000.0,726400000.0,8378300000.0,128400000.0,1.372,1.895,4647400000.0,41000000.0,4606400000.0,4647400000.0,0.0,119700000.0,0.0,0.011,0.025,270200000.0,389900000.0,0.044,389900000.0,270200000.0,207000000.0,0.28,0.27,0.28,4996800000.0,,4996800000.0,7913021279.0,8.0,5.529,163100000.0,0.357,1.0,465500000.0,0.053,2797300000.0,63200000.0,12993400000.0,,1692200000.0,263100000.0,0.0,263100000.0,9471100000.0,2598200000.0,6872900000.0,4150921279.0,-43400000.0,-41500000.0,-7400000.0,98600000.0,-11500000.0,79700000.0,-479700000.0,0.0,324900000.0,31700000.0,128400000.0,128400000.0,128400000.0,0.0,0.0,0.015,191100000.0,274400000.0,1826100000.0,0.089,0.831,9.94,9.51,7288400000.0,0.0,9.082,0.119,0.119,1069300000.0,1190200000.0,8843800000.0,8843800000.0,0.0,,,,,0.0,71400000.0,1.0,457024088.0,457200000,474800000.0,19.343,11670600000.0,0.0,78600000.0,1771100000.0,25.526,966000000.0
73,VLO,MRQ,2003-03-31,2003-03-31,2003-03-31,2021-08-25,54500000.0,14641500000.0,,4190900000.0,10450600000.0,,11.142,-127900000.0,770800000.0,770800000.0,9143100000.0,170400000.0,1.391,2.05,4532900000.0,26300000.0,4506600000.0,4532900000.0,0.0,117100000.0,0.0,0.01,0.025,350000000.0,467100000.0,0.048,467100000.0,350000000.0,274900000.0,0.395,0.378,0.395,4800000000.0,,4800000000.0,9388026203.0,12.0,7.543,375300000.0,0.871,1.0,550000000.0,0.057,2798000000.0,75100000.0,12593600000.0,,1605300000.0,161500000.0,0.0,161500000.0,9841500000.0,3012000000.0,6829500000.0,4453926203.0,362000000.0,4700000.0,276400000.0,-449200000.0,-10700000.0,13200000.0,185600000.0,0.0,503200000.0,-3900000.0,170400000.0,170400000.0,170400000.0,0.0,0.0,0.018,191900000.0,358100000.0,2211300000.0,0.063,0.928,14.822,14.716,6968800000.0,0.0,10.345,0.134,0.134,1696200000.0,1073300000.0,9693100000.0,9693100000.0,0.0,,,,,0.0,74800000.0,1.0,430539024.0,430800000,451200000.0,22.5,11843500000.0,61300000.0,104500000.0,1803500000.0,27.492,1178900000.0
74,VLO,MRQ,2002-12-31,2002-12-31,2002-12-31,2021-08-25,-1100000.0,14465200000.0,,3536400000.0,10928800000.0,,10.123,-146600000.0,409200000.0,409200000.0,7679800000.0,89000000.0,1.176,2.358,5343300000.0,476700000.0,4866600000.0,5343300000.0,0.0,114400000.0,0.0,0.011,0.025,226400000.0,340800000.0,0.042,340800000.0,226400000.0,145500000.0,0.21,0.205,0.21,4308300000.0,,4308300000.0,8941309079.0,21.0,10.107,58100000.0,0.137,1.0,437900000.0,0.054,2921100000.0,80900000.0,13471500000.0,,1436100000.0,0.0,0.0,0.0,10156900000.0,3006700000.0,7150200000.0,3936209079.0,59300000.0,3500000.0,29300000.0,-9900000.0,-10700000.0,5200000.0,-148500000.0,0.0,204700000.0,-2100000.0,89000000.0,89000000.0,89000000.0,0.0,0.0,0.011,197600000.0,240300000.0,1825000000.0,0.119,0.914,43.019,42.953,7412000000.0,0.0,9.235,0.136,0.135,1558200000.0,913600000.0,8117700000.0,8117700000.0,0.0,,,,,0.0,83200000.0,1.0,426227296.0,425600000,442800000.0,19.074,11544100000.0,95300000.0,56500000.0,1651500000.0,27.124,529700000.0
75,VLO,MRQ,2002-09-30,2002-09-30,2002-09-30,2021-08-25,8700000.0,13957700000.0,,3008900000.0,10948800000.0,,9.934,-103400000.0,350000000.0,350000000.0,7817900000.0,29800000.0,1.29,2.317,5355100000.0,266000000.0,5089100000.0,5355100000.0,0.0,107900000.0,0.0,0.015,0.025,125400000.0,233300000.0,0.029,233300000.0,125400000.0,47500000.0,0.07,0.068,0.07,4208100000.0,,4208100000.0,7728714020.0,25.0,10.828,-58500000.0,-0.138,1.0,300900000.0,0.037,2972700000.0,77900000.0,13657700000.0,,1466600000.0,0.0,0.0,0.0,9749600000.0,2332400000.0,7417200000.0,2800814020.0,-41300000.0,-10300000.0,21200000.0,33200000.0,-10500000.0,40200000.0,-124800000.0,0.0,44900000.0,-1600000.0,29800000.0,29800000.0,29800000.0,0.0,0.0,0.004,170600000.0,130300000.0,1445500000.0,0.357,0.666,51.771,29.411,7404000000.0,0.0,6.617,0.118,0.118,1027300000.0,835300000.0,8118800000.0,8118800000.0,0.0,,,,,0.0,62700000.0,1.0,423243524.0,423600000,436400000.0,19.166,10985000000.0,88000000.0,17700000.0,1741900000.0,25.932,676500000.0
76,VLO,MRQ,2002-06-30,2002-06-30,2002-06-30,2021-08-25,87500000.0,13991900000.0,,3087000000.0,10904900000.0,,10.034,-265400000.0,391200000.0,391200000.0,6951300000.0,11300000.0,1.081,2.295,5319100000.0,799500000.0,4519600000.0,5319100000.0,0.0,112700000.0,0.0,0.01,0.025,90700000.0,203400000.0,0.028,203400000.0,90700000.0,18400000.0,0.028,0.025,0.028,4246400000.0,,4246400000.0,9553292698.0,26.0,13.123,-63900000.0,-0.151,1.0,271300000.0,0.038,2825800000.0,72300000.0,13238400000.0,,1451100000.0,0.0,0.0,0.0,9745500000.0,2855600000.0,6889900000.0,3963392698.0,128100000.0,901100000.0,-25900000.0,-609300000.0,-10600000.0,-649200000.0,571100000.0,0.0,201500000.0,4700000.0,11300000.0,11300000.0,11300000.0,0.0,0.0,0.002,171200000.0,100100000.0,1408000000.0,0.893,0.933,31.606,16.412,7449800000.0,0.0,9.355,0.203,0.203,939900000.0,816100000.0,7222600000.0,7222600000.0,0.0,,,,,0.0,58500000.0,1.0,423665708.0,423200000,442400000.0,17.067,11166100000.0,165500000.0,7100000.0,1864800000.0,26.385,231400000.0
77,VLO,MRQ,2002-03-31,2002-03-31,2002-03-31,2021-08-25,68400000.0,14508900000.0,,4025800000.0,10483100000.0,,10.119,-279400000.0,316900000.0,316900000.0,5416000000.0,-38600000.0,0.85,2.414,5906800000.0,2671200000.0,3235600000.0,5906800000.0,0.0,114300000.0,0.0,0.007,0.025,-7100000.0,107200000.0,0.019,107200000.0,-7100000.0,-61700000.0,-0.092,-0.092,-0.092,4250100000.0,,4250100000.0,8532786834.0,11.0,8.189,-458200000.0,-1.091,1.0,172800000.0,0.031,2633100000.0,54600000.0,12731600000.0,,1466000000.0,0.0,0.0,0.0,10258800000.0,4734100000.0,5524700000.0,5195438834.0,-36600000.0,300900000.0,31900000.0,2228300000.0,-10500000.0,191400000.0,-49200000.0,0.0,-178800000.0,0.0,-38600000.0,-38600000.0,-38600000.0,0.0,0.0,-0.007,172600000.0,200000.0,1509700000.0,-0.272,1.222,13.359,7.427,7326900000.0,0.0,12.38,0.309,0.309,1012000000.0,815300000.0,5588800000.0,5588800000.0,0.0,,,,,0.0,58300000.0,1.0,419663880.0,420000000,420000000.0,13.307,11875800000.0,78000000.0,-23100000.0,1759000000.0,28.276,-708300000.0
78,VLO,MRQ,2001-12-31,2001-12-31,2001-12-31,2021-08-25,18100000.0,14399800000.0,,4135800000.0,10264000000.0,,17.569,-157300000.0,346000000.0,346000000.0,2650800000.0,51600000.0,0.87,2.426,3683500000.0,505700000.0,3177800000.0,3683500000.0,0.0,64800000.0,0.0,0.009,0.025,105100000.0,169900000.0,0.059,169900000.0,105100000.0,79700000.0,0.22,0.218,0.22,4202600000.0,,4202600000.0,3548937924.0,4.0,2.906,48400000.0,0.202,1.0,210400000.0,0.074,2544400000.0,25400000.0,10440000000.0,,1453100000.0,0.0,0.0,0.0,10197200000.0,4752900000.0,5444300000.0,2311728924.0,178200000.0,-2554300000.0,-61300000.0,725000000.0,-6100000.0,2710200000.0,-2737700000.0,0.0,205700000.0,0.0,51600000.0,51600000.0,51600000.0,0.0,0.0,0.018,98700000.0,111700000.0,3445400000.0,0.114,0.55,4.102,4.108,7217300000.0,0.0,9.53,0.154,0.154,770800000.0,864400000.0,2861200000.0,2861200000.0,0.0,,,,,0.0,33900000.0,1.0,242573864.0,239200000,249200000.0,11.962,11855400000.0,176700000.0,28100000.0,1769000000.0,49.563,-617100000.0
79,VLO,MRQ,2001-09-30,2001-09-30,2001-09-30,2021-08-25,28827000.0,5328715000.0,,1669924000.0,3658791000.0,,8.407,-90900000.0,91157000.0,91157000.0,3573200000.0,101100000.0,1.54,1.61,1328366000.0,0.0,1328366000.0,1328366000.0,0.0,62700000.0,0.0,0.009,0.02,184800000.0,247500000.0,0.064,247500000.0,184800000.0,160900000.0,0.415,0.395,0.415,2041301000.0,,2041301000.0,3414983970.0,3.0,2.607,95400000.0,0.393,1.0,285500000.0,0.074,0.0,23900000.0,5481643000.0,,704173000.0,0.0,0.0,0.0,3287414000.0,1084281000.0,2203133000.0,2129781970.0,48700000.0,-100000.0,-4500000.0,0.0,-4800000.0,-9300000.0,-128300000.0,0.0,186300000.0,0.0,101100000.0,101100000.0,101100000.0,0.0,0.0,0.026,97100000.0,188400000.0,761468000.0,0.048,1.043,3.518,3.538,3251081000.0,0.0,8.775,0.131,0.131,780008000.0,818886000.0,3858700000.0,3858700000.0,0.0,,,,,0.0,34400000.0,1.0,242710196.0,242800000,255600000.0,15.893,5328715000.0,68051000.0,59800000.0,655933000.0,21.947,585643000.0
80,VLO,MRQ,2001-06-30,2001-06-30,2001-06-30,2021-08-25,29720000.0,5214215000.0,,1604023000.0,3610192000.0,,7.98,-69100000.0,42459000.0,42459000.0,3926700000.0,274800000.0,1.422,1.673,1327661000.0,0.0,1327661000.0,1327661000.0,0.0,57300000.0,0.0,0.009,0.02,460100000.0,517400000.0,0.115,517400000.0,460100000.0,439600000.0,1.125,1.058,1.125,1950370000.0,,1950370000.0,3169109244.0,3.0,2.414,167600000.0,0.686,1.0,572400000.0,0.127,0.0,20500000.0,5371321000.0,,773376000.0,0.0,0.0,0.0,3263845000.0,1128096000.0,2135749000.0,2252724244.0,-83200000.0,-219200000.0,-15000000.0,-200000.0,-4900000.0,-20100000.0,-299800000.0,0.0,236700000.0,0.0,274800000.0,274800000.0,274800000.0,0.0,0.0,0.061,108200000.0,464200000.0,793658000.0,0.018,1.155,3.567,3.557,3173370000.0,0.0,9.195,0.135,0.135,676894000.0,722729000.0,4499100000.0,4499100000.0,0.0,,,,,0.0,50900000.0,1.0,244994480.0,244400000,259600000.0,18.409,5214215000.0,66800000.0,164800000.0,599814000.0,21.335,475927000.0
81,VLO,MRQ,2001-03-31,2001-03-31,2001-03-31,2021-08-25,42665000.0,4559622000.0,,1427253000.0,3132369000.0,,6.975,-68600000.0,125739000.0,125739000.0,3445800000.0,136100000.0,1.329,1.675,1042124000.0,0.0,1042124000.0,1042124000.0,0.0,52900000.0,0.0,0.009,0.02,233400000.0,286300000.0,0.076,286300000.0,233400000.0,214700000.0,0.557,0.532,0.557,1704714000.0,,1704714000.0,3221673124.0,4.0,3.284,208200000.0,0.852,1.0,323500000.0,0.086,0.0,18700000.0,4402265000.0,,581411000.0,0.0,0.0,0.0,2854908000.0,1073742000.0,1781166000.0,2166852124.0,111100000.0,0.0,2500000.0,-27200000.0,-4900000.0,-29600000.0,-136100000.0,0.0,276800000.0,0.0,136100000.0,136100000.0,136100000.0,0.0,0.0,0.036,86400000.0,237100000.0,867624000.0,0.036,1.271,4.875,4.797,2713547000.0,0.0,8.875,0.14,0.14,586647000.0,452763000.0,3769300000.0,3769300000.0,0.0,,,,,0.0,33500000.0,1.0,244152352.0,244400000,255600000.0,15.423,4559622000.0,92136000.0,78600000.0,468627000.0,18.656,353511000.0
82,VLO,MRQ,2000-12-31,2000-12-31,2000-12-31,2021-08-25,0.0,4307704000.0,,1285067000.0,3022637000.0,,6.283,-63422000.0,14596000.0,14596000.0,3820027000.0,93325000.0,1.237,1.821,1241917000.0,27000000.0,1214917000.0,1241917000.0,0.0,92745000.0,0.0,0.009,0.02,166039000.0,258784000.0,0.063,258784000.0,166039000.0,146725000.0,0.383,0.37,0.383,1527055000.0,,1527055000.0,3435858851.0,6.0,4.414,167933000.0,0.691,1.0,301123000.0,0.073,59141000.0,19314000.0,4436892000.0,,539882000.0,0.0,0.0,0.0,2780649000.0,1038992000.0,1741657000.0,2263132851.0,1602000.0,1907000.0,-10382000.0,-116067000.0,-4875000.0,-131353000.0,-98400000.0,0.0,231355000.0,0.0,93325000.0,93325000.0,93325000.0,0.0,0.0,0.023,130192000.0,170931000.0,806697000.0,0.052,1.482,6.674,6.421,2676680000.0,0.0,9.297,0.154,0.148,585892000.0,321566000.0,4121150000.0,4121150000.0,0.0,,,,,0.0,37447000.0,1.0,243413052.0,243060000,252548000.0,16.955,4248563000.0,105817000.0,53400000.0,507456000.0,17.479,246075000.0
83,VLO,MRQ,2000-09-30,2000-09-30,2000-09-30,2021-08-25,0.0,4211187000.0,,1248948000.0,2962239000.0,,5.905,-55466000.0,12985000.0,12985000.0,3951733000.0,127356000.0,1.203,1.914,1185711000.0,93000000.0,1092711000.0,1185711000.0,0.0,30287000.0,0.0,0.009,0.02,220209000.0,250496000.0,0.059,250496000.0,220209000.0,198456000.0,0.52,0.502,0.52,1445287000.0,,1445287000.0,3512237573.0,7.0,6.057,220772000.0,0.902,1.0,297098000.0,0.07,0.0,21753000.0,4345642000.0,,495992000.0,0.0,0.0,0.0,2765900000.0,1038271000.0,1727629000.0,2164611573.0,2606000.0,13000.0,-27168000.0,-172939000.0,-4869000.0,-205440000.0,-68192000.0,0.0,276238000.0,0.0,127356000.0,127356000.0,127356000.0,0.0,0.0,0.03,73188000.0,223910000.0,765946000.0,0.038,1.498,8.254,7.855,2644236000.0,0.0,8.797,0.164,0.163,651583000.0,233088000.0,4248831000.0,4248831000.0,0.0,,,,,0.0,42901000.0,1.0,246048488.0,244744000,252968000.0,17.36,4211187000.0,49995000.0,71100000.0,342027000.0,17.206,210677000.0
84,VLO,MRQ,2000-06-30,2000-06-30,2000-06-30,2021-08-25,0.0,4212993000.0,,1266183000.0,2946810000.0,,5.999,-50783000.0,10379000.0,10379000.0,3163485000.0,87680000.0,1.167,2.125,1358005000.0,185000000.0,1173005000.0,1358005000.0,0.0,27028000.0,0.0,0.01,0.02,158553000.0,185581000.0,0.055,185581000.0,158553000.0,136080000.0,0.39,0.378,0.39,1348010000.0,,1348010000.0,2541876182.0,8.0,6.325,31747000.0,0.141,1.0,209017000.0,0.062,0.0,22473000.0,4475375000.0,,492310000.0,0.0,0.0,0.0,2864983000.0,1085244000.0,1779739000.0,1778730182.0,1870000.0,-889971000.0,160270000.0,581806000.0,-4487000.0,904782000.0,-985442000.0,0.0,82530000.0,0.0,87680000.0,87680000.0,87680000.0,0.0,0.0,0.026,50625000.0,158392000.0,731872000.0,0.051,1.32,11.293,11.346,2619512000.0,0.0,7.942,0.16,0.161,651873000.0,110601000.0,3372502000.0,3372502000.0,0.0,,,,,0.0,23597000.0,1.0,223950920.0,224696000,232452000.0,15.009,4212993000.0,69754000.0,48400000.0,307457000.0,18.75,180939000.0
85,VLO,MRQ,2000-03-31,2000-03-31,2000-03-31,2021-08-25,0.0,3121174000.0,,960331000.0,2160843000.0,,4.961,-25229000.0,8509000.0,8509000.0,2826855000.0,30739000.0,1.005,1.815,771655000.0,126500000.0,645155000.0,771655000.0,0.0,23840000.0,0.0,0.01,0.02,59699000.0,83539000.0,0.029,83539000.0,59699000.0,46939000.0,0.138,0.135,0.138,1108704000.0,,1108704000.0,2436462462.0,19.0,11.218,-14052000.0,-0.063,1.0,101762000.0,0.035,0.0,12760000.0,2929046000.0,,436197000.0,0.0,0.0,0.0,2012470000.0,955274000.0,1057196000.0,1711077462.0,-51578000.0,-1649000.0,-2820000.0,-13500000.0,-4469000.0,-20789000.0,-41966000.0,0.0,11177000.0,0.0,30739000.0,30739000.0,30739000.0,0.0,0.0,0.01,43995000.0,57767000.0,732561000.0,0.145,1.543,35.84,36.021,1985184000.0,0.0,7.673,0.179,0.18,403557000.0,27408000.0,2928617000.0,2928617000.0,0.0,,,,,0.0,20155000.0,1.0,223014332.0,223496000,228936000.0,13.104,3121174000.0,89477000.0,16200000.0,296628000.0,13.965,5057000.0
86,VLO,MRQ,1999-12-31,1999-12-31,1999-12-31,2021-08-25,0.0,2979272000.0,,823517000.0,2155755000.0,,4.855,-22622000.0,60087000.0,60087000.0,2560367000.0,16476000.0,1.145,1.746,785472000.0,0.0,785472000.0,785472000.0,0.0,23312000.0,0.0,0.016,0.02,36908000.0,60220000.0,0.023,60220000.0,36908000.0,23576000.0,0.072,0.072,0.072,1084769000.0,,1084769000.0,1958368102.0,26.0,11.859,147311000.0,0.659,1.0,77310000.0,0.029,0.0,13332000.0,2985675000.0,,298047000.0,0.0,0.0,0.0,1894503000.0,718982000.0,1175521000.0,1108399102.0,52268000.0,-635000.0,-3901000.0,-72000000.0,-4452000.0,-80353000.0,-37312000.0,0.0,169933000.0,0.0,16476000.0,16476000.0,16476000.0,0.0,0.0,0.006,42652000.0,34658000.0,616895000.0,0.278,1.022,77.581,80.161,1914071000.0,0.0,4.97,0.139,0.14,372542000.0,-3331000.0,2637677000.0,2637677000.0,0.0,,,,,0.0,19340000.0,1.0,223017928.0,223444000,234196000.0,11.805,2979272000.0,79307000.0,7100000.0,275521000.0,13.333,104535000.0
87,VLO,MRQ,1999-09-30,1999-09-30,1999-09-30,2021-08-25,0.0,2999075000.0,,862183000.0,2136892000.0,,4.782,-18447000.0,7819000.0,7819000.0,2074784000.0,22612000.0,1.228,1.786,857788000.0,12000000.0,845788000.0,857788000.0,0.0,22606000.0,0.0,0.017,0.02,49934000.0,72540000.0,0.034,72540000.0,49934000.0,34812000.0,0.1,0.1,0.1,1076292000.0,,1076292000.0,2023942869.0,-23.0,-1078.286,98852000.0,0.439,1.0,87154000.0,0.04,0.0,15122000.0,3147000000.0,,418745000.0,0.0,0.0,0.0,1922783000.0,702044000.0,1220739000.0,1082642869.0,2015000.0,614000.0,1913000.0,-89000000.0,-4501000.0,-91588000.0,-23696000.0,0.0,117299000.0,0.0,22612000.0,22612000.0,22612000.0,0.0,0.0,0.01,39001000.0,48153000.0,610842000.0,0.2,1.006,-12.324,-12.34,1983774000.0,0.0,4.812,0.161,0.161,352226000.0,-19807000.0,2161938000.0,2161938000.0,0.0,,,,,0.0,16395000.0,1.0,224964752.0,225064000,227812000.0,9.606,2999075000.0,63750000.0,12200000.0,261274000.0,13.325,160139000.0
88,VLO,MRQ,1999-06-30,1999-06-30,1999-06-30,2021-08-25,0.0,2869984000.0,,738149000.0,2131835000.0,,4.701,-19399000.0,5804000.0,5804000.0,1808653000.0,-22085000.0,1.438,1.717,947104000.0,31000000.0,916104000.0,947104000.0,0.0,20559000.0,0.0,0.015,0.02,-19667000.0,892000.0,0.0,892000.0,-19667000.0,-34185000.0,-0.098,-0.098,-0.098,1056124000.0,,1056124000.0,2099837156.0,-17.0,-51.209,-19939000.0,-0.089,1.0,15797000.0,0.009,0.0,14518000.0,3298123000.0,,329612000.0,0.0,0.0,0.0,1813860000.0,513161000.0,1300699000.0,1203759156.0,-7539000.0,-127000.0,2108000.0,37471000.0,-4492000.0,35087000.0,-42086000.0,0.0,-540000.0,0.0,-22085000.0,-22085000.0,-22085000.0,0.0,0.0,-0.012,35814000.0,-20017000.0,422022000.0,-0.204,1.14,-11.34,-11.404,1972875000.0,0.0,5.36,0.204,0.204,302428000.0,-42419000.0,1824450000.0,1824450000.0,0.0,,,,,0.0,14540000.0,1.0,224581932.0,224648000,224648000.0,8.121,2869984000.0,79946000.0,-12100000.0,271606000.0,12.775,224988000.0
89,VLO,MRQ,1999-03-31,1999-03-31,1999-03-31,2021-08-25,0.0,2814398000.0,,693134000.0,2121264000.0,,4.819,-38871000.0,13343000.0,13343000.0,1287347000.0,-2716000.0,1.349,1.605,909421000.0,63000000.0,846421000.0,909421000.0,0.0,23048000.0,0.0,0.013,0.02,8441000.0,31489000.0,0.024,31489000.0,8441000.0,-4016000.0,-0.013,-0.013,-0.013,1080579000.0,,1080579000.0,2366162949.0,-60.0,56.819,109548000.0,0.489,1.0,49756000.0,0.037,0.0,12457000.0,3196805000.0,,299472000.0,0.0,0.0,0.0,1733819000.0,513671000.0,1220148000.0,1395026949.0,2144000.0,0.0,1962000.0,-74677000.0,-4486000.0,-77201000.0,-69074000.0,0.0,148419000.0,0.0,-2716000.0,-2716000.0,-2716000.0,0.0,0.0,-0.002,41236000.0,8520000.0,405144000.0,-1.538,1.291,-31.617,-31.897,1974763000.0,0.0,6.22,0.253,0.253,296925000.0,-20334000.0,1337103000.0,1337103000.0,0.0,,,,,0.0,18188000.0,1.0,224280860.0,224228000,224228000.0,5.963,2814398000.0,58052000.0,-1300000.0,262290000.0,12.552,179463000.0
90,VLO,MRQ,1998-12-31,1998-12-31,1998-12-31,2021-08-25,0.0,2725664000.0,,639710000.0,2085954000.0,,4.857,-52034000.0,11199000.0,11199000.0,1344680000.0,-85657000.0,1.285,1.511,982335000.0,160000000.0,822335000.0,982335000.0,0.0,19464000.0,0.0,0.015,0.02,-126262000.0,-106798000.0,-0.077,-106798000.0,-126262000.0,-137557000.0,-0.38,-0.378,-0.38,1085287000.0,,1085287000.0,1982957702.0,-39.0,78.698,-154301000.0,-0.691,1.0,45554000.0,0.033,0.0,11295000.0,3199056000.0,,316405000.0,0.0,0.0,0.0,1640377000.0,497744000.0,1142633000.0,1186480702.0,3003000.0,-3292000.0,3172000.0,177778000.0,-4467000.0,176483000.0,-71213000.0,0.0,-102267000.0,0.0,-85657000.0,-85657000.0,-85657000.0,0.0,0.0,-0.062,169534000.0,-123980000.0,283183000.0,-0.053,1.093,-25.089,-25.298,1959343000.0,0.0,5.312,0.214,0.215,283456000.0,-17618000.0,1390234000.0,1390234000.0,0.0,,,,,0.0,16814000.0,1.0,223337544.0,223460000,211796000.0,6.221,2725664000.0,4851000.0,-51900000.0,210389000.0,12.198,141966000.0
91,VLO,MRQ,1998-09-30,1998-09-30,1998-09-30,2021-08-25,0.0,2803809000.0,,749785000.0,2054024000.0,,5.222,-44531000.0,8196000.0,8196000.0,1288064000.0,4311000.0,1.287,1.393,804673000.0,107000000.0,697673000.0,804673000.0,0.0,20106000.0,0.0,0.016,0.02,13306000.0,33412000.0,0.025,33412000.0,13306000.0,6111000.0,0.02,0.02,0.02,1171713000.0,,1171713000.0,1646656613.0,16.0,9.425,80868000.0,0.36,1.0,50585000.0,0.038,0.0,7195000.0,3017817000.0,,430923000.0,0.0,0.0,0.0,1632096000.0,582469000.0,1049627000.0,1118224613.0,1618000.0,-330798000.0,-12437000.0,269915000.0,-4500000.0,252978000.0,-376759000.0,0.0,125399000.0,0.0,4311000.0,4311000.0,4311000.0,0.0,0.0,0.003,36859000.0,13726000.0,386279000.0,1.0,0.954,22.042,22.903,1928353000.0,0.0,4.97,0.195,0.194,272569000.0,72506000.0,1338649000.0,1338649000.0,0.0,,,,,0.0,16753000.0,1.0,224994892.0,224384000,226604000.0,5.966,2803809000.0,16109000.0,1800000.0,263564000.0,12.496,167316000.0
92,VLO,MRQ,1998-06-30,1998-06-30,1998-06-30,2021-08-25,0.0,2469735000.0,,703721000.0,1766014000.0,,5.268,-35784000.0,6578000.0,6578000.0,1346460000.0,39939000.0,1.296,1.086,535010000.0,125000000.0,410010000.0,535010000.0,0.0,18735000.0,0.0,0.423,0.02,64806000.0,83541000.0,0.058,83541000.0,64806000.0,57639000.0,0.177,0.175,0.177,1184211000.0,,1184211000.0,2432025078.0,13.0,9.58,59567000.0,0.265,1.0,101644000.0,0.07,0.0,7167000.0,2455267000.0,,312090000.0,0.0,0.0,0.0,1285524000.0,542900000.0,742624000.0,1868486078.0,-3230000.0,-10325000.0,-845000.0,-39759000.0,-4495000.0,-45099000.0,-53482000.0,0.0,95351000.0,0.0,39939000.0,39939000.0,39939000.0,0.0,0.0,0.028,37320000.0,64324000.0,378528000.0,0.113,1.578,19.07,19.467,1630246000.0,0.0,8.312,0.293,0.293,323990000.0,72695000.0,1448104000.0,1448104000.0,0.0,,,,,0.0,18585000.0,1.0,224780280.0,224804000,229412000.0,6.442,2469735000.0,38783000.0,17700000.0,280839000.0,10.986,160821000.0
93,VLO,MRQ,1998-03-31,1998-03-31,1998-03-31,2021-08-25,0.0,2431162000.0,,687209000.0,1743953000.0,,5.113,-33158000.0,9808000.0,9808000.0,1292269000.0,-5884000.0,1.217,1.117,573347000.0,175000000.0,398347000.0,573347000.0,0.0,17504000.0,0.0,0.419,0.02,-2462000.0,15042000.0,0.011,15042000.0,-2462000.0,-9284000.0,-0.028,-0.028,-0.028,1148348000.0,,1148348000.0,2407591063.0,15.0,10.311,14184000.0,0.063,1.0,70090000.0,0.051,0.0,6822000.0,2430192000.0,,334311000.0,0.0,0.0,0.0,1282814000.0,564509000.0,718305000.0,1865343063.0,-127000.0,0.0,336000.0,21500000.0,-4491000.0,17345000.0,-64814000.0,0.0,47342000.0,0.0,-5884000.0,-5884000.0,-5884000.0,0.0,0.0,-0.004,72507000.0,-2417000.0,338836000.0,-0.714,1.624,25.572,25.836,1606828000.0,0.0,8.345,0.296,0.298,271869000.0,37251000.0,1362359000.0,1362359000.0,0.0,,,,,0.0,17330000.0,1.0,223528228.0,224596000,224596000.0,6.066,2431162000.0,37587000.0,-3400000.0,269280000.0,10.825,122700000.0
94,VLO,MRQ,1997-12-31,1997-12-31,1997-12-31,2021-08-25,0.0,2493043000.0,,789025000.0,1704018000.0,,5.162,-28726000.0,9935000.0,9935000.0,1539303000.0,12366000.0,1.321,1.151,552183000.0,122000000.0,430183000.0,552183000.0,0.0,17501000.0,0.0,0.442,0.02,25217000.0,42718000.0,0.027,42718000.0,25217000.0,18666000.0,0.047,0.05,0.047,1158841000.0,,1158841000.0,,,,-62246000.0,-0.277,1.0,56826000.0,0.036,0.0,6551000.0,2438007000.0,,369355000.0,0.0,0.0,0.0,1334202000.0,597284000.0,736918000.0,1756931872.0,-11995000.0,6465000.0,231000.0,52741000.0,-4490000.0,48482000.0,-26957000.0,0.0,-33520000.0,0.0,12366000.0,12366000.0,12366000.0,0.0,0.0,0.008,34112000.0,22714000.0,414305000.0,0.426,1.516,19.201,17.743,1592533000.0,0.0,7.86,0.305,0.282,366315000.0,47626000.0,1596129000.0,1596129000.0,0.0,,,,,0.0,16611000.0,1.0,223528228.0,224492000,229084000.0,7.11,2493043000.0,17155000.0,6300000.0,256858000.0,11.105,191741000.0
95,VLO,MRQ,1997-09-30,1997-09-30,1997-09-30,2021-08-25,,,,,,,,-15087000.0,,,1846626000.0,51561000.0,,,,,,,,17430000.0,,0.421,3.458,95136000.0,112566000.0,0.057,112566000.0,95136000.0,82943000.0,0.23,0.225,0.23,,,,,,,281457000.0,1.258,1.0,129039000.0,0.065,,12193000.0,,,,,,,,,,,18694000.0,0.0,19451000.0,-57584000.0,-4487000.0,-257273000.0,-20577000.0,0.0,296544000.0,0.0,51561000.0,51561000.0,51561000.0,432000.0,0.0,0.026,34932000.0,94107000.0,,15.035,,,,,0.0,8.22,,,,,1975665000.0,1975665000.0,0.0,,,,,0.0,17502000.0,1.0,,223800000,227860000.0,8.828,,,31382000.0,,,
96,VLO,MRQ,1997-06-30,1997-06-30,1997-06-30,2021-08-25,,,,,,,,-17753000.0,,,1280244000.0,16729000.0,,,,,,,,16176000.0,,0.0,0.0,46990000.0,63166000.0,0.046,63166000.0,46990000.0,32742000.0,0.072,0.075,0.072,,,,,,,-91331000.0,-0.455,1.0,82380000.0,0.06,,14248000.0,,,,,,,,,,,3225000.0,-362060000.0,15163000.0,468989000.0,-6293000.0,475024000.0,-398221000.0,0.0,-73578000.0,0.0,16729000.0,14903000.0,14903000.0,10869000.0,0.0,0.011,26580000.0,55800000.0,,0.0,,,,,1826000.0,9.062,,,,,1362624000.0,1362624000.0,0.0,,,,,0.0,10404000.0,1.0,,200656000,218636000.0,6.791,,,16013000.0,,,
97,VLO,MRQ,1997-03-31,1997-03-31,1997-03-31,2021-08-25,,,,,,,,-7718000.0,,,760265000.0,15440000.0,,,,,,,,14068000.0,,0.0,0.0,34997000.0,49065000.0,0.06,49065000.0,34997000.0,25534000.0,0.072,0.075,0.072,,,,,,,23933000.0,0.135,1.0,61537000.0,0.075,,9463000.0,,,,,,,,,,,1000.0,0.0,14916000.0,4083000.0,-5761000.0,9315000.0,-40965000.0,0.0,31651000.0,0.0,15440000.0,12674000.0,12674000.0,4371000.0,0.0,0.015,23124000.0,38413000.0,,0.0,,,,,2766000.0,9.095,,,,,821802000.0,821802000.0,0.0,,,,,0.0,9056000.0,1.0,,177648000,206816000.0,4.626,,,10094000.0,,,
98,VLO,MRQ,1996-12-31,1996-12-31,1996-12-31,2021-08-25,0.0,1985631000.0,,351849000.0,1633782000.0,,6.123,,10000.0,10000.0,,,1.171,0.846,437072000.0,83765000.0,353307000.0,437072000.0,0.0,,0.0,0.0,0.0,,,,,,,,,,1075825000.0,,1075825000.0,,,,,,1.0,,,0.0,,2122109000.0,,159871000.0,0.0,0.0,0.0,909806000.0,300584000.0,609222000.0,,,,,,,,,,,,,,,,,,,,191555000.0,,,,20.443,1232210000.0,,7.155,,0.456,162457000.0,496839000.0,,,,,,,,,,1.0,,175704000,,,1985631000.0,17587000.0,,224548000.0,11.301,51265000.0
0,VLO,MRT,2021-06-30,2021-06-30,2021-06-30,2021-08-25,-1089000000.0,55456000000.0,53144000000.0,19372000000.0,36084000000.0,1.524,43.369,-1348000000.0,3572000000.0,3572000000.0,81294000000.0,-1018000000.0,1.363,2.082,14680000000.0,1044000000.0,13636000000.0,14680000000.0,0.0,2357000000.0,0.0,0.05,3.92,-1375000000.0,982000000.0,0.012,982000000.0,-1375000000.0,-1970000000.0,-3.36,-3.36,-3.36,17651000000.0,18369000000.0,17651000000.0,44325993683.0,-32.0,45.138,869000000.0,2.135,1.0,-327000000.0,-0.004,0.0,595000000.0,52350000000.0,53674500000.0,6103000000.0,0.0,0.0,0.0,36752000000.0,14214000000.0,22538000000.0,31915993683.0,1253000000.0,-651000000.0,-24000000.0,2498000000.0,-1600000000.0,776000000.0,-1922000000.0,0.0,2217000000.0,182000000.0,-1365000000.0,-1365000000.0,-1365000000.0,0.0,347000000.0,-0.017,921000000.0,-1248000000.0,10168000000.0,-1.167,1.808,-23.382,-23.238,30461000000.0,0.0,78.08,0.394,0.392,9132000000.0,27610000000.0,80967000000.0,80967000000.0,0.0,-0.026,-0.074,-0.026,-0.017,0.0,794000000.0,1.0,408760165.0,407000000,407000000.0,198.936,55456000000.0,0.0,-605000000.0,6858000000.0,136.256,5158000000.0
1,VLO,MRT,2021-03-31,2021-03-31,2021-03-31,2021-08-25,-1165000000.0,53614000000.0,51554750000.0,17591000000.0,36023000000.0,1.234,43.737,-1441000000.0,2254000000.0,2254000000.0,62679000000.0,25000000.0,1.429,1.96,14664000000.0,734000000.0,13930000000.0,14664000000.0,0.0,2347000000.0,0.0,0.055,3.92,-122000000.0,2225000000.0,0.035,2225000000.0,-122000000.0,-709000000.0,-0.68,-0.68,-0.68,17801000000.0,18918000000.0,17801000000.0,40617102996.0,-333.0,18.255,-496000000.0,-1.219,1.0,937000000.0,0.015,0.0,587000000.0,53717000000.0,53626250000.0,5881000000.0,0.0,0.0,0.0,34887000000.0,12307000000.0,22580000000.0,29253102996.0,739000000.0,-864000000.0,-23000000.0,3697000000.0,-1599000000.0,1833000000.0,-2248000000.0,0.0,945000000.0,209000000.0,-274000000.0,-274000000.0,-274000000.0,0.0,299000000.0,-0.004,905000000.0,32000000.0,9113000000.0,-5.765,1.643,-106.763,-105.294,30379000000.0,0.0,71.6,0.46,0.458,9014000000.0,27849000000.0,63616000000.0,63616000000.0,0.0,-0.005,-0.014,-0.002,-0.002,0.0,787000000.0,1.0,408562891.0,407000000,407000000.0,156.305,53614000000.0,0.0,-435000000.0,6407000000.0,131.73,5284000000.0
2,VLO,MRT,2020-12-31,2020-12-31,2020-12-31,2021-08-25,-1254000000.0,51774000000.0,50088000000.0,15844000000.0,35930000000.0,1.296,46.194,-1662000000.0,3313000000.0,3313000000.0,65652000000.0,-1107000000.0,1.707,1.709,14677000000.0,723000000.0,13954000000.0,14677000000.0,0.0,2351000000.0,0.0,0.069,3.92,-1761000000.0,590000000.0,0.009,590000000.0,-1761000000.0,-2324000000.0,-3.5,-3.5,-3.5,18801000000.0,19178250000.0,18801000000.0,34234636006.0,-19.0,58.025,-714000000.0,-1.754,1.0,-740000000.0,-0.011,0.0,563000000.0,53855000000.0,52437000000.0,6038000000.0,0.0,0.0,0.0,32132000000.0,9283000000.0,22849000000.0,23068636006.0,730000000.0,-828000000.0,-156000000.0,4075000000.0,-1600000000.0,2077000000.0,-2425000000.0,0.0,948000000.0,130000000.0,-1421000000.0,-1421000000.0,-1421000000.0,0.0,314000000.0,-0.022,839000000.0,-1579000000.0,6082000000.0,-1.12,1.227,-16.234,-16.163,30389000000.0,0.0,56.57,0.355,0.355,6109000000.0,28953000000.0,64912000000.0,64912000000.0,0.0,-0.028,-0.074,-0.034,-0.027,0.0,756000000.0,1.0,407789217.0,407000000,407000000.0,159.489,51774000000.0,0.0,-903000000.0,6759000000.0,127.209,6561000000.0
3,VLO,MRT,2020-09-30,2020-09-30,2020-09-30,2021-08-25,-1571000000.0,51732000000.0,50610500000.0,15422000000.0,36310000000.0,1.505,47.231,-1954000000.0,4047000000.0,4047000000.0,74694000000.0,532000000.0,1.899,1.65,15213000000.0,636000000.0,14577000000.0,15213000000.0,0.0,2345000000.0,0.0,0.089,3.84,239000000.0,2584000000.0,0.034,2584000000.0,239000000.0,-290000000.0,-0.05,-0.05,-0.05,19223000000.0,19928750000.0,19223000000.0,28022045110.0,117.0,10.844,606000000.0,1.489,1.0,1493000000.0,0.02,0.0,529000000.0,54776000000.0,50921500000.0,5357000000.0,0.0,0.0,0.0,31716000000.0,8122000000.0,23594000000.0,17664045110.0,1910000000.0,-732000000.0,-369000000.0,4137000000.0,-1569000000.0,1947000000.0,-2663000000.0,0.0,2560000000.0,66000000.0,-2000000.0,-2000000.0,-2000000.0,0.0,534000000.0,0.0,863000000.0,630000000.0,5237000000.0,-76.8,0.919,-8832.023,-866.4,30729000000.0,0.0,43.32,0.232,0.231,5601000000.0,29712000000.0,76187000000.0,76187000000.0,0.0,0.0,0.0,0.005,0.003,0.0,775000000.0,1.0,407757274.0,407000000,407000000.0,187.192,51732000000.0,0.0,-288000000.0,6620000000.0,127.106,7300000000.0
4,VLO,MRT,2020-06-30,2020-06-30,2020-06-30,2021-08-25,-1799000000.0,49099000000.0,50484750000.0,12762000000.0,36337000000.0,1.736,48.884,-2087000000.0,2319000000.0,2319000000.0,84617000000.0,1550000000.0,1.748,1.434,12677000000.0,587000000.0,12090000000.0,12677000000.0,0.0,2298000000.0,0.0,0.064,3.76,1782000000.0,4080000000.0,0.047,4080000000.0,1782000000.0,1285000000.0,2.57,2.57,2.57,19847000000.0,20399750000.0,19847000000.0,33925831299.0,19.0,8.315,1737000000.0,4.278,1.0,3010000000.0,0.034,0.0,497000000.0,52157000000.0,48861000000.0,5420000000.0,0.0,0.0,0.0,28465000000.0,7300000000.0,21165000000.0,23980831299.0,286000000.0,-713000000.0,-676000000.0,1674000000.0,-1542000000.0,-737000000.0,-2785000000.0,0.0,3824000000.0,-16000000.0,1071000000.0,1071000000.0,1071000000.0,0.0,479000000.0,0.012,878000000.0,2132000000.0,4652000000.0,1.463,1.208,22.391,22.887,30653000000.0,0.0,58.82,0.274,0.273,4152000000.0,30575000000.0,87627000000.0,87627000000.0,0.0,0.021,0.053,0.036,0.02,0.0,806000000.0,1.0,407698594.0,406000000,407000000.0,215.83,49099000000.0,0.0,214000000.0,6505000000.0,120.933,5462000000.0
5,VLO,MRT,2020-03-31,2020-03-31,2020-03-31,2021-08-25,-1937000000.0,47747000000.0,51215500000.0,11465000000.0,36282000000.0,2.073,46.181,-2372000000.0,1515000000.0,1515000000.0,104003000000.0,863000000.0,1.313,1.489,11460000000.0,886000000.0,10574000000.0,11460000000.0,0.0,2286000000.0,0.0,0.081,3.68,932000000.0,3218000000.0,0.03,3218000000.0,932000000.0,465000000.0,0.97,0.97,0.97,18842000000.0,20774250000.0,18842000000.0,25656532035.0,28.0,7.973,2233000000.0,5.473,1.0,2160000000.0,0.02,0.0,467000000.0,48960000000.0,47554500000.0,3675000000.0,0.0,0.0,0.0,28062000000.0,8732000000.0,19330000000.0,18567532035.0,-1262000000.0,-663000000.0,-888000000.0,-340000000.0,-1518000000.0,-2814000000.0,-3011000000.0,0.0,4605000000.0,-42000000.0,430000000.0,430000000.0,430000000.0,0.0,433000000.0,0.004,909000000.0,1251000000.0,5906000000.0,3.794,0.985,43.18,46.763,30526000000.0,0.0,45.36,0.175,0.174,5392000000.0,29722000000.0,106163000000.0,106163000000.0,0.0,0.008,0.021,0.02,0.009,0.0,836000000.0,1.0,409337126.0,408000000,408000000.0,260.203,47747000000.0,0.0,35000000.0,5983000000.0,117.027,2733000000.0
6,VLO,MRT,2019-12-31,2019-12-31,2019-12-31,2021-08-25,-1351000000.0,53864000000.0,52302500000.0,18969000000.0,34895000000.0,2.071,52.792,-2410000000.0,2583000000.0,2583000000.0,103546000000.0,2784000000.0,1.441,1.437,9672000000.0,494000000.0,9178000000.0,9672000000.0,0.0,2255000000.0,0.0,0.038,3.6,3578000000.0,5833000000.0,0.054,5833000000.0,3578000000.0,3124000000.0,5.84,5.84,5.84,21803000000.0,21391000000.0,21803000000.0,45892628352.0,13.0,7.868,3121000000.0,7.557,1.0,4778000000.0,0.044,0.0,454000000.0,47793000000.0,46944750000.0,7013000000.0,0.0,0.0,0.0,31328000000.0,13160000000.0,18168000000.0,38457628352.0,-399000000.0,-603000000.0,-777000000.0,314000000.0,-1492000000.0,-2997000000.0,-3001000000.0,0.0,5531000000.0,68000000.0,2422000000.0,2422000000.0,2422000000.0,0.0,362000000.0,0.022,942000000.0,3836000000.0,10205000000.0,0.616,1.764,15.878,16.036,29264000000.0,0.0,93.65,0.355,0.357,8988000000.0,31974000000.0,108324000000.0,108324000000.0,0.0,0.046,0.113,0.076,0.033,0.0,868000000.0,1.0,410652732.0,413000000,414000000.0,262.286,53864000000.0,0.0,702000000.0,6615000000.0,130.421,5809000000.0
7,VLO,MRT,2019-09-30,2019-09-30,2019-09-30,2021-08-25,-1529000000.0,51229000000.0,51375250000.0,17033000000.0,34196000000.0,2.125,51.231,-2790000000.0,2137000000.0,2137000000.0,104854000000.0,2476000000.0,1.404,1.404,9572000000.0,402000000.0,9170000000.0,9572000000.0,0.0,2215000000.0,0.0,0.041,3.5,3344000000.0,5559000000.0,0.051,5559000000.0,3344000000.0,2895000000.0,5.54,5.53,5.54,21107000000.0,21357000000.0,21107000000.0,42780749226.0,13.0,7.696,2711000000.0,6.58,1.0,4321000000.0,0.04,0.0,449000000.0,46534000000.0,46386000000.0,6376000000.0,0.0,0.0,0.0,29641000000.0,12130000000.0,17511000000.0,35323749226.0,-1414000000.0,-564000000.0,-1182000000.0,252000000.0,-1461000000.0,-3461000000.0,-3350000000.0,0.0,5501000000.0,-104000000.0,2314000000.0,2314000000.0,2314000000.0,0.0,162000000.0,0.021,925000000.0,3396000000.0,9504000000.0,0.632,1.674,15.265,15.386,28890000000.0,0.0,85.24,0.324,0.322,7994000000.0,31283000000.0,109175000000.0,109175000000.0,0.0,0.045,0.108,0.072,0.031,0.0,855000000.0,1.0,414403440.0,412000000,413000000.0,264.988,51229000000.0,0.0,581000000.0,6263000000.0,124.342,4903000000.0
8,VLO,MRT,2019-06-30,2019-06-30,2019-06-30,2021-08-25,-1350000000.0,52022000000.0,51541500000.0,17811000000.0,34211000000.0,2.188,51.434,-3205000000.0,2033000000.0,2033000000.0,108122000000.0,2711000000.0,1.419,1.414,9490000000.0,323000000.0,9167000000.0,9490000000.0,0.0,2165000000.0,0.0,0.04,3.4,3702000000.0,5867000000.0,0.052,5867000000.0,3702000000.0,3253000000.0,6.07,6.06,6.07,21345000000.0,21557750000.0,21345000000.0,43059040620.0,12.0,7.339,1363000000.0,3.284,1.0,4653000000.0,0.041,0.0,449000000.0,46931000000.0,45986750000.0,6281000000.0,0.0,0.0,0.0,30185000000.0,12548000000.0,17637000000.0,35720040620.0,-2418000000.0,-651000000.0,-1309000000.0,193000000.0,-1430000000.0,-3591000000.0,-3351000000.0,0.0,4568000000.0,-44000000.0,2561000000.0,2561000000.0,2561000000.0,0.0,150000000.0,0.023,919000000.0,3734000000.0,10135000000.0,0.56,1.673,13.948,14.104,28784000000.0,0.0,85.61,0.317,0.315,9050000000.0,31046000000.0,112775000000.0,112775000000.0,0.0,0.05,0.119,0.081,0.033,0.0,847000000.0,1.0,417241451.0,415000000,417000000.0,271.747,52022000000.0,0.0,692000000.0,6225000000.0,125.354,5263000000.0
9,VLO,MRT,2019-03-31,2019-03-31,2019-03-31,2021-08-25,-1352000000.0,52095000000.0,51205500000.0,18480000000.0,33615000000.0,2.243,51.224,-2964000000.0,2777000000.0,2777000000.0,109792000000.0,2938000000.0,1.431,1.423,10116000000.0,1110000000.0,9006000000.0,10116000000.0,0.0,2122000000.0,0.0,0.039,3.3,4036000000.0,6158000000.0,0.054,6158000000.0,4036000000.0,3575000000.0,6.56,6.55,6.56,21309000000.0,21663750000.0,21309000000.0,41553236932.0,10.0,6.748,2146000000.0,5.159,1.0,5065000000.0,0.044,0.0,461000000.0,46521000000.0,45240250000.0,6554000000.0,0.0,0.0,0.0,30316000000.0,12913000000.0,17403000000.0,35426236932.0,-1881000000.0,-1193000000.0,-1424000000.0,920000000.0,-1399000000.0,-2973000000.0,-3923000000.0,0.0,5110000000.0,-95000000.0,2794000000.0,2794000000.0,2794000000.0,0.0,144000000.0,0.024,986000000.0,4079000000.0,10005000000.0,0.503,1.663,12.679,12.931,28408000000.0,0.0,84.83,0.308,0.307,8289000000.0,30810000000.0,114857000000.0,114857000000.0,0.0,0.055,0.129,0.089,0.035,0.0,896000000.0,1.0,417614487.0,416000000,418000000.0,276.099,52095000000.0,0.0,781000000.0,5893000000.0,125.228,5567000000.0
10,VLO,MRT,2018-12-31,2018-12-31,2018-12-31,2021-08-25,-1507000000.0,50155000000.0,50525750000.0,17675000000.0,32480000000.0,2.316,50.862,-2698000000.0,2982000000.0,2982000000.0,111439000000.0,3353000000.0,1.648,1.266,9109000000.0,238000000.0,8871000000.0,9109000000.0,0.0,2069000000.0,0.0,0.043,3.2,4471000000.0,6540000000.0,0.056,6540000000.0,4471000000.0,4001000000.0,7.3,7.29,7.3,21667000000.0,21805750000.0,21667000000.0,37335388903.0,8.0,5.709,1673000000.0,3.927,1.0,5594000000.0,0.048,0.0,470000000.0,45558000000.0,44340750000.0,6532000000.0,0.0,0.0,0.0,27424000000.0,10724000000.0,16700000000.0,31810388903.0,-2868000000.0,-1238000000.0,-1708000000.0,-5000000.0,-1369000000.0,-3168000000.0,-3928000000.0,0.0,4371000000.0,-143000000.0,3122000000.0,3122000000.0,3122000000.0,0.0,231000000.0,0.027,1022000000.0,4572000000.0,8594000000.0,0.438,1.468,10.189,10.27,28848000000.0,0.0,74.97,0.272,0.273,7345000000.0,31044000000.0,117033000000.0,117033000000.0,0.0,0.062,0.143,0.101,0.038,0.0,925000000.0,1.0,424308242.0,426000000,428000000.0,274.725,50155000000.0,0.0,879000000.0,6224000000.0,117.735,6951000000.0
11,VLO,MRT,2018-09-30,2018-09-30,2018-09-30,2021-08-25,-1235000000.0,51894000000.0,50526500000.0,19891000000.0,32003000000.0,2.27,51.553,-2565000000.0,3551000000.0,3551000000.0,109537000000.0,4731000000.0,1.594,1.321,9076000000.0,199000000.0,8877000000.0,9076000000.0,0.0,2028000000.0,0.0,0.027,3.1,4050000000.0,6078000000.0,0.053,6078000000.0,4050000000.0,3580000000.0,10.43,10.42,10.43,21910000000.0,21886750000.0,21910000000.0,53224525571.0,13.0,8.757,1788000000.0,4.207,1.0,5158000000.0,0.045,0.0,470000000.0,44937000000.0,43478500000.0,7501000000.0,0.0,0.0,0.0,28934000000.0,12482000000.0,16452000000.0,48616525571.0,-1625000000.0,-1234000000.0,-1502000000.0,351000000.0,-1337000000.0,-2510000000.0,-3410000000.0,0.0,4353000000.0,-58000000.0,4541000000.0,4541000000.0,4541000000.0,0.0,190000000.0,0.04,1042000000.0,4116000000.0,10224000000.0,0.297,2.219,10.706,10.906,28428000000.0,0.0,113.75,0.424,0.421,8249000000.0,30430000000.0,114695000000.0,114695000000.0,0.0,0.09,0.207,0.093,0.035,0.0,932000000.0,1.0,427398027.0,425000000,427000000.0,269.871,51894000000.0,0.0,-961000000.0,6231000000.0,122.104,7409000000.0
12,VLO,MRT,2018-06-30,2018-06-30,2018-06-30,2021-08-25,-1262000000.0,50678000000.0,49550000000.0,18948000000.0,31730000000.0,2.168,50.744,-2038000000.0,4451000000.0,4451000000.0,102087000000.0,4720000000.0,1.671,1.28,9059000000.0,183000000.0,8876000000.0,9059000000.0,0.0,2008000000.0,0.0,0.027,3.0,4140000000.0,6148000000.0,0.057,6148000000.0,4140000000.0,3667000000.0,10.33,10.32,10.33,21769000000.0,21501750000.0,21769000000.0,52069325417.0,13.0,8.469,2856000000.0,6.657,1.0,5321000000.0,0.05,0.0,473000000.0,43945000000.0,42786000000.0,6420000000.0,0.0,0.0,0.0,27874000000.0,11341000000.0,16533000000.0,47770325417.0,-756000000.0,-1120000000.0,-1359000000.0,339000000.0,-1305000000.0,-2346000000.0,-3340000000.0,0.0,4894000000.0,36000000.0,4526000000.0,4526000000.0,4526000000.0,0.0,194000000.0,0.042,1092000000.0,4229000000.0,8963000000.0,0.29,2.194,10.555,10.729,28180000000.0,0.0,110.83,0.445,0.443,7535000000.0,29915000000.0,107408000000.0,107408000000.0,0.0,0.091,0.21,0.097,0.039,0.0,948000000.0,1.0,431023418.0,429000000,431000000.0,250.368,50678000000.0,0.0,-859000000.0,6314000000.0,118.131,7607000000.0
13,VLO,MRT,2018-03-31,2018-03-31,2018-03-31,2021-08-25,-983000000.0,49376000000.0,48374000000.0,18260000000.0,31116000000.0,2.039,50.759,-1897000000.0,4658000000.0,4658000000.0,93812000000.0,4417000000.0,1.698,1.209,8957000000.0,871000000.0,8086000000.0,8957000000.0,0.0,1984000000.0,0.0,0.031,2.9,3785000000.0,5769000000.0,0.058,5769000000.0,3785000000.0,3317000000.0,9.6,9.59,9.6,21877000000.0,21040250000.0,21877000000.0,43207761455.0,11.0,7.49,2735000000.0,6.346,1.0,4835000000.0,0.049,0.0,468000000.0,42923000000.0,42192500000.0,6555000000.0,0.0,0.0,0.0,26451000000.0,10752000000.0,15699000000.0,40185761455.0,195000000.0,-539000000.0,-1378000000.0,447000000.0,-1272000000.0,-2193000000.0,-2420000000.0,0.0,4632000000.0,176000000.0,4229000000.0,4229000000.0,4229000000.0,0.0,188000000.0,0.043,999000000.0,3836000000.0,7966000000.0,0.302,1.837,9.502,9.664,27731000000.0,0.0,92.77,0.407,0.405,6814000000.0,29415000000.0,98647000000.0,98647000000.0,0.0,0.087,0.201,0.09,0.038,0.0,875000000.0,1.0,433176258.0,431000000,432000000.0,228.879,49376000000.0,0.0,-912000000.0,6036000000.0,114.561,7508000000.0
14,VLO,MRT,2017-12-31,2017-12-31,2017-12-31,2021-08-25,-940000000.0,50158000000.0,47541750000.0,19312000000.0,30846000000.0,1.977,49.753,-1792000000.0,5850000000.0,5850000000.0,89475000000.0,4156000000.0,1.744,1.24,8872000000.0,122000000.0,8750000000.0,8872000000.0,0.0,1986000000.0,0.0,0.03,2.8,3584000000.0,5570000000.0,0.059,5570000000.0,3584000000.0,3116000000.0,9.17,9.16,9.17,21991000000.0,20527250000.0,21991000000.0,43527102522.0,12.0,7.815,3690000000.0,8.348,1.0,4505000000.0,0.048,0.0,468000000.0,42109000000.0,42005250000.0,6384000000.0,0.0,0.0,0.0,27258000000.0,11071000000.0,16187000000.0,40218102522.0,1034000000.0,-588000000.0,-1372000000.0,359000000.0,-1242000000.0,-2272000000.0,-2382000000.0,0.0,5482000000.0,206000000.0,4065000000.0,4065000000.0,4065000000.0,0.0,91000000.0,0.043,942000000.0,3563000000.0,8348000000.0,0.305,1.829,9.894,10.023,27480000000.0,0.0,91.91,0.428,0.432,6922000000.0,29200000000.0,93980000000.0,93980000000.0,0.0,0.086,0.198,0.085,0.038,0.0,829000000.0,1.0,437581357.0,442000000,444000000.0,212.624,50158000000.0,0.0,-949000000.0,6597000000.0,113.48,8241000000.0
15,VLO,MRT,2017-09-30,2017-09-30,2017-09-30,2021-08-25,-893000000.0,47988000000.0,46545500000.0,17442000000.0,30546000000.0,1.897,46.401,-1279000000.0,5176000000.0,5176000000.0,84108000000.0,2172000000.0,1.91,1.314,8485000000.0,121000000.0,8364000000.0,8485000000.0,0.0,1964000000.0,0.0,0.035,2.7,3326000000.0,5290000000.0,0.06,5290000000.0,3326000000.0,2860000000.0,4.64,4.64,4.64,20370000000.0,20035500000.0,20370000000.0,37257209058.0,11.0,7.043,3541000000.0,8.066,1.0,4192000000.0,0.047,0.0,466000000.0,42167000000.0,41735500000.0,6137000000.0,0.0,0.0,0.0,26764000000.0,9130000000.0,17634000000.0,33977209058.0,-773000000.0,-449000000.0,-1120000000.0,-962000000.0,-1207000000.0,-3376000000.0,-2362000000.0,0.0,4820000000.0,145000000.0,2061000000.0,2061000000.0,2061000000.0,0.0,111000000.0,0.023,890000000.0,3302000000.0,6677000000.0,0.582,1.668,16.486,16.58,27274000000.0,0.0,76.93,0.385,0.382,5959000000.0,27135000000.0,88300000000.0,88300000000.0,0.0,0.044,0.103,0.08,0.038,0.0,794000000.0,1.0,441663968.0,439000000,441000000.0,201.139,47988000000.0,0.0,799000000.0,8877000000.0,109.312,8312000000.0
16,VLO,MRT,2017-06-30,2017-06-30,2017-06-30,2021-08-25,-1123000000.0,45974000000.0,46114750000.0,15731000000.0,30243000000.0,1.83,44.872,-1240000000.0,5207000000.0,5207000000.0,80713000000.0,1954000000.0,2.048,1.265,8487000000.0,121000000.0,8366000000.0,8487000000.0,0.0,1937000000.0,0.0,0.039,2.6,2865000000.0,4802000000.0,0.057,4802000000.0,2865000000.0,2398000000.0,4.06,4.06,4.06,19923000000.0,20027750000.0,19923000000.0,34196230851.0,12.0,7.121,3406000000.0,7.671,1.0,3674000000.0,0.044,0.0,467000000.0,41571000000.0,41454750000.0,5674000000.0,0.0,0.0,0.0,25209000000.0,7683000000.0,17526000000.0,30170230851.0,282000000.0,-298000000.0,-1331000000.0,494000000.0,-1174000000.0,-2103000000.0,-2249000000.0,0.0,4646000000.0,-12000000.0,1833000000.0,1833000000.0,1833000000.0,0.0,121000000.0,0.022,812000000.0,2862000000.0,5456000000.0,0.64,1.514,16.459,16.616,27054000000.0,0.0,67.46,0.358,0.355,4573000000.0,26603000000.0,84387000000.0,84387000000.0,0.0,0.04,0.092,0.069,0.034,0.0,761000000.0,1.0,447231409.0,444000000,446000000.0,190.061,45974000000.0,0.0,565000000.0,8405000000.0,103.545,8048000000.0
17,VLO,MRT,2017-03-31,2017-03-31,2017-03-31,2021-08-25,-1334000000.0,46047000000.0,45984250000.0,15908000000.0,30139000000.0,1.777,44.252,-1241000000.0,4463000000.0,4463000000.0,77175000000.0,2225000000.0,2.014,1.281,8489000000.0,120000000.0,8369000000.0,8489000000.0,0.0,1909000000.0,0.0,0.038,2.5,3218000000.0,5127000000.0,0.063,5127000000.0,3218000000.0,2759000000.0,4.57,4.56,4.57,19825000000.0,20191000000.0,19825000000.0,33085072615.0,10.0,6.453,3927000000.0,8.766,1.0,4542000000.0,0.056,0.0,459000000.0,42174000000.0,40908250000.0,6025000000.0,0.0,0.0,0.0,25396000000.0,7899000000.0,17497000000.0,29900072615.0,685000000.0,-191000000.0,-1385000000.0,676000000.0,-1144000000.0,-2120000000.0,-2239000000.0,0.0,5168000000.0,-124000000.0,2099000000.0,2099000000.0,2099000000.0,0.0,126000000.0,0.026,1309000000.0,3233000000.0,6037000000.0,0.547,1.508,14.245,14.505,26991000000.0,0.0,66.29,0.366,0.363,5104000000.0,26366000000.0,81717000000.0,81717000000.0,0.0,0.046,0.104,0.079,0.039,0.0,745000000.0,1.0,451049519.0,448000000,451000000.0,182.404,46047000000.0,0.0,660000000.0,8231000000.0,102.783,8009000000.0
18,VLO,MRT,2016-12-31,2016-12-31,2016-12-31,2021-08-25,-1410000000.0,46173000000.0,45537250000.0,16800000000.0,29373000000.0,1.661,43.436,-1278000000.0,4816000000.0,4816000000.0,71312000000.0,2417000000.0,2.017,1.264,8001000000.0,115000000.0,7886000000.0,8001000000.0,0.0,1894000000.0,0.0,0.035,2.4,3500000000.0,5394000000.0,0.071,5394000000.0,3500000000.0,3054000000.0,4.94,4.94,4.94,20024000000.0,20398750000.0,20024000000.0,33929056335.0,10.0,6.29,3542000000.0,7.683,1.0,4347000000.0,0.057,0.0,446000000.0,41030000000.0,40625000000.0,5709000000.0,0.0,0.0,0.0,25319000000.0,8328000000.0,16991000000.0,30926056335.0,702000000.0,-4000000.0,-1336000000.0,678000000.0,-1111000000.0,-2012000000.0,-2006000000.0,0.0,4820000000.0,-100000000.0,2289000000.0,2289000000.0,2289000000.0,0.0,128000000.0,0.03,813000000.0,3534000000.0,6357000000.0,0.486,1.544,13.511,13.83,26472000000.0,0.0,68.32,0.409,0.416,5901000000.0,26366000000.0,75659000000.0,75659000000.0,0.0,0.05,0.112,0.086,0.046,0.0,709000000.0,1.0,452664759.0,461000000,464000000.0,164.119,46173000000.0,0.0,765000000.0,8523000000.0,100.158,8472000000.0
19,VLO,MRT,2016-09-30,2016-09-30,2016-09-30,2021-08-25,-1120000000.0,46265000000.0,45050750000.0,16878000000.0,29387000000.0,1.636,44.408,-1344000000.0,5949000000.0,5949000000.0,69690000000.0,2396000000.0,2.052,1.236,8952000000.0,1064000000.0,7888000000.0,8952000000.0,0.0,1920000000.0,0.0,0.043,2.3,3468000000.0,5388000000.0,0.073,5388000000.0,3468000000.0,3027000000.0,4.81,4.8,4.81,20339000000.0,20524500000.0,20339000000.0,27036068071.0,8.0,5.018,2965000000.0,6.474,1.0,4034000000.0,0.055,0.0,441000000.0,41044000000.0,40481000000.0,5979000000.0,0.0,0.0,0.0,25135000000.0,8224000000.0,16911000000.0,24451068071.0,648000000.0,-141000000.0,-1900000000.0,1621000000.0,-1080000000.0,-1397000000.0,-2192000000.0,0.0,4309000000.0,-72000000.0,2220000000.0,2220000000.0,2220000000.0,0.0,176000000.0,0.03,436000000.0,3598000000.0,5368000000.0,0.478,1.202,11.014,11.019,26518000000.0,0.0,53.0,0.332,0.329,4672000000.0,26270000000.0,73724000000.0,73724000000.0,0.0,0.049,0.108,0.086,0.047,0.0,713000000.0,1.0,461340907.0,458000000,460000000.0,160.969,46265000000.0,50000000.0,807000000.0,8533000000.0,101.015,8654000000.0
20,VLO,MRT,2016-06-30,2016-06-30,2016-06-30,2021-08-25,-1002000000.0,45452000000.0,44940750000.0,16180000000.0,29272000000.0,1.706,44.06,-1400000000.0,4925000000.0,4925000000.0,70916000000.0,3124000000.0,1.87,1.169,7510000000.0,864000000.0,6646000000.0,7510000000.0,0.0,1932000000.0,0.0,0.041,2.1,4742000000.0,6674000000.0,0.087,6674000000.0,4742000000.0,4304000000.0,6.27,6.26,6.27,20576000000.0,20770000000.0,20576000000.0,27516933977.0,6.0,4.123,3408000000.0,7.298,1.0,5738000000.0,0.075,0.0,438000000.0,39385000000.0,40124000000.0,6137000000.0,0.0,0.0,0.0,24048000000.0,8652000000.0,15396000000.0,23959933977.0,-839000000.0,-141000000.0,-2497000000.0,139000000.0,-1003000000.0,-3350000000.0,-2204000000.0,0.0,4808000000.0,-93000000.0,2984000000.0,2984000000.0,2984000000.0,0.0,140000000.0,0.039,893000000.0,4845000000.0,5943000000.0,0.335,1.164,8.029,8.134,26589000000.0,0.0,51.0,0.313,0.311,4880000000.0,25933000000.0,76654000000.0,76654000000.0,0.0,0.066,0.144,0.118,0.062,0.0,700000000.0,1.0,469802627.0,467000000,470000000.0,164.141,45452000000.0,48000000.0,1320000000.0,8685000000.0,97.328,7528000000.0
21,VLO,MRT,2016-03-31,2016-03-31,2016-03-31,2021-08-25,-802000000.0,44259000000.0,45477500000.0,14861000000.0,29398000000.0,1.807,44.043,-1476000000.0,3778000000.0,3778000000.0,75686000000.0,3646000000.0,2.194,1.102,7335000000.0,128000000.0,7207000000.0,7335000000.0,0.0,1886000000.0,0.0,0.03,1.9,5598000000.0,7484000000.0,0.091,7484000000.0,5598000000.0,5158000000.0,7.2,7.19,7.2,20656000000.0,20989250000.0,20656000000.0,33433985533.0,6.0,4.467,3342000000.0,7.126,1.0,6502000000.0,0.079,0.0,440000000.0,41041000000.0,40107500000.0,6056000000.0,0.0,0.0,0.0,22764000000.0,6775000000.0,15989000000.0,30170985533.0,-1092000000.0,-143000000.0,-2759000000.0,-113000000.0,-924000000.0,-3615000000.0,-2255000000.0,0.0,4818000000.0,-40000000.0,3521000000.0,3521000000.0,3521000000.0,0.0,125000000.0,0.043,810000000.0,5692000000.0,4980000000.0,0.264,1.461,8.569,8.908,26745000000.0,0.0,64.14,0.367,0.366,4518000000.0,25401000000.0,82188000000.0,82188000000.0,0.0,0.077,0.168,0.14,0.068,0.0,719000000.0,1.0,470392665.0,469000000,471000000.0,175.241,44259000000.0,174000000.0,1637000000.0,8443000000.0,94.369,8086000000.0
22,VLO,MRT,2015-12-31,2015-12-31,2015-12-31,2021-08-25,-933000000.0,44227000000.0,45848000000.0,14898000000.0,29329000000.0,1.915,41.302,-1618000000.0,4114000000.0,4114000000.0,80689000000.0,4101000000.0,2.13,1.114,7335000000.0,127000000.0,7208000000.0,7335000000.0,0.0,1842000000.0,0.0,0.024,1.7,6293000000.0,8135000000.0,0.093,8135000000.0,6293000000.0,5860000000.0,8.0,7.99,8.0,20527000000.0,21018750000.0,20527000000.0,36127108242.0,6.0,4.441,3993000000.0,8.034,1.0,7115000000.0,0.081,0.0,433000000.0,40454000000.0,39762500000.0,5898000000.0,0.0,0.0,0.0,22873000000.0,6994000000.0,15879000000.0,34047108242.0,425000000.0,-141000000.0,-2804000000.0,933000000.0,-848000000.0,-2545000000.0,-2487000000.0,0.0,5611000000.0,-154000000.0,3990000000.0,3990000000.0,3990000000.0,0.0,111000000.0,0.045,757000000.0,6358000000.0,4907000000.0,0.212,1.659,8.533,8.839,26703000000.0,0.0,70.71,0.388,0.4,4464000000.0,25188000000.0,87804000000.0,87804000000.0,0.0,0.087,0.19,0.158,0.072,0.0,710000000.0,1.0,481503440.0,497000000,500000000.0,176.668,44227000000.0,218000000.0,1870000000.0,8466000000.0,88.988,7904000000.0
23,VLO,MRT,2015-09-30,2015-09-30,2015-09-30,2021-08-25,-795000000.0,45825000000.0,46178750000.0,16827000000.0,28998000000.0,2.098,43.424,-1886000000.0,5301000000.0,5301000000.0,86887000000.0,4926000000.0,2.03,1.124,7381000000.0,129000000.0,7252000000.0,7381000000.0,0.0,1773000000.0,0.0,0.025,1.475,7473000000.0,9246000000.0,0.095,9246000000.0,7473000000.0,7046000000.0,9.55,9.53,9.55,21321000000.0,21056250000.0,21321000000.0,31461419541.0,4.0,3.403,4235000000.0,8.625,1.0,9999000000.0,0.103,0.0,427000000.0,39616000000.0,39215750000.0,6557000000.0,0.0,0.0,0.0,23957000000.0,8289000000.0,15668000000.0,29876419541.0,1110000000.0,-14000000.0,-2558000000.0,961000000.0,-751000000.0,-2341000000.0,-2537000000.0,0.0,6121000000.0,-133000000.0,4847000000.0,4847000000.0,4847000000.0,0.0,79000000.0,0.05,2491000000.0,7508000000.0,5679000000.0,0.154,1.401,6.164,6.293,26688000000.0,0.0,60.1,0.308,0.305,4691000000.0,25130000000.0,96886000000.0,96886000000.0,0.0,0.105,0.23,0.191,0.077,0.0,718000000.0,1.0,497111806.0,491000000,494000000.0,197.324,45825000000.0,105000000.0,2199000000.0,8542000000.0,93.33,8538000000.0
24,VLO,MRT,2015-06-30,2015-06-30,2015-06-30,2021-08-25,-529000000.0,47599000000.0,46836250000.0,18492000000.0,29107000000.0,2.321,42.481,-2027000000.0,5764000000.0,5764000000.0,99236000000.0,4615000000.0,1.875,1.193,7349000000.0,150000000.0,7199000000.0,7349000000.0,0.0,1721000000.0,0.0,0.022,1.35,7005000000.0,8726000000.0,0.08,8726000000.0,7005000000.0,6592000000.0,8.77,8.74,8.77,21453000000.0,20864500000.0,21453000000.0,34393701142.0,5.0,3.942,4598000000.0,9.105,1.0,9479000000.0,0.087,0.0,413000000.0,39319000000.0,38608500000.0,6618000000.0,0.0,0.0,0.0,25593000000.0,9865000000.0,15728000000.0,31839701142.0,2284000000.0,-14000000.0,-1798000000.0,991000000.0,-697000000.0,-1535000000.0,-2692000000.0,0.0,6625000000.0,-114000000.0,4529000000.0,4529000000.0,4529000000.0,0.0,86000000.0,0.042,2440000000.0,7039000000.0,7315000000.0,0.154,1.484,7.03,7.138,26734000000.0,0.0,62.6,0.293,0.291,5799000000.0,23953000000.0,108715000000.0,108715000000.0,0.0,0.097,0.217,0.181,0.064,0.0,719000000.0,1.0,508621424.0,505000000,508000000.0,215.277,47599000000.0,154000000.0,2063000000.0,8511000000.0,94.255,8627000000.0
25,VLO,MRT,2015-03-31,2015-03-31,2015-03-31,2021-08-25,-730000000.0,45741000000.0,46689750000.0,16788000000.0,28953000000.0,2.538,40.495,-2223000000.0,4870000000.0,4870000000.0,110044000000.0,3843000000.0,1.944,1.174,7424000000.0,200000000.0,7224000000.0,7424000000.0,0.0,1710000000.0,0.0,0.019,1.2,5962000000.0,7672000000.0,0.065,7672000000.0,5962000000.0,5564000000.0,7.21,7.18,7.21,20774000000.0,20554000000.0,20774000000.0,35454196700.0,6.0,4.621,3207000000.0,6.251,1.0,8467000000.0,0.071,0.0,398000000.0,39661000000.0,38127500000.0,6666000000.0,0.0,0.0,0.0,24399000000.0,8634000000.0,15765000000.0,32757196700.0,1223000000.0,-14000000.0,-1357000000.0,867000000.0,-627000000.0,-1092000000.0,-2999000000.0,0.0,5430000000.0,-116000000.0,3766000000.0,3766000000.0,3766000000.0,63000000.0,77000000.0,0.032,2421000000.0,6046000000.0,6010000000.0,0.166,1.577,8.698,8.824,26596000000.0,0.0,63.62,0.276,0.275,4924000000.0,22804000000.0,118511000000.0,118511000000.0,0.0,0.081,0.183,0.156,0.05,0.0,711000000.0,1.0,514888348.0,513000000,516000000.0,231.016,45741000000.0,174000000.0,1798000000.0,8536000000.0,89.164,8154000000.0
26,VLO,MRT,2014-12-31,2014-12-31,2014-12-31,2021-08-25,-367000000.0,45550000000.0,47029250000.0,16614000000.0,28936000000.0,2.782,39.31,-2153000000.0,3689000000.0,3689000000.0,122528000000.0,3711000000.0,1.665,1.176,6386000000.0,606000000.0,5780000000.0,6386000000.0,0.0,1690000000.0,0.0,0.021,1.05,5804000000.0,7494000000.0,0.057,7494000000.0,5804000000.0,5407000000.0,6.88,6.85,6.88,20677000000.0,20339250000.0,20677000000.0,27993629332.0,5.0,3.735,2088000000.0,3.97,1.0,8316000000.0,0.064,0.0,397000000.0,38267000000.0,37484750000.0,6623000000.0,0.0,0.0,0.0,24306000000.0,9980000000.0,14326000000.0,25801629332.0,-603000000.0,-14000000.0,-1249000000.0,-176000000.0,-554000000.0,-1930000000.0,-2844000000.0,0.0,4241000000.0,-70000000.0,3630000000.0,3630000000.0,3630000000.0,64000000.0,81000000.0,0.028,2414000000.0,5902000000.0,6760000000.0,0.153,1.248,7.108,7.195,26735000000.0,0.0,49.5,0.197,0.199,5879000000.0,22046000000.0,130844000000.0,130844000000.0,0.0,0.077,0.178,0.155,0.044,0.0,724000000.0,1.0,521245037.0,526000000,530000000.0,248.753,45550000000.0,259000000.0,1777000000.0,8625000000.0,86.597,6634000000.0
27,VLO,MRT,2014-09-30,2014-09-30,2014-09-30,2021-08-25,149000000.0,48455000000.0,47456750000.0,19666000000.0,28789000000.0,2.896,39.076,-1884000000.0,4191000000.0,4191000000.0,129355000000.0,3778000000.0,1.461,1.333,6383000000.0,600000000.0,5783000000.0,6383000000.0,0.0,1702000000.0,0.0,0.022,1.0,5969000000.0,7671000000.0,0.056,7671000000.0,5969000000.0,5571000000.0,7.04,7.0,7.04,20554000000.0,20035000000.0,20554000000.0,27333863464.0,5.0,3.563,3889000000.0,7.394,1.0,8059000000.0,0.059,0.0,398000000.0,37187000000.0,37020250000.0,6860000000.0,0.0,0.0,0.0,27393000000.0,13460000000.0,13933000000.0,24428863464.0,2283000000.0,-76000000.0,-1088000000.0,261000000.0,-531000000.0,-921000000.0,-2525000000.0,0.0,5773000000.0,-44000000.0,3763000000.0,3763000000.0,3763000000.0,70000000.0,15000000.0,0.027,2391000000.0,5668000000.0,9939000000.0,0.142,1.189,6.492,6.572,26449000000.0,0.0,46.27,0.178,0.177,8175000000.0,21034000000.0,137414000000.0,137414000000.0,0.0,0.079,0.188,0.161,0.043,0.0,689000000.0,1.0,527963334.0,526000000,530000000.0,261.243,48455000000.0,308000000.0,1808000000.0,8892000000.0,92.12,6206000000.0
28,VLO,MRT,2014-06-30,2014-06-30,2014-06-30,2021-08-25,426000000.0,47013000000.0,46916250000.0,18450000000.0,28563000000.0,2.966,38.206,-1864000000.0,3480000000.0,3480000000.0,132214000000.0,3040000000.0,1.473,1.301,6385000000.0,601000000.0,5784000000.0,6385000000.0,0.0,1720000000.0,0.0,0.019,0.95,4828000000.0,6548000000.0,0.047,6548000000.0,4828000000.0,4426000000.0,5.61,5.57,5.61,20211000000.0,19464000000.0,20211000000.0,29651570466.0,6.0,4.528,2264000000.0,4.28,1.0,6929000000.0,0.05,0.0,402000000.0,37395000000.0,37003750000.0,6526000000.0,0.0,0.0,0.0,26293000000.0,12523000000.0,13770000000.0,26734570466.0,1082000000.0,-76000000.0,-775000000.0,261000000.0,-508000000.0,-577000000.0,-2495000000.0,0.0,4128000000.0,26000000.0,3016000000.0,3016000000.0,3016000000.0,70000000.0,24000000.0,0.022,2399000000.0,4530000000.0,9355000000.0,0.169,1.323,8.864,8.93,26122000000.0,0.0,50.1,0.192,0.19,7952000000.0,20120000000.0,139143000000.0,139143000000.0,0.0,0.064,0.155,0.13,0.035,0.0,679000000.0,1.0,533624161.0,529000000,534000000.0,263.03,47013000000.0,368000000.0,1410000000.0,8642000000.0,88.871,5927000000.0
29,VLO,MRT,2014-03-31,2014-03-31,2014-03-31,2021-08-25,277000000.0,47099000000.0,46207250000.0,19030000000.0,28069000000.0,2.992,37.505,-1932000000.0,3647000000.0,3647000000.0,131560000000.0,2912000000.0,1.472,1.34,6564000000.0,704000000.0,5860000000.0,6564000000.0,0.0,1711000000.0,0.0,0.017,0.9,4619000000.0,6330000000.0,0.046,6330000000.0,4619000000.0,4237000000.0,5.36,5.32,5.36,19915000000.0,18891250000.0,19915000000.0,30548294965.0,7.0,4.826,2327000000.0,4.382,1.0,6703000000.0,0.048,0.0,382000000.0,37090000000.0,36692250000.0,7106000000.0,0.0,0.0,0.0,26691000000.0,12926000000.0,13765000000.0,28276294965.0,1790000000.0,-76000000.0,-805000000.0,711000000.0,-484000000.0,47000000.0,-2510000000.0,0.0,4259000000.0,-6000000.0,2894000000.0,2894000000.0,2894000000.0,7000000.0,18000000.0,0.021,2453000000.0,4250000000.0,9617000000.0,0.168,1.42,9.771,9.907,25766000000.0,0.0,53.1,0.205,0.204,7783000000.0,19665000000.0,138263000000.0,138263000000.0,0.0,0.063,0.153,0.126,0.033,0.0,742000000.0,1.0,532510263.0,531000000,536000000.0,260.382,47099000000.0,360000000.0,1343000000.0,8732000000.0,88.699,6104000000.0
30,VLO,MRT,2013-12-31,2013-12-31,2013-12-31,2021-08-25,350000000.0,47260000000.0,45807750000.0,19277000000.0,27983000000.0,3.014,35.904,-2121000000.0,4292000000.0,4292000000.0,131639000000.0,2728000000.0,1.469,1.404,6564000000.0,303000000.0,6261000000.0,6564000000.0,0.0,1720000000.0,0.0,0.017,0.85,4339000000.0,6059000000.0,0.044,6059000000.0,4339000000.0,3974000000.0,4.99,4.97,4.99,19460000000.0,18498250000.0,19460000000.0,31849937854.0,7.0,5.257,3443000000.0,6.352,1.0,6435000000.0,0.047,0.0,365000000.0,36409000000.0,36821000000.0,5758000000.0,0.0,0.0,0.0,27314000000.0,13123000000.0,14191000000.0,27193937854.0,2569000000.0,-76000000.0,-869000000.0,531000000.0,-462000000.0,-163000000.0,-2812000000.0,0.0,5564000000.0,-20000000.0,2720000000.0,2720000000.0,2720000000.0,0.0,8000000.0,0.02,2478000000.0,3957000000.0,9931000000.0,0.17,1.397,9.998,10.1,25707000000.0,0.0,50.4,0.197,0.198,8751000000.0,18970000000.0,138074000000.0,138074000000.0,0.0,0.059,0.147,0.118,0.031,0.0,758000000.0,1.0,539562259.0,542000000,548000000.0,254.749,47260000000.0,338000000.0,1254000000.0,8968000000.0,87.196,6154000000.0
31,VLO,MRT,2013-09-30,2013-09-30,2013-09-30,2021-08-25,83000000.0,46293000000.0,45112000000.0,18593000000.0,27700000000.0,3.048,33.833,-2492000000.0,1908000000.0,1908000000.0,130909000000.0,2450000000.0,1.36,1.527,6564000000.0,303000000.0,6261000000.0,6564000000.0,0.0,1685000000.0,0.0,0.023,0.8,4030000000.0,5715000000.0,0.042,5715000000.0,4030000000.0,3696000000.0,4.45,4.42,4.45,18270000000.0,18141250000.0,18270000000.0,22680174878.0,6.0,3.969,866000000.0,1.604,1.0,6574000000.0,0.048,160000000.0,334000000.0,37121000000.0,37134000000.0,7063000000.0,0.0,0.0,0.0,27906000000.0,13668000000.0,14238000000.0,18514174878.0,-641000000.0,77000000.0,-653000000.0,70000000.0,-439000000.0,-746000000.0,-3211000000.0,0.0,3358000000.0,-42000000.0,2442000000.0,2442000000.0,2442000000.0,0.0,8000000.0,0.018,1558000000.0,5016000000.0,10998000000.0,0.18,1.013,7.582,7.674,25642000000.0,0.0,34.15,0.135,0.134,9126000000.0,17804000000.0,137483000000.0,137483000000.0,0.0,0.054,0.135,0.109,0.029,29000000.0,768000000.0,1.0,542142749.0,540000000,545000000.0,254.598,46133000000.0,365000000.0,1254000000.0,8081000000.0,85.431,4925000000.0
32,VLO,MRT,2013-06-30,2013-06-30,2013-06-30,2021-08-25,-99000000.0,44177000000.0,44486750000.0,16768000000.0,27409000000.0,3.059,33.002,-2722000000.0,2398000000.0,2398000000.0,128418000000.0,2799000000.0,1.393,1.459,6564000000.0,303000000.0,6261000000.0,6564000000.0,0.0,1639000000.0,0.0,0.022,0.75,4801000000.0,6440000000.0,0.047,6440000000.0,4801000000.0,4499000000.0,5.09,5.06,5.09,17920000000.0,17906750000.0,17920000000.0,23974360869.0,5.0,3.723,2528000000.0,4.656,1.0,7654000000.0,0.056,159000000.0,302000000.0,36149000000.0,36809750000.0,6446000000.0,0.0,0.0,0.0,26152000000.0,12035000000.0,14117000000.0,18962360869.0,1103000000.0,66000000.0,-603000000.0,70000000.0,-414000000.0,-655000000.0,-3453000000.0,0.0,5250000000.0,-39000000.0,2804000000.0,2804000000.0,2804000000.0,0.0,-5000000.0,0.021,1861000000.0,5793000000.0,9507000000.0,0.147,1.058,6.763,6.831,25386000000.0,0.0,34.77,0.139,0.139,7486000000.0,17593000000.0,136072000000.0,136072000000.0,0.0,0.063,0.157,0.13,0.035,38000000.0,772000000.0,1.0,545365570.0,543000000,548000000.0,250.593,44018000000.0,302000000.0,1695000000.0,7880000000.0,81.064,4733000000.0
33,VLO,MRT,2013-03-31,2013-03-31,2013-03-31,2021-08-25,121000000.0,45501000000.0,43739500000.0,17206000000.0,28295000000.0,3.125,33.351,-2782000000.0,1857000000.0,1857000000.0,128571000000.0,3164000000.0,1.354,1.476,6869000000.0,406000000.0,6463000000.0,6869000000.0,0.0,1620000000.0,0.0,0.015,0.7,5338000000.0,6958000000.0,0.051,6958000000.0,5338000000.0,5040000000.0,5.73,5.71,5.73,18343000000.0,17571000000.0,18343000000.0,30478935135.0,6.0,4.38,2493000000.0,4.533,1.0,8129000000.0,0.059,203000000.0,298000000.0,37605000000.0,36752250000.0,6937000000.0,0.0,0.0,0.0,27083000000.0,12705000000.0,14378000000.0,25152935135.0,298000000.0,0.0,-391000000.0,-742000000.0,-388000000.0,-1436000000.0,-3497000000.0,0.0,5275000000.0,-44000000.0,3169000000.0,3169000000.0,3169000000.0,0.0,-5000000.0,0.023,1780000000.0,6349000000.0,9821000000.0,0.122,1.371,7.937,7.939,26398000000.0,0.0,45.49,0.184,0.183,7658000000.0,17575000000.0,136700000000.0,136700000000.0,0.0,0.072,0.18,0.145,0.039,48000000.0,710000000.0,1.0,552933285.0,550000000,556000000.0,248.545,45298000000.0,370000000.0,1871000000.0,7848000000.0,82.36,4501000000.0
34,VLO,MRT,2012-12-31,2012-12-31,2012-12-31,2021-08-25,108000000.0,44477000000.0,43022750000.0,16460000000.0,28017000000.0,3.217,32.785,-2931000000.0,1723000000.0,1723000000.0,131016000000.0,2080000000.0,1.38,1.463,7049000000.0,586000000.0,6463000000.0,7049000000.0,0.0,1574000000.0,0.0,0.019,0.65,4023000000.0,5597000000.0,0.04,5597000000.0,4023000000.0,3709000000.0,3.77,3.75,3.77,18032000000.0,16975000000.0,18032000000.0,23385787154.0,6.0,4.178,2339000000.0,4.253,1.0,7377000000.0,0.053,213000000.0,314000000.0,37661000000.0,36194750000.0,5973000000.0,0.0,0.0,0.0,26382000000.0,11929000000.0,14453000000.0,18886787154.0,699000000.0,160000000.0,-222000000.0,-712000000.0,-360000000.0,-1233000000.0,-3351000000.0,0.0,5270000000.0,13000000.0,2083000000.0,2083000000.0,2083000000.0,0.0,-3000000.0,0.015,2333000000.0,5044000000.0,9348000000.0,0.172,1.047,9.067,9.05,26300000000.0,0.0,34.12,0.136,0.136,8167000000.0,17032000000.0,138393000000.0,138393000000.0,0.0,0.048,0.123,0.111,0.029,58000000.0,698000000.0,1.0,553540069.0,550000000,556000000.0,251.624,44264000000.0,443000000.0,1626000000.0,7265000000.0,80.48,4531000000.0
35,VLO,MRT,2012-09-30,2012-09-30,2012-09-30,2021-08-25,252000000.0,43792000000.0,42599250000.0,16267000000.0,27525000000.0,3.268,31.57,-2900000000.0,2549000000.0,2549000000.0,133476000000.0,1116000000.0,1.328,1.524,7048000000.0,585000000.0,6463000000.0,7048000000.0,0.0,1565000000.0,0.0,0.02,0.625,2609000000.0,4174000000.0,0.03,4174000000.0,2609000000.0,2277000000.0,2.03,2.03,2.03,17332000000.0,16572750000.0,17332000000.0,23221876274.0,9.0,5.563,1757000000.0,3.2,1.0,5752000000.0,0.041,216000000.0,332000000.0,35824000000.0,35920750000.0,5787000000.0,0.0,0.0,0.0,26406000000.0,12251000000.0,14155000000.0,17474876274.0,-280000000.0,-443000000.0,-184000000.0,-622000000.0,-347000000.0,-1109000000.0,-3890000000.0,0.0,4657000000.0,62000000.0,1118000000.0,1118000000.0,1118000000.0,0.0,-2000000.0,0.008,3159000000.0,2593000000.0,9286000000.0,0.308,1.008,15.63,15.606,25873000000.0,0.0,31.68,0.126,0.125,7451000000.0,16119000000.0,139228000000.0,139228000000.0,0.0,0.026,0.067,0.073,0.019,53000000.0,638000000.0,1.0,551605943.0,549000000,556000000.0,253.603,43576000000.0,332000000.0,1159000000.0,7526000000.0,79.373,4016000000.0
36,VLO,MRT,2012-06-30,2012-06-30,2012-06-30,2021-08-25,119000000.0,41188000000.0,42072000000.0,14033000000.0,27155000000.0,3.285,30.14,-2806000000.0,1295000000.0,1295000000.0,132163000000.0,1646000000.0,1.3,1.482,7042000000.0,582000000.0,6460000000.0,7042000000.0,0.0,1553000000.0,0.0,0.021,0.5,3281000000.0,4834000000.0,0.035,4834000000.0,3281000000.0,2931000000.0,2.93,2.93,2.93,16577000000.0,16403250000.0,16577000000.0,19395859090.0,6.0,4.012,1112000000.0,2.022,1.0,6052000000.0,0.044,218000000.0,350000000.0,35919000000.0,35606750000.0,5443000000.0,0.0,0.0,0.0,24565000000.0,10798000000.0,13767000000.0,13351859090.0,-2812000000.0,-2070000000.0,-466000000.0,-622000000.0,-278000000.0,-1328000000.0,-5385000000.0,0.0,3918000000.0,-17000000.0,1647000000.0,1647000000.0,1647000000.0,0.0,-1000000.0,0.012,2789000000.0,3263000000.0,7998000000.0,0.171,0.805,8.107,8.242,25521000000.0,0.0,24.15,0.097,0.096,6624000000.0,15542000000.0,138215000000.0,138215000000.0,0.0,0.039,0.1,0.092,0.024,55000000.0,625000000.0,1.0,552872012.0,550000000,555000000.0,251.3,40970000000.0,533000000.0,1284000000.0,7102000000.0,74.491,3235000000.0
37,VLO,MRT,2012-03-31,2012-03-31,2012-03-31,2021-08-25,221000000.0,42634000000.0,41656500000.0,15824000000.0,26810000000.0,3.237,28.964,-2643000000.0,1559000000.0,1559000000.0,128885000000.0,1559000000.0,1.21,1.669,7603000000.0,1143000000.0,6460000000.0,7603000000.0,0.0,1553000000.0,0.0,0.016,0.4,3224000000.0,4777000000.0,0.035,4777000000.0,3224000000.0,2841000000.0,2.74,2.73,2.74,15959000000.0,16254500000.0,15959000000.0,21021139520.0,7.0,4.4,881000000.0,1.599,1.0,5961000000.0,0.044,227000000.0,383000000.0,35375000000.0,34774250000.0,6145000000.0,0.0,0.0,0.0,26642000000.0,13076000000.0,13566000000.0,14304139520.0,-2574000000.0,-2041000000.0,-418000000.0,-268000000.0,-224000000.0,-873000000.0,-5229000000.0,0.0,3524000000.0,4000000.0,1560000000.0,1560000000.0,1560000000.0,1000000.0,-1000000.0,0.012,2769000000.0,3192000000.0,9941000000.0,0.146,0.896,9.169,9.405,25155000000.0,0.0,25.77,0.106,0.105,7418000000.0,14794000000.0,134846000000.0,134846000000.0,0.0,0.037,0.096,0.093,0.024,56000000.0,605000000.0,1.0,555069442.0,551000000,551000000.0,244.73,42407000000.0,584000000.0,1281000000.0,6719000000.0,76.964,2748000000.0
38,VLO,MRT,2011-12-31,2011-12-31,2011-12-31,2021-08-25,96000000.0,42783000000.0,40896000000.0,15972000000.0,26811000000.0,3.081,29.171,-2355000000.0,1024000000.0,1024000000.0,120202000000.0,2089000000.0,1.257,1.604,7741000000.0,1009000000.0,6732000000.0,7741000000.0,0.0,1534000000.0,0.0,0.014,0.3,3717000000.0,5251000000.0,0.042,5251000000.0,3717000000.0,3316000000.0,3.69,3.68,3.69,16423000000.0,16070750000.0,16423000000.0,16601253097.0,4.0,3.162,1683000000.0,2.989,1.0,5785000000.0,0.046,227000000.0,401000000.0,36565000000.0,34094750000.0,5623000000.0,0.0,0.0,0.0,26338000000.0,12708000000.0,13630000000.0,11782253097.0,-2310000000.0,-2238000000.0,-300000000.0,-628000000.0,-169000000.0,-1066000000.0,-5298000000.0,0.0,4038000000.0,16000000.0,2090000000.0,2090000000.0,2090000000.0,7000000.0,-1000000.0,0.017,2105000000.0,3680000000.0,9472000000.0,0.081,0.717,5.637,5.705,25177000000.0,0.0,21.05,0.094,0.094,8706000000.0,15309000000.0,125987000000.0,125987000000.0,0.0,0.051,0.13,0.109,0.03,58000000.0,571000000.0,1.0,559726988.0,563000000,569000000.0,223.778,42556000000.0,495000000.0,1226000000.0,6649000000.0,75.588,3264000000.0
39,VLO,MRT,2011-09-30,2011-09-30,2011-09-30,2021-08-25,232000000.0,41683000000.0,39605500000.0,15870000000.0,25813000000.0,2.865,29.528,-2088000000.0,2829000000.0,2829000000.0,107478000000.0,1606000000.0,1.358,1.502,7648000000.0,867000000.0,6781000000.0,7648000000.0,0.0,1518000000.0,0.0,0.011,0.2,3372000000.0,4890000000.0,0.043,4890000000.0,3372000000.0,2939000000.0,2.83,2.81,2.83,16654000000.0,15721250000.0,16654000000.0,13688530376.0,4.0,2.799,2663000000.0,4.722,1.0,6000000000.0,0.053,251000000.0,433000000.0,34568000000.0,33357500000.0,5164000000.0,0.0,0.0,0.0,25013000000.0,11683000000.0,13330000000.0,10172530376.0,477000000.0,-835000000.0,-231000000.0,-408000000.0,-114000000.0,-733000000.0,-3565000000.0,0.0,4751000000.0,24000000.0,1607000000.0,1607000000.0,1607000000.0,1000000.0,-1000000.0,0.014,2109000000.0,3891000000.0,8520000000.0,0.071,0.611,6.33,6.283,24219000000.0,0.0,17.78,0.09,0.088,7509000000.0,15347000000.0,113478000000.0,113478000000.0,0.0,0.041,0.102,0.101,0.03,56000000.0,606000000.0,1.0,572133317.0,564000000,569000000.0,201.202,41432000000.0,259000000.0,1332000000.0,6453000000.0,73.461,4187000000.0
40,VLO,MRT,2011-06-30,2011-06-30,2011-06-30,2021-08-25,498000000.0,39526000000.0,38503750000.0,14687000000.0,24839000000.0,2.617,28.187,-1914000000.0,4107000000.0,4107000000.0,96228000000.0,695000000.0,1.436,1.473,7623000000.0,861000000.0,6762000000.0,7623000000.0,0.0,1500000000.0,0.0,0.008,0.2,1988000000.0,3488000000.0,0.035,3488000000.0,1988000000.0,1524000000.0,1.23,1.21,1.23,15982000000.0,15407750000.0,15982000000.0,18277297435.0,9.0,5.24,2315000000.0,4.083,1.0,4552000000.0,0.045,222000000.0,464000000.0,32589000000.0,33346250000.0,3988000000.0,0.0,0.0,0.0,23534000000.0,10231000000.0,13303000000.0,14581297435.0,2106000000.0,803000000.0,26000000.0,-408000000.0,-114000000.0,-488000000.0,-1742000000.0,0.0,4229000000.0,107000000.0,696000000.0,696000000.0,696000000.0,1000000.0,-1000000.0,0.007,2050000000.0,2502000000.0,7642000000.0,0.163,0.912,20.95,20.789,23206000000.0,0.0,25.57,0.145,0.144,6027000000.0,14173000000.0,100780000000.0,100780000000.0,0.0,0.018,0.045,0.06,0.02,55000000.0,584000000.0,1.0,570250193.0,567000000,574000000.0,177.743,39304000000.0,403000000.0,828000000.0,5764000000.0,69.319,4456000000.0
41,VLO,MRT,2011-03-31,2011-03-31,2011-03-31,2021-08-25,479000000.0,39592000000.0,37741500000.0,15056000000.0,24536000000.0,2.386,26.898,-1786000000.0,4133000000.0,4133000000.0,85936000000.0,535000000.0,1.447,1.601,7829000000.0,312000000.0,7517000000.0,7829000000.0,0.0,1481000000.0,0.0,0.007,0.2,1656000000.0,3137000000.0,0.035,3137000000.0,1656000000.0,1182000000.0,0.95,0.94,0.95,15224000000.0,15175000000.0,15224000000.0,21969719872.0,13.0,7.003,2335000000.0,4.125,1.0,4112000000.0,0.046,225000000.0,474000000.0,32657000000.0,33789000000.0,4338000000.0,0.0,0.0,0.0,24368000000.0,10406000000.0,13962000000.0,16966719872.0,2246000000.0,1060000000.0,25000000.0,-523000000.0,-114000000.0,-612000000.0,-1332000000.0,0.0,4121000000.0,69000000.0,535000000.0,535000000.0,535000000.0,0.0,0.0,0.006,1996000000.0,2116000000.0,8653000000.0,0.211,1.114,31.713,31.389,22895000000.0,0.0,29.82,0.188,0.187,5858000000.0,13458000000.0,90048000000.0,90048000000.0,0.0,0.014,0.035,0.049,0.018,54000000.0,564000000.0,1.0,568971156.0,566000000,573000000.0,159.095,39367000000.0,578000000.0,647000000.0,5405000000.0,69.553,4650000000.0
42,VLO,MRT,2010-12-31,2010-12-31,2010-12-31,2021-08-25,388000000.0,37621000000.0,36959750000.0,13518000000.0,24103000000.0,2.225,26.687,-1730000000.0,3334000000.0,3334000000.0,78419000000.0,324000000.0,1.539,1.504,8337000000.0,822000000.0,7515000000.0,8337000000.0,0.0,1473000000.0,0.0,0.009,0.2,1383000000.0,2856000000.0,0.035,2856000000.0,1383000000.0,899000000.0,0.57,0.57,0.57,15025000000.0,15035500000.0,15025000000.0,18774789742.0,14.0,6.574,1315000000.0,2.336,1.0,3814000000.0,0.046,224000000.0,484000000.0,33616000000.0,34245000000.0,4947000000.0,0.0,0.0,0.0,22596000000.0,8784000000.0,13812000000.0,13090789742.0,2509000000.0,837000000.0,7000000.0,927000000.0,-114000000.0,816000000.0,-1405000000.0,0.0,3045000000.0,53000000.0,324000000.0,324000000.0,324000000.0,0.0,0.0,0.004,1938000000.0,1876000000.0,6441000000.0,0.351,0.871,40.404,40.561,22669000000.0,0.0,23.12,0.159,0.158,4583000000.0,13388000000.0,82233000000.0,82233000000.0,0.0,0.009,0.022,0.04,0.017,54000000.0,531000000.0,1.0,566210629.0,563000000,568000000.0,146.062,37397000000.0,533000000.0,575000000.0,5461000000.0,66.425,4734000000.0
43,VLO,MRT,2010-09-30,2010-09-30,2010-09-30,2021-08-25,314000000.0,37276000000.0,36447500000.0,11877000000.0,25399000000.0,2.068,27.305,-1156000000.0,2352000000.0,2352000000.0,72111000000.0,-646000000.0,1.446,1.421,8036000000.0,523000000.0,7513000000.0,8036000000.0,0.0,1467000000.0,0.0,0.017,0.3,194000000.0,1661000000.0,0.022,1661000000.0,194000000.0,-290000000.0,-1.24,-1.25,-1.24,15400000000.0,14960500000.0,15400000000.0,15935220777.0,82.0,9.594,1349000000.0,2.392,1.0,3280000000.0,0.044,224000000.0,484000000.0,34523000000.0,34368750000.0,4804000000.0,0.0,0.0,0.0,21876000000.0,8213000000.0,13663000000.0,9915220777.0,747000000.0,-617000000.0,10000000.0,649000000.0,-170000000.0,493000000.0,-2270000000.0,0.0,2505000000.0,19000000.0,-646000000.0,-646000000.0,-646000000.0,-371000000.0,0.0,-0.009,1862000000.0,1418000000.0,6096000000.0,-0.242,0.644,-15.349,-14.121,23590000000.0,0.0,17.51,0.132,0.131,4240000000.0,13855000000.0,75391000000.0,75391000000.0,0.0,-0.018,-0.043,0.006,0.003,63000000.0,505000000.0,1.0,566260467.0,564000000,568000000.0,133.672,37052000000.0,284000000.0,356000000.0,5387000000.0,65.695,3664000000.0
44,VLO,MRT,2010-06-30,2010-06-30,2010-06-30,2021-08-25,240000000.0,36477000000.0,36329750000.0,11348000000.0,25129000000.0,2.008,26.734,-1184000000.0,2014000000.0,2014000000.0,70403000000.0,-1567000000.0,1.434,1.424,8034000000.0,523000000.0,7511000000.0,8034000000.0,0.0,1484000000.0,0.0,0.022,0.4,-918000000.0,566000000.0,0.008,566000000.0,-918000000.0,-1414000000.0,-2.88,-2.88,-2.88,15051000000.0,15083000000.0,15051000000.0,16504253949.0,-18.0,29.159,1002000000.0,1.78,1.0,2546000000.0,0.035,223000000.0,496000000.0,34360000000.0,34349250000.0,4767000000.0,0.0,0.0,0.0,21426000000.0,7914000000.0,13512000000.0,10167253949.0,378000000.0,-617000000.0,14000000.0,649000000.0,-226000000.0,436000000.0,-2275000000.0,0.0,2186000000.0,31000000.0,-1567000000.0,-1567000000.0,-1567000000.0,-85000000.0,0.0,-0.021,1956000000.0,590000000.0,5856000000.0,-0.139,0.676,-6.488,-6.243,23363000000.0,0.0,17.98,0.139,0.139,4122000000.0,13591000000.0,72949000000.0,72949000000.0,0.0,-0.043,-0.104,-0.027,-0.013,65000000.0,533000000.0,1.0,565475748.0,563000000,567000000.0,129.572,36254000000.0,250000000.0,153000000.0,5263000000.0,64.394,3434000000.0
45,VLO,MRT,2010-03-31,2010-03-31,2010-03-31,2021-08-25,432000000.0,36465000000.0,36515750000.0,11320000000.0,25145000000.0,1.911,26.096,-1940000000.0,2016000000.0,2016000000.0,68195000000.0,-2404000000.0,1.398,1.486,8353000000.0,635000000.0,7718000000.0,8353000000.0,0.0,1506000000.0,0.0,0.025,0.5,-2164000000.0,-658000000.0,-0.009,-658000000.0,-2164000000.0,-2627000000.0,-4.39,-4.39,-4.39,14666000000.0,15422000000.0,14666000000.0,17579730760.0,-8.0,-26.717,84000000.0,0.149,1.0,1569000000.0,0.022,226000000.0,463000000.0,34481000000.0,34579250000.0,4724000000.0,0.0,0.0,0.0,21799000000.0,8095000000.0,13704000000.0,11126730760.0,172000000.0,-866000000.0,808000000.0,762000000.0,-275000000.0,1291000000.0,-3239000000.0,0.0,2024000000.0,96000000.0,-2404000000.0,-2404000000.0,-2404000000.0,-22000000.0,0.0,-0.034,2075000000.0,-506000000.0,5986000000.0,-0.114,0.759,-4.628,-4.487,23335000000.0,0.0,19.7,0.159,0.159,3947000000.0,13036000000.0,69764000000.0,69764000000.0,0.0,-0.066,-0.156,-0.063,-0.031,66000000.0,524000000.0,1.0,564808668.0,562000000,562000000.0,124.135,36239000000.0,233000000.0,-223000000.0,4943000000.0,64.482,3225000000.0
46,VLO,MRT,2009-12-31,2009-12-31,2009-12-31,2021-08-25,365000000.0,35572000000.0,36343500000.0,10922000000.0,24650000000.0,1.777,27.218,-2306000000.0,825000000.0,825000000.0,62361000000.0,-1982000000.0,1.399,1.416,7400000000.0,237000000.0,7163000000.0,7400000000.0,0.0,1527000000.0,0.0,0.036,0.6,-1609000000.0,-82000000.0,-0.001,-82000000.0,-1609000000.0,-2025000000.0,-3.67,-3.67,-3.67,14725000000.0,15706250000.0,14725000000.0,15078854326.0,-9.0,-183.888,-483000000.0,-0.893,1.0,2238000000.0,0.035,227000000.0,416000000.0,34111000000.0,34721000000.0,4578000000.0,0.0,0.0,0.0,20847000000.0,7809000000.0,13038000000.0,9452854326.0,-115000000.0,-606000000.0,806000000.0,813000000.0,-324000000.0,1289000000.0,-3292000000.0,0.0,1823000000.0,65000000.0,-1982000000.0,-1982000000.0,-1982000000.0,0.0,0.0,-0.031,2155000000.0,83000000.0,5825000000.0,-0.163,0.642,-4.769,-4.564,21615000000.0,0.0,16.75,0.146,0.14,3779000000.0,13178000000.0,64599000000.0,64599000000.0,0.0,-0.055,-0.126,-0.046,-0.025,66000000.0,572000000.0,1.0,564349512.0,541000000,541000000.0,119.407,35345000000.0,1067000000.0,-43000000.0,5079000000.0,65.333,3113000000.0
47,VLO,MRT,2009-09-30,2009-09-30,2009-09-30,2021-08-25,68000000.0,36805000000.0,36054750000.0,10865000000.0,25940000000.0,1.537,28.324,-3375000000.0,1749000000.0,1749000000.0,52093000000.0,-3852000000.0,1.401,1.316,7375000000.0,213000000.0,7162000000.0,7375000000.0,0.0,1526000000.0,0.0,0.031,0.6,-3131000000.0,-1605000000.0,-0.029,-1605000000.0,-3131000000.0,-3525000000.0,-7.23,-7.19,-7.23,15890000000.0,15930000000.0,15890000000.0,16515944341.0,-5.0,-10.29,-1860000000.0,-3.316,1.0,3315000000.0,0.06,229000000.0,394000000.0,34445000000.0,34565500000.0,4576000000.0,0.0,0.0,0.0,20915000000.0,7757000000.0,13158000000.0,10911944341.0,-1162000000.0,-15000000.0,627000000.0,781000000.0,-317000000.0,1078000000.0,-3796000000.0,0.0,1515000000.0,41000000.0,-3852000000.0,-3852000000.0,-3852000000.0,381000000.0,0.0,-0.07,6091000000.0,-2776000000.0,5756000000.0,-0.083,0.687,-2.833,-2.682,24231000000.0,0.0,19.39,0.197,0.196,3923000000.0,14670000000.0,55408000000.0,55408000000.0,0.0,-0.107,-0.242,-0.091,-0.057,58000000.0,572000000.0,1.0,562761441.0,561000000,561000000.0,98.766,36576000000.0,231000000.0,327000000.0,5027000000.0,65.198,3108000000.0
48,VLO,MRT,2009-06-30,2009-06-30,2009-06-30,2021-08-25,-115000000.0,37221000000.0,37805250000.0,11173000000.0,26048000000.0,1.926,31.251,-3622000000.0,1764000000.0,1764000000.0,67711000000.0,-2071000000.0,1.526,1.269,7368000000.0,137000000.0,7231000000.0,7368000000.0,0.0,1507000000.0,0.0,0.036,0.6,-739000000.0,768000000.0,0.011,768000000.0,-739000000.0,-1083000000.0,-3.91,-3.89,-3.91,16407000000.0,16886000000.0,16407000000.0,14443974871.0,-20.0,18.807,-922000000.0,-1.756,1.0,5084000000.0,0.07,221000000.0,344000000.0,35280000000.0,33783000000.0,4561000000.0,0.0,0.0,0.0,20814000000.0,7324000000.0,13490000000.0,8721974871.0,-21000000.0,343000000.0,553000000.0,781000000.0,-311000000.0,1016000000.0,-3719000000.0,0.0,2700000000.0,-18000000.0,-2071000000.0,-2071000000.0,-2071000000.0,95000000.0,0.0,-0.028,6087000000.0,-1003000000.0,5840000000.0,-0.153,0.532,-4.211,-4.32,24284000000.0,0.0,16.89,0.12,0.122,4217000000.0,15384000000.0,72795000000.0,72795000000.0,0.0,-0.055,-0.123,-0.022,-0.01,58000000.0,574000000.0,1.0,516398749.0,525000000,525000000.0,138.657,37000000000.0,159000000.0,988000000.0,5102000000.0,70.476,3849000000.0
49,VLO,MRT,2009-03-31,2009-03-31,2009-03-31,2021-08-25,-237000000.0,35776000000.0,39414000000.0,10468000000.0,25308000000.0,2.336,30.745,-3104000000.0,1854000000.0,1854000000.0,85741000000.0,-1083000000.0,1.678,1.264,7576000000.0,312000000.0,7264000000.0,7576000000.0,0.0,1487000000.0,0.0,0.034,0.6,712000000.0,2199000000.0,0.024,2199000000.0,712000000.0,369000000.0,-2.04,-2.04,-2.04,15803000000.0,17454250000.0,15803000000.0,14746918105.0,21.0,6.706,144000000.0,0.28,1.0,6318000000.0,0.069,213000000.0,343000000.0,35048000000.0,32771000000.0,4669000000.0,0.0,0.0,0.0,19973000000.0,6237000000.0,13736000000.0,9241918105.0,284000000.0,401000000.0,-427000000.0,991000000.0,-312000000.0,248000000.0,-3158000000.0,0.0,3248000000.0,-54000000.0,-1083000000.0,-1083000000.0,-1083000000.0,32000000.0,0.0,-0.012,5971000000.0,347000000.0,4539000000.0,-0.294,0.585,-8.534,-8.775,23532000000.0,0.0,17.9,0.1,0.1,3156000000.0,15715000000.0,92059000000.0,92059000000.0,0.0,-0.027,-0.062,0.022,0.008,59000000.0,569000000.0,1.0,516308274.0,514000000,519000000.0,179.103,35563000000.0,164000000.0,1452000000.0,5297000000.0,69.189,4231000000.0
50,VLO,MRT,2008-12-31,2008-12-31,2008-12-31,2021-08-25,-176000000.0,34417000000.0,40637250000.0,9450000000.0,24967000000.0,2.625,29.809,-2893000000.0,1071000000.0,1071000000.0,100494000000.0,-1131000000.0,1.522,1.203,6576000000.0,312000000.0,6264000000.0,6576000000.0,0.0,1476000000.0,0.0,0.026,0.57,667000000.0,2143000000.0,0.02,2143000000.0,667000000.0,307000000.0,-2.16,-2.16,-2.16,15620000000.0,18061500000.0,15620000000.0,14753595935.0,22.0,6.885,202000000.0,0.385,1.0,6182000000.0,0.058,224000000.0,360000000.0,33489000000.0,31803750000.0,4620000000.0,0.0,0.0,0.0,18797000000.0,6209000000.0,12588000000.0,11166595935.0,-1524000000.0,319000000.0,-939000000.0,-374000000.0,-299000000.0,-1607000000.0,-2965000000.0,0.0,3095000000.0,-47000000.0,-1131000000.0,-1131000000.0,-1131000000.0,-23000000.0,0.0,-0.011,5956000000.0,226000000.0,4323000000.0,-0.264,0.715,-9.873,-10.019,21421000000.0,0.0,21.64,0.105,0.106,2895000000.0,15484000000.0,106676000000.0,106676000000.0,0.0,-0.028,-0.063,0.021,0.006,59000000.0,559000000.0,1.0,516016448.0,524000000,524000000.0,203.58,34193000000.0,295000000.0,1438000000.0,4906000000.0,65.254,3241000000.0
51,VLO,MRT,2008-09-30,2008-09-30,2008-09-30,2021-08-25,400000000.0,43807000000.0,42713500000.0,14826000000.0,28981000000.0,2.9,37.766,-2538000000.0,2888000000.0,2888000000.0,118139000000.0,2714000000.0,1.26,1.222,6475000000.0,211000000.0,6264000000.0,6475000000.0,0.0,1463000000.0,0.0,0.018,0.54,4335000000.0,5798000000.0,0.047,5798000000.0,4335000000.0,3977000000.0,5.15,5.11,5.15,19714000000.0,18783250000.0,19714000000.0,20582744243.0,5.0,3.55,2234000000.0,4.28,1.0,5737000000.0,0.046,4309000000.0,358000000.0,31315000000.0,31148000000.0,4859000000.0,0.0,0.0,0.0,24093000000.0,11770000000.0,12323000000.0,15851744243.0,-342000000.0,290000000.0,-1768000000.0,-424000000.0,-287000000.0,-2387000000.0,-2702000000.0,0.0,4772000000.0,-25000000.0,2714000000.0,2714000000.0,2714000000.0,-188000000.0,0.0,0.022,1976000000.0,3761000000.0,9921000000.0,0.105,0.804,5.841,5.883,22743000000.0,0.0,30.3,0.128,0.128,6581000000.0,18839000000.0,123876000000.0,123876000000.0,0.0,0.064,0.144,0.139,0.035,78000000.0,585000000.0,1.0,523159876.0,522000000,529000000.0,237.31,39498000000.0,306000000.0,1263000000.0,5417000000.0,75.667,3056000000.0
52,VLO,MRT,2008-06-30,2008-06-30,2008-06-30,2021-08-25,427000000.0,43656000000.0,42227000000.0,15252000000.0,28404000000.0,2.643,35.513,-2333000000.0,1744000000.0,1744000000.0,106332000000.0,2836000000.0,1.187,1.337,6475000000.0,212000000.0,6263000000.0,6475000000.0,0.0,1437000000.0,0.0,0.012,0.51,4198000000.0,5635000000.0,0.05,5635000000.0,4198000000.0,3798000000.0,5.26,5.02,5.26,18680000000.0,18596750000.0,18680000000.0,26765767212.0,6.0,4.75,376000000.0,0.715,1.0,5283000000.0,0.047,4307000000.0,400000000.0,31232000000.0,31077750000.0,4904000000.0,0.0,0.0,0.0,24976000000.0,12848000000.0,12128000000.0,21763767212.0,-692000000.0,2270000000.0,-2248000000.0,-424000000.0,-275000000.0,-2843000000.0,-551000000.0,0.0,2709000000.0,-7000000.0,2836000000.0,2836000000.0,2836000000.0,-614000000.0,0.0,0.025,1889000000.0,3394000000.0,10963000000.0,0.097,1.165,7.674,7.829,22275000000.0,0.0,41.18,0.195,0.194,7721000000.0,17765000000.0,111615000000.0,111615000000.0,0.0,0.067,0.152,0.135,0.038,78000000.0,568000000.0,1.0,528503332.0,526000000,534000000.0,212.196,39349000000.0,388000000.0,962000000.0,5301000000.0,74.808,2404000000.0
53,VLO,MRT,2008-03-31,2008-03-31,2008-03-31,2021-08-25,432000000.0,40669000000.0,41400500000.0,12514000000.0,28155000000.0,2.396,34.271,-2183000000.0,1472000000.0,1472000000.0,91831000000.0,4351000000.0,1.232,1.231,6474000000.0,3000000.0,6471000000.0,6474000000.0,0.0,1409000000.0,0.0,0.01,0.48,6412000000.0,7821000000.0,0.079,7821000000.0,6412000000.0,6012000000.0,7.86,7.54,7.86,18232000000.0,18455500000.0,18232000000.0,30623777743.0,5.0,3.916,1817000000.0,3.415,1.0,7346000000.0,0.074,4335000000.0,400000000.0,31179000000.0,31033250000.0,4643000000.0,0.0,0.0,0.0,22437000000.0,10157000000.0,12280000000.0,26256777743.0,-265000000.0,2105000000.0,-5273000000.0,1591000000.0,-262000000.0,-3712000000.0,-575000000.0,0.0,4000000000.0,22000000.0,4351000000.0,4351000000.0,4351000000.0,-801000000.0,0.0,0.044,1917000000.0,5429000000.0,8635000000.0,0.061,1.44,6.035,6.248,21984000000.0,0.0,49.11,0.265,0.263,6009000000.0,17110000000.0,99177000000.0,99177000000.0,0.0,0.105,0.236,0.207,0.065,82000000.0,628000000.0,1.0,534652367.0,532000000,541000000.0,186.423,36334000000.0,271000000.0,1661000000.0,5037000000.0,68.297,2357000000.0
54,VLO,MRT,2007-12-31,2007-12-31,2007-12-31,2021-08-25,573000000.0,42722000000.0,40780000000.0,14987000000.0,27735000000.0,2.207,32.756,-2197000000.0,2495000000.0,2495000000.0,81475000000.0,5234000000.0,1.258,1.308,6862000000.0,392000000.0,6470000000.0,6862000000.0,0.0,1376000000.0,0.0,0.007,0.48,7654000000.0,9030000000.0,0.1,9030000000.0,7654000000.0,7293000000.0,9.24,8.88,9.24,18507000000.0,18580000000.0,18507000000.0,42321060112.0,6.0,4.687,3061000000.0,5.418,1.0,8512000000.0,0.095,4309000000.0,361000000.0,30866000000.0,30206000000.0,4073000000.0,0.0,0.0,0.0,24215000000.0,11914000000.0,12301000000.0,38547060112.0,874000000.0,2144000000.0,-5629000000.0,1782000000.0,-271000000.0,-3831000000.0,-582000000.0,0.0,5258000000.0,29000000.0,5234000000.0,5234000000.0,5234000000.0,-857000000.0,0.0,0.058,1882000000.0,6630000000.0,9587000000.0,0.052,2.083,7.365,7.579,21560000000.0,0.0,70.03,0.428,0.44,7691000000.0,16914000000.0,89987000000.0,89987000000.0,0.0,0.128,0.282,0.253,0.085,100000000.0,638000000.0,1.0,550436386.0,565000000,579000000.0,159.269,38413000000.0,247000000.0,2059000000.0,5445000000.0,67.988,3073000000.0
55,VLO,MRT,2007-09-30,2007-09-30,2007-09-30,2021-08-25,491000000.0,41861000000.0,39537750000.0,14654000000.0,27207000000.0,2.162,34.425,-2345000000.0,3140000000.0,3140000000.0,76120000000.0,5781000000.0,1.431,1.207,6914000000.0,60000000.0,6854000000.0,6914000000.0,0.0,1327000000.0,0.0,0.007,0.44,8536000000.0,9863000000.0,0.115,9863000000.0,8536000000.0,8214000000.0,10.07,9.65,10.07,18968000000.0,18604500000.0,18968000000.0,41759844054.0,5.0,4.234,2877000000.0,5.221,1.0,9371000000.0,0.11,4359000000.0,322000000.0,31034000000.0,29479500000.0,4616000000.0,0.0,0.0,0.0,22893000000.0,10242000000.0,12651000000.0,37205844054.0,2080000000.0,2671000000.0,-4804000000.0,1831000000.0,-253000000.0,-2977000000.0,-191000000.0,0.0,5222000000.0,26000000.0,5781000000.0,5781000000.0,5781000000.0,-702000000.0,0.0,0.068,1913000000.0,7458000000.0,8145000000.0,0.044,1.962,6.436,6.671,21224000000.0,0.0,67.18,0.435,0.433,6463000000.0,16413000000.0,85491000000.0,85491000000.0,0.0,0.146,0.311,0.29,0.1,96000000.0,614000000.0,1.0,553823222.0,551000000,564000000.0,155.156,37502000000.0,197000000.0,2433000000.0,5370000000.0,68.062,4412000000.0
56,VLO,MRT,2007-06-30,2007-06-30,2007-06-30,2021-08-25,335000000.0,40350000000.0,38233000000.0,13567000000.0,26783000000.0,2.224,32.176,-2577000000.0,2367000000.0,2367000000.0,74640000000.0,6110000000.0,1.433,1.227,6921000000.0,66000000.0,6855000000.0,6921000000.0,0.0,1277000000.0,0.0,0.005,0.4,9254000000.0,10531000000.0,0.124,10531000000.0,9254000000.0,9009000000.0,10.39,10.11,10.39,18115000000.0,18259750000.0,18115000000.0,43767440915.0,5.0,4.156,4263000000.0,7.572,1.0,10390000000.0,0.122,4385000000.0,245000000.0,31054000000.0,28748000000.0,4578000000.0,0.0,0.0,0.0,22235000000.0,9465000000.0,12770000000.0,40548440915.0,1399000000.0,660000000.0,-4846000000.0,1742000000.0,-236000000.0,-3078000000.0,-2389000000.0,0.0,6840000000.0,26000000.0,6110000000.0,6110000000.0,6110000000.0,-320000000.0,0.0,0.072,1839000000.0,8551000000.0,7348000000.0,0.038,2.238,6.636,7.109,20785000000.0,0.0,73.86,0.477,0.489,4693000000.0,15204000000.0,85030000000.0,85030000000.0,0.0,0.16,0.335,0.322,0.109,102000000.0,598000000.0,1.0,548990535.0,563000000,578000000.0,151.03,35965000000.0,183000000.0,2899000000.0,5608000000.0,63.881,4102000000.0
57,VLO,MRT,2007-03-31,2007-03-31,2007-03-31,2021-08-25,233000000.0,38187000000.0,37276500000.0,10995000000.0,27192000000.0,2.318,31.269,-2899000000.0,1727000000.0,1727000000.0,76549000000.0,5758000000.0,1.217,1.039,4946000000.0,297000000.0,4649000000.0,4946000000.0,0.0,1229000000.0,0.0,0.006,0.36,8688000000.0,9917000000.0,0.115,9917000000.0,8688000000.0,8478000000.0,9.5,9.2,9.5,18730000000.0,17922000000.0,18730000000.0,42471314891.0,5.0,4.283,3559000000.0,5.942,1.0,9871000000.0,0.114,4502000000.0,210000000.0,27870000000.0,27742750000.0,4835000000.0,0.0,0.0,0.0,19457000000.0,9034000000.0,10423000000.0,38959314891.0,1260000000.0,760000000.0,-2207000000.0,-212000000.0,-219000000.0,-2521000000.0,-2681000000.0,0.0,6458000000.0,4000000.0,5758000000.0,5757000000.0,5757000000.0,-211000000.0,0.0,0.067,1775000000.0,8096000000.0,6970000000.0,0.038,2.08,6.767,6.788,21294000000.0,1000000.0,64.49,0.451,0.447,4173000000.0,13022000000.0,86420000000.0,86420000000.0,0.0,0.154,0.321,0.313,0.101,115000000.0,592000000.0,1.0,604114047.0,599000000,615000000.0,144.274,33685000000.0,147000000.0,2720000000.0,5350000000.0,56.235,1961000000.0
58,VLO,MRT,2006-12-31,2006-12-31,2006-12-31,2021-08-25,265000000.0,37753000000.0,36055500000.0,11831000000.0,25922000000.0,2.431,30.45,-3123000000.0,1621000000.0,1621000000.0,78204000000.0,5463000000.0,1.335,1.029,5094000000.0,475000000.0,4619000000.0,5094000000.0,0.0,1155000000.0,0.0,0.006,0.3,8286000000.0,9441000000.0,0.108,9441000000.0,8286000000.0,8074000000.0,8.94,8.64,8.94,18605000000.0,17089000000.0,18605000000.0,35007265168.0,4.0,3.708,3189000000.0,5.219,1.0,9436000000.0,0.108,4406000000.0,212000000.0,27960000000.0,27104750000.0,3979000000.0,0.0,0.0,0.0,19148000000.0,8860000000.0,10288000000.0,30932265168.0,1154000000.0,753000000.0,-1898000000.0,-249000000.0,-184000000.0,-2188000000.0,-2971000000.0,0.0,6312000000.0,1000000.0,5463000000.0,5461000000.0,5461000000.0,-176000000.0,0.0,0.062,1714000000.0,7722000000.0,6841000000.0,0.034,1.663,5.664,5.723,20180000000.0,2000000.0,51.16,0.353,0.357,4384000000.0,11951000000.0,87640000000.0,87640000000.0,0.0,0.151,0.32,0.306,0.095,108000000.0,598000000.0,1.0,604618162.0,611000000,632000000.0,143.437,33347000000.0,175000000.0,2611000000.0,5017000000.0,54.578,2971000000.0
59,VLO,MRT,2006-09-30,2006-09-30,2006-09-30,2021-08-25,431000000.0,36642000000.0,34816750000.0,9731000000.0,26911000000.0,2.703,28.882,-3145000000.0,1060000000.0,1060000000.0,84254000000.0,5696000000.0,1.211,1.07,5135000000.0,238000000.0,4897000000.0,5135000000.0,0.0,1099000000.0,0.0,0.005,0.27,8612000000.0,9711000000.0,0.103,9711000000.0,8612000000.0,8382000000.0,9.36,8.99,9.36,17589000000.0,16200250000.0,17589000000.0,35764078066.0,4.0,3.683,3918000000.0,6.433,1.0,9851000000.0,0.105,4572000000.0,230000000.0,28108000000.0,26392500000.0,4666000000.0,480000000.0,0.0,480000000.0,18827000000.0,8037000000.0,10790000000.0,31544078066.0,292000000.0,297000000.0,-2030000000.0,-1241000000.0,-167000000.0,-3337000000.0,-3443000000.0,0.0,7063000000.0,9000000.0,5696000000.0,5693000000.0,5693000000.0,-239000000.0,0.0,0.06,1713000000.0,8138000000.0,6144000000.0,0.029,1.793,5.541,5.499,20564000000.0,3000000.0,51.47,0.335,0.333,3605000000.0,10885000000.0,94105000000.0,94105000000.0,0.0,0.164,0.351,0.326,0.092,90000000.0,641000000.0,1.0,612863378.0,609000000,628000000.0,154.524,32070000000.0,223000000.0,2686000000.0,5268000000.0,52.66,1694000000.0
60,VLO,MRT,2006-06-30,2006-06-30,2006-06-30,2021-08-25,403000000.0,36524000000.0,33849750000.0,10174000000.0,26350000000.0,2.781,27.437,-2915000000.0,968000000.0,968000000.0,85292000000.0,4955000000.0,1.117,1.179,5188000000.0,275000000.0,4913000000.0,5188000000.0,0.0,1024000000.0,0.0,0.004,0.24,7490000000.0,8514000000.0,0.09,8514000000.0,7490000000.0,7239000000.0,8.29,7.91,8.29,16764000000.0,15251500000.0,16764000000.0,45611944270.0,6.0,5.357,4979000000.0,8.149,1.0,8858000000.0,0.094,4604000000.0,251000000.0,27033000000.0,25632500000.0,4626000000.0,481000000.0,0.0,481000000.0,19760000000.0,9107000000.0,10653000000.0,40939944270.0,-12000000.0,-2373000000.0,-1368000000.0,-554000000.0,-145000000.0,-2005000000.0,-5914000000.0,-29000000.0,7894000000.0,13000000.0,4955000000.0,4948000000.0,4948000000.0,-195000000.0,0.0,0.053,1670000000.0,7188000000.0,6902000000.0,0.029,2.442,8.274,8.024,19988000000.0,7000000.0,66.52,0.435,0.432,4234000000.0,9331000000.0,94150000000.0,94150000000.0,0.0,0.146,0.324,0.292,0.08,102000000.0,664000000.0,1.0,615453161.0,611000000,636000000.0,154.092,31920000000.0,176000000.0,2284000000.0,5618000000.0,52.242,1067000000.0
61,VLO,MRT,2006-03-31,2006-03-31,2006-03-31,2021-08-25,323000000.0,33303000000.0,30129000000.0,8181000000.0,25122000000.0,2.874,24.876,-2495000000.0,466000000.0,466000000.0,79313000000.0,3905000000.0,1.099,1.163,5138000000.0,3000000.0,5135000000.0,5138000000.0,0.0,921000000.0,0.0,0.004,0.21,5971000000.0,6892000000.0,0.08,6892000000.0,5971000000.0,5707000000.0,6.83,6.46,6.83,15398000000.0,13285250000.0,15398000000.0,42085487058.0,7.0,6.106,4291000000.0,6.932,1.0,7277000000.0,0.084,5213000000.0,264000000.0,25318000000.0,22853500000.0,4381000000.0,326000000.0,0.0,326000000.0,17905000000.0,7444000000.0,10461000000.0,37173487058.0,-250000000.0,-2372000000.0,-796000000.0,-816000000.0,-122000000.0,-1658000000.0,-5384000000.0,-29000000.0,6786000000.0,6000000.0,3905000000.0,3895000000.0,3895000000.0,-117000000.0,0.0,0.045,1522000000.0,5755000000.0,6167000000.0,0.031,2.414,9.544,8.753,18424000000.0,10000000.0,59.78,0.429,0.427,3115000000.0,7484000000.0,86590000000.0,86590000000.0,0.0,0.129,0.293,0.261,0.069,89000000.0,605000000.0,1.0,621838191.0,619000000,644000000.0,139.887,28090000000.0,145000000.0,1802000000.0,4636000000.0,45.38,737000000.0
62,VLO,MRT,2005-12-31,2005-12-31,2005-12-31,2021-08-25,335000000.0,32798000000.0,26881750000.0,8346000000.0,24452000000.0,2.999,27.413,-2058000000.0,466000000.0,466000000.0,73954000000.0,3590000000.0,1.132,1.179,5378000000.0,222000000.0,5156000000.0,5378000000.0,0.0,840000000.0,0.0,0.004,0.19,5479000000.0,6319000000.0,0.078,6319000000.0,5479000000.0,5211000000.0,6.51,6.1,6.51,15050000000.0,11433500000.0,15050000000.0,37466139530.0,7.0,5.929,3792000000.0,6.907,1.0,6662000000.0,0.083,5224000000.0,268000000.0,25111000000.0,20373500000.0,4039000000.0,327000000.0,0.0,327000000.0,17748000000.0,7375000000.0,10373000000.0,31915139530.0,-428000000.0,-2372000000.0,-389000000.0,-874000000.0,-106000000.0,-1382000000.0,-4900000000.0,-29000000.0,5850000000.0,4000000.0,3590000000.0,3577000000.0,3577000000.0,-117000000.0,0.0,0.044,1394000000.0,5268000000.0,5563000000.0,0.029,2.121,8.922,7.926,17856000000.0,13000000.0,51.6,0.396,0.351,3564000000.0,6673000000.0,80616000000.0,80616000000.0,0.0,0.133,0.313,0.269,0.068,80000000.0,558000000.0,1.0,618510456.0,549000000,588000000.0,146.842,27574000000.0,212000000.0,1621000000.0,4624000000.0,50.226,971000000.0
63,VLO,MRT,2005-09-30,2005-09-30,2005-09-30,2021-08-25,149000000.0,32774000000.0,23530250000.0,9112000000.0,23662000000.0,3.045,25.034,-1665000000.0,827000000.0,827000000.0,66105000000.0,2732000000.0,1.141,1.376,6378000000.0,269000000.0,6109000000.0,6378000000.0,0.0,729000000.0,0.0,0.003,0.18,4257000000.0,4986000000.0,0.07,4986000000.0,4257000000.0,4001000000.0,5.175,4.84,5.175,13794000000.0,9620500000.0,13794000000.0,32457175340.0,8.0,6.51,3319000000.0,6.024,1.0,5554000000.0,0.078,5270000000.0,256000000.0,25068000000.0,17988500000.0,4475000000.0,292000000.0,0.0,292000000.0,18980000000.0,7987000000.0,10993000000.0,29553175340.0,56000000.0,-2452000000.0,-146000000.0,-143000000.0,-96000000.0,-404000000.0,-4538000000.0,-29000000.0,4984000000.0,14000000.0,2732000000.0,2716000000.0,2716000000.0,0.0,0.0,0.038,1283000000.0,4271000000.0,5969000000.0,0.035,2.142,10.881,10.924,17152000000.0,16000000.0,56.53,0.412,0.435,3553000000.0,5359000000.0,71659000000.0,71659000000.0,0.0,0.115,0.282,0.237,0.059,95000000.0,554000000.0,1.0,522787464.0,551000000,587000000.0,130.053,27504000000.0,0.0,1269000000.0,4185000000.0,49.917,1125000000.0
64,VLO,MRT,2005-06-30,2005-06-30,2005-06-30,2021-08-25,88000000.0,21641000000.0,20196125000.0,6898000000.0,14743000000.0,3.105,17.313,-1436000000.0,973000000.0,973000000.0,57900000000.0,2304000000.0,1.169,1.432,3877000000.0,236000000.0,3641000000.0,3877000000.0,0.0,674000000.0,0.0,0.004,0.168,3638000000.0,4312000000.0,0.069,4312000000.0,3638000000.0,3386000000.0,4.46,4.155,4.46,8899000000.0,7977550000.0,8899000000.0,23645121128.0,6.0,5.484,2133000000.0,4.15,1.0,4815000000.0,0.077,2728000000.0,252000000.0,15917000000.0,15610250000.0,3088000000.0,262000000.0,0.0,262000000.0,12742000000.0,5900000000.0,6842000000.0,20310121128.0,619000000.0,-110000000.0,-201000000.0,-757000000.0,-89000000.0,-1055000000.0,-1912000000.0,0.0,3569000000.0,17000000.0,2304000000.0,2289000000.0,2289000000.0,0.0,0.0,0.036,1156000000.0,3659000000.0,4382000000.0,0.038,2.282,8.873,8.869,10839000000.0,15000000.0,39.555,0.324,0.324,2640000000.0,4526000000.0,62715000000.0,62715000000.0,0.0,0.113,0.287,0.233,0.058,65000000.0,482000000.0,1.0,513465330.0,514000000,555000000.0,122.014,18913000000.0,106000000.0,1082000000.0,2745000000.0,36.796,998000000.0
65,VLO,MRT,2005-03-31,2005-03-31,2005-03-31,2021-08-25,33000000.0,20314000000.0,19425200000.0,5856000000.0,14458000000.0,3.011,15.607,-1276000000.0,710000000.0,710000000.0,53996000000.0,2090000000.0,1.056,1.542,4045000000.0,435000000.0,3610000000.0,4045000000.0,0.0,643000000.0,0.0,0.004,0.155,3376000000.0,4019000000.0,0.069,4019000000.0,3376000000.0,3115000000.0,4.045,3.765,4.045,7991000000.0,7437100000.0,7991000000.0,22229091313.0,7.0,5.531,2179000000.0,4.256,1.0,4494000000.0,0.077,2704000000.0,261000000.0,15398000000.0,15464425000.0,2801000000.0,263000000.0,0.0,263000000.0,12323000000.0,5547000000.0,6776000000.0,18804391313.0,447000000.0,-109000000.0,-405000000.0,-818000000.0,-84000000.0,-1315000000.0,-1710000000.0,0.0,3455000000.0,17000000.0,2090000000.0,2076000000.0,2076000000.0,0.0,0.0,0.035,1106000000.0,3388000000.0,3914000000.0,0.038,2.353,9.058,9.057,10585000000.0,14000000.0,36.635,0.321,0.321,2153000000.0,3709000000.0,58490000000.0,58490000000.0,0.0,0.107,0.279,0.218,0.058,49000000.0,463000000.0,1.0,513290332.0,512000000,556000000.0,114.238,17610000000.0,149000000.0,1025000000.0,2482000000.0,34.395,309000000.0
66,VLO,MRT,2004-12-31,2004-12-31,2004-12-31,2021-08-25,229000000.0,19392000000.0,18791500000.0,5264000000.0,14128000000.0,2.907,15.29,-1184000000.0,888000000.0,888000000.0,50593000000.0,1804000000.0,1.161,1.487,4313000000.0,412000000.0,3901000000.0,4313000000.0,0.0,605000000.0,0.0,0.006,0.145,2970000000.0,3575000000.0,0.065,3575000000.0,2970000000.0,2710000000.0,3.51,3.27,3.51,7798000000.0,7049075000.0,7798000000.0,15530845179.0,5.0,4.344,1796000000.0,3.522,1.0,4026000000.0,0.074,2712000000.0,260000000.0,15571000000.0,15544500000.0,2318000000.0,265000000.0,0.0,265000000.0,11594000000.0,4534000000.0,7060000000.0,11651345179.0,495000000.0,-630000000.0,201000000.0,71000000.0,-79000000.0,185000000.0,-2685000000.0,0.0,2980000000.0,15000000.0,1804000000.0,1791000000.0,1791000000.0,0.0,0.0,0.033,1047000000.0,2979000000.0,2963000000.0,0.041,1.494,6.505,6.467,10317000000.0,13000000.0,22.7,0.213,0.212,1839000000.0,3199000000.0,54619000000.0,54619000000.0,0.0,0.095,0.254,0.191,0.054,35000000.0,442000000.0,1.0,513275118.0,510000000,552000000.0,107.096,16680000000.0,175000000.0,906000000.0,2651000000.0,32.706,730000000.0
67,VLO,MRT,2004-09-30,2004-09-30,2004-09-30,2021-08-25,77400000.0,19437500000.0,17859550000.0,5761500000.0,13676000000.0,2.729,14.106,-1136500000.0,705600000.0,705600000.0,45383200000.0,1447100000.0,1.146,1.691,4585100000.0,412800000.0,4172300000.0,4585100000.0,0.0,613000000.0,0.0,0.007,0.135,2465800000.0,3078800000.0,0.063,3078800000.0,2465800000.0,2211200000.0,2.815,2.625,2.815,7222200000.0,6533375000.0,7222200000.0,14470111275.0,6.0,4.7,1342800000.0,2.623,1.0,3354600000.0,0.069,2734000000.0,254600000.0,15555000000.0,15079300000.0,2737000000.0,264200000.0,0.0,264200000.0,12215300000.0,5028000000.0,7187300000.0,10254411275.0,371300000.0,-225200000.0,261400000.0,216000000.0,-75300000.0,402100000.0,-2524300000.0,-1000000.0,2479300000.0,14100000.0,1447100000.0,1434400000.0,1434400000.0,0.0,0.0,0.029,952500000.0,2402100000.0,3364800000.0,0.048,1.42,7.149,7.123,9903400000.0,12700000.0,20.052,0.21,0.211,2138200000.0,2734800000.0,48737800000.0,48737800000.0,0.0,0.08,0.22,0.164,0.051,0.0,339500000.0,1.0,511378196.0,512000000,552000000.0,95.191,16703500000.0,130900000.0,764100000.0,2357800000.0,32.624,733500000.0
68,VLO,MRT,2004-06-30,2004-06-30,2004-06-30,2021-08-25,27700000.0,18557300000.0,16812350000.0,5128800000.0,13428500000.0,2.636,13.107,-1071300000.0,355000000.0,355000000.0,41357600000.0,1204200000.0,1.091,1.754,4570700000.0,416400000.0,4154300000.0,4570700000.0,0.0,574200000.0,0.0,0.007,0.122,2114800000.0,2689000000.0,0.061,2689000000.0,2114800000.0,1860100000.0,2.375,2.215,2.375,6737200000.0,6119175000.0,6737200000.0,14104843590.0,7.0,5.245,1043600000.0,2.03,1.0,2963500000.0,0.067,2737400000.0,254700000.0,15333700000.0,14582750000.0,2642300000.0,264500000.0,0.0,264500000.0,11820100000.0,4701900000.0,7118200000.0,9495043590.0,-367600000.0,-605200000.0,266000000.0,128600000.0,-66800000.0,341100000.0,-2828900000.0,-1000000.0,2114900000.0,5200000.0,1204200000.0,1193200000.0,1193200000.0,0.0,0.0,0.027,903000000.0,2060500000.0,3142500000.0,0.051,1.409,7.958,7.764,9663400000.0,11000000.0,18.44,0.214,0.214,1941100000.0,2322600000.0,44321100000.0,44321100000.0,0.0,0.071,0.195,0.145,0.048,0.0,328800000.0,1.0,514915596.0,514000000,554000000.0,86.228,15819900000.0,161900000.0,655900000.0,2378600000.0,30.778,426900000.0
69,VLO,MRT,2004-03-31,2004-03-31,2004-03-31,2021-08-25,166200000.0,17779200000.0,15790000000.0,4667800000.0,13111400000.0,2.493,12.776,-1000100000.0,273500000.0,273500000.0,37214900000.0,699600000.0,1.179,1.761,4883300000.0,201600000.0,4681700000.0,4883300000.0,0.0,534900000.0,0.0,0.007,0.11,1345000000.0,1879900000.0,0.048,1879900000.0,1345000000.0,1097100000.0,1.43,1.345,1.43,6438900000.0,5684075000.0,6438900000.0,11620389410.0,9.0,6.181,578700000.0,1.148,1.0,2143000000.0,0.054,2712000000.0,247900000.0,15718300000.0,13997675000.0,2444300000.0,264600000.0,0.0,264600000.0,11340300000.0,3958700000.0,7381600000.0,7788189410.0,-502000000.0,-612700000.0,454600000.0,489200000.0,-57300000.0,899800000.0,-3020600000.0,-1000000.0,1578800000.0,39900000.0,699600000.0,691600000.0,691600000.0,0.0,0.0,0.018,842100000.0,1300900000.0,3012400000.0,0.077,1.21,11.261,10.483,9356800000.0,8000000.0,14.99,0.198,0.192,1679400000.0,1712200000.0,39357900000.0,39357900000.0,0.0,0.044,0.122,0.096,0.034,0.0,307200000.0,1.0,519559000.0,504000000,544000000.0,78.091,15067200000.0,211900000.0,397500000.0,2176700000.0,29.895,709100000.0
70,VLO,MRT,2003-12-31,2003-12-31,2003-12-31,2021-08-25,169600000.0,15664200000.0,15005575000.0,3817300000.0,11846900000.0,2.53,12.495,-882000000.0,412900000.0,412900000.0,35937000000.0,622000000.0,1.246,1.731,4245100000.0,0.0,4245100000.0,4245100000.0,0.0,511000000.0,0.0,0.009,0.105,1248000000.0,1759000000.0,0.046,1759000000.0,1248000000.0,987000000.0,1.34,1.27,1.34,5735200000.0,5274350000.0,5735200000.0,9604099008.0,8.0,5.46,871000000.0,1.898,1.0,2032000000.0,0.054,2721900000.0,261000000.0,13710200000.0,13216500000.0,1913100000.0,264500000.0,0.0,264500000.0,9929000000.0,3064300000.0,6864700000.0,5573199008.0,-10000000.0,-37000000.0,276000000.0,-571000000.0,-51000000.0,-136000000.0,-1331000000.0,-1000000.0,1753000000.0,40000000.0,622000000.0,617000000.0,617000000.0,0.0,0.0,0.016,810000000.0,1222000000.0,2288200000.0,0.078,0.972,9.033,8.646,8195100000.0,5000000.0,11.585,0.147,0.14,1327700000.0,1482700000.0,37969000000.0,37969000000.0,0.0,0.041,0.117,0.094,0.033,0.0,299000000.0,1.0,481070264.0,459000000,488000000.0,82.721,12942300000.0,118700000.0,365000000.0,2025100000.0,28.197,753000000.0
71,VLO,MRT,2003-09-30,2003-09-30,2003-09-30,2021-08-25,133300000.0,15248700000.0,14705825000.0,3762400000.0,11486300000.0,2.487,11.902,-655100000.0,335100000.0,335100000.0,34564600000.0,578900000.0,1.29,1.74,4366000000.0,24300000.0,4341700000.0,4366000000.0,0.0,476400000.0,0.0,0.01,0.1,1211600000.0,1688000000.0,0.046,1688000000.0,1211600000.0,929300000.0,1.29,1.228,1.29,5565400000.0,4917625000.0,5565400000.0,8298508286.0,7.0,4.916,702300000.0,1.502,1.0,2012300000.0,0.055,2795100000.0,282300000.0,13568800000.0,13156825000.0,2092300000.0,263800000.0,0.0,263800000.0,9683300000.0,2915700000.0,6767600000.0,4377508286.0,-10000000.0,-414300000.0,316900000.0,-463900000.0,-44400000.0,14100000.0,-1071200000.0,0.0,1357400000.0,25800000.0,578900000.0,577600000.0,577600000.0,0.0,0.0,0.016,782100000.0,1230200000.0,2136100000.0,0.078,0.787,7.579,7.417,7795200000.0,1300000.0,9.568,0.12,0.122,1183300000.0,1368500000.0,36576900000.0,36576900000.0,0.0,0.039,0.117,0.092,0.033,0.0,305700000.0,1.0,457539408.0,467600000,510400000.0,78.223,12453600000.0,87500000.0,350400000.0,1971200000.0,26.633,846700000.0
72,VLO,MRT,2003-06-30,2003-06-30,2003-06-30,2021-08-25,136800000.0,14467900000.0,14383075000.0,3564200000.0,10903700000.0,2.418,10.929,-539700000.0,726400000.0,726400000.0,33019100000.0,417600000.0,1.372,1.895,4647400000.0,41000000.0,4606400000.0,4647400000.0,0.0,459100000.0,0.0,0.011,0.1,972000000.0,1431100000.0,0.041,1431100000.0,972000000.0,674900000.0,0.955,0.92,0.955,4996800000.0,4578300000.0,4996800000.0,7913021279.0,8.0,5.529,538000000.0,1.177,1.0,1754300000.0,0.05,2797300000.0,297100000.0,12993400000.0,13179050000.0,1692200000.0,263100000.0,0.0,263100000.0,9471100000.0,2598200000.0,6872900000.0,4150921279.0,336600000.0,-43600000.0,319500000.0,-327300000.0,-43400000.0,138300000.0,-567400000.0,0.0,1077700000.0,24100000.0,417600000.0,417600000.0,417600000.0,0.0,0.0,0.012,751200000.0,1003100000.0,1826100000.0,0.105,0.831,9.94,9.51,7288400000.0,0.0,9.082,0.119,0.119,1069300000.0,1190200000.0,34773400000.0,34773400000.0,0.0,0.029,0.091,0.074,0.028,0.0,292100000.0,1.0,457024088.0,457200000,474800000.0,76.057,11670600000.0,0.0,257300000.0,1771100000.0,25.526,966000000.0
73,VLO,MRT,2003-03-31,2003-03-31,2003-03-31,2021-08-25,54500000.0,14641500000.0,14264075000.0,4190900000.0,10450600000.0,2.324,11.142,-643300000.0,770800000.0,770800000.0,31592100000.0,300500000.0,1.391,2.05,4532900000.0,26300000.0,4506600000.0,4532900000.0,0.0,452100000.0,0.0,0.01,0.1,792500000.0,1244600000.0,0.038,1244600000.0,792500000.0,486300000.0,0.703,0.675,0.703,4800000000.0,4390700000.0,4800000000.0,9388026203.0,12.0,7.543,311000000.0,0.722,1.0,1560100000.0,0.047,2798000000.0,306200000.0,12593600000.0,13240300000.0,1605300000.0,161500000.0,0.0,161500000.0,9841500000.0,3012000000.0,6829500000.0,4453926203.0,508100000.0,899000000.0,301000000.0,-1035200000.0,-42500000.0,-590600000.0,483400000.0,0.0,954300000.0,-2900000.0,300500000.0,300500000.0,300500000.0,0.0,0.0,0.009,731300000.0,828800000.0,2211300000.0,0.142,0.928,14.822,14.716,6968800000.0,0.0,10.345,0.134,0.134,1696200000.0,1073300000.0,33152200000.0,33152200000.0,0.0,0.021,0.068,0.06,0.024,0.0,279200000.0,1.0,430539024.0,430800000,451200000.0,76.955,11843500000.0,61300000.0,185800000.0,1803500000.0,27.492,1178900000.0
74,VLO,MRT,2002-12-31,2002-12-31,2002-12-31,2021-08-25,-1100000.0,14465200000.0,14230925000.0,3536400000.0,10928800000.0,2.041,10.18,-794800000.0,409200000.0,409200000.0,27869300000.0,91500000.0,1.176,2.358,5343300000.0,476700000.0,4866600000.0,5343300000.0,0.0,449300000.0,0.0,0.011,0.1,435400000.0,884700000.0,0.03,884700000.0,435400000.0,149700000.0,0.215,0.21,0.215,4308300000.0,4253225000.0,4308300000.0,8941309079.0,21.0,10.107,-522500000.0,-1.235,1.0,1178600000.0,0.041,2921100000.0,285700000.0,13471500000.0,13274800000.0,1436100000.0,0.0,0.0,0.0,10156900000.0,3006700000.0,7150200000.0,3936209079.0,109500000.0,1195200000.0,56500000.0,1642300000.0,-42300000.0,-412400000.0,248600000.0,0.0,272300000.0,1000000.0,91500000.0,91500000.0,91500000.0,0.0,0.0,0.003,707700000.0,470900000.0,1825000000.0,0.465,0.914,43.019,42.953,7412000000.0,0.0,9.235,0.136,0.135,1558200000.0,913600000.0,29047900000.0,29047900000.0,0.0,0.006,0.022,0.033,0.015,0.0,258400000.0,1.0,426227296.0,423200000,440400000.0,68.639,11544100000.0,95300000.0,58200000.0,1651500000.0,27.278,529700000.0
75,VLO,MRT,2002-09-30,2002-09-30,2002-09-30,2021-08-25,8700000.0,13957700000.0,14214575000.0,3008900000.0,10948800000.0,1.674,9.934,-805500000.0,350000000.0,350000000.0,22836000000.0,54100000.0,1.29,2.317,5355100000.0,266000000.0,5089100000.0,5355100000.0,0.0,399700000.0,0.0,0.015,0.1,314100000.0,713800000.0,0.03,713800000.0,314100000.0,83900000.0,0.225,0.218,0.225,4208100000.0,4226800000.0,4208100000.0,7728714020.0,25.0,10.828,-532200000.0,-1.256,1.0,955400000.0,0.04,2972700000.0,230200000.0,13657700000.0,12516925000.0,1466600000.0,0.0,0.0,0.0,9749600000.0,2332400000.0,7417200000.0,2800814020.0,228400000.0,-1362600000.0,-34100000.0,2377200000.0,-37700000.0,2292600000.0,-2340600000.0,0.0,273300000.0,3100000.0,54100000.0,54100000.0,54100000.0,0.0,0.0,0.002,613100000.0,342300000.0,1445500000.0,0.444,0.666,51.771,29.411,7404000000.0,0.0,6.617,0.118,0.118,1027300000.0,835300000.0,23791400000.0,23791400000.0,0.0,0.004,0.013,0.025,0.013,0.0,213400000.0,1.0,423243524.0,423600000,436400000.0,56.165,10985000000.0,88000000.0,29800000.0,1741900000.0,25.932,676500000.0
76,VLO,MRT,2002-06-30,2002-06-30,2002-06-30,2021-08-25,87500000.0,13991900000.0,12057328750.0,3087000000.0,10904900000.0,1.62,10.034,-793000000.0,391200000.0,391200000.0,18591300000.0,125400000.0,1.081,2.295,5319100000.0,799500000.0,4519600000.0,5319100000.0,0.0,354500000.0,0.0,0.01,0.095,373500000.0,728000000.0,0.037,728000000.0,373500000.0,197300000.0,0.57,0.545,0.57,4246400000.0,3685100250.0,4246400000.0,9553292698.0,26.0,13.123,-378300000.0,-0.894,1.0,940000000.0,0.048,2825800000.0,176200000.0,13238400000.0,10472910750.0,1451100000.0,0.0,0.0,0.0,9745500000.0,2855600000.0,6889900000.0,3963392698.0,318400000.0,-1352400000.0,-59800000.0,2344000000.0,-32000000.0,2243100000.0,-2344100000.0,0.0,414700000.0,4700000.0,125400000.0,125400000.0,125400000.0,0.0,0.0,0.006,539600000.0,400400000.0,1408000000.0,0.167,0.933,31.606,16.412,7449800000.0,0.0,9.355,0.203,0.203,939900000.0,816100000.0,19531300000.0,19531300000.0,0.0,0.01,0.034,0.036,0.019,0.0,185100000.0,1.0,423665708.0,423200000,442400000.0,46.151,11166100000.0,165500000.0,71900000.0,1864800000.0,26.385,231400000.0
77,VLO,MRT,2002-03-31,2002-03-31,2002-03-31,2021-08-25,68400000.0,14508900000.0,9862907500.0,4025800000.0,10483100000.0,1.704,10.119,-596700000.0,316900000.0,316900000.0,15566700000.0,388900000.0,0.85,2.414,5906800000.0,2671200000.0,3235600000.0,5906800000.0,0.0,299100000.0,0.0,0.007,0.09,742900000.0,1042000000.0,0.062,1042000000.0,742900000.0,618500000.0,1.667,1.578,1.667,4250100000.0,3111092750.0,4250100000.0,8532786834.0,11.0,8.189,-146800000.0,-0.35,1.0,1241100000.0,0.074,2633100000.0,124400000.0,12731600000.0,8506141000.0,1466000000.0,0.0,0.0,0.0,10258800000.0,4734100000.0,5524700000.0,5195438834.0,107100000.0,-2472700000.0,-48900000.0,2953100000.0,-26300000.0,2872200000.0,-3215000000.0,0.0,449900000.0,0.0,388900000.0,388900000.0,388900000.0,0.0,0.0,0.023,476600000.0,764500000.0,1509700000.0,0.054,1.222,13.359,7.427,7326900000.0,0.0,12.38,0.309,0.309,1012000000.0,815300000.0,16807800000.0,16807800000.0,0.0,0.039,0.125,0.087,0.044,0.0,177500000.0,1.0,419663880.0,420000000,420000000.0,40.019,11875800000.0,78000000.0,229600000.0,1759000000.0,28.276,-708300000.0
78,VLO,MRT,2001-12-31,2001-12-31,2001-12-31,2021-08-25,18100000.0,14399800000.0,7375588000.0,4135800000.0,10264000000.0,2.032,17.309,-385900000.0,346000000.0,346000000.0,13596500000.0,563600000.0,0.87,2.426,3683500000.0,505700000.0,3177800000.0,3683500000.0,0.0,237700000.0,0.0,0.009,0.085,983400000.0,1221100000.0,0.081,1221100000.0,983400000.0,894900000.0,2.32,2.208,2.32,4202600000.0,2474746250.0,4202600000.0,3548937924.0,4.0,2.906,519600000.0,2.14,1.0,1391800000.0,0.093,2544400000.0,88500000.0,10440000000.0,6423807250.0,1453100000.0,0.0,0.0,0.0,10197200000.0,4752900000.0,5444300000.0,2311728924.0,254800000.0,-2773600000.0,-78300000.0,697600000.0,-20700000.0,2651200000.0,-3301900000.0,0.0,905500000.0,0.0,563600000.0,563600000.0,563600000.0,0.0,0.0,0.038,390400000.0,1001400000.0,3445400000.0,0.037,0.55,4.102,4.108,7217300000.0,0.0,9.53,0.154,0.154,770800000.0,864400000.0,14988300000.0,14988300000.0,0.0,0.076,0.228,0.153,0.066,0.0,152700000.0,1.0,242573864.0,242800000,255200000.0,61.731,11855400000.0,176700000.0,331300000.0,1769000000.0,48.828,-617100000.0
79,VLO,MRT,2001-09-30,2001-09-30,2001-09-30,2021-08-25,28827000.0,5328715000.0,4852564000.0,1669924000.0,3658791000.0,3.348,8.407,-292022000.0,91157000.0,91157000.0,14765727000.0,605325000.0,1.54,1.61,1328366000.0,0.0,1328366000.0,1328366000.0,0.0,265645000.0,0.0,0.009,0.08,1044339000.0,1309984000.0,0.081,1309984000.0,1044339000.0,961925000.0,2.48,2.355,2.48,2041301000.0,1805860000.0,2041301000.0,3414983970.0,3.0,2.607,639133000.0,2.632,1.0,1482523000.0,0.091,0.0,82414000.0,5481643000.0,4923030250.0,704173000.0,0.0,0.0,0.0,3287414000.0,1084281000.0,2203133000.0,2129781970.0,78202000.0,-217393000.0,-27382000.0,-143467000.0,-19475000.0,-190353000.0,-662600000.0,0.0,931155000.0,0.0,605325000.0,605325000.0,605325000.0,0.0,0.0,0.037,421892000.0,1060631000.0,761468000.0,0.032,1.043,3.518,3.538,3251081000.0,0.0,8.775,0.131,0.131,780008000.0,818886000.0,16248250000.0,16248250000.0,0.0,0.125,0.335,0.212,0.064,0.0,156247000.0,1.0,242710196.0,242800000,255600000.0,66.92,5328715000.0,68051000.0,356600000.0,655933000.0,21.947,585643000.0
80,VLO,MRT,2001-06-30,2001-06-30,2001-06-30,2021-08-25,29720000.0,5214215000.0,4573182000.0,1604023000.0,3610192000.0,3.638,7.98,-256588000.0,42459000.0,42459000.0,15144260000.0,631581000.0,1.422,1.673,1327661000.0,0.0,1327661000.0,1327661000.0,0.0,233232000.0,0.0,0.009,0.08,1079748000.0,1312980000.0,0.079,1312980000.0,1079748000.0,999481000.0,2.585,2.462,2.585,1950370000.0,1656856500.0,1950370000.0,3169109244.0,3.0,2.414,764505000.0,3.128,1.0,1494121000.0,0.09,0.0,80267000.0,5371321000.0,4639030000.0,773376000.0,0.0,0.0,0.0,3263845000.0,1128096000.0,2135749000.0,2252724244.0,32108000.0,-217280000.0,-50050000.0,-316406000.0,-19544000.0,-386493000.0,-602492000.0,0.0,1021093000.0,0.0,631581000.0,631581000.0,631581000.0,0.0,0.0,0.038,397980000.0,1096141000.0,793658000.0,0.031,1.155,3.567,3.557,3173370000.0,0.0,9.195,0.135,0.135,676894000.0,722729000.0,16638381000.0,16638381000.0,0.0,0.138,0.381,0.233,0.065,0.0,164748000.0,1.0,244994480.0,244400000,259600000.0,68.078,5214215000.0,66800000.0,367900000.0,599814000.0,21.335,475927000.0
81,VLO,MRT,2001-03-31,2001-03-31,2001-03-31,2021-08-25,42665000.0,4559622000.0,4322876500.0,1427253000.0,3132369000.0,3.588,6.975,-238271000.0,125739000.0,125739000.0,14381045000.0,444461000.0,1.329,1.675,1042124000.0,0.0,1042124000.0,1042124000.0,0.0,202960000.0,0.0,0.009,0.08,778201000.0,981161000.0,0.063,981161000.0,778201000.0,695961000.0,1.85,1.782,1.85,1704714000.0,1506266500.0,1704714000.0,3221673124.0,4.0,3.284,628652000.0,2.572,1.0,1130738000.0,0.073,0.0,82240000.0,4402265000.0,4415043500.0,581411000.0,0.0,0.0,0.0,2854908000.0,1073742000.0,1781166000.0,2166852124.0,117178000.0,-888051000.0,125220000.0,265600000.0,-19131000.0,538389000.0,-1288134000.0,0.0,866923000.0,0.0,444461000.0,444461000.0,444461000.0,0.0,0.0,0.029,340405000.0,790333000.0,867624000.0,0.043,1.271,4.875,4.797,2713547000.0,0.0,8.875,0.14,0.14,586647000.0,452763000.0,15511783000.0,15511783000.0,0.0,0.103,0.295,0.176,0.05,0.0,137445000.0,1.0,244152352.0,244400000,255600000.0,63.469,4559622000.0,92136000.0,251500000.0,468627000.0,18.656,353511000.0
82,VLO,MRT,2000-12-31,2000-12-31,2000-12-31,2021-08-25,0.0,4307704000.0,3963264500.0,1285067000.0,3022637000.0,3.702,6.526,-194900000.0,14596000.0,14596000.0,13762100000.0,339100000.0,1.237,1.821,1241917000.0,27000000.0,1214917000.0,1241917000.0,0.0,173900000.0,0.0,0.009,0.08,604500000.0,778400000.0,0.053,778400000.0,604500000.0,528200000.0,1.448,1.4,1.448,1527055000.0,1357264000.0,1527055000.0,3435858851.0,6.0,4.414,406400000.0,1.737,1.0,909000000.0,0.062,59141000.0,76300000.0,4436892000.0,4046738750.0,539882000.0,0.0,0.0,0.0,2780649000.0,1038992000.0,1741657000.0,2263132851.0,-45500000.0,-889700000.0,119900000.0,279300000.0,-18700000.0,547200000.0,-1194000000.0,0.0,601300000.0,0.0,339100000.0,339100000.0,339100000.0,0.0,0.0,0.023,298000000.0,611000000.0,806697000.0,0.055,1.482,6.674,6.421,2676680000.0,0.0,9.297,0.154,0.148,585892000.0,321566000.0,14671100000.0,14671100000.0,0.0,0.086,0.25,0.149,0.041,0.0,124100000.0,1.0,243413052.0,234000000,242000000.0,62.697,4248563000.0,105817000.0,189100000.0,507456000.0,18.156,246075000.0
83,VLO,MRT,2000-09-30,2000-09-30,2000-09-30,2021-08-25,0.0,4211187000.0,3631156500.0,1248948000.0,2962239000.0,3.632,5.905,-154100000.0,12985000.0,12985000.0,12502440000.0,262251000.0,1.203,1.914,1185711000.0,93000000.0,1092711000.0,1185711000.0,0.0,104467000.0,0.0,0.009,0.08,475369000.0,579836000.0,0.044,579836000.0,475369000.0,405051000.0,1.12,1.087,1.12,1445287000.0,1246692500.0,1445287000.0,3512237573.0,7.0,6.057,385778000.0,1.576,1.0,685187000.0,0.052,0.0,70318000.0,4345642000.0,3683934500.0,495992000.0,0.0,0.0,0.0,2765900000.0,1038271000.0,1727629000.0,2164611573.0,5166000.0,-892242000.0,126381000.0,323367000.0,-18277000.0,598200000.0,-1132912000.0,0.0,539878000.0,0.0,262251000.0,262251000.0,262251000.0,0.0,0.0,0.02,210460000.0,474727000.0,765946000.0,0.071,1.498,8.254,7.855,2644236000.0,0.0,8.797,0.164,0.163,651583000.0,233088000.0,13187627000.0,13187627000.0,0.0,0.072,0.21,0.129,0.036,0.0,105993000.0,1.0,246048488.0,244744000,252968000.0,53.883,4211187000.0,49995000.0,142800000.0,342027000.0,17.206,210677000.0
84,VLO,MRT,2000-06-30,2000-06-30,2000-06-30,2021-08-25,0.0,4212993000.0,3328128500.0,1266183000.0,2946810000.0,3.335,5.999,-117081000.0,10379000.0,10379000.0,10625491000.0,157507000.0,1.167,2.125,1358005000.0,185000000.0,1173005000.0,1358005000.0,0.0,96786000.0,0.0,0.01,0.08,305094000.0,401880000.0,0.036,401880000.0,305094000.0,241407000.0,0.7,0.685,0.7,1348010000.0,1154443750.0,1348010000.0,2541876182.0,8.0,6.325,263858000.0,1.174,1.0,475243000.0,0.043,0.0,63687000.0,4475375000.0,3384274000.0,492310000.0,0.0,0.0,0.0,2864983000.0,1085244000.0,1779739000.0,1778730182.0,4575000.0,-891641000.0,155462000.0,407306000.0,-17909000.0,712052000.0,-1088416000.0,0.0,380939000.0,0.0,157507000.0,157507000.0,157507000.0,0.0,0.0,0.014,176273000.0,298970000.0,731872000.0,0.114,1.32,11.293,11.346,2619512000.0,0.0,7.942,0.16,0.161,651873000.0,110601000.0,11100734000.0,11100734000.0,0.0,0.047,0.136,0.09,0.027,0.0,79487000.0,1.0,223950920.0,224696000,232452000.0,49.403,4212993000.0,69754000.0,83900000.0,307457000.0,18.75,180939000.0
85,VLO,MRT,2000-03-31,2000-03-31,2000-03-31,2021-08-25,0.0,3121174000.0,2992376250.0,960331000.0,2160843000.0,3.192,4.961,-85697000.0,8509000.0,8509000.0,9270659000.0,47742000.0,1.005,1.815,771655000.0,126500000.0,645155000.0,771655000.0,0.0,90317000.0,0.0,0.01,0.08,126874000.0,217191000.0,0.023,217191000.0,126874000.0,71142000.0,0.213,0.21,0.213,1108704000.0,1081472250.0,1108704000.0,2436462462.0,19.0,11.218,212172000.0,0.949,1.0,282023000.0,0.03,0.0,55732000.0,2929046000.0,3089961000.0,436197000.0,0.0,0.0,0.0,2012470000.0,955274000.0,1057196000.0,1711077462.0,-4834000.0,-1797000.0,-2700000.0,-137029000.0,-17914000.0,-157643000.0,-145060000.0,0.0,297869000.0,0.0,47742000.0,47742000.0,47742000.0,0.0,0.0,0.005,161462000.0,120561000.0,732561000.0,0.376,1.543,35.84,36.021,1985184000.0,0.0,7.673,0.179,0.18,403557000.0,27408000.0,9552682000.0,9552682000.0,0.0,0.016,0.044,0.041,0.013,0.0,70430000.0,1.0,223014332.0,223496000,228936000.0,42.742,3121174000.0,89477000.0,23400000.0,296628000.0,13.965,5057000.0
86,VLO,MRT,1999-12-31,1999-12-31,1999-12-31,2021-08-25,0.0,2979272000.0,2915682250.0,823517000.0,2155755000.0,2.73,4.835,-99339000.0,60087000.0,60087000.0,7731151000.0,14287000.0,1.145,1.746,785472000.0,0.0,785472000.0,785472000.0,0.0,89525000.0,0.0,0.016,0.08,75616000.0,165141000.0,0.021,165141000.0,75616000.0,20187000.0,0.062,0.062,0.062,1084769000.0,1074441000.0,1084769000.0,1958368102.0,26.0,11.859,335772000.0,1.497,1.0,230017000.0,0.029,0.0,55429000.0,2985675000.0,3156900750.0,298047000.0,0.0,0.0,0.0,1894503000.0,718982000.0,1175521000.0,1108399102.0,48888000.0,-148000.0,2082000.0,-198206000.0,-17931000.0,-214055000.0,-172168000.0,0.0,435111000.0,0.0,14287000.0,14287000.0,14287000.0,0.0,0.0,0.002,157988000.0,72029000.0,616895000.0,1.29,1.022,77.581,80.161,1914071000.0,0.0,4.97,0.139,0.14,372542000.0,-3331000.0,7961168000.0,7961168000.0,0.0,0.005,0.013,0.024,0.009,0.0,68463000.0,1.0,223017928.0,224344000,227032000.0,35.486,2979272000.0,79307000.0,5900000.0,275521000.0,13.28,104535000.0
87,VLO,MRT,1999-09-30,1999-09-30,1999-09-30,2021-08-25,0.0,2999075000.0,2852280250.0,862183000.0,2136892000.0,2.354,4.782,-128751000.0,7819000.0,7819000.0,6515464000.0,-87846000.0,1.228,1.786,857788000.0,12000000.0,845788000.0,857788000.0,0.0,85677000.0,0.0,0.017,0.08,-87554000.0,-1877000.0,0.0,-1877000.0,-87554000.0,-140946000.0,-0.39,-0.388,-0.39,1076292000.0,1074570500.0,1076292000.0,2023942869.0,-23.0,-1078.286,34160000.0,0.152,1.0,198261000.0,0.03,0.0,53392000.0,3147000000.0,3210246000.0,418745000.0,0.0,0.0,0.0,1922783000.0,702044000.0,1220739000.0,1082642869.0,-377000.0,-2805000.0,9155000.0,51572000.0,-17946000.0,42781000.0,-206069000.0,0.0,162911000.0,0.0,-87846000.0,-87846000.0,-87846000.0,0.0,0.0,-0.013,285585000.0,-87324000.0,610842000.0,-0.205,1.006,-12.324,-12.34,1983774000.0,0.0,4.812,0.161,0.161,352226000.0,-19807000.0,6713725000.0,6713725000.0,0.0,-0.031,-0.082,-0.027,-0.013,0.0,65937000.0,1.0,224964752.0,225064000,227812000.0,29.83,2999075000.0,63750000.0,-53100000.0,261274000.0,13.325,160139000.0
88,VLO,MRT,1999-06-30,1999-06-30,1999-06-30,2021-08-25,0.0,2869984000.0,2803463750.0,738149000.0,2131835000.0,2.101,4.701,-154835000.0,5804000.0,5804000.0,5728744000.0,-106147000.0,1.438,1.717,947104000.0,31000000.0,916104000.0,947104000.0,0.0,83177000.0,0.0,0.015,0.08,-124182000.0,-41005000.0,-0.007,-41005000.0,-124182000.0,-169647000.0,-0.47,-0.467,-0.47,1056124000.0,1098425750.0,1056124000.0,2099837156.0,-17.0,-51.209,16176000.0,0.072,1.0,161692000.0,0.027,0.0,45465000.0,3298123000.0,3177950250.0,329612000.0,0.0,0.0,0.0,1813860000.0,513161000.0,1300699000.0,1203759156.0,-774000.0,-334217000.0,-5195000.0,410487000.0,-17945000.0,387347000.0,-559132000.0,0.0,171011000.0,0.0,-106147000.0,-106147000.0,-106147000.0,0.0,0.0,-0.018,283443000.0,-121751000.0,422022000.0,-0.17,1.14,-11.34,-11.404,1972875000.0,0.0,5.36,0.204,0.204,302428000.0,-42419000.0,5890436000.0,5890436000.0,0.0,-0.038,-0.097,-0.039,-0.021,0.0,66295000.0,1.0,224581932.0,224648000,224648000.0,26.221,2869984000.0,79946000.0,-63500000.0,271606000.0,12.775,224988000.0
89,VLO,MRT,1999-03-31,1999-03-31,1999-03-31,2021-08-25,0.0,2814398000.0,2703401500.0,693134000.0,2121264000.0,2.04,4.819,-171220000.0,13343000.0,13343000.0,5266551000.0,-44123000.0,1.349,1.605,909421000.0,63000000.0,846421000.0,909421000.0,0.0,81353000.0,0.0,0.013,0.08,-39709000.0,41644000.0,0.008,41644000.0,-39709000.0,-77823000.0,-0.195,-0.195,-0.195,1080579000.0,1130447500.0,1080579000.0,2366162949.0,-60.0,56.819,95682000.0,0.427,1.0,247539000.0,0.045,0.0,38114000.0,3196805000.0,2967236250.0,299472000.0,0.0,0.0,0.0,1733819000.0,513671000.0,1220148000.0,1395026949.0,3535000.0,-344415000.0,-8148000.0,333257000.0,-17948000.0,307161000.0,-570528000.0,0.0,266902000.0,0.0,-44123000.0,-44123000.0,-44123000.0,0.0,0.0,-0.008,284949000.0,-37410000.0,405144000.0,-0.41,1.291,-31.617,-31.897,1974763000.0,0.0,6.22,0.253,0.253,296925000.0,-20334000.0,5514090000.0,5514090000.0,0.0,-0.016,-0.039,-0.013,-0.007,0.0,70340000.0,1.0,224280860.0,224228000,224228000.0,24.591,2814398000.0,58052000.0,-33700000.0,262290000.0,12.552,179463000.0
90,VLO,MRT,1998-12-31,1998-12-31,1998-12-31,2021-08-25,0.0,2725664000.0,2607592500.0,639710000.0,2085954000.0,2.124,4.838,-165507000.0,11199000.0,11199000.0,5271473000.0,-47291000.0,1.285,1.511,982335000.0,160000000.0,822335000.0,982335000.0,0.0,75809000.0,0.0,0.015,0.08,-50612000.0,25197000.0,0.005,25197000.0,-50612000.0,-83091000.0,-0.21,-0.21,-0.21,1085287000.0,1147389750.0,1085287000.0,1982957702.0,-39.0,78.698,318000.0,0.001,1.0,267873000.0,0.048,0.0,32479000.0,3199056000.0,2775583000.0,316405000.0,0.0,0.0,0.0,1640377000.0,497744000.0,1142633000.0,1186480702.0,1264000.0,-344415000.0,-9774000.0,429434000.0,-17953000.0,401707000.0,-566268000.0,0.0,165825000.0,0.0,-47291000.0,-47291000.0,-47291000.0,0.0,0.0,-0.009,316220000.0,-48347000.0,283183000.0,-0.381,1.093,-25.089,-25.298,1959343000.0,0.0,5.312,0.214,0.215,283456000.0,-17618000.0,5539346000.0,5539346000.0,0.0,-0.018,-0.041,-0.018,-0.009,0.0,69482000.0,1.0,223337544.0,224312000,224312000.0,24.695,2725664000.0,4851000.0,-35800000.0,210389000.0,12.151,141966000.0
91,VLO,MRT,1998-09-30,1998-09-30,1998-09-30,2021-08-25,0.0,2803809000.0,2549437250.0,749785000.0,2054024000.0,2.254,5.222,-142199000.0,8196000.0,8196000.0,5466096000.0,50732000.0,1.287,1.393,804673000.0,107000000.0,697673000.0,804673000.0,0.0,73846000.0,0.0,0.016,0.08,100867000.0,174713000.0,0.03,174713000.0,100867000.0,73132000.0,0.217,0.217,0.217,1171713000.0,1165778250.0,1171713000.0,1646656613.0,16.0,9.425,92373000.0,0.412,1.0,279145000.0,0.049,0.0,27735000.0,3017817000.0,2585320750.0,430923000.0,0.0,0.0,0.0,1632096000.0,582469000.0,1049627000.0,1118224613.0,-13734000.0,-334658000.0,-12715000.0,304397000.0,-17976000.0,273706000.0,-522012000.0,0.0,234572000.0,0.0,50732000.0,50732000.0,50732000.0,0.0,0.0,0.009,180798000.0,98347000.0,386279000.0,0.369,0.954,22.042,22.903,1928353000.0,0.0,4.97,0.195,0.194,272569000.0,72506000.0,5745241000.0,5745241000.0,0.0,0.02,0.044,0.039,0.018,0.0,69279000.0,1.0,224994892.0,224384000,226604000.0,25.605,2803809000.0,16109000.0,22400000.0,263564000.0,12.496,167316000.0
92,VLO,MRT,1998-06-30,1998-06-30,1998-06-30,2021-08-25,0.0,2469735000.0,,703721000.0,1766014000.0,,5.268,-112755000.0,6578000.0,6578000.0,6024658000.0,97982000.0,1.296,1.086,535010000.0,125000000.0,410010000.0,535010000.0,0.0,71170000.0,0.0,0.423,3.518,182697000.0,253867000.0,0.04,253867000.0,182697000.0,149964000.0,0.427,0.422,0.427,1184211000.0,,1184211000.0,2432025078.0,13.0,9.58,292962000.0,1.303,1.0,357599000.0,0.056,0.0,32733000.0,2455267000.0,,312090000.0,0.0,0.0,0.0,1285524000.0,542900000.0,742624000.0,1868486078.0,3342000.0,-3860000.0,19173000.0,-23102000.0,-17963000.0,-236545000.0,-165830000.0,0.0,405717000.0,0.0,97982000.0,97982000.0,97982000.0,432000.0,0.0,0.015,178871000.0,178728000.0,378528000.0,8.239,1.578,19.07,19.467,1630246000.0,0.0,8.312,0.293,0.293,323990000.0,72695000.0,6382257000.0,6382257000.0,0.0,,,,0.029,0.0,70028000.0,1.0,224780280.0,224804000,229412000.0,28.39,2469735000.0,38783000.0,51982000.0,280839000.0,10.986,160821000.0
93,VLO,MRT,1998-03-31,1998-03-31,1998-03-31,2021-08-25,0.0,2431162000.0,,687209000.0,1743953000.0,,5.113,-94724000.0,9808000.0,9808000.0,5958442000.0,74772000.0,1.217,1.117,573347000.0,175000000.0,398347000.0,573347000.0,0.0,68611000.0,0.0,0.419,3.498,164881000.0,233492000.0,0.037,233492000.0,164881000.0,125067000.0,0.323,0.323,0.323,1148348000.0,,1148348000.0,2407591063.0,15.0,10.311,142064000.0,0.633,1.0,338335000.0,0.054,0.0,39814000.0,2430192000.0,,334311000.0,0.0,0.0,0.0,1282814000.0,564509000.0,718305000.0,1865343063.0,9797000.0,-355595000.0,35181000.0,485646000.0,-19761000.0,283578000.0,-510569000.0,0.0,236788000.0,0.0,74772000.0,72946000.0,72946000.0,11301000.0,0.0,0.012,168131000.0,170204000.0,338836000.0,10.83,1.624,25.572,25.836,1606828000.0,1826000.0,8.345,0.296,0.298,271869000.0,37251000.0,6296777000.0,6296777000.0,0.0,,,,0.026,0.0,61847000.0,1.0,223528228.0,224596000,224596000.0,28.036,2431162000.0,37587000.0,50295000.0,269280000.0,10.825,122700000.0
94,VLO,MRT,1997-12-31,1997-12-31,1997-12-31,2021-08-25,0.0,2493043000.0,2239337000.0,789025000.0,1704018000.0,2.571,5.608,-69284000.0,9935000.0,9935000.0,5426438000.0,96096000.0,1.321,1.151,552183000.0,122000000.0,430183000.0,552183000.0,0.0,65175000.0,0.0,0.442,3.478,202340000.0,267515000.0,0.046,267515000.0,202340000.0,159885000.0,0.443,0.435,0.443,1158841000.0,1117333000.0,1158841000.0,,,,151813000.0,0.735,1.0,329782000.0,0.057,0.0,42455000.0,2438007000.0,2280058000.0,369355000.0,0.0,0.0,0.0,1334202000.0,597284000.0,736918000.0,1756931872.0,9925000.0,-355595000.0,49761000.0,468229000.0,-21031000.0,275548000.0,-486720000.0,0.0,221097000.0,0.0,96096000.0,91504000.0,91504000.0,15672000.0,0.0,0.016,118748000.0,211034000.0,414305000.0,7.851,1.516,19.201,17.743,1592533000.0,4592000.0,7.86,0.305,0.282,366315000.0,47626000.0,5756220000.0,5756220000.0,0.0,0.041,0.082,0.089,0.035,0.0,53573000.0,1.0,223528228.0,206648000,220516000.0,27.855,2493043000.0,17155000.0,63789000.0,256858000.0,12.064,191741000.0
95,VLO,MRT,1997-09-30,1997-09-30,1997-09-30,2021-08-25,,,,,,,,,,,,,,,,,,,,,,0.421,3.458,,,,,,,,,,,,,,,,,,1.0,,,,,,,,,,,,,,,,,,,,,,,,,,,,,,,,,,,,,,,,8.22,,,,,,,,,,,,,,1.0,,223800000,,,,,,,,
96,VLO,MRT,1997-06-30,1997-06-30,1997-06-30,2021-08-25,,,,,,,,,,,,,,,,,,,,,,0.0,0.0,,,,,,,,,,,,,,,,,,1.0,,,,,,,,,,,,,,,,,,,,,,,,,,,,,,,,,,,,,,,,9.062,,,,,,,,,,,,,,1.0,,200656000,,,,,,,,
97,VLO,MRT,1997-03-31,1997-03-31,1997-03-31,2021-08-25,,,,,,,,,,,,,,,,,,,,,,0.0,0.0,,,,,,,,,,,,,,,,,,1.0,,,,,,,,,,,,,,,,,,,,,,,,,,,,,,,,,,,,,,,,9.095,,,,,,,,,,,,,,1.0,,177648000,,,,,,,,
98,VLO,MRT,1996-12-31,1996-12-31,1996-12-31,2021-08-25,0.0,1985631000.0,,351849000.0,1633782000.0,,6.123,-59412000.0,10000.0,10000.0,2581836000.0,72701000.0,1.171,0.846,437072000.0,83765000.0,353307000.0,437072000.0,0.0,55021000.0,0.0,0.0,0.0,127846000.0,182867000.0,0.066,182867000.0,127846000.0,89312000.0,0.35,0.355,0.35,1075825000.0,,1075825000.0,,,,187096000.0,1.065,1.0,176017000.0,0.064,0.0,38534000.0,2122109000.0,,159871000.0,0.0,0.0,0.0,909806000.0,300584000.0,609222000.0,,-3000.0,0.0,7225000.0,-51617000.0,-22837000.0,-84347000.0,-162164000.0,0.0,246508000.0,0.0,72701000.0,61374000.0,61374000.0,-50229000.0,0.0,0.022,86269000.0,89748000.0,191555000.0,0.0,,,20.443,1232210000.0,11327000.0,7.155,,0.456,162457000.0,496839000.0,2757853000.0,2757853000.0,0.0,,,,0.046,0.0,31248000.0,1.0,,175704000,203108000.0,15.696,1985631000.0,17587000.0,16611000.0,224548000.0,11.301,51265000.0
99,VLO,MRT,1995-12-31,1995-12-31,1995-12-31,2021-08-25,,,,,,,,-89346000.0,,,1560324000.0,59838000.0,,,,,,,,57167000.0,,0.0,0.0,131227000.0,188394000.0,0.106,188394000.0,131227000.0,90292000.0,0.275,0.292,0.275,,,,,,,77377000.0,0.443,1.0,212314000.0,0.12,,40935000.0,,,,,,,,,,,-5022000.0,-2018000.0,1684000.0,30279000.0,-22698000.0,-8341000.0,-163404000.0,0.0,166723000.0,0.0,59838000.0,48020000.0,48020000.0,-1596000.0,0.0,0.027,88559000.0,123755000.0,,0.0,,,22.273,,11818000.0,6.125,,0.603,,,1772638000.0,1772638000.0,0.0,,,,0.074,0.0,31392000.0,1.0,,174608000,200972000.0,10.152,,,30454000.0,,,
