None,ticker,dimension,calendardate,datekey,reportperiod,lastupdated,accoci,assets,assetsavg,assetsc,assetsnc,assetturnover,bvps,capex,cashneq,cashnequsd,cor,consolinc,currentratio,de,debt,debtc,debtnc,debtusd,deferredrev,depamor,deposits,divyield,dps,ebit,ebitda,ebitdamargin,ebitdausd,ebitusd,ebt,eps,epsdil,epsusd,equity,equityavg,equityusd,ev,evebit,evebitda,fcf,fcfps,fxusd,gp,grossmargin,intangibles,intexp,invcap,invcapavg,inventory,investments,investmentsc,investmentsnc,liabilities,liabilitiesc,liabilitiesnc,marketcap,ncf,ncfbus,ncfcommon,ncfdebt,ncfdiv,ncff,ncfi,ncfinv,ncfo,ncfx,netinc,netinccmn,netinccmnusd,netincdis,netincnci,netmargin,opex,opinc,payables,payoutratio,pb,pe,pe1,ppnenet,prefdivis,price,ps,ps1,receivables,retearn,revenue,revenueusd,rnd,roa,roe,roic,ros,sbcomp,sgna,sharefactor,sharesbas,shareswa,shareswadil,sps,tangibles,taxassets,taxexp,taxliabilities,tbvps,workingcapital
0,AIT,MRY,2021-12-31,2021-06-30,2021-06-30,2021-08-17,-93092000.0,2271807000.0,2266866250.0,1196575000.0,1075232000.0,1.427,23.998,-14700000.0,257745000.0,257745000.0,2300395000.0,144757000.0,2.798,1.436,828380000.0,43525000.0,784855000.0,828380000.0,0.0,55145000.0,0.0,0.014,1.3,207869000.0,263014000.0,0.081,263014000.0,207869000.0,177062000.0,3.73,3.68,3.73,932546000.0,908391500.0,932546000.0,4086567780.0,20.0,15.537,226997000.0,5.841,1.0,935524000.0,0.289,839705000.0,30807000.0,1575037000.0,1553182500.0,362547000.0,0.0,0.0,0.0,1339261000.0,427700000.0,911561000.0,3538535780.0,-10806000.0,-30230000.0,-39926000.0,-106282000.0,-50664000.0,-213037000.0,-44930000.0,0.0,241697000.0,5464000.0,144757000.0,144757000.0,144757000.0,0.0,0.0,0.045,730070000.0,205454000.0,208162000.0,0.349,3.794,24.445,24.413,202700000.0,0.0,91.06,1.094,1.094,516322000.0,1294413000.0,3235919000.0,3235919000.0,0.0,0.064,0.159,0.134,0.064,8980000.0,680542000.0,1.0,38859387.0,38859387.0,,83.273,1432102000.0,0.0,32305000.0,0.0,36.853,768875000.0
1,AIT,MRY,2020-12-31,2020-06-30,2020-06-30,2021-08-17,-129430000.0,2283551000.0,2355452250.0,1159769000.0,1123782000.0,1.378,21.793,-18167000.0,268551000.0,268551000.0,2307916000.0,24042000.0,2.722,1.707,933789000.0,78646000.0,855143000.0,933789000.0,0.0,62749000.0,0.0,0.02,1.26,92500000.0,155249000.0,0.048,155249000.0,92500000.0,55236000.0,0.62,0.62,0.62,843542000.0,890892000.0,843542000.0,3192865730.0,35.0,20.566,278547000.0,7.196,1.0,937736000.0,0.289,883809000.0,37264000.0,1638897000.0,1726583000.0,389150000.0,0.0,0.0,0.0,1440009000.0,426083000.0,1013926000.0,2414929730.0,160332000.0,-37237000.0,330000.0,-24648000.0,-48873000.0,-78238000.0,-55404000.0,0.0,296714000.0,-2740000.0,24042000.0,24042000.0,24042000.0,0.0,0.0,0.007,848747000.0,88989000.0,186270000.0,2.032,2.863,100.446,100.629,212537000.0,0.0,62.39,0.744,0.744,449998000.0,1200570000.0,3245652000.0,3245652000.0,0.0,0.01,0.027,0.054,0.028,6954000.0,717747000.0,1.0,38707000.0,38707000.0,,83.852,1399742000.0,0.0,31194000.0,0.0,36.163,733686000.0
2,AIT,MRY,2019-12-31,2019-06-30,2019-06-30,2021-08-17,-99886000.0,2331697000.0,2312545750.0,1148138000.0,1183559000.0,1.502,23.243,-17967000.0,108219000.0,108219000.0,2465116000.0,143993000.0,2.709,1.599,957886000.0,49036000.0,908850000.0,957886000.0,0.0,62119000.0,0.0,0.02,1.22,235269000.0,297388000.0,0.086,297388000.0,235269000.0,194481000.0,3.72,3.68,3.72,897034000.0,885150750.0,897034000.0,3308981441.0,14.0,11.127,162634000.0,4.214,1.0,1007623000.0,0.29,1030857000.0,40788000.0,1726713000.0,1750276000.0,447555000.0,0.0,0.0,0.0,1434663000.0,423794000.0,1010869000.0,2374649441.0,54069000.0,-37526000.0,-11158000.0,-7013000.0,-47266000.0,-71539000.0,-55102000.0,0.0,180601000.0,109000.0,143993000.0,143993000.0,143993000.0,0.0,0.0,0.041,773835000.0,233788000.0,237289000.0,0.328,2.647,16.491,16.54,124303000.0,0.0,61.53,0.684,0.684,540902000.0,1229148000.0,3472739000.0,3472739000.0,0.0,0.062,0.163,0.134,0.068,6911000.0,742241000.0,1.0,38593360.0,38593360.0,,89.983,1300840000.0,0.0,50488000.0,0.0,33.706,724344000.0
3,AIT,MRY,2018-12-31,2018-06-30,2018-06-30,2021-08-17,-90223000.0,2285741000.0,1837213250.0,1058020000.0,1227721000.0,1.673,21.06,-22252000.0,54150000.0,54150000.0,2189279000.0,141625000.0,2.446,1.805,963705000.0,19183000.0,944522000.0,963705000.0,0.0,49863000.0,0.0,0.017,1.18,228860000.0,278723000.0,0.091,278723000.0,228860000.0,204718000.0,3.65,3.61,3.65,814963000.0,793480250.0,814963000.0,3707532778.0,16.0,13.302,125052000.0,3.232,1.0,883995000.0,0.288,1082590000.0,24142000.0,1680155000.0,1361262250.0,422069000.0,0.0,0.0,0.0,1470778000.0,432551000.0,1038227000.0,2714546778.0,-50907000.0,-775654000.0,-22676000.0,670782000.0,-45858000.0,600284000.0,-797906000.0,0.0,147304000.0,-589000.0,141625000.0,141625000.0,141625000.0,0.0,0.0,0.046,658168000.0,225827000.0,256886000.0,0.323,3.331,19.167,19.219,121343000.0,0.0,70.15,0.883,0.883,548811000.0,1129678000.0,3073274000.0,3073274000.0,0.0,0.077,0.178,0.168,0.074,6627000.0,658168000.0,1.0,38696319.0,38696319.0,,79.42,1203151000.0,0.0,63093000.0,0.0,31.092,625469000.0
4,AIT,MRY,2017-12-31,2017-06-30,2017-06-30,2021-08-17,-81702000.0,1387595000.0,1332060250.0,882542000.0,505053000.0,1.947,19.094,-14121000.0,105057000.0,105057000.0,1856051000.0,133910000.0,2.849,0.862,291583000.0,4814000.0,286769000.0,291583000.0,0.0,39677000.0,0.0,0.019,1.14,175797000.0,215474000.0,0.083,215474000.0,175797000.0,166966000.0,3.43,3.4,3.43,745256000.0,703245750.0,745256000.0,2558859011.0,15.0,11.875,150498000.0,3.856,1.0,737695000.0,0.284,369697000.0,8831000.0,894671000.0,922617000.0,345145000.0,0.0,0.0,0.0,642339000.0,309753000.0,332586000.0,2304778011.0,45196000.0,-2773000.0,-7586000.0,-36353000.0,-44619000.0,-103349000.0,-16894000.0,0.0,164619000.0,820000.0,133910000.0,133910000.0,133910000.0,0.0,0.0,0.052,562309000.0,175386000.0,180614000.0,0.332,3.093,17.211,17.216,108068000.0,0.0,59.05,0.889,0.889,390931000.0,1033751000.0,2593746000.0,2593746000.0,0.0,0.101,0.19,0.191,0.068,5520000.0,562309000.0,1.0,39030957.0,39030957.0,,66.454,1017898000.0,0.0,33056000.0,0.0,26.079,572789000.0
5,AIT,MRY,2016-12-31,2016-06-30,2016-06-30,2021-08-17,-85546000.0,1312025000.0,1343254750.0,781521000.0,530504000.0,1.876,16.858,-12527000.0,59861000.0,59861000.0,1812006000.0,29577000.0,2.849,0.994,327830000.0,3247000.0,324583000.0,327830000.0,0.0,41546000.0,0.0,0.024,1.1,87982000.0,129528000.0,0.051,129528000.0,87982000.0,78978000.0,0.75,0.75,0.75,657916000.0,683112000.0,657916000.0,2069937416.0,24.0,15.981,149487000.0,3.83,1.0,707422000.0,0.281,393940000.0,9004000.0,911771000.0,970509250.0,338221000.0,0.0,0.0,0.0,654109000.0,274283000.0,379826000.0,1761698416.0,-9609000.0,-62504000.0,-36569000.0,6619000.0,-43330000.0,-93007000.0,-75031000.0,0.0,162014000.0,-3585000.0,29577000.0,29577000.0,29577000.0,0.0,0.0,0.012,617640000.0,89782000.0,148543000.0,1.467,2.678,59.563,60.187,107765000.0,0.0,45.14,0.699,0.699,347857000.0,944821000.0,2519428000.0,2519428000.0,0.0,0.022,0.043,0.091,0.035,4067000.0,552846000.0,1.0,39027435.0,39027435.0,,64.555,918085000.0,12277000.0,49401000.0,0.0,23.524,507238000.0
6,AIT,MRY,2015-12-31,2015-06-30,2015-06-30,2021-08-17,-60171000.0,1432556000.0,1462019500.0,846010000.0,586546000.0,1.882,18.46,-13001000.0,69470000.0,69470000.0,1981747000.0,115484000.0,2.728,0.932,320995000.0,3349000.0,317646000.0,320995000.0,0.0,42375000.0,0.0,0.026,1.04,183992000.0,226367000.0,0.082,226367000.0,183992000.0,175871000.0,2.82,2.8,2.82,741328000.0,762502500.0,741328000.0,1926828950.0,10.0,8.512,144006000.0,3.586,1.0,769814000.0,0.28,453234000.0,8121000.0,920775000.0,1011399500.0,362419000.0,0.0,0.0,0.0,691228000.0,310072000.0,381156000.0,1592317950.0,-1719000.0,-160620000.0,-76280000.0,150283000.0,-42663000.0,22220000.0,-173621000.0,0.0,157007000.0,-7325000.0,115484000.0,115484000.0,115484000.0,0.0,0.0,0.042,585195000.0,184619000.0,179825000.0,0.369,2.148,13.788,14.06,104447000.0,0.0,39.65,0.579,0.579,376305000.0,969548000.0,2751561000.0,2751561000.0,0.0,0.079,0.151,0.182,0.067,4461000.0,585195000.0,1.0,40159343.0,40159343.0,,68.516,979322000.0,10980000.0,60387000.0,0.0,24.386,535938000.0
7,AIT,MRY,2014-12-31,2014-06-30,2014-06-30,2021-08-17,-1615000.0,1334169000.0,1138767000.0,836148000.0,498021000.0,2.16,19.159,-19313000.0,71189000.0,71189000.0,1772952000.0,112821000.0,2.874,0.667,170712000.0,2720000.0,167992000.0,170712000.0,0.0,28000000.0,0.0,0.019,0.96,167162000.0,195162000.0,0.079,195162000.0,167162000.0,166262000.0,2.69,2.67,2.69,800308000.0,782370250.0,800308000.0,2079989500.0,12.0,10.658,90797000.0,2.174,1.0,686926000.0,0.279,353002000.0,900000.0,789735000.0,625226750.0,335747000.0,0.0,0.0,0.0,533861000.0,290955000.0,242906000.0,2119075500.0,-1975000.0,-184324000.0,-36636000.0,168353000.0,-40410000.0,92142000.0,-203637000.0,0.0,110110000.0,-590000.0,112821000.0,112821000.0,112821000.0,0.0,0.0,0.046,522568000.0,164358000.0,172401000.0,0.357,2.648,18.783,18.859,103596000.0,0.0,50.73,0.861,0.861,375732000.0,896776000.0,2459878000.0,2459878000.0,0.0,0.099,0.144,0.267,0.068,4672000.0,522568000.0,1.0,41771644.0,41771644.0,,58.889,981167000.0,21166000.0,53441000.0,0.0,23.489,545193000.0
8,AIT,MRY,2013-12-31,2013-06-30,2013-06-30,2021-08-17,-3421000.0,1058706000.0,1033509000.0,737280000.0,321426000.0,2.382,18.026,-11235000.0,73164000.0,73164000.0,1779209000.0,118149000.0,2.998,0.394,0.0,0.0,0.0,0.0,0.0,25734000.0,0.0,0.018,0.88,178286000.0,204020000.0,0.083,204020000.0,178286000.0,177665000.0,2.81,2.78,2.81,759615000.0,730701500.0,759615000.0,1993532954.0,11.0,9.771,100162000.0,2.377,1.0,682962000.0,0.277,198116000.0,621000.0,541526000.0,541509000.0,281417000.0,0.0,0.0,0.0,299091000.0,245900000.0,53191000.0,2036615954.0,-5278000.0,-67590000.0,446000.0,0.0,-37194000.0,-38025000.0,-78825000.0,0.0,111397000.0,175000.0,118149000.0,118149000.0,118149000.0,0.0,0.0,0.048,506563000.0,176399000.0,136575000.0,0.313,2.681,17.238,17.199,83243000.0,0.0,48.33,0.827,0.827,329880000.0,824362000.0,2462171000.0,2462171000.0,0.0,0.114,0.162,0.329,0.072,6002000.0,506563000.0,1.0,42139788.0,42139788.0,,58.429,860590000.0,21026000.0,59516000.0,0.0,20.422,491380000.0
9,AIT,MRY,2012-12-31,2012-06-30,2012-06-30,2021-08-17,-4569000.0,962183000.0,928689750.0,665762000.0,296421000.0,2.558,15.928,-24763000.0,78442000.0,78442000.0,1720973000.0,108779000.0,2.892,0.432,0.0,0.0,0.0,0.0,0.0,22701000.0,0.0,0.022,0.8,167283000.0,189984000.0,0.08,189984000.0,167283000.0,166826000.0,2.58,2.54,2.58,672131000.0,655835000.0,672131000.0,1475554693.0,9.0,7.767,65659000.0,1.556,1.0,654472000.0,0.276,167920000.0,457000.0,485652000.0,472022750.0,228506000.0,0.0,0.0,0.0,290052000.0,230169000.0,59883000.0,1554962693.0,-12650000.0,-14671000.0,-30711000.0,0.0,-33800000.0,-60816000.0,-39434000.0,0.0,90422000.0,-2822000.0,108779000.0,108779000.0,108779000.0,0.0,0.0,0.046,486077000.0,168395000.0,120890000.0,0.31,2.313,14.295,14.283,83103000.0,0.0,36.85,0.655,0.655,307043000.0,743360000.0,2375445000.0,2375445000.0,0.0,0.117,0.166,0.354,0.07,6650000.0,486077000.0,1.0,42197088.0,42197088.0,,56.294,794263000.0,26424000.0,58047000.0,0.0,18.823,435593000.0
10,AIT,MRY,2011-12-31,2011-06-30,2011-06-30,2021-08-17,5059000.0,914931000.0,877282000.0,618914000.0,296017000.0,2.522,14.952,-19105000.0,91092000.0,91092000.0,1599739000.0,96759000.0,2.883,0.444,0.0,0.0,0.0,0.0,0.0,22616000.0,0.0,0.02,0.7,154969000.0,177585000.0,0.08,177585000.0,154969000.0,152888000.0,2.28,2.24,2.28,633563000.0,601269750.0,633563000.0,1420303041.0,9.0,7.998,57737000.0,1.363,1.0,613110000.0,0.277,166532000.0,2081000.0,442619000.0,426272500.0,204066000.0,0.0,0.0,0.0,281368000.0,214688000.0,66680000.0,1508862041.0,-84685000.0,-30504000.0,-5424000.0,-75000000.0,-29751000.0,-116523000.0,-47887000.0,0.0,76842000.0,2883000.0,96759000.0,96759000.0,96759000.0,0.0,0.0,0.044,462347000.0,150763000.0,108509000.0,0.307,2.382,15.594,15.618,69014000.0,0.0,35.61,0.682,0.682,290751000.0,668421000.0,2212849000.0,2212849000.0,0.0,0.11,0.161,0.364,0.07,5852000.0,462347000.0,1.0,42371863.0,42371863.0,,52.224,748399000.0,43447000.0,56129000.0,0.0,17.663,404226000.0
11,AIT,MRY,2010-12-31,2010-06-30,2010-06-30,2021-08-17,-6048000.0,891520000.0,848718000.0,618860000.0,272660000.0,2.231,13.11,-6684000.0,175777000.0,175777000.0,1377486000.0,65903000.0,2.281,0.606,75000000.0,75000000.0,0.0,75000000.0,0.0,21616000.0,0.0,0.024,0.6,110755000.0,132371000.0,0.07,132371000.0,110755000.0,105017000.0,1.56,1.54,1.56,555039000.0,530739250.0,555039000.0,990731350.0,9.0,7.485,177640000.0,4.196,1.0,515722000.0,0.272,149321000.0,5738000.0,370090000.0,398444750.0,173253000.0,0.0,0.0,0.0,336481000.0,271332000.0,65149000.0,1071997350.0,148135000.0,-100000.0,-2590000.0,-5000000.0,-25416000.0,-30514000.0,-6784000.0,0.0,184324000.0,1109000.0,65903000.0,65903000.0,65903000.0,0.0,0.0,0.035,405672000.0,110050000.0,94529000.0,0.385,1.931,16.266,16.231,58471000.0,0.0,25.32,0.566,0.566,246402000.0,601370000.0,1893208000.0,1893208000.0,0.0,0.078,0.124,0.278,0.059,5381000.0,405672000.0,1.0,42337968.0,42337968.0,,44.717,742199000.0,48493000.0,39114000.0,0.0,17.53,347528000.0
12,AIT,MRY,2009-12-31,2009-06-30,2009-06-30,2021-08-17,-7849000.0,809328000.0,864774500.0,525594000.0,283734000.0,2.224,12.025,-6231000.0,27642000.0,27642000.0,1403138000.0,42260000.0,3.357,0.593,80000000.0,5000000.0,75000000.0,80000000.0,0.0,22391000.0,0.0,0.03,0.6,71337000.0,93728000.0,0.049,93728000.0,71337000.0,65814000.0,1.0,0.99,1.0,508102000.0,508304500.0,508102000.0,909196113.0,13.0,9.7,75069000.0,1.777,1.0,520010000.0,0.27,158940000.0,5523000.0,546190000.0,529988000.0,254690000.0,0.0,0.0,0.0,301226000.0,156556000.0,144670000.0,832412113.0,-74188000.0,-172199000.0,-802000.0,55000000.0,-25378000.0,28502000.0,-178430000.0,0.0,81300000.0,-5560000.0,42260000.0,42260000.0,42260000.0,0.0,0.0,0.022,447517000.0,72493000.0,80655000.0,0.6,1.638,19.697,19.7,62735000.0,0.0,19.7,0.433,0.433,198792000.0,560574000.0,1923148000.0,1923148000.0,0.0,0.049,0.083,0.135,0.037,4502000.0,410912000.0,1.0,42254422.0,42254422.0,,45.514,650388000.0,46650000.0,23554000.0,0.0,15.392,369038000.0
13,AIT,MRY,2008-12-31,2008-06-30,2008-06-30,2021-08-17,6249000.0,798771000.0,775265250.0,606197000.0,192574000.0,2.695,11.871,-7038000.0,101830000.0,101830000.0,1520173000.0,95456000.0,3.077,0.591,25000000.0,0.0,25000000.0,25000000.0,0.0,14439000.0,0.0,0.025,0.6,156654000.0,171093000.0,0.082,171093000.0,156654000.0,151715000.0,2.23,2.19,2.23,502075000.0,482544250.0,502075000.0,976706682.0,6.0,5.709,103265000.0,2.442,1.0,569283000.0,0.272,83849000.0,4939000.0,441081000.0,453904750.0,210723000.0,0.0,0.0,0.0,296696000.0,197011000.0,99685000.0,1022286682.0,-17835000.0,-22105000.0,-31560000.0,-50000000.0,-25728000.0,-103527000.0,-26839000.0,0.0,110303000.0,2228000.0,95456000.0,95456000.0,95456000.0,0.0,0.0,0.046,416459000.0,152824000.0,109822000.0,0.269,2.036,10.71,10.839,64997000.0,0.0,24.17,0.489,0.489,245119000.0,543692000.0,2089456000.0,2089456000.0,0.0,0.123,0.198,0.345,0.075,2999000.0,416459000.0,1.0,42295684.0,42295684.0,,49.401,714922000.0,0.0,56259000.0,0.0,16.903,409186000.0
14,AIT,MRY,2007-12-31,2007-06-30,2007-06-30,2021-08-17,-682000.0,777369000.0,742638500.0,600533000.0,176836000.0,2.712,10.471,-9917000.0,119665000.0,119665000.0,1466057000.0,86022000.0,2.555,0.724,75395000.0,50395000.0,25000000.0,75395000.0,0.0,14534000.0,0.0,0.016,0.48,139628000.0,154162000.0,0.077,154162000.0,139628000.0,133830000.0,1.97,1.93,1.97,450983000.0,435194250.0,450983000.0,1261138200.0,9.0,8.181,61008000.0,1.416,1.0,548052000.0,0.272,66262000.0,5798000.0,431827000.0,448608000.0,199886000.0,0.0,0.0,0.0,326386000.0,235010000.0,91376000.0,1270563200.0,13237000.0,0.0,-31325000.0,0.0,-20970000.0,-48410000.0,-10219000.0,0.0,70925000.0,941000.0,86022000.0,86022000.0,86022000.0,0.0,0.0,0.043,413041000.0,135011000.0,97166000.0,0.244,2.817,14.77,14.975,67788000.0,0.0,29.5,0.631,0.631,248698000.0,473899000.0,2014109000.0,2014109000.0,0.0,0.116,0.198,0.311,0.069,2927000.0,413041000.0,1.0,43069939.0,43069939.0,,46.764,711107000.0,0.0,47808000.0,0.0,16.511,365523000.0
15,AIT,MRY,2006-12-31,2006-06-30,2006-06-30,2021-08-17,4796000.0,730671000.0,708126750.0,558444000.0,172227000.0,2.684,9.279,-9813000.0,106428000.0,106428000.0,1386895000.0,72299000.0,2.964,0.761,76186000.0,0.0,76186000.0,76186000.0,0.0,13860000.0,0.0,0.016,0.4,118622000.0,132482000.0,0.07,132482000.0,118622000.0,113099000.0,1.62,1.57,1.62,414822000.0,406643750.0,414822000.0,1086942424.0,9.0,8.204,60040000.0,1.343,1.0,513885000.0,0.27,57222000.0,5523000.0,454776000.0,470803000.0,190537000.0,0.0,0.0,0.0,315849000.0,188431000.0,127418000.0,1086783424.0,-20708000.0,-27672000.0,-52209000.0,0.0,-17973000.0,-53782000.0,-37914000.0,0.0,69853000.0,1135000.0,72299000.0,72299000.0,72299000.0,0.0,0.0,0.038,398293000.0,115592000.0,109440000.0,0.247,2.62,15.032,15.006,70794000.0,0.0,24.31,0.572,0.572,231524000.0,408847000.0,1900780000.0,1900780000.0,0.0,0.102,0.178,0.252,0.062,2978000.0,398293000.0,1.0,44705200.0,44705200.0,,42.518,673449000.0,0.0,40800000.0,0.0,15.064,370013000.0
16,AIT,MRY,2005-12-31,2005-06-30,2005-06-30,2021-08-17,-989000.0,690170000.0,644886000.0,527501000.0,162669000.0,2.663,8.725,-5188000.0,127136000.0,127136000.0,1262206000.0,55339000.0,2.903,0.755,76977000.0,0.0,76977000.0,76977000.0,0.0,14824000.0,0.0,0.013,0.284,92155000.0,106979000.0,0.062,106979000.0,92155000.0,86339000.0,1.24,1.2,1.24,393287000.0,373738250.0,393287000.0,964137587.0,10.0,9.012,75846000.0,1.683,1.0,454849000.0,0.265,51083000.0,5816000.0,407233000.0,427560000.0,175533000.0,0.0,0.0,0.0,296883000.0,181695000.0,115188000.0,970337587.0,57469000.0,-5914000.0,994000.0,0.0,-12740000.0,-11746000.0,-12539000.0,0.0,81034000.0,720000.0,55339000.0,55339000.0,55339000.0,0.0,0.0,0.032,366881000.0,87968000.0,99047000.0,0.229,2.467,17.534,17.36,71441000.0,0.0,21.527,0.565,0.565,202226000.0,354521000.0,1717055000.0,1717055000.0,0.0,0.086,0.148,0.216,0.054,2437000.0,366881000.0,1.0,45076072.0,45076072.0,,38.092,639087000.0,0.0,31000000.0,0.0,14.178,345806000.0
17,AIT,MRY,2004-12-31,2004-06-30,2004-06-30,2021-08-17,1121000.0,596841000.0,567793250.0,437351000.0,159490000.0,2.672,7.785,-13009000.0,69667000.0,69667000.0,1114861000.0,31471000.0,2.89,0.758,77767000.0,0.0,77767000.0,77767000.0,0.0,14381000.0,0.0,0.016,0.213,52285000.0,66666000.0,0.044,66666000.0,52285000.0,46471000.0,0.73,0.71,0.73,339535000.0,324441500.0,339535000.0,628454296.0,12.0,9.427,27854000.0,0.639,1.0,402143000.0,0.265,49852000.0,5814000.0,403760000.0,416944250.0,159594000.0,0.0,0.0,0.0,257306000.0,151329000.0,105977000.0,583875296.0,14588000.0,-1285000.0,2000000.0,-2850000.0,-9273000.0,-10123000.0,-15869000.0,0.0,40863000.0,-283000.0,31471000.0,31471000.0,31471000.0,0.0,0.0,0.021,350695000.0,51448000.0,76537000.0,0.292,1.72,18.553,18.338,77025000.0,0.0,13.387,0.385,0.385,189793000.0,311922000.0,1517004000.0,1517004000.0,0.0,0.055,0.097,0.125,0.034,2483000.0,350695000.0,1.0,43616182.0,43616182.0,,34.781,546989000.0,0.0,15000000.0,0.0,12.541,286022000.0
18,AIT,MRY,2003-12-31,2003-06-30,2003-06-30,2021-08-17,2054000.0,553404000.0,540810000.0,400494000.0,152910000.0,2.708,7.216,-4930000.0,55079000.0,55079000.0,1085072000.0,19832000.0,2.838,0.798,78558000.0,0.0,78558000.0,78558000.0,0.0,14469000.0,0.0,0.023,0.213,36609000.0,51078000.0,0.035,51078000.0,36609000.0,30932000.0,0.467,0.46,0.467,307856000.0,302043000.0,307856000.0,454903922.0,12.0,8.906,60195000.0,1.411,1.0,379295000.0,0.259,49687000.0,5677000.0,386061000.0,401019750.0,159798000.0,0.0,0.0,0.0,245548000.0,141135000.0,104413000.0,400072922.0,32019000.0,-10255000.0,-6639000.0,-5714000.0,-9154000.0,-18990000.0,-14791000.0,0.0,65125000.0,675000.0,19832000.0,19832000.0,19832000.0,0.0,0.0,0.014,343041000.0,36254000.0,75411000.0,0.456,1.3,20.173,20.081,77942000.0,0.0,9.378,0.273,0.273,173915000.0,289724000.0,1464367000.0,1464367000.0,0.0,0.037,0.066,0.091,0.025,0.0,343041000.0,1.0,42661804.0,42661804.0,,34.325,503717000.0,0.0,11100000.0,0.0,11.807,259359000.0
19,AIT,MRY,2002-12-31,2002-06-30,2002-06-30,2021-08-17,316000.0,534566000.0,556891000.0,381058000.0,153508000.0,2.598,6.906,-6440000.0,23060000.0,23060000.0,1080879000.0,2655000.0,2.922,0.793,83478000.0,0.0,83478000.0,83478000.0,0.0,15294000.0,0.0,0.025,0.213,18733000.0,34027000.0,0.024,34027000.0,18733000.0,11655000.0,0.062,0.058,0.062,298147000.0,298602500.0,298147000.0,452895768.0,24.0,13.31,64681000.0,1.498,1.0,365690000.0,0.253,46410000.0,7078000.0,418160000.0,452759500.0,166083000.0,0.0,0.0,0.0,236419000.0,130414000.0,106005000.0,374147768.0,9079000.0,-2574000.0,-11118000.0,-34952000.0,-9270000.0,-53302000.0,-8740000.0,0.0,71121000.0,0.0,2655000.0,2655000.0,2655000.0,0.0,0.0,0.002,334856000.0,30834000.0,76316000.0,3.435,1.255,140.922,139.785,83095000.0,0.0,8.667,0.259,0.259,180904000.0,279046000.0,1446569000.0,1446569000.0,0.0,0.005,0.009,0.041,0.013,2499000.0,334856000.0,1.0,43170896.0,43170896.0,,33.508,488156000.0,0.0,9000000.0,0.0,11.308,250644000.0
20,AIT,MRY,2001-12-31,2001-06-30,2001-06-30,2021-08-17,-182000.0,578854000.0,594216500.0,406460000.0,172394000.0,2.736,7.066,-7480000.0,13981000.0,13981000.0,1216456000.0,28048000.0,3.189,0.858,113494000.0,0.0,113494000.0,113494000.0,0.0,16364000.0,0.0,0.025,0.213,54734000.0,71098000.0,0.044,71098000.0,54734000.0,45348000.0,0.636,0.627,0.636,311518000.0,305479500.0,311518000.0,469960815.0,9.0,6.61,29737000.0,0.674,1.0,409299000.0,0.252,62021000.0,9386000.0,488887000.0,481463500.0,191570000.0,0.0,0.0,0.0,267336000.0,127459000.0,139877000.0,371333815.0,1632000.0,-5491000.0,-14098000.0,1326000.0,-9532000.0,-22304000.0,-13281000.0,0.0,37217000.0,0.0,28048000.0,28048000.0,28048000.0,0.0,0.0,0.017,354298000.0,55001000.0,75896000.0,0.335,1.192,13.239,13.242,90263000.0,0.0,8.422,0.228,0.228,190935000.0,285661000.0,1625755000.0,1625755000.0,0.0,0.047,0.092,0.114,0.034,6145000.0,354298000.0,1.0,44089767.0,44089767.0,,36.874,516833000.0,0.0,17300000.0,0.0,11.722,279001000.0
21,AIT,MRY,2000-12-31,2000-06-30,2000-06-30,2021-08-17,0.0,594667000.0,565522500.0,414991000.0,179676000.0,2.831,6.556,-4172000.0,12349000.0,12349000.0,1209494000.0,31048000.0,2.596,0.987,112168000.0,0.0,112168000.0,112168000.0,0.0,17500000.0,0.0,0.029,0.213,58322000.0,75822000.0,0.047,75822000.0,58322000.0,50548000.0,0.676,0.667,0.676,299331000.0,296324750.0,299331000.0,408759193.0,7.0,5.391,72272000.0,1.583,1.0,391590000.0,0.245,67089000.0,7774000.0,467538000.0,443947000.0,182102000.0,0.0,0.0,0.0,295336000.0,159859000.0,135477000.0,332378193.0,-6837000.0,-34522000.0,-20532000.0,-13832000.0,-9929000.0,-44293000.0,-38988000.0,0.0,76444000.0,0.0,31048000.0,31048000.0,31048000.0,0.0,0.0,0.019,333811000.0,57779000.0,93587000.0,0.315,1.11,10.705,10.769,97200000.0,0.0,7.28,0.208,0.208,212254000.0,267145000.0,1601084000.0,1601084000.0,0.0,0.055,0.105,0.131,0.036,5488000.0,333811000.0,1.0,45656345.0,45656345.0,,35.068,527578000.0,0.0,19500000.0,0.0,11.555,255132000.0
22,AIT,MRY,1999-12-31,1999-06-30,1999-06-30,2021-08-17,0.0,574349000.0,594501250.0,390846000.0,183503000.0,2.616,6.153,-9404000.0,19186000.0,19186000.0,1187245000.0,19933000.0,2.958,0.956,126000000.0,0.0,126000000.0,126000000.0,0.0,17325000.0,0.0,0.025,0.213,42696000.0,60021000.0,0.039,60021000.0,42696000.0,32633000.0,0.413,0.413,0.413,293586000.0,291419250.0,293586000.0,508458376.0,12.0,8.471,73726000.0,1.545,1.0,368179000.0,0.237,62351000.0,10063000.0,486696000.0,492493750.0,169689000.0,0.0,0.0,0.0,280763000.0,132116000.0,148647000.0,402889376.0,9842000.0,-12533000.0,-20585000.0,-26402000.0,-10397000.0,-57384000.0,-15904000.0,0.0,83130000.0,0.0,19933000.0,19933000.0,19933000.0,0.0,0.0,0.013,325910000.0,42269000.0,78836000.0,0.516,1.372,20.212,20.447,107239000.0,0.0,8.444,0.259,0.259,195736000.0,246026000.0,1555424000.0,1555424000.0,0.0,0.034,0.068,0.087,0.027,5331000.0,325910000.0,1.0,47710584.0,47710584.0,,32.601,511998000.0,0.0,12700000.0,0.0,10.731,258730000.0
23,AIT,MRY,1998-12-31,1998-06-30,1998-06-30,2021-08-17,0.0,606091000.0,500102500.0,414913000.0,191178000.0,2.982,6.032,-23906000.0,9344000.0,9344000.0,1113849000.0,30125000.0,2.148,1.024,152402000.0,62402000.0,90000000.0,152402000.0,0.0,16428000.0,0.0,0.023,0.207,59374000.0,75802000.0,0.051,75802000.0,59374000.0,49825000.0,0.622,0.613,0.622,299502000.0,253543000.0,299502000.0,572274705.0,10.0,7.55,-22703000.0,-0.457,1.0,377556000.0,0.253,53243000.0,9549000.0,502759000.0,418200000.0,192042000.0,0.0,0.0,0.0,306589000.0,193147000.0,113442000.0,453697705.0,-13061000.0,-32949000.0,-6359000.0,55483000.0,-10277000.0,38847000.0,-53111000.0,0.0,1203000.0,0.0,30125000.0,30125000.0,30125000.0,0.0,0.0,0.02,319036000.0,58520000.0,79091000.0,0.333,1.515,15.061,14.691,113069000.0,0.0,9.138,0.304,0.304,206313000.0,236109000.0,1491405000.0,1491405000.0,0.0,0.06,0.119,0.142,0.04,4569000.0,319036000.0,1.0,49650770.0,49650770.0,,30.038,552848000.0,0.0,19700000.0,0.0,11.135,221766000.0
24,AIT,MRY,1997-12-31,1997-06-30,1997-06-30,2021-08-17,0.0,394114000.0,,285459000.0,108655000.0,,,-14681000.0,22405000.0,22405000.0,854230000.0,27092000.0,2.364,0.899,88272000.0,36844000.0,51428000.0,88272000.0,0.0,13574000.0,0.0,0.017,0.184,51555000.0,65129000.0,0.056,65129000.0,51555000.0,45092000.0,0.653,0.64,0.653,207584000.0,,207584000.0,,,,27069000.0,,1.0,306021000.0,0.264,5604000.0,6463000.0,333641000.0,,103069000.0,0.0,0.0,0.0,186530000.0,120736000.0,65794000.0,,13162000.0,9090000.0,-3479000.0,-16070000.0,-7682000.0,-27231000.0,-1357000.0,0.0,41750000.0,0.0,27092000.0,27092000.0,27092000.0,0.0,0.0,0.023,255422000.0,50599000.0,49469000.0,0.282,,,16.335,90761000.0,0.0,10.667,,,153080000.0,216642000.0,1160251000.0,1160251000.0,0.0,,,,0.044,857000.0,255422000.0,1.0,,,,,388510000.0,0.0,18000000.0,0.0,,164723000.0
25,AIT,MRY,1996-12-31,1996-06-30,1996-06-30,2021-08-17,,,,,,,,-18733000.0,,,848682000.0,23334000.0,,,,,,,,13478000.0,,0.02,0.16,49809000.0,63287000.0,0.055,63287000.0,49809000.0,40834000.0,0.56,0.556,0.56,,,,,,,17703000.0,,1.0,295067000.0,0.258,,8975000.0,,,,,,,,,,,4454000.0,-4328000.0,-431000.0,5767000.0,-6528000.0,-1192000.0,-30790000.0,0.0,36436000.0,0.0,23334000.0,23334000.0,23334000.0,0.0,0.0,0.02,245786000.0,49281000.0,,0.286,,,14.286,,0.0,8.0,,,,,1143749000.0,1143749000.0,0.0,,,,0.044,1959000.0,245786000.0,1.0,,,,,,,17500000.0,,,
0,AIT,MRQ,2021-06-30,2021-06-30,2021-06-30,2021-08-17,-93092000.0,2271807000.0,,1196575000.0,1075232000.0,,23.998,-3214000.0,257745000.0,257745000.0,632904000.0,59244000.0,2.798,1.436,828380000.0,43525000.0,784855000.0,828380000.0,0.0,13266000.0,0.0,0.014,0.33,81770000.0,95036000.0,0.106,95036000.0,81770000.0,73882000.0,1.52,1.5,1.52,932546000.0,,932546000.0,4086567780.0,20.0,15.537,35074000.0,0.903,1.0,262984000.0,0.294,839705000.0,7888000.0,1575037000.0,,362547000.0,0.0,0.0,0.0,1339261000.0,427700000.0,911561000.0,3538535780.0,-46271000.0,-207000.0,-40089000.0,-23813000.0,-12892000.0,-82503000.0,-3421000.0,0.0,38288000.0,1365000.0,59244000.0,59244000.0,59244000.0,0.0,0.0,0.066,181883000.0,81101000.0,208162000.0,0.217,3.794,24.445,24.413,202700000.0,0.0,91.06,1.094,1.094,516322000.0,1294413000.0,895888000.0,895888000.0,0.0,,,,,2390000.0,181883000.0,1.0,38859387.0,38859387.0,,23.055,1432102000.0,0.0,14638000.0,0.0,36.853,768875000.0
1,AIT,MRQ,2021-03-31,2021-03-31,2021-03-31,2021-08-17,-98871000.0,2305388000.0,,1226356000.0,1079032000.0,,24.074,-3329000.0,304016000.0,304016000.0,593712000.0,56063000.0,2.633,1.466,852048000.0,78644000.0,773404000.0,852048000.0,0.0,13316000.0,0.0,0.014,0.33,76124000.0,89440000.0,0.106,89440000.0,76124000.0,68516000.0,1.44,1.42,1.44,934907000.0,,934907000.0,4113256634.0,24.0,17.733,40724000.0,1.049,1.0,247225000.0,0.294,846882000.0,7608000.0,1540792000.0,,358237000.0,0.0,0.0,0.0,1370481000.0,465746000.0,904735000.0,3540317634.0,15241000.0,1055000.0,0.0,-10209000.0,-12873000.0,-26280000.0,-2274000.0,0.0,44053000.0,-258000.0,56063000.0,56063000.0,56063000.0,0.0,0.0,0.067,172758000.0,74467000.0,217252000.0,0.229,3.787,30.652,30.697,201013000.0,0.0,91.17,1.155,1.155,510080000.0,1260761000.0,840937000.0,840937000.0,0.0,,,,,3095000.0,172758000.0,1.0,38832046.0,38835000.0,39412000.0,21.654,1458506000.0,0.0,12453000.0,0.0,37.556,760610000.0
2,AIT,MRQ,2020-12-31,2020-12-31,2020-12-31,2021-08-17,-107364000.0,2241017000.0,,1151596000.0,1089421000.0,,22.71,-4753000.0,288775000.0,288775000.0,541753000.0,-5334000.0,2.704,1.545,861714000.0,78638000.0,783076000.0,861714000.0,0.0,13485000.0,0.0,0.016,0.32,-2510000.0,10975000.0,0.015,10975000.0,-2510000.0,-10168000.0,-0.14,-0.14,-0.14,880707000.0,,880707000.0,3623309932.0,162.0,43.932,72761000.0,1.876,1.0,209534000.0,0.279,851838000.0,7658000.0,1536251000.0,,363757000.0,0.0,0.0,0.0,1360310000.0,425867000.0,934443000.0,3022891932.0,17715000.0,-31078000.0,163000.0,-9810000.0,-12484000.0,-27071000.0,-35831000.0,0.0,77514000.0,3103000.0,-5334000.0,-5334000.0,-5334000.0,0.0,0.0,-0.007,211956000.0,-2422000.0,196468000.0,-2.286,3.432,-129.527,-127.852,207507000.0,0.0,77.99,0.99,0.99,444200000.0,1217582000.0,751287000.0,751287000.0,0.0,,,,,2125000.0,162428000.0,1.0,38759994.0,38781000.0,38781000.0,19.373,1389179000.0,0.0,-4834000.0,0.0,35.821,725729000.0
3,AIT,MRQ,2020-09-30,2020-09-30,2020-09-30,2021-08-17,-121921000.0,2249253000.0,,1136334000.0,1112919000.0,,22.866,-3404000.0,271060000.0,271060000.0,532026000.0,34784000.0,2.744,1.54,871478000.0,78651000.0,792827000.0,871478000.0,0.0,15078000.0,0.0,0.023,0.32,52485000.0,67563000.0,0.09,67563000.0,52485000.0,44832000.0,0.9,0.89,0.9,885406000.0,,885406000.0,2798251017.0,33.0,19.16,78438000.0,2.026,1.0,215781000.0,0.289,874970000.0,7653000.0,1560650000.0,,365355000.0,0.0,0.0,0.0,1363847000.0,414051000.0,949796000.0,2133013017.0,2509000.0,0.0,0.0,-62450000.0,-12415000.0,-77183000.0,-3404000.0,0.0,81842000.0,1254000.0,34784000.0,34784000.0,34784000.0,0.0,0.0,0.047,163473000.0,52308000.0,181627000.0,0.356,2.409,106.507,108.039,209907000.0,0.0,55.1,0.68,0.68,447032000.0,1235351000.0,747807000.0,747807000.0,0.0,,,,,1370000.0,163473000.0,1.0,38711670.0,38722000.0,39088000.0,19.312,1374283000.0,0.0,10048000.0,0.0,35.491,722283000.0
4,AIT,MRQ,2020-06-30,2020-06-30,2020-06-30,2021-08-17,-129430000.0,2283551000.0,,1159769000.0,1123782000.0,,21.793,-3753000.0,268551000.0,268551000.0,516786000.0,29989000.0,2.722,1.707,933789000.0,78646000.0,855143000.0,933789000.0,0.0,15081000.0,0.0,0.02,0.32,48896000.0,63977000.0,0.088,63977000.0,48896000.0,40079000.0,0.77,0.77,0.77,843542000.0,,843542000.0,3192865730.0,35.0,20.566,123337000.0,3.186,1.0,208290000.0,0.287,883809000.0,8817000.0,1638897000.0,,389150000.0,0.0,0.0,0.0,1440009000.0,426083000.0,1013926000.0,2414929730.0,103087000.0,0.0,0.0,-9823000.0,-12453000.0,-22279000.0,-3753000.0,0.0,127090000.0,2029000.0,29989000.0,29989000.0,29989000.0,0.0,0.0,0.041,161262000.0,47028000.0,186270000.0,0.416,2.863,100.446,100.629,212537000.0,0.0,62.39,0.744,0.744,449998000.0,1200570000.0,725076000.0,725076000.0,0.0,,,,,2691000.0,161262000.0,1.0,38707000.0,38707000.0,,18.732,1399742000.0,0.0,10090000.0,0.0,36.163,733686000.0
5,AIT,MRQ,2020-03-31,2020-03-31,2020-03-31,2021-08-17,-135507000.0,2289529000.0,,1162519000.0,1127010000.0,,21.471,-2774000.0,165464000.0,165464000.0,594045000.0,-82777000.0,2.596,1.757,943400000.0,78642000.0,864758000.0,943400000.0,0.0,16482000.0,0.0,0.027,0.32,-76522000.0,-60040000.0,-0.072,-60040000.0,-76522000.0,-85327000.0,-2.14,-2.14,-2.14,830560000.0,,830560000.0,2588428443.0,22.0,14.426,61951000.0,1.602,1.0,236752000.0,0.285,892359000.0,8805000.0,1727245000.0,,421201000.0,0.0,0.0,0.0,1458969000.0,447861000.0,1011108000.0,1768383443.0,37315000.0,-847000.0,0.0,-4941000.0,-12418000.0,-19638000.0,-3621000.0,0.0,64725000.0,-4151000.0,-82777000.0,-82777000.0,-82777000.0,0.0,0.0,-0.1,314702000.0,-77950000.0,214253000.0,-0.15,2.129,52.232,52.552,210387000.0,0.0,45.72,0.52,0.52,524081000.0,1195411000.0,830797000.0,830797000.0,0.0,,,,,932000.0,183702000.0,1.0,38678553.0,38682000.0,38682000.0,21.478,1397170000.0,0.0,-2550000.0,0.0,36.119,714658000.0
6,AIT,MRQ,2019-12-31,2019-12-31,2019-12-31,2021-08-17,-97560000.0,2418997000.0,,1142555000.0,1276442000.0,,24.897,-6782000.0,128149000.0,128149000.0,592141000.0,38031000.0,2.716,1.514,948194000.0,73771000.0,874423000.0,948194000.0,0.0,15589000.0,0.0,0.019,0.31,58960000.0,74549000.0,0.089,74549000.0,58960000.0,49377000.0,0.98,0.97,0.98,962241000.0,,962241000.0,3432823831.0,15.0,11.83,48099000.0,1.245,1.0,241234000.0,0.289,1037694000.0,9583000.0,1780647000.0,,463609000.0,0.0,0.0,0.0,1456756000.0,420701000.0,1036055000.0,2577943831.0,29945000.0,-687000.0,330000.0,-4950000.0,-12017000.0,-17447000.0,-7469000.0,0.0,54881000.0,-20000.0,38031000.0,38031000.0,38031000.0,0.0,0.0,0.046,182489000.0,58745000.0,212312000.0,0.316,2.679,19.359,19.387,211666000.0,0.0,66.69,0.746,0.745,502894000.0,1290685000.0,833375000.0,833375000.0,0.0,,,,,1639000.0,182489000.0,1.0,38655628.0,38649000.0,39047000.0,21.563,1381303000.0,0.0,11346000.0,0.0,35.74,721854000.0
7,AIT,MRQ,2019-09-30,2019-09-30,2019-09-30,2021-08-17,-105133000.0,2429732000.0,,1144923000.0,1284809000.0,,24.015,-4858000.0,98204000.0,98204000.0,604944000.0,38799000.0,2.392,1.62,953084000.0,93912000.0,859172000.0,953084000.0,0.0,15597000.0,0.0,0.022,0.31,61166000.0,76763000.0,0.09,76763000.0,61166000.0,51107000.0,1.0,1.0,1.0,927225000.0,,927225000.0,3041984325.0,13.0,10.43,45160000.0,1.17,1.0,251460000.0,0.294,1046347000.0,10059000.0,1759543000.0,,465165000.0,0.0,0.0,0.0,1502507000.0,478722000.0,1023785000.0,2192317325.0,-10015000.0,-35703000.0,0.0,-4934000.0,-11985000.0,-18874000.0,-40561000.0,0.0,50018000.0,-598000.0,38799000.0,38799000.0,38799000.0,0.0,0.0,0.045,190294000.0,61166000.0,229368000.0,0.31,2.364,16.378,16.416,211651000.0,0.0,56.8,0.633,0.633,529330000.0,1264648000.0,856404000.0,856404000.0,0.0,,,,,1692000.0,190294000.0,1.0,38597136.0,38611000.0,38961000.0,22.18,1383385000.0,0.0,12308000.0,0.0,35.829,666201000.0
8,AIT,MRQ,2019-06-30,2019-06-30,2019-06-30,2021-08-17,-99886000.0,2331697000.0,,1148138000.0,1183559000.0,,23.243,-6905000.0,108219000.0,108219000.0,625392000.0,39803000.0,2.709,1.599,957886000.0,49036000.0,908850000.0,957886000.0,0.0,15251000.0,0.0,0.02,0.31,72907000.0,88158000.0,0.1,88158000.0,72907000.0,62120000.0,1.03,1.02,1.03,897034000.0,,897034000.0,3308981441.0,14.0,11.127,96530000.0,2.501,1.0,257351000.0,0.292,1030857000.0,10787000.0,1726713000.0,,447555000.0,0.0,0.0,0.0,1434663000.0,423794000.0,1010869000.0,2374649441.0,60852000.0,0.0,0.0,-23935000.0,-12012000.0,-36069000.0,-6905000.0,0.0,103435000.0,391000.0,39803000.0,39803000.0,39803000.0,0.0,0.0,0.045,185376000.0,71975000.0,237289000.0,0.301,2.647,16.491,16.54,124303000.0,0.0,61.53,0.684,0.684,540902000.0,1229148000.0,882743000.0,882743000.0,0.0,,,,,1364000.0,185376000.0,1.0,38593360.0,38593360.0,,22.873,1300840000.0,0.0,22317000.0,0.0,33.706,724344000.0
9,AIT,MRQ,2019-03-31,2019-03-31,2019-03-31,2021-08-17,-96994000.0,2322810000.0,,1125770000.0,1197040000.0,,22.846,-4210000.0,47367000.0,47367000.0,629884000.0,16535000.0,2.703,1.631,981699000.0,44163000.0,937536000.0,981699000.0,0.0,14937000.0,0.0,0.02,0.31,35765000.0,50702000.0,0.057,50702000.0,35765000.0,25818000.0,0.43,0.42,0.43,882848000.0,,882848000.0,3192807786.0,14.0,10.754,7376000.0,0.191,1.0,255559000.0,0.289,1040039000.0,9947000.0,1800546000.0,,454555000.0,0.0,0.0,0.0,1439962000.0,416557000.0,1023405000.0,2305040786.0,-32460000.0,-30626000.0,-11158000.0,13975000.0,-11979000.0,-9549000.0,-34836000.0,0.0,11586000.0,339000.0,16535000.0,16535000.0,16535000.0,0.0,0.0,0.019,221050000.0,34509000.0,240339000.0,0.721,2.611,15.946,15.944,123240000.0,0.0,59.47,0.661,0.659,574468000.0,1213314000.0,885443000.0,885443000.0,0.0,,,,,1939000.0,189456000.0,1.0,38759724.0,38643000.0,39039000.0,22.913,1282771000.0,0.0,9283000.0,0.0,33.195,709213000.0
10,AIT,MRQ,2018-12-31,2018-12-31,2018-12-31,2021-08-17,-94632000.0,2289988000.0,,1081783000.0,1208205000.0,,22.97,-3756000.0,79827000.0,79827000.0,597178000.0,38717000.0,2.747,1.573,967594000.0,44184000.0,923410000.0,967594000.0,0.0,16029000.0,0.0,0.022,0.3,60019000.0,76048000.0,0.091,76048000.0,60019000.0,50441000.0,1.0,0.99,1.0,889915000.0,,889915000.0,3006415717.0,12.0,9.441,50027000.0,1.291,1.0,242860000.0,0.289,1064299000.0,9578000.0,1719668000.0,,445881000.0,0.0,0.0,0.0,1400073000.0,393788000.0,1006285000.0,2090423717.0,23419000.0,-6900000.0,0.0,-4934000.0,-11941000.0,-19046000.0,-10265000.0,0.0,53783000.0,-1053000.0,38717000.0,38717000.0,38717000.0,0.0,0.0,0.046,181895000.0,60965000.0,232558000.0,0.3,2.349,12.699,12.692,122005000.0,0.0,53.94,0.609,0.609,512034000.0,1208748000.0,840038000.0,840038000.0,0.0,,,,,1914000.0,181895000.0,1.0,38754611.0,38743000.0,39247000.0,21.682,1225689000.0,0.0,11724000.0,0.0,31.636,687995000.0
11,AIT,MRQ,2018-09-30,2018-09-30,2018-09-30,2021-08-17,-84876000.0,2305688000.0,,1089083000.0,1216605000.0,,22.493,-3096000.0,56408000.0,56408000.0,612662000.0,48938000.0,2.763,1.648,972400000.0,19184000.0,953216000.0,972400000.0,0.0,15902000.0,0.0,0.015,0.3,66578000.0,82480000.0,0.095,82480000.0,66578000.0,56102000.0,1.26,1.24,1.26,870806000.0,,870806000.0,3939506976.0,16.0,13.18,8701000.0,0.225,1.0,251853000.0,0.291,1073330000.0,10476000.0,1754177000.0,,431658000.0,0.0,0.0,0.0,1434882000.0,394173000.0,1040709000.0,3029951976.0,2258000.0,0.0,0.0,7881000.0,-11334000.0,-6875000.0,-3096000.0,0.0,11797000.0,432000.0,48938000.0,48938000.0,48938000.0,0.0,0.0,0.057,185514000.0,66339000.0,241885000.0,0.238,3.479,19.318,19.321,119781000.0,0.0,78.25,0.93,0.93,565462000.0,1181683000.0,864515000.0,864515000.0,0.0,,,,,1694000.0,185514000.0,1.0,38721431.0,38714000.0,39364000.0,22.331,1232358000.0,0.0,7164000.0,0.0,31.832,694910000.0
12,AIT,MRQ,2018-06-30,2018-06-30,2018-06-30,2021-08-17,-90223000.0,2285741000.0,,1058020000.0,1227721000.0,,21.06,-5068000.0,54150000.0,54150000.0,634034000.0,40362000.0,2.446,1.805,963705000.0,19183000.0,944522000.0,963705000.0,0.0,15816000.0,0.0,0.017,0.3,71842000.0,87658000.0,0.098,87658000.0,71842000.0,60221000.0,1.04,1.03,1.04,814963000.0,,814963000.0,3707532778.0,16.0,13.302,94358000.0,2.438,1.0,263687000.0,0.294,1082590000.0,11621000.0,1680155000.0,,422069000.0,0.0,0.0,0.0,1470778000.0,432551000.0,1038227000.0,2714546778.0,10627000.0,2495000.0,97000.0,-72932000.0,-11668000.0,-84651000.0,-2573000.0,0.0,99426000.0,-1575000.0,40362000.0,40362000.0,40362000.0,0.0,0.0,0.045,192856000.0,70831000.0,256886000.0,0.288,3.331,19.167,19.219,121343000.0,0.0,70.15,0.883,0.883,548811000.0,1129678000.0,897721000.0,897721000.0,0.0,,,,,1667000.0,192856000.0,1.0,38696319.0,38696319.0,,23.199,1203151000.0,0.0,19859000.0,0.0,31.092,625469000.0
13,AIT,MRQ,2018-03-31,2018-03-31,2018-03-31,2021-08-17,-80000000.0,2272323000.0,,1051240000.0,1221083000.0,,20.842,-6320000.0,43523000.0,43523000.0,588141000.0,36592000.0,2.841,1.819,1036509000.0,19182000.0,1017327000.0,1036509000.0,0.0,14513000.0,0.0,0.016,0.3,57735000.0,72248000.0,0.087,72248000.0,57735000.0,49519000.0,0.95,0.93,0.95,806028000.0,,806028000.0,3047015933.0,15.0,12.198,20374000.0,0.527,1.0,239524000.0,0.289,1077872000.0,8216000.0,1817473000.0,,432449000.0,0.0,0.0,0.0,1466295000.0,369964000.0,1096331000.0,2819382933.0,-41801000.0,-773135000.0,5000.0,722393000.0,-11619000.0,710580000.0,-779455000.0,0.0,26694000.0,380000.0,36592000.0,36592000.0,36592000.0,0.0,0.0,0.044,183080000.0,56444000.0,217852000.0,0.316,3.498,18.281,18.363,121858000.0,0.0,72.9,0.987,0.987,533533000.0,1112136000.0,827665000.0,827665000.0,0.0,,,,,2370000.0,183080000.0,1.0,38674663.0,38674000.0,39286000.0,21.401,1194451000.0,0.0,12927000.0,0.0,30.885,681276000.0
14,AIT,MRQ,2017-12-31,2017-12-31,2017-12-31,2021-08-17,-79614000.0,1405882000.0,,903511000.0,502371000.0,,20.128,-4811000.0,85324000.0,85324000.0,478827000.0,30950000.0,3.326,0.804,312957000.0,6378000.0,306579000.0,312957000.0,0.0,9776000.0,0.0,0.017,0.29,46735000.0,56511000.0,0.085,56511000.0,46735000.0,44596000.0,0.8,0.79,0.8,779262000.0,,779262000.0,2856316460.0,15.0,12.259,6933000.0,0.179,1.0,188360000.0,0.282,362433000.0,2139000.0,999455000.0,,386943000.0,0.0,0.0,0.0,626620000.0,271627000.0,354993000.0,2643315460.0,7555000.0,0.0,-9017000.0,22160000.0,-11244000.0,1657000.0,-4811000.0,0.0,11744000.0,-1035000.0,30950000.0,30950000.0,30950000.0,0.0,0.0,0.046,141645000.0,46715000.0,165634000.0,0.362,3.392,17.966,18.016,111962000.0,0.0,68.1,0.976,0.973,393706000.0,1087156000.0,667187000.0,667187000.0,0.0,,,,,1235000.0,141645000.0,1.0,38815205.0,38716000.0,39206000.0,17.233,1043449000.0,9543000.0,13646000.0,0.0,26.951,631884000.0
15,AIT,MRQ,2017-09-30,2017-09-30,2017-09-30,2021-08-17,-73550000.0,1384907000.0,,876879000.0,508028000.0,,19.872,-6053000.0,77769000.0,77769000.0,488277000.0,33721000.0,3.129,0.79,290770000.0,5595000.0,285175000.0,290770000.0,0.0,9758000.0,0.0,0.017,0.29,52548000.0,62306000.0,0.092,62306000.0,52548000.0,50382000.0,0.87,0.86,0.87,773668000.0,,773668000.0,2755706148.0,15.0,12.287,3387000.0,0.087,1.0,192424000.0,0.283,369682000.0,2166000.0,947966000.0,,364979000.0,0.0,0.0,0.0,611239000.0,280260000.0,330979000.0,2569180148.0,-27288000.0,-5014000.0,-13761000.0,-839000.0,-11327000.0,-27302000.0,-11067000.0,0.0,9440000.0,1641000.0,33721000.0,33721000.0,33721000.0,0.0,0.0,0.05,140587000.0,51837000.0,165233000.0,0.333,3.321,18.317,18.278,111313000.0,0.0,65.8,0.97,0.967,405572000.0,1067473000.0,680701000.0,680701000.0,0.0,,,,,1355000.0,140587000.0,1.0,39045291.0,38932000.0,39336000.0,17.484,1015225000.0,9242000.0,16661000.0,0.0,26.077,596619000.0
16,AIT,MRQ,2017-06-30,2017-06-30,2017-06-30,2021-08-17,-81702000.0,1387595000.0,,882542000.0,505053000.0,,19.094,-5058000.0,105057000.0,105057000.0,485364000.0,52960000.0,2.849,0.862,291583000.0,4814000.0,286769000.0,291583000.0,0.0,9926000.0,0.0,0.019,0.29,48800000.0,58726000.0,0.086,58726000.0,48800000.0,46380000.0,1.35,1.34,1.35,745256000.0,,745256000.0,2558859011.0,15.0,11.875,81055000.0,2.077,1.0,196107000.0,0.288,369697000.0,2420000.0,894671000.0,,345145000.0,0.0,0.0,0.0,642339000.0,309753000.0,332586000.0,2304778011.0,37744000.0,5000.0,350000.0,-29839000.0,-11383000.0,-44596000.0,-5053000.0,0.0,86113000.0,1280000.0,52960000.0,52960000.0,52960000.0,0.0,0.0,0.078,147664000.0,48443000.0,180614000.0,0.215,3.093,17.211,17.216,108068000.0,0.0,59.05,0.889,0.889,390931000.0,1033751000.0,681471000.0,681471000.0,0.0,,,,,1151000.0,147664000.0,1.0,39030957.0,39030957.0,,17.46,1017898000.0,0.0,-6580000.0,0.0,26.079,572789000.0
17,AIT,MRQ,2017-03-31,2017-03-31,2017-03-31,2021-08-17,-89412000.0,1346691000.0,,836111000.0,510580000.0,,18.1,-5001000.0,67313000.0,67313000.0,488502000.0,29494000.0,3.09,0.908,321394000.0,4012000.0,317382000.0,321394000.0,0.0,9933000.0,0.0,0.018,0.29,45514000.0,55447000.0,0.082,55447000.0,45514000.0,43349000.0,0.76,0.75,0.76,705870000.0,,705870000.0,2675760015.0,16.0,12.745,27847000.0,0.714,1.0,190802000.0,0.281,373745000.0,2165000.0,956462000.0,,344743000.0,0.0,0.0,0.0,640821000.0,270565000.0,370256000.0,2411429015.0,4456000.0,-2778000.0,-2653000.0,-5819000.0,-11343000.0,-21732000.0,-7779000.0,0.0,32848000.0,1119000.0,29494000.0,29494000.0,29494000.0,0.0,0.0,0.043,145134000.0,45668000.0,150255000.0,0.382,3.416,22.533,22.573,106773000.0,0.0,61.85,0.947,0.947,390874000.0,1003480000.0,679304000.0,679304000.0,0.0,,,,,1911000.0,145134000.0,1.0,38988343.0,38999000.0,39462000.0,17.418,972946000.0,12652000.0,13855000.0,0.0,24.948,565546000.0
18,AIT,MRQ,2016-12-31,2016-12-31,2016-12-31,2021-08-17,-97622000.0,1294516000.0,,782432000.0,512084000.0,,17.479,-2810000.0,62857000.0,62857000.0,435667000.0,24085000.0,3.298,0.9,327188000.0,3248000.0,323940000.0,327188000.0,0.0,9931000.0,0.0,0.019,0.28,37867000.0,47798000.0,0.079,47798000.0,37867000.0,35767000.0,0.62,0.61,0.62,681409000.0,,681409000.0,2563985120.0,28.0,19.4,984000.0,0.025,1.0,172456000.0,0.284,377423000.0,2100000.0,944202000.0,,349020000.0,0.0,0.0,0.0,613107000.0,237222000.0,375885000.0,2316988120.0,4835000.0,0.0,-2343000.0,22143000.0,-10950000.0,5131000.0,-2810000.0,0.0,3794000.0,-1280000.0,24085000.0,24085000.0,24085000.0,0.0,0.0,0.04,134600000.0,37856000.0,137499000.0,0.452,3.4,70.651,70.714,105279000.0,0.0,59.4,0.927,0.926,336716000.0,985297000.0,608123000.0,608123000.0,0.0,,,,,1094000.0,134600000.0,1.0,39006534.0,38985000.0,39371000.0,15.599,917093000.0,12424000.0,11682000.0,0.0,23.524,545210000.0
19,AIT,MRQ,2016-09-30,2016-09-30,2016-09-30,2021-08-17,-87803000.0,1299439000.0,,777361000.0,522078000.0,,17.428,-1252000.0,58022000.0,58022000.0,446518000.0,27371000.0,2.941,0.91,305019000.0,3248000.0,301771000.0,305019000.0,0.0,9887000.0,0.0,0.024,0.28,43616000.0,53503000.0,0.086,53503000.0,43616000.0,41470000.0,0.7,0.7,0.7,680448000.0,,680448000.0,2094004425.0,23.0,15.745,40612000.0,1.04,1.0,178330000.0,0.285,387002000.0,2146000.0,895133000.0,,342044000.0,0.0,0.0,0.0,618991000.0,264301000.0,354690000.0,1825531425.0,-1839000.0,0.0,-2940000.0,-22838000.0,-10943000.0,-42152000.0,-1252000.0,0.0,41864000.0,-299000.0,27371000.0,27371000.0,27371000.0,0.0,0.0,0.044,134911000.0,43419000.0,149007000.0,0.4,2.683,55.9,56.313,106283000.0,0.0,46.74,0.73,0.729,347286000.0,972174000.0,624848000.0,624848000.0,0.0,,,,,1364000.0,134911000.0,1.0,39057155.0,39044000.0,39382000.0,16.004,912437000.0,11802000.0,14099000.0,0.0,23.369,513060000.0
20,AIT,MRQ,2016-06-30,2016-06-30,2016-06-30,2021-08-17,-85546000.0,1312025000.0,,781521000.0,530504000.0,,16.858,-3458000.0,59861000.0,59861000.0,455556000.0,26067000.0,2.849,0.994,327830000.0,3247000.0,324583000.0,327830000.0,0.0,10440000.0,0.0,0.024,0.28,42750000.0,53190000.0,0.084,53190000.0,42750000.0,40450000.0,0.66,0.66,0.66,657916000.0,,657916000.0,2069937416.0,24.0,15.981,67260000.0,1.723,1.0,178450000.0,0.281,393940000.0,2300000.0,911771000.0,,338221000.0,0.0,0.0,0.0,654109000.0,274283000.0,379826000.0,1761698416.0,-3071000.0,-6362000.0,482000.0,-43555000.0,-10988000.0,-62971000.0,-9820000.0,0.0,70718000.0,-998000.0,26067000.0,26067000.0,26067000.0,0.0,0.0,0.041,135024000.0,43426000.0,148543000.0,0.424,2.678,59.563,60.187,107765000.0,0.0,45.14,0.699,0.699,347857000.0,944821000.0,634006000.0,634006000.0,0.0,,,,,753000.0,135024000.0,1.0,39027435.0,39027435.0,,16.245,918085000.0,12277000.0,14383000.0,0.0,23.524,507238000.0
21,AIT,MRQ,2016-03-31,2016-03-31,2016-03-31,2021-08-17,-81196000.0,1334339000.0,,803841000.0,530498000.0,,16.796,-3526000.0,62932000.0,62932000.0,458379000.0,-44728000.0,3.184,1.031,371171000.0,3351000.0,367820000.0,371171000.0,0.0,10771000.0,0.0,0.025,0.28,-33097000.0,-22326000.0,-0.035,-22326000.0,-33097000.0,-35456000.0,-1.14,-1.14,-1.14,656842000.0,,656842000.0,2015094784.0,22.0,15.095,53924000.0,1.379,1.0,174793000.0,0.276,394962000.0,2359000.0,995141000.0,,346979000.0,0.0,0.0,0.0,677497000.0,252475000.0,425022000.0,1703738784.0,7298000.0,-32892000.0,-9548000.0,4180000.0,-10973000.0,-15690000.0,-36418000.0,0.0,57450000.0,1956000.0,-44728000.0,-44728000.0,-44728000.0,0.0,0.0,-0.071,207825000.0,-33032000.0,134871000.0,-0.246,2.594,53.993,55.641,108132000.0,0.0,43.4,0.665,0.662,354553000.0,940696000.0,633172000.0,633172000.0,0.0,,,,,1421000.0,143031000.0,1.0,39256654.0,39107000.0,39107000.0,16.191,939377000.0,10109000.0,9272000.0,0.0,24.021,551366000.0
22,AIT,MRQ,2015-12-31,2015-12-31,2015-12-31,2021-08-17,-94314000.0,1350395000.0,,780824000.0,569571000.0,,18.022,-2544000.0,55634000.0,55634000.0,437179000.0,23947000.0,3.527,0.909,366990000.0,3350000.0,363640000.0,366990000.0,0.0,10322000.0,0.0,0.027,0.27,38307000.0,48629000.0,0.08,48629000.0,38307000.0,36149000.0,0.61,0.61,0.61,707567000.0,,707567000.0,1883727168.0,11.0,8.915,16212000.0,0.413,1.0,173167000.0,0.284,434276000.0,2158000.0,1006101000.0,,359726000.0,0.0,0.0,0.0,642828000.0,221374000.0,421454000.0,1592378168.0,-8332000.0,-12000000.0,-9547000.0,11675000.0,-10624000.0,-11546000.0,-14544000.0,0.0,18756000.0,-998000.0,23947000.0,23947000.0,23947000.0,0.0,0.0,0.039,134805000.0,38362000.0,114824000.0,0.443,2.25,15.181,15.454,106470000.0,0.0,40.49,0.61,0.609,329287000.0,996392000.0,610346000.0,610346000.0,0.0,,,,,635000.0,134805000.0,1.0,39327690.0,39262000.0,39485000.0,15.545,916119000.0,11938000.0,12202000.0,0.0,23.333,559450000.0
23,AIT,MRQ,2015-09-30,2015-09-30,2015-09-30,2021-08-17,-87641000.0,1376260000.0,,813906000.0,562354000.0,,17.927,-2999000.0,63966000.0,63966000.0,460892000.0,24291000.0,3.151,0.938,355315000.0,3975000.0,351340000.0,355315000.0,0.0,10013000.0,0.0,0.028,0.27,40022000.0,50035000.0,0.078,50035000.0,40022000.0,37835000.0,0.61,0.61,0.61,710123000.0,,710123000.0,1765239517.0,10.0,8.032,12091000.0,0.305,1.0,181012000.0,0.282,440288000.0,2187000.0,969024000.0,,350807000.0,0.0,0.0,0.0,666137000.0,258297000.0,407840000.0,1513714517.0,-5504000.0,-11250000.0,-17956000.0,34319000.0,-10745000.0,-2800000.0,-14249000.0,0.0,15090000.0,-3545000.0,24291000.0,24291000.0,24291000.0,0.0,0.0,0.038,139986000.0,41026000.0,142636000.0,0.443,2.132,13.68,13.974,104760000.0,0.0,38.15,0.562,0.562,356606000.0,983072000.0,641904000.0,641904000.0,0.0,,,,,1258000.0,139986000.0,1.0,39677969.0,39613000.0,39842000.0,16.204,935972000.0,90000.0,13544000.0,0.0,23.628,555609000.0
24,AIT,MRQ,2015-06-30,2015-06-30,2015-06-30,2021-08-17,-60171000.0,1432556000.0,,846010000.0,586546000.0,,18.46,-2443000.0,69470000.0,69470000.0,485734000.0,28045000.0,2.728,0.932,320995000.0,3349000.0,317646000.0,320995000.0,0.0,10171000.0,0.0,0.026,0.27,46985000.0,57156000.0,0.084,57156000.0,46985000.0,44602000.0,0.7,0.69,0.7,741328000.0,,741328000.0,1926828950.0,10.0,8.512,115252000.0,2.87,1.0,191806000.0,0.283,453234000.0,2383000.0,920775000.0,,362419000.0,0.0,0.0,0.0,691228000.0,310072000.0,381156000.0,1592317950.0,14305000.0,5859000.0,-17045000.0,-68681000.0,-10856000.0,-105477000.0,3416000.0,0.0,117695000.0,-1329000.0,28045000.0,28045000.0,28045000.0,0.0,0.0,0.041,143931000.0,47875000.0,179825000.0,0.386,2.148,13.788,14.06,104447000.0,0.0,39.65,0.579,0.579,376305000.0,969548000.0,677540000.0,677540000.0,0.0,,,,,1957000.0,143931000.0,1.0,40159343.0,40159343.0,,16.871,979322000.0,10980000.0,16557000.0,0.0,24.386,535938000.0
25,AIT,MRQ,2015-03-31,2015-03-31,2015-03-31,2021-08-17,-64223000.0,1466153000.0,,886017000.0,580136000.0,,18.047,-2939000.0,55165000.0,55165000.0,492631000.0,28610000.0,3.293,0.991,389676000.0,2720000.0,386956000.0,389676000.0,0.0,10814000.0,0.0,0.022,0.27,44659000.0,55473000.0,0.082,55473000.0,44659000.0,42538000.0,0.7,0.7,0.7,736311000.0,,736311000.0,2180482115.0,12.0,9.759,35200000.0,0.863,1.0,187363000.0,0.276,456695000.0,2121000.0,1074902000.0,,381085000.0,0.0,0.0,0.0,729842000.0,269067000.0,460775000.0,1864310115.0,21981000.0,-833000.0,-37506000.0,40320000.0,-11065000.0,-9095000.0,-3772000.0,0.0,38139000.0,-3291000.0,28610000.0,28610000.0,28610000.0,0.0,0.0,0.042,143591000.0,43772000.0,143881000.0,0.386,2.532,15.919,16.021,104680000.0,0.0,45.34,0.683,0.678,394408000.0,952355000.0,679994000.0,679994000.0,0.0,,,,,1000000.0,143591000.0,1.0,41118441.0,40800000.0,41067000.0,16.667,1009458000.0,490000.0,13928000.0,0.0,24.742,616950000.0
26,AIT,MRQ,2014-12-31,2014-12-31,2014-12-31,2021-08-17,-38156000.0,1480450000.0,,877757000.0,602693000.0,,18.96,-4522000.0,33184000.0,33184000.0,495989000.0,29707000.0,3.231,0.894,349356000.0,2720000.0,346636000.0,349356000.0,0.0,10688000.0,0.0,0.022,0.25,46427000.0,57115000.0,0.083,57115000.0,46427000.0,44472000.0,0.72,0.72,0.72,781666000.0,,781666000.0,2154211195.0,12.0,10.018,14752000.0,0.358,1.0,195713000.0,0.283,476561000.0,1955000.0,1048410000.0,,401474000.0,0.0,0.0,0.0,698784000.0,271651000.0,427133000.0,1881984195.0,-18849000.0,-35836000.0,-11329000.0,25096000.0,-10340000.0,3490000.0,-40358000.0,0.0,19274000.0,-1255000.0,29707000.0,29707000.0,29707000.0,0.0,0.0,0.043,148906000.0,46807000.0,150938000.0,0.347,2.408,15.829,15.941,107352000.0,0.0,45.59,0.706,0.705,385326000.0,934821000.0,691702000.0,691702000.0,0.0,,,,,335000.0,148906000.0,1.0,41280636.0,41228000.0,41533000.0,16.777,1003889000.0,255000.0,14765000.0,0.0,24.35,606106000.0
27,AIT,MRQ,2014-09-30,2014-09-30,2014-09-30,2021-08-17,-20703000.0,1468919000.0,,874760000.0,594159000.0,,19.068,-3097000.0,52033000.0,52033000.0,507393000.0,29122000.0,3.216,0.858,324260000.0,2842000.0,321418000.0,324260000.0,0.0,10702000.0,0.0,0.021,0.25,45921000.0,56623000.0,0.081,56623000.0,45921000.0,44259000.0,0.7,0.7,0.7,790705000.0,,790705000.0,1994347086.0,12.0,9.754,-21198000.0,-0.511,1.0,194932000.0,0.278,467653000.0,1662000.0,1001511000.0,,367291000.0,0.0,0.0,0.0,678214000.0,271982000.0,406232000.0,1894824086.0,-19156000.0,-129810000.0,-10400000.0,153548000.0,-10402000.0,133302000.0,-132907000.0,0.0,-18101000.0,-1450000.0,29122000.0,29122000.0,29122000.0,0.0,0.0,0.041,148767000.0,46165000.0,145614000.0,0.357,2.396,16.463,16.54,106683000.0,0.0,45.65,0.741,0.74,403521000.0,915482000.0,702325000.0,702325000.0,0.0,,,,,1169000.0,148767000.0,1.0,41507647.0,41467000.0,41829000.0,16.937,1001266000.0,260000.0,15137000.0,0.0,24.146,602778000.0
28,AIT,MRQ,2014-06-30,2014-06-30,2014-06-30,2021-08-17,-1615000.0,1334169000.0,,836148000.0,498021000.0,,19.159,-13169000.0,71189000.0,71189000.0,472090000.0,29674000.0,2.874,0.667,170712000.0,2720000.0,167992000.0,170712000.0,0.0,8363000.0,0.0,0.019,0.25,45864000.0,54227000.0,0.083,54227000.0,45864000.0,44862000.0,0.71,0.71,0.71,800308000.0,,800308000.0,2079989500.0,12.0,10.658,52615000.0,1.26,1.0,182528000.0,0.279,353002000.0,1002000.0,789735000.0,,335747000.0,0.0,0.0,0.0,533861000.0,290955000.0,242906000.0,2119075500.0,2103000.0,-167324000.0,-12739000.0,138353000.0,-10449000.0,115299000.0,-180493000.0,0.0,65784000.0,1513000.0,29674000.0,29674000.0,29674000.0,0.0,0.0,0.045,137719000.0,44809000.0,172401000.0,0.352,2.648,18.783,18.859,103596000.0,0.0,50.73,0.861,0.861,375732000.0,896776000.0,654618000.0,654618000.0,0.0,,,,,23000.0,137719000.0,1.0,41771644.0,41771644.0,,15.671,981167000.0,21166000.0,15188000.0,0.0,23.489,545193000.0
29,AIT,MRQ,2014-03-31,2014-03-31,2014-03-31,2021-08-17,-13884000.0,1096651000.0,,774511000.0,322140000.0,,18.65,-2342000.0,69086000.0,69086000.0,446786000.0,30394000.0,2.888,0.404,30000000.0,30000000.0,0.0,30000000.0,0.0,6515000.0,0.0,0.019,0.25,40561000.0,47076000.0,0.076,47076000.0,40561000.0,40572000.0,0.73,0.72,0.73,781072000.0,,781072000.0,1972843684.0,12.0,10.08,9321000.0,0.223,1.0,171220000.0,0.277,199569000.0,-11000.0,589773000.0,,320045000.0,0.0,0.0,0.0,315579000.0,268223000.0,47356000.0,2024427684.0,2502000.0,0.0,-10156000.0,15000000.0,-10490000.0,-5970000.0,-2342000.0,0.0,11663000.0,-849000.0,30394000.0,30394000.0,30394000.0,0.0,0.0,0.049,131047000.0,40173000.0,145352000.0,0.342,2.592,17.54,17.478,78834000.0,0.0,48.24,0.828,0.826,344096000.0,877547000.0,618006000.0,618006000.0,0.0,,,,,1432000.0,131047000.0,1.0,41965748.0,41880000.0,42242000.0,14.757,897082000.0,23792000.0,10178000.0,0.0,21.42,506288000.0
30,AIT,MRQ,2013-12-31,2013-12-31,2013-12-31,2021-08-17,-10100000.0,1074159000.0,,750479000.0,323680000.0,,18.383,-2414000.0,66584000.0,66584000.0,418566000.0,25909000.0,2.992,0.389,15000000.0,15000000.0,0.0,15000000.0,0.0,6442000.0,0.0,0.019,0.23,40107000.0,46549000.0,0.08,46549000.0,40107000.0,40259000.0,0.62,0.61,0.62,773479000.0,,773479000.0,1992996468.0,12.0,9.972,13293000.0,0.316,1.0,163383000.0,0.281,203025000.0,-152000.0,568696000.0,,323257000.0,0.0,0.0,0.0,300680000.0,250854000.0,49826000.0,2069873468.0,-10293000.0,-17000000.0,-10740000.0,15000000.0,-9725000.0,-5350000.0,-19414000.0,0.0,15707000.0,-1236000.0,25909000.0,25909000.0,25909000.0,0.0,0.0,0.045,123546000.0,39837000.0,140869000.0,0.371,2.676,18.105,17.982,80056000.0,0.0,49.09,0.845,0.843,305936000.0,857638000.0,581949000.0,581949000.0,0.0,,,,,1827000.0,123546000.0,1.0,42164870.0,42076000.0,42462000.0,13.831,871134000.0,20463000.0,14350000.0,0.0,20.704,499625000.0
31,AIT,MRQ,2013-09-30,2013-09-30,2013-09-30,2021-08-17,-2790000.0,1050089000.0,,733736000.0,316353000.0,,18.375,-1388000.0,76877000.0,76877000.0,435510000.0,26844000.0,3.253,0.356,0.0,0.0,0.0,0.0,0.0,6680000.0,0.0,0.017,0.23,40630000.0,47310000.0,0.078,47310000.0,40630000.0,40569000.0,0.64,0.63,0.64,774622000.0,,774622000.0,2100538215.0,12.0,10.478,15568000.0,0.369,1.0,169795000.0,0.281,194934000.0,61000.0,552703000.0,,302404000.0,0.0,0.0,0.0,275467000.0,225575000.0,49892000.0,2173702215.0,3713000.0,0.0,-3001000.0,0.0,-9746000.0,-11837000.0,-1388000.0,0.0,16956000.0,-18000.0,26844000.0,26844000.0,26844000.0,0.0,0.0,0.044,130256000.0,39539000.0,131195000.0,0.359,2.806,18.826,18.727,81149000.0,0.0,51.5,0.885,0.884,320281000.0,841448000.0,605305000.0,605305000.0,0.0,,,,,1390000.0,130256000.0,1.0,42207810.0,42157000.0,42637000.0,14.358,855155000.0,20568000.0,13725000.0,0.0,20.285,508161000.0
32,AIT,MRQ,2013-06-30,2013-06-30,2013-06-30,2021-08-17,-3421000.0,1058706000.0,,737280000.0,321426000.0,,18.026,-2136000.0,73164000.0,73164000.0,459371000.0,32272000.0,2.998,0.394,0.0,0.0,0.0,0.0,0.0,6784000.0,0.0,0.018,0.23,48009000.0,54793000.0,0.086,54793000.0,48009000.0,47535000.0,0.77,0.76,0.77,759615000.0,,759615000.0,1993532954.0,11.0,9.771,40205000.0,0.954,1.0,181110000.0,0.283,198116000.0,474000.0,541526000.0,,281417000.0,0.0,0.0,0.0,299091000.0,245900000.0,53191000.0,2036615954.0,30081000.0,1000.0,-52000.0,0.0,-9726000.0,-9197000.0,-2135000.0,0.0,42341000.0,-928000.0,32272000.0,32272000.0,32272000.0,0.0,0.0,0.05,133075000.0,48035000.0,136575000.0,0.299,2.681,17.238,17.199,83243000.0,0.0,48.33,0.827,0.827,329880000.0,824362000.0,640481000.0,640481000.0,0.0,,,,,1170000.0,133075000.0,1.0,42139788.0,42139788.0,,15.199,860590000.0,21026000.0,15263000.0,0.0,20.422,491380000.0
33,AIT,MRQ,2013-03-31,2013-03-31,2013-03-31,2021-08-17,-1186000.0,1035937000.0,,702881000.0,333056000.0,,17.53,-2685000.0,43083000.0,43083000.0,447254000.0,29302000.0,2.919,0.404,0.0,0.0,0.0,0.0,0.0,6707000.0,0.0,0.019,0.23,44504000.0,51211000.0,0.082,51211000.0,44504000.0,44397000.0,0.7,0.69,0.7,737980000.0,,737980000.0,1875957625.0,10.0,9.17,37485000.0,0.89,1.0,174400000.0,0.281,203275000.0,107000.0,548789000.0,,281198000.0,0.0,0.0,0.0,297957000.0,240790000.0,57167000.0,1894802625.0,-8762000.0,-1536000.0,1000.0,-33000000.0,-9731000.0,-44204000.0,-4221000.0,0.0,40170000.0,-507000.0,29302000.0,29302000.0,29302000.0,0.0,0.0,0.047,130923000.0,43477000.0,140865000.0,0.329,2.568,16.068,16.071,84355000.0,0.0,45.0,0.776,0.776,336245000.0,801812000.0,621654000.0,621654000.0,0.0,,,,,1653000.0,130923000.0,1.0,42106725.0,42098000.0,42570000.0,14.767,832662000.0,26407000.0,15095000.0,0.0,19.779,462091000.0
34,AIT,MRQ,2012-12-31,2012-12-31,2012-12-31,2021-08-17,4119000.0,1037626000.0,,697944000.0,339682000.0,,17.172,-2765000.0,51845000.0,51845000.0,426598000.0,27043000.0,2.732,0.437,33000000.0,33000000.0,0.0,33000000.0,0.0,6166000.0,0.0,0.02,0.21,40996000.0,47162000.0,0.08,47162000.0,40996000.0,40981000.0,0.64,0.64,0.64,722112000.0,,722112000.0,1709669420.0,10.0,8.423,2174000.0,0.052,1.0,162919000.0,0.276,205940000.0,15000.0,557347000.0,,294651000.0,0.0,0.0,0.0,315514000.0,255494000.0,60020000.0,1766342420.0,-4828000.0,-30646000.0,461000.0,33000000.0,-8870000.0,23799000.0,-33411000.0,0.0,4939000.0,-155000.0,27043000.0,27043000.0,27043000.0,0.0,0.0,0.046,122350000.0,40569000.0,123796000.0,0.328,2.446,14.964,15.004,85596000.0,0.0,42.01,0.728,0.728,304628000.0,782236000.0,589517000.0,589517000.0,0.0,,,,,1335000.0,122350000.0,1.0,42045761.0,42052000.0,42494000.0,14.019,831686000.0,26209000.0,13938000.0,0.0,19.778,442450000.0
35,AIT,MRQ,2012-09-30,2012-09-30,2012-09-30,2021-08-17,4579000.0,1001767000.0,,687095000.0,314672000.0,,16.754,-3649000.0,56673000.0,56673000.0,445986000.0,29532000.0,2.839,0.425,0.0,0.0,0.0,0.0,0.0,6077000.0,0.0,0.02,0.21,44777000.0,50854000.0,0.083,50854000.0,44777000.0,44752000.0,0.7,0.7,0.7,703099000.0,,703099000.0,1660341707.0,10.0,8.564,20298000.0,0.484,1.0,164533000.0,0.269,184713000.0,25000.0,518374000.0,,268960000.0,0.0,0.0,0.0,298668000.0,242007000.0,56661000.0,1738783707.0,-21769000.0,-35409000.0,36000.0,0.0,-8867000.0,-8423000.0,-39058000.0,0.0,23947000.0,1765000.0,29532000.0,29532000.0,29532000.0,0.0,0.0,0.048,120215000.0,44318000.0,145932000.0,0.3,2.473,15.535,15.575,84357000.0,0.0,41.43,0.723,0.723,325753000.0,764045000.0,610519000.0,610519000.0,0.0,,,,,1844000.0,120215000.0,1.0,41969194.0,41966000.0,42477000.0,14.548,817054000.0,26069000.0,15220000.0,0.0,19.469,445088000.0
36,AIT,MRQ,2012-06-30,2012-06-30,2012-06-30,2021-08-17,-4569000.0,962183000.0,,665762000.0,296421000.0,,15.928,-7677000.0,78442000.0,78442000.0,447327000.0,32044000.0,2.892,0.432,0.0,0.0,0.0,0.0,0.0,5858000.0,0.0,0.022,0.21,49485000.0,55343000.0,0.089,55343000.0,49485000.0,49139000.0,0.76,0.75,0.76,672131000.0,,672131000.0,1475554693.0,9.0,7.767,20774000.0,0.492,1.0,172686000.0,0.279,167920000.0,346000.0,485652000.0,,228506000.0,0.0,0.0,0.0,290052000.0,230169000.0,59883000.0,1554962693.0,-966000.0,-374000.0,-12045000.0,0.0,-8861000.0,-19474000.0,-8051000.0,0.0,28451000.0,-1892000.0,32044000.0,32044000.0,32044000.0,0.0,0.0,0.052,122912000.0,49774000.0,120890000.0,0.276,2.313,14.295,14.283,83103000.0,0.0,36.85,0.655,0.655,307043000.0,743360000.0,620013000.0,620013000.0,0.0,,,,,1370000.0,122912000.0,1.0,42197088.0,42197088.0,,14.693,794263000.0,26424000.0,17095000.0,0.0,18.823,435593000.0
37,AIT,MRQ,2012-03-31,2012-03-31,2012-03-31,2021-08-17,7458000.0,954336000.0,,649000000.0,305336000.0,,15.964,-4045000.0,79408000.0,79408000.0,437848000.0,29418000.0,2.876,0.42,0.0,0.0,0.0,0.0,0.0,5701000.0,0.0,0.019,0.21,43906000.0,49607000.0,0.082,49607000.0,43906000.0,43852000.0,0.7,0.69,0.7,672209000.0,,672209000.0,1656877462.0,10.0,8.921,27710000.0,0.658,1.0,167613000.0,0.277,173458000.0,54000.0,475775000.0,,230035000.0,0.0,0.0,0.0,282127000.0,225695000.0,56432000.0,1727389462.0,8896000.0,-13056000.0,170000.0,0.0,-8862000.0,-6998000.0,-17101000.0,0.0,31755000.0,1240000.0,29418000.0,29418000.0,29418000.0,0.0,0.0,0.049,125594000.0,42019000.0,124614000.0,0.3,2.57,16.45,16.518,78464000.0,0.0,41.13,0.737,0.738,307660000.0,720202000.0,605461000.0,605461000.0,0.0,,,,,1618000.0,125594000.0,1.0,41998285.0,42109000.0,42779000.0,14.378,780878000.0,34752000.0,14434000.0,0.0,18.544,423305000.0
38,AIT,MRQ,2011-12-31,2011-12-31,2011-12-31,2021-08-17,1427000.0,898013000.0,,609951000.0,288062000.0,,15.398,-6536000.0,70512000.0,70512000.0,414928000.0,20935000.0,3.066,0.39,0.0,0.0,0.0,0.0,0.0,5515000.0,0.0,0.021,0.19,32557000.0,38072000.0,0.067,38072000.0,32557000.0,32547000.0,0.5,0.49,0.5,646186000.0,,646186000.0,1403139749.0,9.0,7.679,7279000.0,0.173,1.0,155469000.0,0.273,158485000.0,10000.0,470052000.0,,222626000.0,0.0,0.0,0.0,251827000.0,198964000.0,52863000.0,1476357749.0,-2706000.0,0.0,-742000.0,0.0,-7978000.0,-8300000.0,-6536000.0,0.0,13815000.0,-1685000.0,20935000.0,20935000.0,20935000.0,0.0,0.0,0.037,122134000.0,33335000.0,105591000.0,0.38,2.285,14.456,14.533,76659000.0,0.0,35.17,0.64,0.64,280700000.0,699612000.0,570397000.0,570397000.0,0.0,,,,,1769000.0,122134000.0,1.0,41977758.0,41965000.0,42634000.0,13.592,739528000.0,36604000.0,11612000.0,0.0,17.622,410987000.0
39,AIT,MRQ,2011-09-30,2011-09-30,2011-09-30,2021-08-17,2164000.0,900227000.0,,605213000.0,295014000.0,,14.926,-6505000.0,73218000.0,73218000.0,420870000.0,26382000.0,2.924,0.423,0.0,0.0,0.0,0.0,0.0,5627000.0,0.0,0.027,0.19,41335000.0,46962000.0,0.081,46962000.0,41335000.0,41288000.0,0.62,0.61,0.62,632814000.0,,632814000.0,1066224878.0,7.0,5.801,9896000.0,0.233,1.0,158704000.0,0.274,163444000.0,47000.0,456612000.0,,215013000.0,0.0,0.0,0.0,267413000.0,206953000.0,60460000.0,1157316878.0,-17874000.0,-1241000.0,-18094000.0,0.0,-8099000.0,-26044000.0,-7746000.0,0.0,16401000.0,-485000.0,26382000.0,26382000.0,26382000.0,0.0,0.0,0.046,115437000.0,43267000.0,109928000.0,0.306,1.829,11.303,11.223,73079000.0,0.0,27.16,0.511,0.508,289450000.0,686687000.0,579574000.0,579574000.0,0.0,,,,,1893000.0,115437000.0,1.0,42611078.0,42397000.0,42961000.0,13.67,736783000.0,42437000.0,14906000.0,0.0,17.378,398260000.0
40,AIT,MRQ,2011-06-30,2011-06-30,2011-06-30,2021-08-17,5059000.0,914931000.0,,618914000.0,296017000.0,,14.952,-3738000.0,91092000.0,91092000.0,420718000.0,28275000.0,2.883,0.444,0.0,0.0,0.0,0.0,0.0,5682000.0,0.0,0.02,0.19,45412000.0,51094000.0,0.087,51094000.0,45412000.0,44965000.0,0.67,0.66,0.67,633563000.0,,633563000.0,1420303041.0,9.0,7.998,9122000.0,0.215,1.0,169143000.0,0.287,166532000.0,447000.0,442619000.0,,204066000.0,0.0,0.0,0.0,281368000.0,214688000.0,66680000.0,1508862041.0,2533000.0,-2765000.0,-1410000.0,0.0,-8102000.0,-4358000.0,-6503000.0,0.0,12860000.0,534000.0,28275000.0,28275000.0,28275000.0,0.0,0.0,0.048,124528000.0,44615000.0,108509000.0,0.284,2.382,15.594,15.618,69014000.0,0.0,35.61,0.682,0.682,290751000.0,668421000.0,589861000.0,589861000.0,0.0,,,,,580000.0,124528000.0,1.0,42371863.0,42371863.0,,13.921,748399000.0,43447000.0,16690000.0,0.0,17.663,404226000.0
41,AIT,MRQ,2011-03-31,2011-03-31,2011-03-31,2021-08-17,3331000.0,891858000.0,,592483000.0,299375000.0,,14.447,-1687000.0,88559000.0,88559000.0,409404000.0,26536000.0,2.84,0.454,0.0,0.0,0.0,0.0,0.0,5760000.0,0.0,0.02,0.17,40846000.0,46606000.0,0.082,46606000.0,40846000.0,40794000.0,0.63,0.61,0.63,613197000.0,,613197000.0,1358098488.0,9.0,7.61,42329000.0,0.997,1.0,156566000.0,0.277,165929000.0,52000.0,428727000.0,,196427000.0,0.0,0.0,0.0,278661000.0,208643000.0,70018000.0,1412013488.0,34644000.0,0.0,-4352000.0,0.0,-7227000.0,-11107000.0,35000.0,0.0,44016000.0,1700000.0,26536000.0,26536000.0,26536000.0,0.0,0.0,0.047,118365000.0,38201000.0,110143000.0,0.27,2.303,14.68,14.588,67949000.0,0.0,33.26,0.658,0.658,280706000.0,648232000.0,565970000.0,565970000.0,0.0,,,,,1593000.0,118365000.0,1.0,42453803.0,42446000.0,43339000.0,13.334,725929000.0,47623000.0,14258000.0,0.0,17.102,383840000.0
42,AIT,MRQ,2010-12-31,2010-12-31,2010-12-31,2021-08-17,-3877000.0,829630000.0,,528969000.0,300661000.0,,13.894,-12848000.0,53915000.0,53915000.0,385236000.0,21193000.0,3.073,0.408,0.0,0.0,0.0,0.0,0.0,5674000.0,0.0,0.02,0.17,33477000.0,39151000.0,0.074,39151000.0,33477000.0,33019000.0,0.5,0.49,0.5,589241000.0,,589241000.0,1308522909.0,9.0,7.947,2602000.0,0.061,1.0,144281000.0,0.272,167976000.0,458000.0,435599000.0,,194991000.0,0.0,0.0,0.0,240389000.0,172140000.0,68249000.0,1378115909.0,-40678000.0,-42000.0,195000.0,-25000000.0,-7216000.0,-44387000.0,-12890000.0,0.0,15450000.0,1149000.0,21193000.0,21193000.0,21193000.0,0.0,0.0,0.04,111225000.0,33056000.0,86957000.0,0.34,2.339,15.992,15.922,67357000.0,0.0,32.48,0.667,0.667,250671000.0,628912000.0,529517000.0,529517000.0,0.0,,,,,1424000.0,111225000.0,1.0,42429677.0,42411000.0,43298000.0,12.485,661654000.0,47557000.0,11826000.0,0.0,15.601,356829000.0
43,AIT,MRQ,2010-09-30,2010-09-30,2010-09-30,2021-08-17,-8211000.0,872709000.0,,571215000.0,301494000.0,,13.431,-832000.0,94593000.0,94593000.0,384381000.0,20755000.0,2.425,0.534,25000000.0,25000000.0,0.0,25000000.0,0.0,5500000.0,0.0,0.02,0.17,35234000.0,40734000.0,0.077,40734000.0,35234000.0,34110000.0,0.49,0.48,0.49,569078000.0,,569078000.0,1196154306.0,9.0,7.987,3684000.0,0.087,1.0,143120000.0,0.271,169414000.0,1124000.0,398145000.0,,190758000.0,0.0,0.0,0.0,303631000.0,235557000.0,68074000.0,1296931306.0,-81184000.0,-27697000.0,143000.0,-50000000.0,-7206000.0,-56671000.0,-28529000.0,0.0,4516000.0,-500000.0,20755000.0,20755000.0,20755000.0,0.0,0.0,0.039,108229000.0,34891000.0,109266000.0,0.347,2.279,17.184,17.095,67044000.0,0.0,30.6,0.654,0.654,261042000.0,614919000.0,527501000.0,527501000.0,0.0,,,,,2255000.0,108229000.0,1.0,42383376.0,42370000.0,43086000.0,12.45,703295000.0,48346000.0,13355000.0,0.0,16.599,335658000.0
44,AIT,MRQ,2010-06-30,2010-06-30,2010-06-30,2021-08-17,-6048000.0,891520000.0,,618860000.0,272660000.0,,13.11,-2964000.0,175777000.0,175777000.0,370054000.0,27704000.0,2.281,0.606,75000000.0,75000000.0,0.0,75000000.0,0.0,5448000.0,0.0,0.024,0.15,46532000.0,51980000.0,0.099,51980000.0,46532000.0,44715000.0,0.66,0.65,0.66,555039000.0,,555039000.0,990731350.0,9.0,7.485,25340000.0,0.599,1.0,153017000.0,0.293,149321000.0,1817000.0,370090000.0,,173253000.0,0.0,0.0,0.0,336481000.0,271332000.0,65149000.0,1071997350.0,19511000.0,0.0,-725000.0,0.0,-6362000.0,-5978000.0,-2964000.0,0.0,28304000.0,149000.0,27704000.0,27704000.0,27704000.0,0.0,0.0,0.053,106548000.0,46469000.0,94529000.0,0.227,1.931,16.266,16.231,58471000.0,0.0,25.32,0.566,0.566,246402000.0,601370000.0,523071000.0,523071000.0,0.0,,,,,1203000.0,106548000.0,1.0,42337968.0,42337968.0,,12.355,742199000.0,48493000.0,17011000.0,0.0,17.53,347528000.0
45,AIT,MRQ,2010-03-31,2010-03-31,2010-03-31,2021-08-17,-6207000.0,866707000.0,,590488000.0,276219000.0,,12.591,-1190000.0,156266000.0,156266000.0,355785000.0,16525000.0,2.166,0.626,75000000.0,75000000.0,0.0,75000000.0,0.0,5351000.0,0.0,0.024,0.15,27434000.0,32785000.0,0.067,32785000.0,27434000.0,26060000.0,0.39,0.39,0.39,532881000.0,,532881000.0,1023686754.0,20.0,13.934,59167000.0,1.398,1.0,130356000.0,0.268,151735000.0,1374000.0,361075000.0,,174330000.0,0.0,0.0,0.0,333826000.0,272631000.0,61195000.0,1052889754.0,52063000.0,0.0,-2070000.0,0.0,-6355000.0,-7293000.0,-1190000.0,0.0,60357000.0,189000.0,16525000.0,16525000.0,16525000.0,0.0,0.0,0.034,103319000.0,27037000.0,97421000.0,0.385,1.976,34.9,35.0,58200000.0,0.0,24.85,0.586,0.586,238713000.0,580032000.0,486141000.0,486141000.0,0.0,,,,,1903000.0,103319000.0,1.0,42369809.0,42321000.0,42902000.0,11.487,714972000.0,0.0,9535000.0,0.0,16.894,317857000.0
46,AIT,MRQ,2009-12-31,2009-12-31,2009-12-31,2021-08-17,-6568000.0,826140000.0,,546854000.0,279286000.0,,12.345,-1280000.0,104203000.0,104203000.0,329348000.0,10487000.0,2.254,0.582,75000000.0,75000000.0,0.0,75000000.0,0.0,5412000.0,0.0,0.027,0.15,18845000.0,24257000.0,0.054,24257000.0,18845000.0,17512000.0,0.25,0.24,0.25,522156000.0,,522156000.0,943386951.0,21.0,13.918,44134000.0,1.043,1.0,116905000.0,0.262,154124000.0,1333000.0,400224000.0,,201872000.0,0.0,0.0,0.0,303984000.0,242589000.0,61395000.0,934073951.0,38516000.0,-100000.0,9000.0,0.0,-6348000.0,-6311000.0,-1380000.0,0.0,45414000.0,793000.0,10487000.0,10487000.0,10487000.0,0.0,0.0,0.024,98002000.0,18903000.0,82354000.0,0.6,1.789,37.061,37.407,59845000.0,0.0,22.07,0.53,0.53,211920000.0,569858000.0,446253000.0,446253000.0,0.0,,,,,877000.0,98002000.0,1.0,42323242.0,42298000.0,42830000.0,10.55,672016000.0,0.0,7025000.0,0.0,15.888,304265000.0
47,AIT,MRQ,2009-09-30,2009-09-30,2009-09-30,2021-08-17,-10333000.0,810505000.0,,528401000.0,282104000.0,,12.131,-1250000.0,65687000.0,65687000.0,322299000.0,11187000.0,2.622,0.58,75000000.0,50000000.0,25000000.0,75000000.0,0.0,5405000.0,0.0,0.028,0.15,17944000.0,23349000.0,0.053,23349000.0,17944000.0,16730000.0,0.26,0.26,0.26,512881000.0,,512881000.0,947810773.0,18.0,12.455,48999000.0,1.159,1.0,115444000.0,0.264,155903000.0,1214000.0,462390000.0,,226028000.0,0.0,0.0,0.0,297624000.0,201525000.0,96099000.0,895452773.0,38045000.0,0.0,196000.0,-5000000.0,-6351000.0,-10932000.0,-1250000.0,0.0,50249000.0,-22000.0,11187000.0,11187000.0,11187000.0,0.0,0.0,0.026,97803000.0,17641000.0,78876000.0,0.577,1.746,28.969,29.389,60994000.0,0.0,21.16,0.493,0.492,203191000.0,565716000.0,437743000.0,437743000.0,0.0,,,,,1398000.0,97803000.0,1.0,42318184.0,42277000.0,42787000.0,10.354,654602000.0,0.0,5543000.0,0.0,15.484,326876000.0
48,AIT,MRQ,2009-06-30,2009-06-30,2009-06-30,2021-08-17,-7849000.0,809328000.0,,525594000.0,283734000.0,,12.025,-1270000.0,27642000.0,27642000.0,308946000.0,-8030000.0,3.357,0.593,80000000.0,5000000.0,75000000.0,80000000.0,0.0,5817000.0,0.0,0.03,0.15,-12741000.0,-6924000.0,-0.016,-6924000.0,-12741000.0,-15094000.0,-0.19,-0.18,-0.19,508102000.0,,508102000.0,909196113.0,13.0,9.7,25531000.0,0.604,1.0,116237000.0,0.273,158940000.0,2353000.0,546190000.0,,254690000.0,0.0,0.0,0.0,301226000.0,156556000.0,144670000.0,832412113.0,-20574000.0,-29000.0,139000.0,-45000000.0,-6341000.0,-50709000.0,-1299000.0,0.0,26801000.0,4633000.0,-8030000.0,-8030000.0,-8030000.0,0.0,0.0,-0.019,130945000.0,-14708000.0,80655000.0,-0.789,1.638,19.697,19.7,62735000.0,0.0,19.7,0.433,0.433,198792000.0,560574000.0,425183000.0,425183000.0,0.0,,,,,920000.0,94340000.0,1.0,42254422.0,42254422.0,,10.062,650388000.0,46650000.0,-7064000.0,0.0,15.392,369038000.0
49,AIT,MRQ,2009-03-31,2009-03-31,2009-03-31,2021-08-17,-23892000.0,847847000.0,,540461000.0,307386000.0,,11.962,-1019000.0,48216000.0,48216000.0,329401000.0,11560000.0,2.681,0.678,125000000.0,50000000.0,75000000.0,125000000.0,0.0,6166000.0,0.0,0.036,0.15,20936000.0,27102000.0,0.06,27102000.0,20936000.0,19753000.0,0.27,0.27,0.27,505318000.0,,505318000.0,801474222.0,6.0,5.418,21012000.0,0.497,1.0,122246000.0,0.271,193880000.0,1183000.0,529134000.0,,249217000.0,0.0,0.0,0.0,342529000.0,201617000.0,140912000.0,712094222.0,1596000.0,-151000.0,28000.0,-11000000.0,-6338000.0,-18382000.0,-1170000.0,0.0,22031000.0,-883000.0,11560000.0,11560000.0,11560000.0,0.0,0.0,0.026,101227000.0,21019000.0,77831000.0,0.556,1.409,9.529,9.585,63594000.0,0.0,16.87,0.351,0.351,209193000.0,574945000.0,451647000.0,451647000.0,0.0,,,,,838000.0,101227000.0,1.0,42210683.0,42244000.0,42662000.0,10.691,653967000.0,0.0,8193000.0,0.0,15.481,338844000.0
50,AIT,MRQ,2008-12-31,2008-12-31,2008-12-31,2021-08-17,-19222000.0,887728000.0,,574873000.0,312855000.0,,11.932,-2574000.0,46620000.0,46620000.0,366943000.0,16194000.0,2.394,0.758,136000000.0,61000000.0,75000000.0,136000000.0,0.0,5991000.0,0.0,0.032,0.15,26582000.0,32573000.0,0.065,32573000.0,26582000.0,25280000.0,0.38,0.38,0.38,504900000.0,,504900000.0,852095568.0,6.0,5.267,-18991000.0,-0.449,1.0,135469000.0,0.27,200287000.0,1302000.0,536717000.0,,265659000.0,0.0,0.0,0.0,382828000.0,240104000.0,142724000.0,800844568.0,-10129000.0,-4897000.0,-1180000.0,28000000.0,-6351000.0,20492000.0,-7471000.0,0.0,-16417000.0,-6733000.0,16194000.0,16194000.0,16194000.0,0.0,0.0,0.032,106662000.0,28807000.0,106386000.0,0.395,1.586,9.23,9.275,66295000.0,0.0,18.92,0.38,0.38,221727000.0,569723000.0,502412000.0,502412000.0,0.0,,,,,1363000.0,106662000.0,1.0,42327937.0,42316000.0,42798000.0,11.873,687441000.0,0.0,9086000.0,0.0,16.245,334769000.0
51,AIT,MRQ,2008-09-30,2008-09-30,2008-09-30,2021-08-17,955000.0,914195000.0,,597625000.0,316570000.0,,12.168,-1368000.0,56749000.0,56749000.0,397848000.0,22536000.0,2.357,0.775,108000000.0,33000000.0,75000000.0,108000000.0,0.0,4417000.0,0.0,0.022,0.15,36560000.0,40977000.0,0.075,40977000.0,36560000.0,35875000.0,0.53,0.52,0.53,514898000.0,,514898000.0,1062891442.0,7.0,6.264,47517000.0,1.123,1.0,146058000.0,0.269,204012000.0,685000.0,507911000.0,,239387000.0,0.0,0.0,0.0,399297000.0,253523000.0,145774000.0,1139721442.0,-45081000.0,-167122000.0,211000.0,83000000.0,-6348000.0,77101000.0,-168490000.0,0.0,48885000.0,-2577000.0,22536000.0,22536000.0,22536000.0,0.0,0.0,0.041,108683000.0,37375000.0,127591000.0,0.283,2.213,12.185,12.297,68087000.0,0.0,26.93,0.539,0.539,265536000.0,559880000.0,543906000.0,543906000.0,0.0,,,,,1381000.0,108683000.0,1.0,42321628.0,42316000.0,42982000.0,12.853,710183000.0,0.0,13339000.0,0.0,16.783,344102000.0
52,AIT,MRQ,2008-06-30,2008-06-30,2008-06-30,2021-08-17,6249000.0,798771000.0,,606197000.0,192574000.0,,11.871,-2811000.0,101830000.0,101830000.0,386509000.0,24437000.0,3.077,0.591,25000000.0,0.0,25000000.0,25000000.0,0.0,4231000.0,0.0,0.025,0.15,43038000.0,47269000.0,0.089,47269000.0,43038000.0,38615000.0,0.58,0.57,0.58,502075000.0,,502075000.0,976706682.0,6.0,5.709,45542000.0,1.077,1.0,143236000.0,0.27,83849000.0,4423000.0,441081000.0,,210723000.0,0.0,0.0,0.0,296696000.0,197011000.0,99685000.0,1022286682.0,31250000.0,-10977000.0,206000.0,0.0,-6346000.0,-5532000.0,-11406000.0,0.0,48353000.0,-165000.0,24437000.0,24437000.0,24437000.0,0.0,0.0,0.046,104581000.0,38655000.0,109822000.0,0.259,2.036,10.71,10.839,64997000.0,0.0,24.17,0.489,0.489,245119000.0,543692000.0,529745000.0,529745000.0,0.0,,,,,277000.0,104581000.0,1.0,42295684.0,42295684.0,,12.525,714922000.0,0.0,14178000.0,0.0,16.903,409186000.0
53,AIT,MRQ,2008-03-31,2008-03-31,2008-03-31,2021-08-17,6093000.0,752667000.0,,569115000.0,183552000.0,,11.344,-2091000.0,70580000.0,70580000.0,385656000.0,23595000.0,3.313,0.559,25000000.0,0.0,25000000.0,25000000.0,0.0,3438000.0,0.0,0.019,0.15,37523000.0,40961000.0,0.077,40961000.0,37523000.0,37282000.0,0.55,0.55,0.55,482779000.0,,482779000.0,1220047927.0,8.0,7.165,9168000.0,0.215,1.0,144500000.0,0.273,61760000.0,241000.0,473528000.0,,219265000.0,0.0,0.0,0.0,269888000.0,171799000.0,98089000.0,1275042927.0,-9415000.0,-1454000.0,-11846000.0,0.0,-6404000.0,-17705000.0,-3545000.0,0.0,11259000.0,576000.0,23595000.0,23595000.0,23595000.0,0.0,0.0,0.045,106815000.0,37685000.0,85928000.0,0.273,2.641,13.329,13.464,65158000.0,0.0,29.89,0.611,0.609,244863000.0,525601000.0,530156000.0,530156000.0,0.0,,,,,876000.0,106815000.0,1.0,42657843.0,42558000.0,43259000.0,12.457,690907000.0,0.0,13687000.0,0.0,16.234,397316000.0
54,AIT,MRQ,2007-12-31,2007-12-31,2007-12-31,2021-08-17,3540000.0,744267000.0,,559201000.0,185066000.0,,10.977,-1505000.0,79995000.0,79995000.0,371517000.0,22967000.0,3.268,0.572,25000000.0,0.0,25000000.0,25000000.0,0.0,3374000.0,0.0,0.019,0.15,37107000.0,40481000.0,0.079,40481000.0,37107000.0,37106000.0,0.53,0.52,0.53,473597000.0,,473597000.0,1187545590.0,8.0,7.097,20261000.0,0.47,1.0,139491000.0,0.273,60458000.0,1000.0,457703000.0,,229673000.0,0.0,0.0,0.0,270670000.0,171111000.0,99559000.0,1256001590.0,-63659000.0,-9674000.0,-20752000.0,-50000000.0,-6505000.0,-76029000.0,-11253000.0,0.0,21766000.0,1857000.0,22967000.0,22967000.0,22967000.0,0.0,0.0,0.045,102223000.0,37268000.0,95264000.0,0.283,2.652,13.396,13.373,65857000.0,0.0,29.02,0.604,0.602,221029000.0,508410000.0,511008000.0,511008000.0,0.0,,,,,728000.0,102223000.0,1.0,43280551.0,43143000.0,43949000.0,11.845,683809000.0,0.0,14139000.0,0.0,15.85,388090000.0
55,AIT,MRQ,2007-09-30,2007-09-30,2007-09-30,2021-08-17,-1198000.0,805356000.0,,628230000.0,177126000.0,,10.924,-631000.0,143654000.0,143654000.0,376491000.0,24457000.0,2.663,0.707,75198000.0,50198000.0,25000000.0,75198000.0,0.0,3396000.0,0.0,0.017,0.15,38986000.0,42382000.0,0.082,42382000.0,38986000.0,38712000.0,0.57,0.56,0.57,471726000.0,,471726000.0,1287168839.0,9.0,8.057,28294000.0,0.655,1.0,142056000.0,0.274,57663000.0,274000.0,443307000.0,,207138000.0,0.0,0.0,0.0,333630000.0,235930000.0,97700000.0,1331438839.0,23989000.0,0.0,832000.0,0.0,-6473000.0,-4261000.0,-635000.0,0.0,28925000.0,-40000.0,24457000.0,24457000.0,24457000.0,0.0,0.0,0.047,102840000.0,39216000.0,103326000.0,0.263,2.822,14.899,14.894,66197000.0,0.0,30.83,0.653,0.653,249251000.0,491947000.0,518547000.0,518547000.0,0.0,,,,,1118000.0,102840000.0,1.0,43186469.0,43182000.0,44052000.0,12.008,747693000.0,0.0,14255000.0,0.0,17.315,392300000.0
56,AIT,MRQ,2007-06-30,2007-06-30,2007-06-30,2021-08-17,-682000.0,777369000.0,,600533000.0,176836000.0,,10.471,-2791000.0,119665000.0,119665000.0,385830000.0,24640000.0,2.555,0.724,75395000.0,50395000.0,25000000.0,75395000.0,0.0,4326000.0,0.0,0.016,0.12,42120000.0,46446000.0,0.088,46446000.0,42120000.0,38328000.0,0.57,0.56,0.57,450983000.0,,450983000.0,1261138200.0,9.0,8.181,36479000.0,0.847,1.0,142195000.0,0.269,66262000.0,3792000.0,431827000.0,,199886000.0,0.0,0.0,0.0,326386000.0,235010000.0,91376000.0,1270563200.0,34647000.0,0.0,340000.0,0.0,-5171000.0,-3660000.0,-2864000.0,0.0,39270000.0,1901000.0,24640000.0,24640000.0,24640000.0,0.0,0.0,0.047,103595000.0,38600000.0,97166000.0,0.211,2.817,14.77,14.975,67788000.0,0.0,29.5,0.631,0.631,248698000.0,473899000.0,528025000.0,528025000.0,0.0,,,,,-962000.0,103595000.0,1.0,43069939.0,43069939.0,,12.26,711107000.0,0.0,13688000.0,0.0,16.511,365523000.0
57,AIT,MRQ,2007-03-31,2007-03-31,2007-03-31,2021-08-17,1774000.0,741002000.0,,569679000.0,171323000.0,,9.899,-2163000.0,85018000.0,85018000.0,380557000.0,21697000.0,2.494,0.716,75593000.0,50593000.0,25000000.0,75593000.0,0.0,3601000.0,0.0,0.02,0.12,34413000.0,38014000.0,0.073,38014000.0,34413000.0,33664000.0,0.5,0.49,0.5,431736000.0,,431736000.0,1069058069.0,8.0,7.397,25603000.0,0.587,1.0,140572000.0,0.27,56676000.0,749000.0,446481000.0,,206991000.0,0.0,0.0,0.0,309266000.0,228420000.0,80846000.0,1077677069.0,608000.0,0.0,-21206000.0,0.0,-5244000.0,-25866000.0,-866000.0,0.0,27766000.0,-426000.0,21697000.0,21697000.0,21697000.0,0.0,0.0,0.042,106467000.0,34105000.0,99702000.0,0.24,2.496,13.215,13.194,67620000.0,0.0,24.54,0.541,0.538,250336000.0,454430000.0,521129000.0,521129000.0,0.0,,,,,1283000.0,106467000.0,1.0,43915121.0,43616000.0,44414000.0,11.948,684326000.0,0.0,11967000.0,0.0,15.69,341259000.0
58,AIT,MRQ,2006-12-31,2006-12-31,2006-12-31,2021-08-17,3494000.0,724372000.0,,551480000.0,172892000.0,,10.002,-2548000.0,84410000.0,84410000.0,342214000.0,18568000.0,2.633,0.658,75791000.0,50791000.0,25000000.0,75791000.0,0.0,3257000.0,0.0,0.017,0.12,29649000.0,32906000.0,0.07,32906000.0,29649000.0,29039000.0,0.43,0.42,0.43,436927000.0,,436927000.0,1114767544.0,9.0,7.83,-14779000.0,-0.338,1.0,130151000.0,0.276,56966000.0,610000.0,449375000.0,,215208000.0,0.0,0.0,0.0,287445000.0,209412000.0,78033000.0,1141055544.0,-17866000.0,0.0,1620000.0,0.0,-5258000.0,-1725000.0,-3422000.0,0.0,-12231000.0,-488000.0,18568000.0,18568000.0,18568000.0,0.0,0.0,0.039,101222000.0,28929000.0,91377000.0,0.279,2.612,14.292,14.536,69121000.0,0.0,26.31,0.58,0.584,220460000.0,437977000.0,472365000.0,472365000.0,0.0,,,,,1119000.0,101222000.0,1.0,43369652.0,43684000.0,44630000.0,10.813,667406000.0,0.0,10471000.0,0.0,15.278,342068000.0
59,AIT,MRQ,2006-09-30,2006-09-30,2006-09-30,2021-08-17,4788000.0,727811000.0,,555166000.0,172645000.0,,9.585,-2415000.0,102276000.0,102276000.0,357456000.0,21117000.0,3.127,0.728,75988000.0,0.0,75988000.0,75988000.0,0.0,3350000.0,0.0,0.018,0.12,33446000.0,36796000.0,0.075,36796000.0,33446000.0,32799000.0,0.48,0.47,0.48,421131000.0,,421131000.0,1046756676.0,8.0,7.562,13705000.0,0.312,1.0,135134000.0,0.274,57248000.0,647000.0,466749000.0,,192523000.0,0.0,0.0,0.0,306680000.0,177526000.0,129154000.0,1076998676.0,-4152000.0,0.0,-12079000.0,0.0,-5297000.0,-17159000.0,-3067000.0,0.0,16120000.0,-46000.0,21117000.0,21117000.0,21117000.0,0.0,0.0,0.043,101757000.0,33377000.0,110402000.0,0.25,2.557,14.066,14.186,69755000.0,0.0,24.4,0.552,0.55,240647000.0,424667000.0,492590000.0,492590000.0,0.0,,,,,1487000.0,101757000.0,1.0,44139290.0,43937000.0,44845000.0,11.211,670563000.0,0.0,11682000.0,0.0,15.262,377640000.0
60,AIT,MRQ,2006-06-30,2006-06-30,2006-06-30,2021-08-17,4796000.0,730671000.0,,558444000.0,172227000.0,,9.279,-3338000.0,106428000.0,106428000.0,370828000.0,20165000.0,2.964,0.761,76186000.0,0.0,76186000.0,76186000.0,0.0,3860000.0,0.0,0.016,0.12,32952000.0,36812000.0,0.073,36812000.0,32952000.0,30165000.0,0.45,0.44,0.45,414822000.0,,414822000.0,1086942424.0,9.0,8.204,55099000.0,1.232,1.0,133369000.0,0.265,57222000.0,2787000.0,454776000.0,,190537000.0,0.0,0.0,0.0,315849000.0,188431000.0,127418000.0,1086783424.0,30203000.0,-648000.0,-25464000.0,0.0,-5433000.0,-23624000.0,-4626000.0,0.0,58437000.0,16000.0,20165000.0,20165000.0,20165000.0,0.0,0.0,0.04,102878000.0,30491000.0,109440000.0,0.267,2.62,15.032,15.006,70794000.0,0.0,24.31,0.572,0.572,231524000.0,408847000.0,504197000.0,504197000.0,0.0,,,,,-15000.0,102878000.0,1.0,44705200.0,44705200.0,,11.278,673449000.0,0.0,10000000.0,0.0,15.064,370013000.0
61,AIT,MRQ,2006-03-31,2006-03-31,2006-03-31,2021-08-17,3604000.0,719803000.0,,548675000.0,171128000.0,,9.279,-2431000.0,76225000.0,76225000.0,360383000.0,19990000.0,3.066,0.747,76384000.0,0.0,76384000.0,76384000.0,0.0,3376000.0,0.0,0.012,0.1,32490000.0,35866000.0,0.072,35866000.0,32490000.0,31490000.0,0.45,0.43,0.45,411943000.0,,411943000.0,1334261965.0,12.0,10.535,28102000.0,0.633,1.0,136815000.0,0.275,55507000.0,1000000.0,485472000.0,,208086000.0,0.0,0.0,0.0,307860000.0,178983000.0,128877000.0,1312790965.0,21115000.0,-10726000.0,186000.0,0.0,-4456000.0,3050000.0,-12751000.0,0.0,30533000.0,283000.0,19990000.0,19990000.0,19990000.0,0.0,0.0,0.04,104730000.0,32085000.0,102859000.0,0.222,3.187,19.273,19.652,69560000.0,0.0,29.733,0.71,0.714,235960000.0,394115000.0,497198000.0,497198000.0,0.0,,,,,1488000.0,104730000.0,1.0,44152162.0,44394000.0,45897000.0,11.2,664296000.0,0.0,11500000.0,0.0,14.964,369692000.0
62,AIT,MRQ,2005-12-31,2005-12-31,2005-12-31,2021-08-17,1930000.0,681359000.0,,517961000.0,163398000.0,,8.945,-2419000.0,55110000.0,55110000.0,334783000.0,15294000.0,3.338,0.712,76581000.0,0.0,76581000.0,76581000.0,0.0,3426000.0,0.0,0.015,0.1,25528000.0,28954000.0,0.063,28954000.0,25528000.0,24564000.0,0.34,0.33,0.34,398008000.0,,398008000.0,987544757.0,9.0,8.165,-19423000.0,-0.437,1.0,121397000.0,0.266,52231000.0,964000.0,495416000.0,,217898000.0,0.0,0.0,0.0,283351000.0,155183000.0,128168000.0,1007556757.0,-41681000.0,-563000.0,-17620000.0,0.0,-4471000.0,-21691000.0,-3467000.0,0.0,-17004000.0,481000.0,15294000.0,15294000.0,15294000.0,0.0,0.0,0.034,96183000.0,25214000.0,94370000.0,0.294,2.531,15.63,15.706,70340000.0,0.0,22.46,0.56,0.555,212743000.0,378581000.0,456180000.0,456180000.0,0.0,,,,,816000.0,96183000.0,1.0,44860052.0,44493000.0,46017000.0,10.253,629128000.0,0.0,9270000.0,0.0,14.14,362778000.0
63,AIT,MRQ,2005-09-30,2005-09-30,2005-09-30,2021-08-17,675000.0,700674000.0,,536674000.0,164000000.0,,8.936,-1625000.0,96791000.0,96791000.0,320901000.0,16850000.0,2.963,0.744,76779000.0,0.0,76779000.0,76779000.0,0.0,3198000.0,0.0,0.013,0.08,27652000.0,30850000.0,0.07,30850000.0,27652000.0,26880000.0,0.37,0.36,0.37,401802000.0,,401802000.0,1030084179.0,11.0,9.152,-3738000.0,-0.083,1.0,122304000.0,0.276,51971000.0,772000.0,447548000.0,,200935000.0,0.0,0.0,0.0,298872000.0,181143000.0,117729000.0,1080243179.0,-30345000.0,-15735000.0,-9311000.0,0.0,-3613000.0,-11517000.0,-17070000.0,0.0,-2113000.0,355000.0,16850000.0,16850000.0,16850000.0,0.0,0.0,0.038,94502000.0,27802000.0,105409000.0,0.216,2.688,18.263,18.162,71219000.0,0.0,23.92,0.618,0.616,215020000.0,367758000.0,443205000.0,443205000.0,0.0,,,,,689000.0,94502000.0,1.0,45160668.0,44963000.0,46602000.0,9.857,648703000.0,0.0,10030000.0,0.0,14.427,355531000.0
64,AIT,MRQ,2005-06-30,2005-06-30,2005-06-30,2021-08-17,-989000.0,690170000.0,,527501000.0,162669000.0,,8.725,-2111000.0,127136000.0,127136000.0,331234000.0,15983000.0,2.903,0.755,76977000.0,0.0,76977000.0,76977000.0,0.0,4426000.0,0.0,0.013,0.08,26551000.0,30977000.0,0.068,30977000.0,26551000.0,24583000.0,0.353,0.34,0.353,393287000.0,,393287000.0,964137587.0,10.0,9.012,47883000.0,1.062,1.0,122086000.0,0.269,51083000.0,1968000.0,407233000.0,,175533000.0,0.0,0.0,0.0,296883000.0,181695000.0,115188000.0,970337587.0,43762000.0,-279000.0,-83000.0,0.0,-3607000.0,-3690000.0,-2734000.0,0.0,49994000.0,192000.0,15983000.0,15983000.0,15983000.0,0.0,0.0,0.035,96924000.0,25162000.0,99047000.0,0.227,2.467,17.534,17.36,71441000.0,0.0,21.527,0.565,0.565,202226000.0,354521000.0,453320000.0,453320000.0,0.0,,,,,2437000.0,96924000.0,1.0,45076072.0,45076072.0,,10.057,639087000.0,0.0,8600000.0,0.0,14.178,345806000.0
65,AIT,MRQ,2005-03-31,2005-03-31,2005-03-31,2021-08-17,2644000.0,663973000.0,,514181000.0,149792000.0,,8.532,-765000.0,83374000.0,83374000.0,327177000.0,16336000.0,2.981,0.738,77174000.0,0.0,77174000.0,77174000.0,0.0,3443000.0,0.0,0.014,0.08,26720000.0,30163000.0,0.068,30163000.0,26720000.0,25506000.0,0.367,0.353,0.367,382117000.0,,382117000.0,831244712.0,10.0,8.626,34539000.0,0.771,1.0,119293000.0,0.267,51044000.0,1214000.0,434257000.0,,186007000.0,0.0,0.0,0.0,281856000.0,172472000.0,109384000.0,811177712.0,26069000.0,-5635000.0,755000.0,0.0,-3594000.0,-2839000.0,-6398000.0,0.0,35304000.0,2000.0,16336000.0,16336000.0,16336000.0,0.0,0.0,0.037,95213000.0,24080000.0,97314000.0,0.218,2.123,16.143,15.865,72240000.0,0.0,18.133,0.486,0.487,214867000.0,342145000.0,446470000.0,446470000.0,0.0,,,,,0.0,95213000.0,1.0,44734065.0,44785500.0,46311000.0,9.969,612929000.0,0.0,9170000.0,0.0,13.686,341709000.0
66,AIT,MRQ,2004-12-31,2004-12-31,2004-12-31,2021-08-17,4248000.0,612399000.0,,463014000.0,149385000.0,,8.265,-952000.0,57305000.0,57305000.0,300191000.0,9980000.0,3.373,0.67,77372000.0,0.0,77372000.0,77372000.0,0.0,3456000.0,0.0,0.013,0.062,17111000.0,20567000.0,0.051,20567000.0,17111000.0,15780000.0,0.227,0.22,0.227,366739000.0,,366739000.0,825186429.0,11.0,9.606,-5170000.0,-0.117,1.0,103948000.0,0.257,50846000.0,1331000.0,444352000.0,,192121000.0,0.0,0.0,0.0,245660000.0,137268000.0,108392000.0,810808429.0,-5887000.0,0.0,1932000.0,0.0,-2786000.0,-854000.0,-1170000.0,0.0,-4218000.0,355000.0,9980000.0,9980000.0,9980000.0,0.0,0.0,0.025,86725000.0,17223000.0,74551000.0,0.273,2.211,18.21,17.856,73561000.0,0.0,18.267,0.503,0.502,190904000.0,329403000.0,404139000.0,404139000.0,0.0,,,,,0.0,86725000.0,1.0,44387323.0,44370000.0,46006500.0,9.108,561553000.0,0.0,5800000.0,0.0,12.656,325746000.0
67,AIT,MRQ,2004-09-30,2004-09-30,2004-09-30,2021-08-17,1580000.0,613002000.0,,460622000.0,152380000.0,,8.045,-1360000.0,63192000.0,63192000.0,303604000.0,13040000.0,3.013,0.737,77570000.0,0.0,77570000.0,77570000.0,0.0,3499000.0,0.0,0.014,0.062,21773000.0,25272000.0,0.061,25272000.0,21773000.0,20470000.0,0.3,0.287,0.3,352810000.0,,352810000.0,708665616.0,11.0,8.964,-1406000.0,-0.032,1.0,109522000.0,0.265,50119000.0,1303000.0,424398000.0,,173367000.0,0.0,0.0,0.0,260192000.0,152863000.0,107329000.0,700565616.0,-6475000.0,0.0,-1610000.0,0.0,-2753000.0,-4363000.0,-2237000.0,0.0,-46000.0,171000.0,13040000.0,13040000.0,13040000.0,0.0,0.0,0.032,88019000.0,21503000.0,84180000.0,0.207,1.986,17.656,17.322,75354000.0,0.0,15.884,0.447,0.444,201043000.0,322209000.0,413126000.0,413126000.0,0.0,,,,,0.0,88019000.0,1.0,44103879.0,43857000.0,45252000.0,9.42,562883000.0,0.0,7430000.0,0.0,12.835,307759000.0
68,AIT,MRQ,2004-06-30,2004-06-30,2004-06-30,2021-08-17,1121000.0,596841000.0,,437351000.0,159490000.0,,7.785,-2177000.0,69667000.0,69667000.0,296017000.0,10895000.0,2.89,0.758,77767000.0,0.0,77767000.0,77767000.0,0.0,1605000.0,0.0,0.016,0.053,18759000.0,20364000.0,0.05,20364000.0,18759000.0,17065000.0,0.25,0.243,0.25,339535000.0,,339535000.0,628454296.0,12.0,9.427,29510000.0,0.677,1.0,109077000.0,0.269,49852000.0,1694000.0,403760000.0,,159594000.0,0.0,0.0,0.0,257306000.0,151329000.0,105977000.0,583875296.0,36281000.0,0.0,3123000.0,6757000.0,-2328000.0,7552000.0,-2567000.0,0.0,31687000.0,-391000.0,10895000.0,10895000.0,10895000.0,0.0,0.0,0.027,90755000.0,18322000.0,76537000.0,0.212,1.72,18.553,18.338,77025000.0,0.0,13.387,0.385,0.385,189793000.0,311922000.0,405094000.0,405094000.0,0.0,,,,,2483000.0,90755000.0,1.0,43616182.0,43616182.0,,9.288,546989000.0,0.0,6170000.0,0.0,12.541,286022000.0
69,AIT,MRQ,2004-03-31,2004-03-31,2004-03-31,2021-08-17,1202000.0,573360000.0,,418278000.0,155082000.0,,7.5,-1115000.0,33386000.0,33386000.0,286630000.0,10611000.0,2.919,0.761,77965000.0,0.0,77965000.0,77965000.0,0.0,4366000.0,0.0,0.021,0.053,15338000.0,19704000.0,0.05,19704000.0,15338000.0,13941000.0,0.247,0.24,0.247,325638000.0,,325638000.0,494352557.0,10.0,7.919,14678000.0,0.338,1.0,104423000.0,0.267,49934000.0,1397000.0,424712000.0,,178209000.0,0.0,0.0,0.0,247722000.0,143293000.0,104429000.0,440590557.0,8985000.0,0.0,-2589000.0,-424000.0,-2335000.0,-5348000.0,-1607000.0,0.0,15793000.0,147000.0,10611000.0,10611000.0,10611000.0,0.0,0.0,0.027,89543000.0,14880000.0,80714000.0,0.215,1.353,15.591,15.3,78662000.0,0.0,10.098,0.297,0.295,190932000.0,303355000.0,391053000.0,391053000.0,0.0,,,,,0.0,89543000.0,1.0,43632428.0,43416000.0,44224500.0,9.007,523426000.0,0.0,3330000.0,0.0,12.056,274985000.0
70,AIT,MRQ,2003-12-31,2003-12-31,2003-12-31,2021-08-17,1893000.0,556500000.0,,399260000.0,157240000.0,,7.375,-1534000.0,24401000.0,24401000.0,264545000.0,5133000.0,3.01,0.744,78163000.0,0.0,78163000.0,78163000.0,0.0,4361000.0,0.0,0.02,0.053,9358000.0,13719000.0,0.038,13719000.0,9358000.0,7953000.0,0.12,0.113,0.12,319021000.0,,319021000.0,503862066.0,13.0,9.18,-4288000.0,-0.099,1.0,95166000.0,0.265,50433000.0,1405000.0,427197000.0,,191249000.0,0.0,0.0,0.0,237479000.0,132632000.0,104847000.0,459640066.0,-12687000.0,-1285000.0,738000.0,-4500000.0,-2316000.0,-6078000.0,-3842000.0,0.0,-2754000.0,-13000.0,5133000.0,5133000.0,5133000.0,0.0,0.0,0.014,85916000.0,9250000.0,74040000.0,0.442,1.441,20.862,20.551,81207000.0,0.0,10.604,0.314,0.314,170074000.0,295079000.0,359711000.0,359711000.0,0.0,,,,,0.0,85916000.0,1.0,43344097.0,43260000.0,44182500.0,8.315,506067000.0,0.0,2820000.0,0.0,11.698,266628000.0
71,AIT,MRQ,2003-09-30,2003-09-30,2003-09-30,2021-08-17,1099000.0,544472000.0,,386947000.0,157525000.0,,7.332,-8183000.0,37088000.0,37088000.0,267669000.0,4832000.0,3.047,0.736,81310000.0,2950000.0,78360000.0,81310000.0,0.0,4049000.0,0.0,0.024,0.053,8830000.0,12879000.0,0.036,12879000.0,8830000.0,7512000.0,0.111,0.111,0.111,313572000.0,,313572000.0,403743390.0,11.0,7.728,-12046000.0,-0.282,1.0,93477000.0,0.259,49609000.0,1318000.0,412108000.0,,163998000.0,0.0,0.0,0.0,230900000.0,126977000.0,103923000.0,380264390.0,-17991000.0,0.0,728000.0,-4683000.0,-2294000.0,-6249000.0,-7853000.0,0.0,-3863000.0,-26000.0,4832000.0,4832000.0,4832000.0,0.0,0.0,0.013,84481000.0,8996000.0,71902000.0,0.477,1.213,18.318,18.246,82953000.0,0.0,8.831,0.261,0.259,173218000.0,292262000.0,361146000.0,361146000.0,0.0,,,,,0.0,84481000.0,1.0,43059632.0,42768000.0,43679250.0,8.444,494863000.0,0.0,2680000.0,0.0,11.571,259970000.0
72,AIT,MRQ,2003-06-30,2003-06-30,2003-06-30,2021-08-17,2054000.0,553404000.0,,400494000.0,152910000.0,,7.216,-1529000.0,55079000.0,55079000.0,271968000.0,7684000.0,2.838,0.798,78558000.0,0.0,78558000.0,78558000.0,0.0,2544000.0,0.0,0.023,0.053,13583000.0,16127000.0,0.043,16127000.0,13583000.0,11804000.0,0.182,0.18,0.182,307856000.0,,307856000.0,454903922.0,12.0,8.906,32719000.0,0.767,1.0,100470000.0,0.27,49687000.0,1779000.0,386061000.0,,159798000.0,0.0,0.0,0.0,245548000.0,141135000.0,104413000.0,400072922.0,31154000.0,0.0,1222000.0,0.0,-2277000.0,-1055000.0,-2714000.0,0.0,34248000.0,675000.0,7684000.0,7684000.0,7684000.0,0.0,0.0,0.021,89534000.0,10936000.0,75411000.0,0.291,1.3,20.173,20.081,77942000.0,0.0,9.378,0.273,0.273,173915000.0,289724000.0,372438000.0,372438000.0,0.0,,,,,0.0,89534000.0,1.0,42661804.0,42661804.0,,8.73,503717000.0,0.0,4120000.0,0.0,11.807,259359000.0
73,AIT,MRQ,2003-03-31,2003-03-31,2003-03-31,2021-08-17,1589000.0,536128000.0,,384451000.0,151677000.0,,7.078,-3503000.0,23925000.0,23925000.0,270471000.0,4383000.0,2.931,0.787,78756000.0,0.0,78756000.0,78756000.0,0.0,3972000.0,0.0,0.029,0.053,8188000.0,12160000.0,0.033,12160000.0,8188000.0,6893000.0,0.102,0.102,0.102,299939000.0,,299939000.0,370726217.0,12.0,8.147,4776000.0,0.113,1.0,97732000.0,0.265,50587000.0,1295000.0,409201000.0,,171463000.0,0.0,0.0,0.0,236189000.0,131171000.0,105018000.0,317252217.0,-1554000.0,0.0,-4202000.0,0.0,-2281000.0,-6483000.0,-3350000.0,0.0,8279000.0,0.0,4383000.0,4383000.0,4383000.0,0.0,0.0,0.012,87578000.0,10154000.0,79560000.0,0.52,1.058,19.358,19.442,79136000.0,0.0,7.427,0.217,0.215,178689000.0,284317000.0,368203000.0,368203000.0,0.0,,,,,0.0,87578000.0,1.0,42717982.0,42374250.0,42952500.0,8.689,485541000.0,0.0,2510000.0,0.0,11.458,253280000.0
74,AIT,MRQ,2002-12-31,2002-12-31,2002-12-31,2021-08-17,925000.0,534920000.0,,383205000.0,151715000.0,,7.044,55000.0,25479000.0,25479000.0,264516000.0,3860000.0,2.905,0.781,78953000.0,0.0,78953000.0,78953000.0,0.0,3794000.0,0.0,0.025,0.053,7282000.0,11076000.0,0.031,11076000.0,7282000.0,5940000.0,0.089,0.089,0.089,300402000.0,,300402000.0,401837687.0,14.0,9.331,1737000.0,0.041,1.0,91191000.0,0.256,49938000.0,1342000.0,406562000.0,,181791000.0,0.0,0.0,0.0,234518000.0,131894000.0,102624000.0,361016687.0,-18565000.0,-10255000.0,-1979000.0,-5714000.0,-2292000.0,-9985000.0,-10262000.0,0.0,1682000.0,0.0,3860000.0,3860000.0,3860000.0,0.0,0.0,0.011,83871000.0,7320000.0,81319000.0,0.596,1.202,24.537,24.561,79101000.0,0.0,8.4,0.248,0.246,164483000.0,282215000.0,355707000.0,355707000.0,0.0,,,,,0.0,83871000.0,1.0,42978177.0,42646500.0,43274250.0,8.341,484982000.0,0.0,2080000.0,0.0,11.372,251311000.0
75,AIT,MRQ,2002-09-30,2002-09-30,2002-09-30,2021-08-17,1185000.0,538788000.0,,389442000.0,149346000.0,,7.011,47000.0,44044000.0,44044000.0,278117000.0,3905000.0,2.973,0.796,84865000.0,0.0,84865000.0,84865000.0,0.0,4159000.0,0.0,0.028,0.053,7556000.0,11715000.0,0.032,11715000.0,7556000.0,6295000.0,0.093,0.089,0.093,299975000.0,,299975000.0,385382112.0,14.0,8.909,20963000.0,0.49,1.0,89902000.0,0.244,46344000.0,1261000.0,402255000.0,,159834000.0,0.0,0.0,0.0,238813000.0,131010000.0,107803000.0,324964112.0,20984000.0,0.0,-1680000.0,0.0,-2304000.0,-1467000.0,1535000.0,0.0,20916000.0,0.0,3905000.0,3905000.0,3905000.0,0.0,0.0,0.011,82058000.0,7844000.0,85334000.0,0.57,1.083,23.598,23.542,80664000.0,0.0,7.533,0.225,0.223,174707000.0,280647000.0,368019000.0,368019000.0,0.0,,,,,0.0,82058000.0,1.0,43136829.0,42786000.0,43400250.0,8.601,492444000.0,0.0,2390000.0,0.0,11.509,258432000.0
76,AIT,MRQ,2002-06-30,2002-06-30,2002-06-30,2021-08-17,316000.0,534566000.0,,381058000.0,153508000.0,,6.906,-566000.0,23060000.0,23060000.0,275111000.0,4241000.0,2.922,0.793,83478000.0,0.0,83478000.0,83478000.0,0.0,1842000.0,0.0,0.025,0.053,8714000.0,10556000.0,0.029,10556000.0,8714000.0,6661000.0,0.098,0.098,0.098,298147000.0,,298147000.0,452895768.0,24.0,13.31,23824000.0,0.552,1.0,94376000.0,0.255,46410000.0,2053000.0,418160000.0,,166083000.0,0.0,0.0,0.0,236419000.0,130414000.0,106005000.0,374147768.0,-1653000.0,0.0,2620000.0,-24183000.0,-2304000.0,-25391000.0,-652000.0,0.0,24390000.0,0.0,4241000.0,4241000.0,4241000.0,0.0,0.0,0.011,85519000.0,8857000.0,76316000.0,0.541,1.255,140.922,139.785,83095000.0,0.0,8.667,0.259,0.259,180904000.0,279046000.0,369487000.0,369487000.0,0.0,,,,,2499000.0,85519000.0,1.0,43170896.0,43170896.0,,8.559,488156000.0,0.0,2420000.0,0.0,11.308,250644000.0
77,AIT,MRQ,2002-03-31,2002-03-31,2002-03-31,2021-08-17,-264000.0,553563000.0,,397743000.0,155820000.0,,6.889,-1225000.0,24713000.0,24713000.0,269672000.0,2707000.0,3.007,0.884,103461000.0,0.0,103461000.0,103461000.0,0.0,3944000.0,0.0,0.025,0.053,5775000.0,9719000.0,0.027,9719000.0,5775000.0,4397000.0,0.062,0.062,0.062,293870000.0,,293870000.0,462262446.0,20.0,13.032,15763000.0,0.37,1.0,91870000.0,0.254,48221000.0,1378000.0,451808000.0,,178074000.0,0.0,0.0,0.0,259693000.0,132282000.0,127411000.0,369719446.0,3720000.0,0.0,-1997000.0,-8773000.0,-2301000.0,-12923000.0,-345000.0,0.0,16988000.0,0.0,2707000.0,2707000.0,2707000.0,0.0,0.0,0.007,86037000.0,5833000.0,81149000.0,0.855,1.258,75.253,79.958,85275000.0,0.0,8.556,0.252,0.249,184289000.0,277109000.0,361542000.0,361542000.0,0.0,,,,,0.0,86037000.0,1.0,43213961.0,42660000.0,43341750.0,8.475,505342000.0,0.0,1690000.0,0.0,11.846,265461000.0
78,AIT,MRQ,2001-12-31,2001-12-31,2001-12-31,2021-08-17,-177000.0,555850000.0,,396889000.0,158961000.0,,6.903,-1441000.0,20993000.0,20993000.0,260537000.0,2918000.0,3.221,0.886,113536000.0,0.0,113536000.0,113536000.0,0.0,4787000.0,0.0,0.026,0.053,6482000.0,11269000.0,0.032,11269000.0,6482000.0,4728000.0,0.067,0.067,0.067,294688000.0,,294688000.0,444177912.0,15.0,9.963,1139000.0,0.027,1.0,87013000.0,0.25,48474000.0,1754000.0,476702000.0,,205019000.0,0.0,0.0,0.0,261162000.0,123217000.0,137945000.0,358261912.0,-5076000.0,-2574000.0,-2407000.0,1551000.0,-2302000.0,-2930000.0,-4726000.0,0.0,2580000.0,0.0,2918000.0,2918000.0,2918000.0,0.0,0.0,0.008,80981000.0,6032000.0,74639000.0,0.791,1.216,39.103,40.632,87439000.0,0.0,8.289,0.236,0.234,160185000.0,276703000.0,347550000.0,347550000.0,0.0,,,,,0.0,80981000.0,1.0,43221946.0,42687000.0,43391250.0,8.142,507376000.0,0.0,1810000.0,0.0,11.886,273672000.0
79,AIT,MRQ,2001-09-30,2001-09-30,2001-09-30,2021-08-17,402000.0,583585000.0,,412536000.0,171049000.0,,7.066,-3208000.0,26069000.0,26069000.0,275559000.0,-7211000.0,2.938,0.897,111985000.0,0.0,111985000.0,111985000.0,0.0,4721000.0,0.0,0.028,0.053,-2238000.0,2483000.0,0.007,2483000.0,-2238000.0,-4131000.0,-0.169,-0.169,-0.169,307705000.0,,307705000.0,431265569.0,11.0,8.008,23955000.0,0.55,1.0,92431000.0,0.251,64701000.0,1893000.0,464368000.0,,187580000.0,0.0,0.0,0.0,275880000.0,140432000.0,135448000.0,331752569.0,12088000.0,0.0,-9334000.0,-3547000.0,-2363000.0,-12058000.0,-3017000.0,0.0,27163000.0,0.0,-7211000.0,-7211000.0,-7211000.0,0.0,0.0,-0.02,82319000.0,10112000.0,90390000.0,-0.314,1.078,24.383,24.857,89571000.0,0.0,7.507,0.211,0.208,188052000.0,288187000.0,367990000.0,367990000.0,0.0,,,,,0.0,82319000.0,1.0,44194392.0,43548750.0,44271000.0,8.45,518884000.0,0.0,3080000.0,0.0,11.915,272104000.0
80,AIT,MRQ,2001-06-30,2001-06-30,2001-06-30,2021-08-17,-182000.0,578854000.0,,406460000.0,172394000.0,,7.066,-3200000.0,13981000.0,13981000.0,291696000.0,6499000.0,3.189,0.858,113494000.0,0.0,113494000.0,113494000.0,0.0,-559000.0,0.0,0.025,0.053,12560000.0,12001000.0,0.031,12001000.0,12560000.0,9899000.0,0.147,0.147,0.147,311518000.0,,311518000.0,469960815.0,9.0,6.61,1585000.0,0.036,1.0,98906000.0,0.253,62021000.0,2661000.0,488887000.0,,191570000.0,0.0,0.0,0.0,267336000.0,127459000.0,139877000.0,371333815.0,1819000.0,0.0,1389000.0,2705000.0,-2354000.0,1067000.0,-4033000.0,0.0,4785000.0,0.0,6499000.0,6499000.0,6499000.0,0.0,0.0,0.017,86527000.0,12379000.0,75896000.0,0.361,1.192,13.239,13.242,90263000.0,0.0,8.422,0.228,0.228,190935000.0,285661000.0,390602000.0,390602000.0,0.0,,,,,6145000.0,86527000.0,1.0,44089767.0,44089767.0,,8.859,516833000.0,0.0,3400000.0,0.0,11.722,279001000.0
81,AIT,MRQ,2001-03-31,2001-03-31,2001-03-31,2021-08-17,0.0,603713000.0,,430262000.0,173451000.0,,6.949,-2345000.0,12162000.0,12162000.0,306802000.0,6956000.0,2.638,0.973,110789000.0,0.0,110789000.0,110789000.0,0.0,5351000.0,0.0,0.029,0.053,13480000.0,18831000.0,0.046,18831000.0,13480000.0,11256000.0,0.16,0.156,0.16,305933000.0,,305933000.0,429309132.0,7.0,5.521,14671000.0,0.333,1.0,102037000.0,0.25,67062000.0,2224000.0,472159000.0,,210313000.0,0.0,0.0,0.0,297780000.0,163119000.0,134661000.0,324804132.0,-2253000.0,0.0,-6825000.0,-8131000.0,-2377000.0,-17218000.0,-2051000.0,0.0,17016000.0,0.0,6956000.0,6956000.0,6956000.0,0.0,0.0,0.017,88801000.0,13236000.0,104581000.0,0.331,1.062,10.088,10.068,90698000.0,0.0,7.289,0.197,0.195,198576000.0,281516000.0,408839000.0,408839000.0,0.0,,,,,0.0,88801000.0,1.0,44561542.0,44028000.0,44730000.0,9.286,536651000.0,0.0,4300000.0,0.0,12.189,267143000.0
82,AIT,MRQ,2000-12-31,2000-12-31,2000-12-31,2021-08-17,0.0,608561000.0,,432154000.0,176407000.0,,6.871,-1094000.0,14415000.0,14415000.0,301536000.0,7362000.0,2.698,1.002,118920000.0,0.0,118920000.0,118920000.0,0.0,5975000.0,0.0,0.023,0.053,14563000.0,20538000.0,0.051,20538000.0,14563000.0,12162000.0,0.164,0.164,0.164,303903000.0,,303903000.0,515310379.0,8.0,6.419,5190000.0,0.117,1.0,103902000.0,0.256,68242000.0,2401000.0,484642000.0,,212673000.0,0.0,0.0,0.0,304658000.0,160182000.0,144476000.0,408739379.0,1429000.0,0.0,-562000.0,-637000.0,-2382000.0,-3423000.0,-1432000.0,0.0,6284000.0,0.0,7362000.0,7362000.0,7362000.0,0.0,0.0,0.018,88767000.0,15135000.0,104982000.0,0.323,1.345,12.184,12.233,92080000.0,0.0,9.138,0.246,0.244,198162000.0,276937000.0,405438000.0,405438000.0,0.0,,,,,0.0,88767000.0,1.0,44730720.0,44232750.0,44957250.0,9.166,540319000.0,0.0,4800000.0,0.0,12.215,271972000.0
83,AIT,MRQ,2000-09-30,2000-09-30,2000-09-30,2021-08-17,0.0,585738000.0,,405752000.0,179986000.0,,6.769,-841000.0,12986000.0,12986000.0,316422000.0,7231000.0,2.848,0.949,119557000.0,0.0,119557000.0,119557000.0,0.0,5597000.0,0.0,0.028,0.053,14130000.0,19727000.0,0.047,19727000.0,14130000.0,12031000.0,0.164,0.16,0.164,300564000.0,,300564000.0,442778291.0,7.0,5.612,8291000.0,0.187,1.0,104454000.0,0.248,69676000.0,2099000.0,480166000.0,,172412000.0,0.0,0.0,0.0,285174000.0,142467000.0,142707000.0,342959291.0,637000.0,-5491000.0,-8100000.0,7389000.0,-2419000.0,-2730000.0,-5765000.0,0.0,9132000.0,0.0,7231000.0,7231000.0,7231000.0,0.0,0.0,0.017,90203000.0,14251000.0,84456000.0,0.323,1.141,10.58,10.745,94941000.0,0.0,7.693,0.21,0.209,213283000.0,271957000.0,420876000.0,420876000.0,0.0,,,,,0.0,90203000.0,1.0,44578764.0,44401500.0,45036000.0,9.479,516062000.0,0.0,4800000.0,0.0,11.623,263285000.0
84,AIT,MRQ,2000-06-30,2000-06-30,2000-06-30,2021-08-17,0.0,594667000.0,,414991000.0,179676000.0,,6.556,-1443000.0,12349000.0,12349000.0,310497000.0,10649000.0,2.596,0.987,112168000.0,0.0,112168000.0,112168000.0,0.0,67000.0,0.0,0.029,0.053,18594000.0,18661000.0,0.045,18661000.0,18594000.0,16267000.0,0.236,0.231,0.236,299331000.0,,299331000.0,408759193.0,7.0,5.391,16694000.0,0.366,1.0,102116000.0,0.247,67089000.0,2327000.0,467538000.0,,182102000.0,0.0,0.0,0.0,295336000.0,159859000.0,135477000.0,332378193.0,-2916000.0,-33829000.0,-4268000.0,20522000.0,-2430000.0,13716000.0,-34769000.0,0.0,18137000.0,0.0,10649000.0,10649000.0,10649000.0,0.0,0.0,0.026,84065000.0,18051000.0,93587000.0,0.225,1.11,10.705,10.769,97200000.0,0.0,7.28,0.208,0.208,212254000.0,267145000.0,412613000.0,412613000.0,0.0,,,,,5488000.0,84065000.0,1.0,45656345.0,45656345.0,,9.037,527578000.0,0.0,5618000.0,0.0,11.555,255132000.0
85,AIT,MRQ,2000-03-31,2000-03-31,2000-03-31,2021-08-17,0.0,562169000.0,,389697000.0,172472000.0,,6.443,-1293000.0,15265000.0,15265000.0,317875000.0,8304000.0,2.545,0.91,91646000.0,0.0,91646000.0,91646000.0,0.0,5750000.0,0.0,0.03,0.053,15598000.0,21348000.0,0.051,21348000.0,15598000.0,13952000.0,0.182,0.178,0.182,294359000.0,,294359000.0,416948592.0,8.0,5.502,19561000.0,0.428,1.0,103022000.0,0.245,60507000.0,1646000.0,424914000.0,,163656000.0,0.0,0.0,0.0,267810000.0,153129000.0,114681000.0,332334592.0,2293000.0,-7000.0,-8933000.0,-5940000.0,-2464000.0,-17313000.0,-1248000.0,0.0,20854000.0,0.0,8304000.0,8304000.0,8304000.0,0.0,0.0,0.02,87424000.0,15598000.0,90738000.0,0.291,1.129,11.779,11.773,97258000.0,0.0,7.111,0.207,0.202,203377000.0,258926000.0,420897000.0,420897000.0,0.0,,,,,0.0,87424000.0,1.0,46734552.0,45686250.0,46185750.0,9.213,501662000.0,0.0,5648000.0,0.0,10.981,236568000.0
86,AIT,MRQ,1999-12-31,1999-12-31,1999-12-31,2021-08-17,0.0,552080000.0,,374323000.0,177757000.0,,6.375,-836000.0,12972000.0,12972000.0,286983000.0,6233000.0,2.767,0.863,97586000.0,0.0,97586000.0,97586000.0,0.0,7121000.0,0.0,0.029,0.053,12045000.0,19166000.0,0.05,19166000.0,12045000.0,10479000.0,0.133,0.133,0.133,296312000.0,,296312000.0,433467557.0,8.0,6.03,8970000.0,0.193,1.0,92687000.0,0.244,60281000.0,1566000.0,441146000.0,,168628000.0,0.0,0.0,0.0,255768000.0,135267000.0,120501000.0,348221557.0,-2282000.0,-686000.0,-4310000.0,-2914000.0,-2507000.0,-9647000.0,-2441000.0,0.0,9806000.0,0.0,6233000.0,6233000.0,6233000.0,0.0,0.0,0.016,80642000.0,12045000.0,79284000.0,0.398,1.175,13.249,13.293,100154000.0,0.0,7.391,0.221,0.218,186416000.0,253086000.0,379670000.0,379670000.0,0.0,,,,,0.0,80642000.0,1.0,47113560.0,46482750.0,46989000.0,8.168,491799000.0,0.0,4246000.0,0.0,10.58,239056000.0
87,AIT,MRQ,1999-09-30,1999-09-30,1999-09-30,2021-08-17,0.0,553174000.0,,374245000.0,178929000.0,,6.252,-600000.0,15254000.0,15254000.0,294139000.0,5862000.0,2.774,0.873,100500000.0,0.0,100500000.0,100500000.0,0.0,4562000.0,0.0,0.027,0.053,12085000.0,16647000.0,0.043,16647000.0,12085000.0,9850000.0,0.124,0.124,0.124,295297000.0,,295297000.0,484689872.0,10.0,7.155,27047000.0,0.573,1.0,93765000.0,0.242,61332000.0,2235000.0,442190000.0,,158329000.0,0.0,0.0,0.0,257877000.0,134898000.0,122979000.0,377875872.0,-3932000.0,0.0,-3021000.0,-25500000.0,-2528000.0,-31049000.0,-530000.0,0.0,27647000.0,0.0,5862000.0,5862000.0,5862000.0,0.0,0.0,0.015,81680000.0,12085000.0,74265000.0,0.427,1.28,15.463,15.504,103757000.0,0.0,8.0,0.242,0.242,194617000.0,249360000.0,387904000.0,387904000.0,0.0,,,,,0.0,81680000.0,1.0,47234484.0,47234484.0,,8.212,491842000.0,0.0,3988000.0,0.0,10.413,239347000.0
88,AIT,MRQ,1999-06-30,1999-06-30,1999-06-30,2021-08-17,0.0,574349000.0,,390846000.0,183503000.0,,6.153,-2840000.0,19186000.0,19186000.0,323520000.0,7815000.0,2.958,0.956,126000000.0,0.0,126000000.0,126000000.0,0.0,4443000.0,0.0,0.025,0.053,14184000.0,18627000.0,0.045,18627000.0,14184000.0,12041000.0,0.164,0.164,0.164,293586000.0,,293586000.0,508458376.0,12.0,8.471,5568000.0,0.117,1.0,94719000.0,0.226,62351000.0,2143000.0,486696000.0,,169689000.0,0.0,0.0,0.0,280763000.0,132116000.0,148647000.0,402889376.0,-1959000.0,0.0,-2384000.0,-714000.0,-2542000.0,-5640000.0,-4727000.0,0.0,8408000.0,0.0,7815000.0,7815000.0,7815000.0,0.0,0.0,0.019,80488000.0,14231000.0,78836000.0,0.323,1.372,20.212,20.447,107239000.0,0.0,8.444,0.259,0.259,195736000.0,246026000.0,418239000.0,418239000.0,0.0,,,,,5331000.0,80488000.0,1.0,47710584.0,47710584.0,,8.766,511998000.0,0.0,4226000.0,0.0,10.731,258730000.0
89,AIT,MRQ,1999-03-31,1999-03-31,1999-03-31,2021-08-17,0.0,603243000.0,,417051000.0,186192000.0,,5.938,-1366000.0,21145000.0,21145000.0,292535000.0,6372000.0,2.56,1.085,126714000.0,0.0,126714000.0,126714000.0,0.0,4461000.0,0.0,0.043,0.053,12982000.0,17443000.0,0.045,17443000.0,12982000.0,10800000.0,0.133,0.133,0.133,289304000.0,,289304000.0,364678185.0,8.0,5.765,29577000.0,0.607,1.0,94081000.0,0.243,62917000.0,2182000.0,483009000.0,,192619000.0,0.0,0.0,0.0,313939000.0,162886000.0,151053000.0,240771185.0,7337000.0,-2073000.0,-7126000.0,-11001000.0,-2597000.0,-20724000.0,-2882000.0,0.0,30943000.0,0.0,6372000.0,6372000.0,6372000.0,0.0,0.0,0.016,81242000.0,12839000.0,104906000.0,0.398,0.832,11.511,11.467,109031000.0,0.0,4.942,0.158,0.158,195530000.0,240117000.0,386616000.0,386616000.0,0.0,,,,,0.0,81242000.0,1.0,48717191.0,48717191.0,,7.936,540326000.0,0.0,4428000.0,0.0,11.091,254165000.0
90,AIT,MRQ,1998-12-31,1998-12-31,1998-12-31,2021-08-17,0.0,585379000.0,,396534000.0,188845000.0,,5.979,-2448000.0,13808000.0,13808000.0,282652000.0,4388000.0,2.997,1.008,137715000.0,0.0,137715000.0,137715000.0,0.0,4454000.0,0.0,0.035,0.053,10572000.0,15026000.0,0.04,15026000.0,10572000.0,7492000.0,0.093,0.089,0.093,291544000.0,,291544000.0,440235364.0,9.0,6.521,26358000.0,0.541,1.0,88743000.0,0.239,59436000.0,3080000.0,517554000.0,,187581000.0,0.0,0.0,0.0,293835000.0,132296000.0,161539000.0,300801364.0,-5882000.0,-3260000.0,-2514000.0,-21409000.0,-2600000.0,-26523000.0,-8165000.0,0.0,28806000.0,0.0,4388000.0,4388000.0,4388000.0,0.0,0.0,0.012,78316000.0,10427000.0,77262000.0,0.57,1.032,12.713,12.746,110258000.0,0.0,6.169,0.197,0.197,186199000.0,236301000.0,371395000.0,371395000.0,0.0,,,,,0.0,78316000.0,1.0,48761028.0,48761028.0,,7.617,525943000.0,0.0,3104000.0,0.0,10.786,264238000.0
91,AIT,MRQ,1998-09-30,1998-09-30,1998-09-30,2021-08-17,0.0,615034000.0,,427433000.0,187601000.0,,5.855,-2750000.0,19690000.0,19690000.0,288538000.0,1358000.0,2.022,1.112,159124000.0,69124000.0,90000000.0,159124000.0,0.0,3967000.0,0.0,0.029,0.053,4958000.0,8925000.0,0.024,8925000.0,4958000.0,2300000.0,0.027,0.027,0.027,291243000.0,,291243000.0,503630232.0,9.0,7.129,12223000.0,0.246,1.0,90636000.0,0.239,60322000.0,2658000.0,482716000.0,,202936000.0,0.0,0.0,0.0,323791000.0,211430000.0,112361000.0,360572232.0,10346000.0,-7200000.0,-8561000.0,6722000.0,-2658000.0,-4497000.0,-130000.0,0.0,14973000.0,0.0,1358000.0,1358000.0,1358000.0,0.0,0.0,0.004,85864000.0,4772000.0,87564000.0,1.963,1.238,13.361,13.156,112234000.0,0.0,7.249,0.236,0.236,195855000.0,234636000.0,379174000.0,379174000.0,0.0,,,,,0.0,85864000.0,1.0,49741724.0,49741724.0,,7.623,554712000.0,0.0,942000.0,0.0,11.152,216003000.0
92,AIT,MRQ,1998-06-30,1998-06-30,1998-06-30,2021-08-17,0.0,606091000.0,,414913000.0,191178000.0,,6.032,-4316000.0,9344000.0,9344000.0,292470000.0,8799000.0,2.148,1.024,152402000.0,62402000.0,90000000.0,152402000.0,0.0,4630000.0,0.0,0.023,0.053,17238000.0,21868000.0,0.057,21868000.0,17238000.0,14927000.0,0.178,0.178,0.178,299502000.0,,299502000.0,572274705.0,10.0,7.55,-15466000.0,-0.311,1.0,91715000.0,0.239,53243000.0,2311000.0,502759000.0,,192042000.0,0.0,0.0,0.0,306589000.0,193147000.0,113442000.0,453697705.0,-8354000.0,-1621000.0,704000.0,16127000.0,-2649000.0,14182000.0,-11386000.0,0.0,-11150000.0,0.0,8799000.0,8799000.0,8799000.0,0.0,0.0,0.023,74671000.0,17044000.0,79091000.0,0.298,1.515,15.061,14.691,113069000.0,0.0,9.138,0.304,0.304,206313000.0,236109000.0,384185000.0,384185000.0,0.0,,,,,4569000.0,74671000.0,1.0,49650770.0,49650770.0,,7.738,552848000.0,0.0,6128000.0,0.0,11.135,221766000.0
93,AIT,MRQ,1998-03-31,1998-03-31,1998-03-31,2021-08-17,0.0,591547000.0,,408922000.0,182625000.0,,5.743,-10955000.0,17698000.0,17698000.0,291380000.0,9115000.0,2.24,1.077,136275000.0,40561000.0,95714000.0,136275000.0,0.0,4106000.0,0.0,0.017,0.053,17585000.0,21691000.0,0.055,21691000.0,17585000.0,15177000.0,0.187,0.182,0.187,284875000.0,,284875000.0,723543096.0,12.0,9.869,101000.0,0.002,1.0,102491000.0,0.26,54932000.0,2408000.0,472661000.0,,190195000.0,0.0,0.0,0.0,306672000.0,182531000.0,124141000.0,593972096.0,3414000.0,2481000.0,-63000.0,-7580000.0,-2646000.0,-10289000.0,2647000.0,0.0,11056000.0,0.0,9115000.0,9115000.0,9115000.0,0.0,0.0,0.023,85088000.0,17403000.0,96840000.0,0.283,2.085,19.632,18.087,110508000.0,0.0,11.973,0.42,0.42,195363000.0,230340000.0,393871000.0,393871000.0,0.0,,,,,0.0,85088000.0,1.0,49607914.0,49607914.0,,7.94,536615000.0,0.0,6062000.0,0.0,10.817,226391000.0
94,AIT,MRQ,1997-12-31,1997-12-31,1997-12-31,2021-08-17,0.0,566691000.0,,393708000.0,172983000.0,,5.532,-2781000.0,14284000.0,14284000.0,273573000.0,7714000.0,1.796,1.065,143855000.0,98141000.0,45714000.0,143855000.0,0.0,3697000.0,0.0,0.016,0.053,14464000.0,18161000.0,0.049,18161000.0,14464000.0,12099000.0,0.16,0.156,0.16,274407000.0,,274407000.0,,,,-20011000.0,-0.403,1.0,95050000.0,0.258,52170000.0,2365000.0,424843000.0,,189469000.0,0.0,0.0,0.0,292284000.0,219249000.0,73035000.0,589782984.0,992000.0,-5994000.0,416000.0,30640000.0,-2625000.0,28431000.0,-10209000.0,0.0,-17230000.0,0.0,7714000.0,7714000.0,7714000.0,0.0,0.0,0.021,80786000.0,14264000.0,77804000.0,0.331,2.149,21.143,18.576,102946000.0,0.0,11.889,0.448,0.448,174686000.0,223871000.0,368623000.0,368623000.0,0.0,,,,,0.0,80786000.0,1.0,49607914.0,49607914.0,,7.431,514521000.0,0.0,4385000.0,0.0,10.372,174459000.0
95,AIT,MRQ,1997-09-30,1997-09-30,1997-09-30,2021-08-17,,,,,,,,-5854000.0,,,256426000.0,4497000.0,,,,,,,,3995000.0,,0.012,0.047,10086000.0,14081000.0,0.041,14081000.0,10086000.0,7622000.0,0.098,0.093,0.098,,,,,,,12673000.0,,1.0,88300000.0,0.256,,2464000.0,,,,,,,,,,,-9113000.0,-27815000.0,-7416000.0,16296000.0,-2357000.0,6523000.0,-34163000.0,0.0,18527000.0,0.0,4497000.0,4497000.0,4497000.0,0.0,0.0,0.013,78492000.0,9808000.0,,0.48,,,24.609,,0.0,15.307,,,,,344726000.0,344726000.0,0.0,,,,,0.0,78492000.0,1.0,,,,,,,3125000.0,,,
96,AIT,MRQ,1997-06-30,1997-06-30,1997-06-30,2021-08-17,0.0,394114000.0,,285459000.0,108655000.0,,,-6894000.0,22405000.0,22405000.0,223439000.0,8929000.0,2.364,0.899,88272000.0,36844000.0,51428000.0,88272000.0,0.0,3396000.0,0.0,0.017,0.047,15986000.0,19382000.0,0.063,19382000.0,15986000.0,14352000.0,0.218,0.209,0.218,207584000.0,,207584000.0,,,,7359000.0,,1.0,82381000.0,0.269,5604000.0,1634000.0,333641000.0,,103069000.0,0.0,0.0,0.0,186530000.0,120736000.0,65794000.0,,6884000.0,0.0,445000.0,-1197000.0,-1981000.0,-2733000.0,-4636000.0,0.0,14253000.0,0.0,8929000.0,8929000.0,8929000.0,0.0,0.0,0.029,66656000.0,15725000.0,49469000.0,0.216,,,16.335,90761000.0,0.0,10.667,,,153080000.0,216642000.0,305820000.0,305820000.0,0.0,,,,,857000.0,66656000.0,1.0,,,,,388510000.0,0.0,5423000.0,0.0,,164723000.0
97,AIT,MRQ,1997-03-31,1997-03-31,1997-03-31,2021-08-17,,,,,,,,-2808000.0,,,221991000.0,6755000.0,,,,,,,,3349000.0,,0.017,0.047,12571000.0,15920000.0,0.054,15920000.0,12571000.0,10898000.0,0.164,0.16,0.164,,,,,,,16513000.0,,1.0,75199000.0,0.253,,1673000.0,,,,,,,,,,,8639000.0,0.0,81000.0,-4209000.0,-1977000.0,-6105000.0,-4577000.0,0.0,19321000.0,0.0,6755000.0,6755000.0,6755000.0,0.0,0.0,0.023,62752000.0,12447000.0,,0.287,,,,,0.0,10.37,,,,,297190000.0,297190000.0,0.0,,,,,-383000.0,62752000.0,1.0,,,,,,,4143000.0,,,
98,AIT,MRQ,1996-12-31,1996-12-31,1996-12-31,2021-08-17,,,,,,,,,,,200025000.0,6003000.0,,,,,,,,,,0.021,0.047,11955000.0,,,,11955000.0,10360000.0,0.142,0.142,0.142,,,,,,,,,1.0,74967000.0,0.273,,1595000.0,,,,,,,,,,,,,,,,,,,,,6003000.0,6003000.0,6003000.0,0.0,0.0,0.022,63265000.0,11702000.0,,0.331,,,,,0.0,8.261,,,,,274992000.0,274992000.0,0.0,,,,,,63265000.0,1.0,,,,,,,4357000.0,,,
0,AIT,MRT,2021-06-30,2021-06-30,2021-06-30,2021-08-17,-93092000.0,2271807000.0,2266866250.0,1196575000.0,1075232000.0,1.427,23.998,-14700000.0,257745000.0,257745000.0,2300395000.0,144757000.0,2.798,1.436,828380000.0,43525000.0,784855000.0,828380000.0,0.0,55145000.0,0.0,0.014,1.3,207869000.0,263014000.0,0.081,263014000.0,207869000.0,177062000.0,3.73,3.68,3.73,932546000.0,908391500.0,932546000.0,4086567780.0,20.0,15.537,226997000.0,5.841,1.0,935524000.0,0.289,839705000.0,30807000.0,1575037000.0,1553182500.0,362547000.0,0.0,0.0,0.0,1339261000.0,427700000.0,911561000.0,3538535780.0,-10806000.0,-30230000.0,-39926000.0,-106282000.0,-50664000.0,-213037000.0,-44930000.0,0.0,241697000.0,5464000.0,144757000.0,144757000.0,144757000.0,0.0,0.0,0.045,730070000.0,205454000.0,208162000.0,0.349,3.794,24.445,24.413,202700000.0,0.0,91.06,1.094,1.094,516322000.0,1294413000.0,3235919000.0,3235919000.0,0.0,0.064,0.159,0.134,0.064,8980000.0,680542000.0,1.0,38859387.0,38859387.0,,83.273,1432102000.0,0.0,32305000.0,0.0,36.853,768875000.0
1,AIT,MRT,2021-03-31,2021-03-31,2021-03-31,2021-08-17,-98871000.0,2305388000.0,2269802250.0,1226356000.0,1079032000.0,1.35,24.074,-15239000.0,304016000.0,304016000.0,2184277000.0,115502000.0,2.633,1.466,852048000.0,78644000.0,773404000.0,852048000.0,0.0,56960000.0,0.0,0.014,1.29,174995000.0,231955000.0,0.076,231955000.0,174995000.0,143259000.0,2.97,2.94,2.97,934907000.0,886140500.0,934907000.0,4113256634.0,24.0,17.733,315260000.0,8.118,1.0,880830000.0,0.287,846882000.0,31736000.0,1540792000.0,1569147500.0,358237000.0,0.0,0.0,0.0,1370481000.0,465746000.0,904735000.0,3540317634.0,138552000.0,-30023000.0,163000.0,-92292000.0,-50225000.0,-152813000.0,-45262000.0,0.0,330499000.0,6128000.0,115502000.0,115502000.0,115502000.0,0.0,0.0,0.038,709449000.0,171381000.0,217252000.0,0.434,3.787,30.652,30.697,201013000.0,0.0,91.17,1.155,1.155,510080000.0,1260761000.0,3065107000.0,3065107000.0,0.0,0.051,0.13,0.112,0.057,9281000.0,659921000.0,1.0,38832046.0,38835000.0,,78.926,1458506000.0,0.0,27757000.0,0.0,37.556,760610000.0
2,AIT,MRT,2020-12-31,2020-12-31,2020-12-31,2021-08-17,-107364000.0,2241017000.0,2265837500.0,1151596000.0,1089421000.0,1.348,22.71,-14684000.0,288775000.0,288775000.0,2184610000.0,-23338000.0,2.704,1.545,861714000.0,78638000.0,783076000.0,861714000.0,0.0,60126000.0,0.0,0.016,1.28,22349000.0,82475000.0,0.027,82475000.0,22349000.0,-10584000.0,-0.61,-0.62,-0.61,880707000.0,860053750.0,880707000.0,3623309932.0,162.0,43.932,336487000.0,8.677,1.0,870357000.0,0.285,851838000.0,32933000.0,1536251000.0,1615760750.0,363757000.0,0.0,0.0,0.0,1360310000.0,425867000.0,934443000.0,3022891932.0,160626000.0,-31925000.0,163000.0,-87024000.0,-49770000.0,-146171000.0,-46609000.0,0.0,351171000.0,2235000.0,-23338000.0,-23338000.0,-23338000.0,0.0,0.0,-0.008,851393000.0,18964000.0,196468000.0,-2.098,3.432,-129.527,-127.852,207507000.0,0.0,77.99,0.99,0.99,444200000.0,1217582000.0,3054967000.0,3054967000.0,0.0,-0.01,-0.027,0.014,0.007,7118000.0,670865000.0,1.0,38759994.0,38781000.0,,78.775,1389179000.0,0.0,12754000.0,0.0,35.821,725729000.0
3,AIT,MRT,2020-09-30,2020-09-30,2020-09-30,2021-08-17,-121921000.0,2249253000.0,2310332500.0,1136334000.0,1112919000.0,1.358,22.866,-16713000.0,271060000.0,271060000.0,2234998000.0,20027000.0,2.744,1.54,871478000.0,78651000.0,792827000.0,871478000.0,0.0,62230000.0,0.0,0.023,1.27,83819000.0,146049000.0,0.047,146049000.0,83819000.0,48961000.0,0.51,0.49,0.51,885406000.0,880437250.0,885406000.0,2798251017.0,33.0,19.16,311825000.0,8.053,1.0,902057000.0,0.288,874970000.0,34858000.0,1560650000.0,1676859750.0,365355000.0,0.0,0.0,0.0,1363847000.0,414051000.0,949796000.0,2133013017.0,172856000.0,-1534000.0,330000.0,-82164000.0,-49303000.0,-136547000.0,-18247000.0,0.0,328538000.0,-888000.0,20027000.0,20027000.0,20027000.0,0.0,0.0,0.006,821926000.0,80131000.0,181627000.0,2.49,2.409,106.507,108.039,209907000.0,0.0,55.1,0.68,0.68,447032000.0,1235351000.0,3137055000.0,3137055000.0,0.0,0.009,0.023,0.05,0.027,6632000.0,690926000.0,1.0,38711670.0,38722000.0,,81.015,1374283000.0,0.0,28934000.0,0.0,35.491,722283000.0
4,AIT,MRT,2020-06-30,2020-06-30,2020-06-30,2021-08-17,-129430000.0,2283551000.0,2355452250.0,1159769000.0,1123782000.0,1.378,21.793,-18167000.0,268551000.0,268551000.0,2307916000.0,24042000.0,2.722,1.707,933789000.0,78646000.0,855143000.0,933789000.0,0.0,62749000.0,0.0,0.02,1.26,92500000.0,155249000.0,0.048,155249000.0,92500000.0,55236000.0,0.62,0.62,0.62,843542000.0,890892000.0,843542000.0,3192865730.0,35.0,20.566,278547000.0,7.196,1.0,937736000.0,0.289,883809000.0,37264000.0,1638897000.0,1726583000.0,389150000.0,0.0,0.0,0.0,1440009000.0,426083000.0,1013926000.0,2414929730.0,160332000.0,-37237000.0,330000.0,-24648000.0,-48873000.0,-78238000.0,-55404000.0,0.0,296714000.0,-2740000.0,24042000.0,24042000.0,24042000.0,0.0,0.0,0.007,848747000.0,88989000.0,186270000.0,2.032,2.863,100.446,100.629,212537000.0,0.0,62.39,0.744,0.744,449998000.0,1200570000.0,3245652000.0,3245652000.0,0.0,0.01,0.027,0.054,0.028,6954000.0,717747000.0,1.0,38707000.0,38707000.0,,83.852,1399742000.0,0.0,31194000.0,0.0,36.163,733686000.0
5,AIT,MRT,2020-03-31,2020-03-31,2020-03-31,2021-08-17,-135507000.0,2289529000.0,2367488750.0,1162519000.0,1127010000.0,1.438,21.471,-21319000.0,165464000.0,165464000.0,2416522000.0,33856000.0,2.596,1.757,943400000.0,78642000.0,864758000.0,943400000.0,0.0,62919000.0,0.0,0.027,1.25,116511000.0,179430000.0,0.053,179430000.0,116511000.0,77277000.0,0.87,0.85,0.87,830560000.0,904265000.0,830560000.0,2588428443.0,22.0,14.426,251740000.0,6.508,1.0,986797000.0,0.29,892359000.0,39234000.0,1727245000.0,1748537000.0,421201000.0,0.0,0.0,0.0,1458969000.0,447861000.0,1011108000.0,1768383443.0,118097000.0,-37237000.0,330000.0,-38760000.0,-48432000.0,-92028000.0,-58556000.0,0.0,273059000.0,-4378000.0,33856000.0,33856000.0,33856000.0,0.0,0.0,0.01,872861000.0,113936000.0,214253000.0,1.437,2.129,52.232,52.552,210387000.0,0.0,45.72,0.52,0.52,524081000.0,1195411000.0,3403319000.0,3403319000.0,0.0,0.014,0.037,0.067,0.034,5627000.0,741861000.0,1.0,38678553.0,38682000.0,,87.982,1397170000.0,0.0,43421000.0,0.0,36.119,714658000.0
6,AIT,MRT,2019-12-31,2019-12-31,2019-12-31,2021-08-17,-97560000.0,2418997000.0,2375809000.0,1142555000.0,1276442000.0,1.455,24.897,-22755000.0,128149000.0,128149000.0,2452361000.0,133168000.0,2.716,1.514,948194000.0,73771000.0,874423000.0,948194000.0,0.0,61374000.0,0.0,0.019,1.24,228798000.0,290172000.0,0.084,290172000.0,228798000.0,188422000.0,3.44,3.41,3.44,962241000.0,917337000.0,962241000.0,3432823831.0,15.0,11.83,197165000.0,5.101,1.0,1005604000.0,0.291,1037694000.0,40376000.0,1780647000.0,1766862250.0,463609000.0,0.0,0.0,0.0,1456756000.0,420701000.0,1036055000.0,2577943831.0,48322000.0,-67016000.0,-10828000.0,-19844000.0,-47993000.0,-81939000.0,-89771000.0,0.0,219920000.0,112000.0,133168000.0,133168000.0,133168000.0,0.0,0.0,0.039,779209000.0,226395000.0,212312000.0,0.36,2.679,19.359,19.387,211666000.0,0.0,66.69,0.746,0.745,502894000.0,1290685000.0,3457965000.0,3457965000.0,0.0,0.056,0.145,0.129,0.066,6634000.0,747615000.0,1.0,38655628.0,38649000.0,,89.471,1381303000.0,0.0,55254000.0,0.0,35.74,721854000.0
7,AIT,MRT,2019-09-30,2019-09-30,2019-09-30,2021-08-17,-105133000.0,2429732000.0,2343556750.0,1144923000.0,1284809000.0,1.478,24.015,-19729000.0,98204000.0,98204000.0,2457398000.0,133854000.0,2.392,1.62,953084000.0,93912000.0,859172000.0,953084000.0,0.0,61814000.0,0.0,0.022,1.23,229857000.0,291671000.0,0.084,291671000.0,229857000.0,189486000.0,3.46,3.43,3.46,927225000.0,899255500.0,927225000.0,3041984325.0,13.0,10.43,199093000.0,5.156,1.0,1007230000.0,0.291,1046347000.0,40371000.0,1759543000.0,1751617500.0,465165000.0,0.0,0.0,0.0,1502507000.0,478722000.0,1023785000.0,2192317325.0,41796000.0,-73229000.0,-11158000.0,-19828000.0,-47917000.0,-83538000.0,-92567000.0,0.0,218822000.0,-921000.0,133854000.0,133854000.0,133854000.0,0.0,0.0,0.039,778615000.0,228615000.0,229368000.0,0.355,2.364,16.378,16.416,211651000.0,0.0,56.8,0.633,0.633,529330000.0,1264648000.0,3464628000.0,3464628000.0,0.0,0.057,0.149,0.131,0.066,6909000.0,747021000.0,1.0,38597136.0,38611000.0,,89.732,1383385000.0,0.0,55632000.0,0.0,35.829,666201000.0
8,AIT,MRT,2019-06-30,2019-06-30,2019-06-30,2021-08-17,-99886000.0,2331697000.0,2312545750.0,1148138000.0,1183559000.0,1.502,23.243,-17967000.0,108219000.0,108219000.0,2465116000.0,143993000.0,2.709,1.599,957886000.0,49036000.0,908850000.0,957886000.0,0.0,62119000.0,0.0,0.02,1.22,235269000.0,297388000.0,0.086,297388000.0,235269000.0,194481000.0,3.72,3.68,3.72,897034000.0,885150750.0,897034000.0,3308981441.0,14.0,11.127,162634000.0,4.214,1.0,1007623000.0,0.29,1030857000.0,40788000.0,1726713000.0,1750276000.0,447555000.0,0.0,0.0,0.0,1434663000.0,423794000.0,1010869000.0,2374649441.0,54069000.0,-37526000.0,-11158000.0,-7013000.0,-47266000.0,-71539000.0,-55102000.0,0.0,180601000.0,109000.0,143993000.0,143993000.0,143993000.0,0.0,0.0,0.041,773835000.0,233788000.0,237289000.0,0.328,2.647,16.491,16.54,124303000.0,0.0,61.53,0.684,0.684,540902000.0,1229148000.0,3472739000.0,3472739000.0,0.0,0.062,0.163,0.134,0.068,6911000.0,742241000.0,1.0,38593360.0,38593360.0,,89.983,1300840000.0,0.0,50488000.0,0.0,33.706,724344000.0
9,AIT,MRT,2019-03-31,2019-03-31,2019-03-31,2021-08-17,-96994000.0,2322810000.0,2301056750.0,1125770000.0,1197040000.0,1.516,22.846,-16130000.0,47367000.0,47367000.0,2473758000.0,144552000.0,2.703,1.631,981699000.0,44163000.0,937536000.0,981699000.0,0.0,62684000.0,0.0,0.02,1.21,234204000.0,296888000.0,0.085,296888000.0,234204000.0,192582000.0,3.73,3.68,3.73,882848000.0,864633000.0,882848000.0,3192807786.0,14.0,10.754,160462000.0,4.152,1.0,1013959000.0,0.291,1040039000.0,41622000.0,1800546000.0,1738636500.0,454555000.0,0.0,0.0,0.0,1439962000.0,416557000.0,1023405000.0,2305040786.0,3844000.0,-35031000.0,-11061000.0,-56010000.0,-46922000.0,-120121000.0,-50770000.0,0.0,176592000.0,-1857000.0,144552000.0,144552000.0,144552000.0,0.0,0.0,0.041,781315000.0,232644000.0,240339000.0,0.324,2.611,15.946,15.944,123240000.0,0.0,59.47,0.661,0.659,574468000.0,1213314000.0,3487717000.0,3487717000.0,0.0,0.063,0.167,0.135,0.067,7214000.0,749721000.0,1.0,38759724.0,38643000.0,,90.255,1282771000.0,0.0,48030000.0,0.0,33.195,709213000.0
10,AIT,MRT,2018-12-31,2018-12-31,2018-12-31,2021-08-17,-94632000.0,2289988000.0,2288435000.0,1081783000.0,1208205000.0,1.499,22.97,-18240000.0,79827000.0,79827000.0,2432015000.0,164609000.0,2.747,1.573,967594000.0,44184000.0,923410000.0,967594000.0,0.0,62260000.0,0.0,0.022,1.2,256174000.0,318434000.0,0.093,318434000.0,256174000.0,216283000.0,4.25,4.19,4.25,889915000.0,845428000.0,889915000.0,3006415717.0,12.0,9.441,173460000.0,4.477,1.0,997924000.0,0.291,1064299000.0,39891000.0,1719668000.0,1742868250.0,445881000.0,0.0,0.0,0.0,1400073000.0,393788000.0,1006285000.0,2090423717.0,-5497000.0,-777540000.0,102000.0,652408000.0,-46562000.0,600008000.0,-795389000.0,0.0,191700000.0,-1816000.0,164609000.0,164609000.0,164609000.0,0.0,0.0,0.048,743345000.0,254579000.0,232558000.0,0.282,2.349,12.699,12.692,122005000.0,0.0,53.94,0.609,0.609,512034000.0,1208748000.0,3429939000.0,3429939000.0,0.0,0.072,0.195,0.147,0.075,7645000.0,743345000.0,1.0,38754611.0,38743000.0,,88.531,1225689000.0,0.0,51674000.0,0.0,31.636,687995000.0
11,AIT,MRT,2018-09-30,2018-09-30,2018-09-30,2021-08-17,-84876000.0,2305688000.0,2067408500.0,1089083000.0,1216605000.0,1.575,22.493,-19295000.0,56408000.0,56408000.0,2313664000.0,156842000.0,2.763,1.648,972400000.0,19184000.0,953216000.0,972400000.0,0.0,56007000.0,0.0,0.015,1.19,242890000.0,298897000.0,0.092,298897000.0,242890000.0,210438000.0,4.05,3.99,4.05,870806000.0,817764750.0,870806000.0,3939506976.0,16.0,13.18,130366000.0,3.367,1.0,943424000.0,0.29,1073330000.0,32452000.0,1754177000.0,1562815000.0,431658000.0,0.0,0.0,0.0,1434882000.0,394173000.0,1040709000.0,3029951976.0,-21361000.0,-770640000.0,-8915000.0,679502000.0,-45865000.0,620711000.0,-789935000.0,0.0,149661000.0,-1798000.0,156842000.0,156842000.0,156842000.0,0.0,0.0,0.048,703095000.0,240329000.0,241885000.0,0.294,3.479,19.318,19.321,119781000.0,0.0,78.25,0.93,0.93,565462000.0,1181683000.0,3257088000.0,3257088000.0,0.0,0.076,0.192,0.155,0.075,6966000.0,703095000.0,1.0,38721431.0,38714000.0,,84.132,1232358000.0,0.0,53596000.0,0.0,31.832,694910000.0
12,AIT,MRT,2018-06-30,2018-06-30,2018-06-30,2021-08-17,-90223000.0,2285741000.0,1837213250.0,1058020000.0,1227721000.0,1.673,21.06,-22252000.0,54150000.0,54150000.0,2189279000.0,141625000.0,2.446,1.805,963705000.0,19183000.0,944522000.0,963705000.0,0.0,49863000.0,0.0,0.017,1.18,228860000.0,278723000.0,0.091,278723000.0,228860000.0,204718000.0,3.65,3.61,3.65,814963000.0,793480250.0,814963000.0,3707532778.0,16.0,13.302,125052000.0,3.232,1.0,883995000.0,0.288,1082590000.0,24142000.0,1680155000.0,1361262250.0,422069000.0,0.0,0.0,0.0,1470778000.0,432551000.0,1038227000.0,2714546778.0,-50907000.0,-775654000.0,-22676000.0,670782000.0,-45858000.0,600284000.0,-797906000.0,0.0,147304000.0,-589000.0,141625000.0,141625000.0,141625000.0,0.0,0.0,0.046,658168000.0,225827000.0,256886000.0,0.323,3.331,19.167,19.219,121343000.0,0.0,70.15,0.883,0.883,548811000.0,1129678000.0,3073274000.0,3073274000.0,0.0,0.077,0.178,0.168,0.074,6627000.0,658168000.0,1.0,38696319.0,38696319.0,,79.42,1203151000.0,0.0,63093000.0,0.0,31.092,625469000.0
13,AIT,MRT,2018-03-31,2018-03-31,2018-03-31,2021-08-17,-80000000.0,2272323000.0,1612676750.0,1051240000.0,1221083000.0,1.772,20.842,-22242000.0,43523000.0,43523000.0,2040609000.0,154223000.0,2.841,1.819,1036509000.0,19182000.0,1017327000.0,1036509000.0,0.0,43973000.0,0.0,0.016,1.17,205818000.0,249791000.0,0.087,249791000.0,205818000.0,190877000.0,3.97,3.92,3.97,806028000.0,776053500.0,806028000.0,3047015933.0,15.0,12.198,111749000.0,2.89,1.0,816415000.0,0.286,1077872000.0,14941000.0,1817473000.0,1164891250.0,432449000.0,0.0,0.0,0.0,1466295000.0,369964000.0,1096331000.0,2819382933.0,-23790000.0,-778144000.0,-22423000.0,713875000.0,-45573000.0,640339000.0,-800386000.0,0.0,133991000.0,2266000.0,154223000.0,154223000.0,154223000.0,0.0,0.0,0.054,612976000.0,203439000.0,217852000.0,0.295,3.498,18.281,18.363,121858000.0,0.0,72.9,0.987,0.987,533533000.0,1112136000.0,2857024000.0,2857024000.0,0.0,0.096,0.199,0.177,0.072,6111000.0,612976000.0,1.0,38674663.0,38674000.0,,73.875,1194451000.0,0.0,36654000.0,0.0,30.885,681276000.0
14,AIT,MRT,2017-12-31,2017-12-31,2017-12-31,2021-08-17,-79614000.0,1405882000.0,1381268750.0,903511000.0,502371000.0,1.961,20.128,-20923000.0,85324000.0,85324000.0,1940970000.0,147125000.0,3.326,0.804,312957000.0,6378000.0,306579000.0,312957000.0,0.0,39393000.0,0.0,0.017,1.16,193597000.0,232990000.0,0.086,232990000.0,193597000.0,184707000.0,3.78,3.74,3.78,779262000.0,751014000.0,779262000.0,2856316460.0,15.0,12.259,119222000.0,3.079,1.0,767693000.0,0.283,362433000.0,8890000.0,999455000.0,949638500.0,386943000.0,0.0,0.0,0.0,626620000.0,271627000.0,354993000.0,2643315460.0,22467000.0,-7787000.0,-25081000.0,-14337000.0,-45297000.0,-91973000.0,-28710000.0,0.0,140145000.0,3005000.0,147125000.0,147125000.0,147125000.0,0.0,0.0,0.054,575030000.0,192663000.0,165634000.0,0.307,3.392,17.966,18.016,111962000.0,0.0,68.1,0.976,0.973,393706000.0,1087156000.0,2708663000.0,2708663000.0,0.0,0.107,0.196,0.204,0.071,5652000.0,575030000.0,1.0,38815205.0,38716000.0,,69.962,1043449000.0,9543000.0,37582000.0,0.0,26.951,631884000.0
15,AIT,MRT,2017-09-30,2017-09-30,2017-09-30,2021-08-17,-73550000.0,1384907000.0,1353427250.0,876879000.0,508028000.0,1.958,19.872,-18922000.0,77769000.0,77769000.0,1897810000.0,140260000.0,3.129,0.79,290770000.0,5595000.0,285175000.0,290770000.0,0.0,39548000.0,0.0,0.017,1.15,184729000.0,224277000.0,0.085,224277000.0,184729000.0,175878000.0,3.6,3.56,3.6,773668000.0,726550750.0,773668000.0,2755706148.0,15.0,12.287,113273000.0,2.91,1.0,751789000.0,0.284,369682000.0,8851000.0,947966000.0,935825250.0,364979000.0,0.0,0.0,0.0,611239000.0,280260000.0,330979000.0,2569180148.0,19747000.0,-7787000.0,-18407000.0,-14354000.0,-45003000.0,-88499000.0,-26709000.0,0.0,132195000.0,2760000.0,140260000.0,140260000.0,140260000.0,0.0,0.0,0.053,567985000.0,183804000.0,165233000.0,0.319,3.321,18.317,18.278,111313000.0,0.0,65.8,0.97,0.967,405572000.0,1067473000.0,2649599000.0,2649599000.0,0.0,0.104,0.193,0.197,0.07,5511000.0,567985000.0,1.0,39045291.0,38932000.0,,68.057,1015225000.0,9242000.0,35618000.0,0.0,26.077,596619000.0
16,AIT,MRT,2017-06-30,2017-06-30,2017-06-30,2021-08-17,-81702000.0,1387595000.0,1332060250.0,882542000.0,505053000.0,1.947,19.094,-14121000.0,105057000.0,105057000.0,1856051000.0,133910000.0,2.849,0.862,291583000.0,4814000.0,286769000.0,291583000.0,0.0,39677000.0,0.0,0.019,1.14,175797000.0,215474000.0,0.083,215474000.0,175797000.0,166966000.0,3.43,3.4,3.43,745256000.0,703245750.0,745256000.0,2558859011.0,15.0,11.875,150498000.0,3.856,1.0,737695000.0,0.284,369697000.0,8831000.0,894671000.0,922617000.0,345145000.0,0.0,0.0,0.0,642339000.0,309753000.0,332586000.0,2304778011.0,45196000.0,-2773000.0,-7586000.0,-36353000.0,-44619000.0,-103349000.0,-16894000.0,0.0,164619000.0,820000.0,133910000.0,133910000.0,133910000.0,0.0,0.0,0.052,562309000.0,175386000.0,180614000.0,0.332,3.093,17.211,17.216,108068000.0,0.0,59.05,0.889,0.889,390931000.0,1033751000.0,2593746000.0,2593746000.0,0.0,0.101,0.19,0.191,0.068,5520000.0,562309000.0,1.0,39030957.0,39030957.0,,66.454,1017898000.0,0.0,33056000.0,0.0,26.079,572789000.0
17,AIT,MRT,2017-03-31,2017-03-31,2017-03-31,2021-08-17,-89412000.0,1346691000.0,1313167750.0,836111000.0,510580000.0,1.939,18.1,-12521000.0,67313000.0,67313000.0,1826243000.0,107017000.0,3.09,0.908,321394000.0,4012000.0,317382000.0,321394000.0,0.0,40191000.0,0.0,0.018,1.13,169747000.0,209938000.0,0.082,209938000.0,169747000.0,161036000.0,2.74,2.72,2.74,705870000.0,681410750.0,705870000.0,2675760015.0,16.0,12.745,136703000.0,3.505,1.0,720038000.0,0.283,373745000.0,8711000.0,956462000.0,926892000.0,344743000.0,0.0,0.0,0.0,640821000.0,270565000.0,370256000.0,2411429015.0,4381000.0,-9140000.0,-7454000.0,-50069000.0,-44224000.0,-121724000.0,-21661000.0,0.0,149224000.0,-1458000.0,107017000.0,107017000.0,107017000.0,0.0,0.0,0.042,549669000.0,170369000.0,150255000.0,0.412,3.416,22.533,22.573,106773000.0,0.0,61.85,0.947,0.947,390874000.0,1003480000.0,2546281000.0,2546281000.0,0.0,0.081,0.157,0.183,0.067,5122000.0,549669000.0,1.0,38988343.0,38999000.0,,65.291,972946000.0,12652000.0,54019000.0,0.0,24.948,565546000.0
18,AIT,MRT,2016-12-31,2016-12-31,2016-12-31,2021-08-17,-97622000.0,1294516000.0,1310079750.0,782432000.0,512084000.0,1.908,17.479,-11046000.0,62857000.0,62857000.0,1796120000.0,32795000.0,3.298,0.9,327188000.0,3248000.0,323940000.0,327188000.0,0.0,41029000.0,0.0,0.019,1.12,91136000.0,132165000.0,0.053,132165000.0,91136000.0,82231000.0,0.84,0.83,0.84,681409000.0,669153750.0,681409000.0,2563985120.0,28.0,19.4,162780000.0,4.175,1.0,704029000.0,0.282,377423000.0,8905000.0,944202000.0,936561750.0,349020000.0,0.0,0.0,0.0,613107000.0,237222000.0,375885000.0,2316988120.0,7223000.0,-39254000.0,-14349000.0,-40070000.0,-43854000.0,-115682000.0,-50300000.0,0.0,173826000.0,-621000.0,32795000.0,32795000.0,32795000.0,0.0,0.0,0.013,612360000.0,91669000.0,137499000.0,1.333,3.4,70.651,70.714,105279000.0,0.0,59.4,0.927,0.926,336716000.0,985297000.0,2500149000.0,2500149000.0,0.0,0.025,0.049,0.097,0.036,4632000.0,547566000.0,1.0,39006534.0,38985000.0,,64.131,917093000.0,12424000.0,49436000.0,0.0,23.524,545210000.0
19,AIT,MRT,2016-09-30,2016-09-30,2016-09-30,2021-08-17,-87803000.0,1299439000.0,1324049500.0,777361000.0,522078000.0,1.89,17.428,-10780000.0,58022000.0,58022000.0,1797632000.0,32657000.0,2.941,0.91,305019000.0,3248000.0,301771000.0,305019000.0,0.0,41420000.0,0.0,0.024,1.11,91576000.0,132996000.0,0.053,132996000.0,91576000.0,82613000.0,0.83,0.83,0.83,680448000.0,675693250.0,680448000.0,2094004425.0,23.0,15.745,178008000.0,4.559,1.0,704740000.0,0.282,387002000.0,8963000.0,895133000.0,952036500.0,342044000.0,0.0,0.0,0.0,618991000.0,264301000.0,354690000.0,1825531425.0,-5944000.0,-51254000.0,-21553000.0,-50538000.0,-43528000.0,-132359000.0,-62034000.0,0.0,188788000.0,-339000.0,32657000.0,32657000.0,32657000.0,0.0,0.0,0.013,612565000.0,92175000.0,149007000.0,1.337,2.683,55.9,56.313,106283000.0,0.0,46.74,0.73,0.729,347286000.0,972174000.0,2502372000.0,2502372000.0,0.0,0.025,0.048,0.096,0.037,4173000.0,547771000.0,1.0,39057155.0,39044000.0,,64.091,912437000.0,11802000.0,49956000.0,0.0,23.369,513060000.0
20,AIT,MRT,2016-06-30,2016-06-30,2016-06-30,2021-08-17,-85546000.0,1312025000.0,1343254750.0,781521000.0,530504000.0,1.876,16.858,-12527000.0,59861000.0,59861000.0,1812006000.0,29577000.0,2.849,0.994,327830000.0,3247000.0,324583000.0,327830000.0,0.0,41546000.0,0.0,0.024,1.1,87982000.0,129528000.0,0.051,129528000.0,87982000.0,78978000.0,0.75,0.75,0.75,657916000.0,683112000.0,657916000.0,2069937416.0,24.0,15.981,149487000.0,3.83,1.0,707422000.0,0.281,393940000.0,9004000.0,911771000.0,970509250.0,338221000.0,0.0,0.0,0.0,654109000.0,274283000.0,379826000.0,1761698416.0,-9609000.0,-62504000.0,-36569000.0,6619000.0,-43330000.0,-93007000.0,-75031000.0,0.0,162014000.0,-3585000.0,29577000.0,29577000.0,29577000.0,0.0,0.0,0.012,617640000.0,89782000.0,148543000.0,1.467,2.678,59.563,60.187,107765000.0,0.0,45.14,0.699,0.699,347857000.0,944821000.0,2519428000.0,2519428000.0,0.0,0.022,0.043,0.091,0.035,4067000.0,552846000.0,1.0,39027435.0,39027435.0,,64.555,918085000.0,12277000.0,49401000.0,0.0,23.524,507238000.0
21,AIT,MRT,2016-03-31,2016-03-31,2016-03-31,2021-08-17,-81196000.0,1334339000.0,1373387500.0,803841000.0,530498000.0,1.866,16.796,-11512000.0,62932000.0,62932000.0,1842184000.0,31555000.0,3.184,1.031,371171000.0,3351000.0,367820000.0,371171000.0,0.0,41277000.0,0.0,0.025,1.09,92217000.0,133494000.0,0.052,133494000.0,92217000.0,83130000.0,0.78,0.77,0.78,656842000.0,703965000.0,656842000.0,2015094784.0,22.0,15.095,197479000.0,5.05,1.0,720778000.0,0.281,394962000.0,9087000.0,995141000.0,972760250.0,346979000.0,0.0,0.0,0.0,677497000.0,252475000.0,425022000.0,1703738784.0,7767000.0,-50283000.0,-54096000.0,-18507000.0,-43198000.0,-135513000.0,-61795000.0,0.0,208991000.0,-3916000.0,31555000.0,31555000.0,31555000.0,0.0,0.0,0.012,626547000.0,94231000.0,134871000.0,1.397,2.594,53.993,55.641,108132000.0,0.0,43.4,0.665,0.662,354553000.0,940696000.0,2562962000.0,2562962000.0,0.0,0.023,0.045,0.095,0.036,5271000.0,561753000.0,1.0,39256654.0,39107000.0,,65.537,939377000.0,10109000.0,51575000.0,0.0,24.021,551366000.0
22,AIT,MRT,2015-12-31,2015-12-31,2015-12-31,2021-08-17,-94314000.0,1350395000.0,1406341000.0,780824000.0,569571000.0,1.856,18.022,-10925000.0,55634000.0,55634000.0,1876436000.0,104893000.0,3.527,0.909,366990000.0,3350000.0,363640000.0,366990000.0,0.0,41320000.0,0.0,0.027,1.08,169973000.0,211293000.0,0.081,211293000.0,169973000.0,161124000.0,2.62,2.61,2.62,707567000.0,723832250.0,707567000.0,1883727168.0,11.0,8.915,178755000.0,4.553,1.0,733348000.0,0.281,434276000.0,8849000.0,1006101000.0,992700500.0,359726000.0,0.0,0.0,0.0,642828000.0,221374000.0,421454000.0,1592378168.0,22450000.0,-18224000.0,-82054000.0,17633000.0,-43290000.0,-128918000.0,-29149000.0,0.0,189680000.0,-9163000.0,104893000.0,104893000.0,104893000.0,0.0,0.0,0.04,562313000.0,171035000.0,114824000.0,0.412,2.25,15.181,15.454,106470000.0,0.0,40.49,0.61,0.609,329287000.0,996392000.0,2609784000.0,2609784000.0,0.0,0.075,0.145,0.171,0.065,4850000.0,562313000.0,1.0,39327690.0,39262000.0,,66.471,916119000.0,11938000.0,56231000.0,0.0,23.333,559450000.0
23,AIT,MRT,2015-09-30,2015-09-30,2015-09-30,2021-08-17,-87641000.0,1376260000.0,1438854750.0,813906000.0,562354000.0,1.87,17.927,-12903000.0,63966000.0,63966000.0,1935246000.0,110653000.0,3.151,0.938,355315000.0,3975000.0,351340000.0,355315000.0,0.0,41686000.0,0.0,0.028,1.06,178093000.0,219779000.0,0.082,219779000.0,178093000.0,169447000.0,2.73,2.72,2.73,710123000.0,742357000.0,710123000.0,1765239517.0,10.0,8.032,177295000.0,4.476,1.0,755894000.0,0.281,440288000.0,8646000.0,969024000.0,1003277750.0,350807000.0,0.0,0.0,0.0,666137000.0,258297000.0,407840000.0,1513714517.0,11933000.0,-42060000.0,-83836000.0,31054000.0,-43006000.0,-113882000.0,-54963000.0,0.0,190198000.0,-9420000.0,110653000.0,110653000.0,110653000.0,0.0,0.0,0.041,576414000.0,179480000.0,142636000.0,0.388,2.132,13.68,13.974,104760000.0,0.0,38.15,0.562,0.562,356606000.0,983072000.0,2691140000.0,2691140000.0,0.0,0.077,0.149,0.178,0.066,4550000.0,576414000.0,1.0,39677969.0,39613000.0,,67.936,935972000.0,90000.0,58794000.0,0.0,23.628,555609000.0
24,AIT,MRT,2015-06-30,2015-06-30,2015-06-30,2021-08-17,-60171000.0,1432556000.0,1462019500.0,846010000.0,586546000.0,1.882,18.46,-13001000.0,69470000.0,69470000.0,1981747000.0,115484000.0,2.728,0.932,320995000.0,3349000.0,317646000.0,320995000.0,0.0,42375000.0,0.0,0.026,1.04,183992000.0,226367000.0,0.082,226367000.0,183992000.0,175871000.0,2.82,2.8,2.82,741328000.0,762502500.0,741328000.0,1926828950.0,10.0,8.512,144006000.0,3.586,1.0,769814000.0,0.28,453234000.0,8121000.0,920775000.0,1011399500.0,362419000.0,0.0,0.0,0.0,691228000.0,310072000.0,381156000.0,1592317950.0,-1719000.0,-160620000.0,-76280000.0,150283000.0,-42663000.0,22220000.0,-173621000.0,0.0,157007000.0,-7325000.0,115484000.0,115484000.0,115484000.0,0.0,0.0,0.042,585195000.0,184619000.0,179825000.0,0.369,2.148,13.788,14.06,104447000.0,0.0,39.65,0.579,0.579,376305000.0,969548000.0,2751561000.0,2751561000.0,0.0,0.079,0.151,0.182,0.067,4461000.0,585195000.0,1.0,40159343.0,40159343.0,,68.516,979322000.0,10980000.0,60387000.0,0.0,24.386,535938000.0
25,AIT,MRT,2015-03-31,2015-03-31,2015-03-31,2021-08-17,-64223000.0,1466153000.0,1437422750.0,886017000.0,580136000.0,1.898,18.047,-23727000.0,55165000.0,55165000.0,1968103000.0,117113000.0,3.293,0.991,389676000.0,2720000.0,386956000.0,389676000.0,0.0,40567000.0,0.0,0.022,1.02,182871000.0,223438000.0,0.082,223438000.0,182871000.0,176131000.0,2.83,2.83,2.83,736311000.0,777247500.0,736311000.0,2180482115.0,12.0,9.759,81369000.0,1.994,1.0,760536000.0,0.279,456695000.0,6740000.0,1074902000.0,978639500.0,381085000.0,0.0,0.0,0.0,729842000.0,269067000.0,460775000.0,1864310115.0,-13921000.0,-333803000.0,-71974000.0,357317000.0,-42256000.0,242996000.0,-357530000.0,0.0,105096000.0,-4483000.0,117113000.0,117113000.0,117113000.0,0.0,0.0,0.043,578983000.0,181553000.0,143881000.0,0.36,2.532,15.919,16.021,104680000.0,0.0,45.34,0.683,0.678,394408000.0,952355000.0,2728639000.0,2728639000.0,0.0,0.081,0.151,0.187,0.067,2527000.0,578983000.0,1.0,41118441.0,40800000.0,,66.878,1009458000.0,490000.0,59018000.0,0.0,24.742,616950000.0
26,AIT,MRT,2014-12-31,2014-12-31,2014-12-31,2021-08-17,-38156000.0,1480450000.0,1345047250.0,877757000.0,602693000.0,1.983,18.96,-23130000.0,33184000.0,33184000.0,1922258000.0,118897000.0,3.231,0.894,349356000.0,2720000.0,346636000.0,349356000.0,0.0,36268000.0,0.0,0.022,1.0,178773000.0,215041000.0,0.081,215041000.0,178773000.0,174165000.0,2.86,2.85,2.86,781666000.0,788437750.0,781666000.0,2154211195.0,12.0,10.018,55490000.0,1.346,1.0,744393000.0,0.279,476561000.0,4608000.0,1048410000.0,857357250.0,401474000.0,0.0,0.0,0.0,698784000.0,271651000.0,427133000.0,1881984195.0,-33400000.0,-332970000.0,-44624000.0,331997000.0,-41681000.0,246121000.0,-356100000.0,0.0,78620000.0,-2041000.0,118897000.0,118897000.0,118897000.0,0.0,0.0,0.045,566439000.0,177954000.0,150938000.0,0.35,2.408,15.829,15.941,107352000.0,0.0,45.59,0.706,0.705,385326000.0,934821000.0,2666651000.0,2666651000.0,0.0,0.088,0.151,0.209,0.067,2959000.0,566439000.0,1.0,41280636.0,41228000.0,,64.681,1003889000.0,255000.0,55268000.0,0.0,24.35,606106000.0
27,AIT,MRT,2014-09-30,2014-09-30,2014-09-30,2021-08-17,-20703000.0,1468919000.0,1243474500.0,874760000.0,594159000.0,2.056,19.068,-21022000.0,52033000.0,52033000.0,1844835000.0,115099000.0,3.216,0.858,324260000.0,2842000.0,321418000.0,324260000.0,0.0,32022000.0,0.0,0.021,0.98,172453000.0,204475000.0,0.08,204475000.0,172453000.0,169952000.0,2.76,2.74,2.76,790705000.0,786391000.0,790705000.0,1994347086.0,12.0,9.754,54031000.0,1.303,1.0,712063000.0,0.278,467653000.0,2501000.0,1001511000.0,737428750.0,367291000.0,0.0,0.0,0.0,678214000.0,271982000.0,406232000.0,1894824086.0,-24844000.0,-314134000.0,-44035000.0,321901000.0,-41066000.0,237281000.0,-335156000.0,0.0,75053000.0,-2022000.0,115099000.0,115099000.0,115099000.0,0.0,0.0,0.045,541079000.0,170984000.0,145614000.0,0.355,2.396,16.463,16.54,106683000.0,0.0,45.65,0.741,0.74,403521000.0,915482000.0,2556898000.0,2556898000.0,0.0,0.093,0.146,0.234,0.067,4451000.0,541079000.0,1.0,41507647.0,41467000.0,,61.661,1001266000.0,260000.0,54853000.0,0.0,24.146,602778000.0
28,AIT,MRT,2014-06-30,2014-06-30,2014-06-30,2021-08-17,-1615000.0,1334169000.0,1138767000.0,836148000.0,498021000.0,2.16,19.159,-19313000.0,71189000.0,71189000.0,1772952000.0,112821000.0,2.874,0.667,170712000.0,2720000.0,167992000.0,170712000.0,0.0,28000000.0,0.0,0.019,0.96,167162000.0,195162000.0,0.079,195162000.0,167162000.0,166262000.0,2.69,2.67,2.69,800308000.0,782370250.0,800308000.0,2079989500.0,12.0,10.658,90797000.0,2.174,1.0,686926000.0,0.279,353002000.0,900000.0,789735000.0,625226750.0,335747000.0,0.0,0.0,0.0,533861000.0,290955000.0,242906000.0,2119075500.0,-1975000.0,-184324000.0,-36636000.0,168353000.0,-40410000.0,92142000.0,-203637000.0,0.0,110110000.0,-590000.0,112821000.0,112821000.0,112821000.0,0.0,0.0,0.046,522568000.0,164358000.0,172401000.0,0.357,2.648,18.783,18.859,103596000.0,0.0,50.73,0.861,0.861,375732000.0,896776000.0,2459878000.0,2459878000.0,0.0,0.099,0.144,0.267,0.068,4672000.0,522568000.0,1.0,41771644.0,41771644.0,,58.889,981167000.0,21166000.0,53441000.0,0.0,23.489,545193000.0
29,AIT,MRT,2014-03-31,2014-03-31,2014-03-31,2021-08-17,-13884000.0,1096651000.0,1069901250.0,774511000.0,322140000.0,2.286,18.65,-8280000.0,69086000.0,69086000.0,1760233000.0,115419000.0,2.888,0.404,30000000.0,30000000.0,0.0,30000000.0,0.0,26421000.0,0.0,0.019,0.94,169307000.0,195728000.0,0.08,195728000.0,169307000.0,168935000.0,2.76,2.72,2.76,781072000.0,772197000.0,781072000.0,1972843684.0,12.0,10.08,78387000.0,1.872,1.0,685508000.0,0.28,199569000.0,372000.0,589773000.0,563174500.0,320045000.0,0.0,0.0,0.0,315579000.0,268223000.0,47356000.0,2024427684.0,26003000.0,-16999000.0,-23949000.0,30000000.0,-39687000.0,-32354000.0,-25279000.0,0.0,86667000.0,-3031000.0,115419000.0,115419000.0,115419000.0,0.0,0.0,0.047,517924000.0,167584000.0,145352000.0,0.341,2.592,17.54,17.478,78834000.0,0.0,48.24,0.828,0.826,344096000.0,877547000.0,2445741000.0,2445741000.0,0.0,0.108,0.149,0.301,0.069,5819000.0,517924000.0,1.0,41965748.0,41880000.0,,58.399,897082000.0,23792000.0,53516000.0,0.0,21.42,506288000.0
30,AIT,MRT,2013-12-31,2013-12-31,2013-12-31,2021-08-17,-10100000.0,1074159000.0,1054722750.0,750479000.0,323680000.0,2.322,18.383,-8623000.0,66584000.0,66584000.0,1760701000.0,114327000.0,2.992,0.389,15000000.0,15000000.0,0.0,15000000.0,0.0,26613000.0,0.0,0.019,0.92,173250000.0,199863000.0,0.082,199863000.0,173250000.0,172760000.0,2.73,2.69,2.73,773479000.0,761424000.0,773479000.0,1992996468.0,12.0,9.972,106551000.0,2.532,1.0,688688000.0,0.281,203025000.0,490000.0,568696000.0,552928500.0,323257000.0,0.0,0.0,0.0,300680000.0,250854000.0,49826000.0,2069873468.0,14739000.0,-18535000.0,-13792000.0,-18000000.0,-38928000.0,-70588000.0,-27158000.0,0.0,115174000.0,-2689000.0,114327000.0,114327000.0,114327000.0,0.0,0.0,0.047,517800000.0,170888000.0,140869000.0,0.337,2.676,18.105,17.982,80056000.0,0.0,49.09,0.845,0.843,305936000.0,857638000.0,2449389000.0,2449389000.0,0.0,0.108,0.15,0.313,0.071,6040000.0,517800000.0,1.0,42164870.0,42076000.0,,58.213,871134000.0,20463000.0,58433000.0,0.0,20.704,499625000.0
31,AIT,MRT,2013-09-30,2013-09-30,2013-09-30,2021-08-17,-2790000.0,1050089000.0,1045589500.0,733736000.0,316353000.0,2.35,18.375,-8974000.0,76877000.0,76877000.0,1768733000.0,115461000.0,3.253,0.356,0.0,0.0,0.0,0.0,0.0,26337000.0,0.0,0.017,0.9,174139000.0,200476000.0,0.082,200476000.0,174139000.0,173482000.0,2.75,2.72,2.75,774622000.0,748582250.0,774622000.0,2100538215.0,12.0,10.478,95432000.0,2.264,1.0,688224000.0,0.28,194934000.0,657000.0,552703000.0,550091250.0,302404000.0,0.0,0.0,0.0,275467000.0,225575000.0,49892000.0,2173702215.0,20204000.0,-32181000.0,-2591000.0,0.0,-38073000.0,-41439000.0,-41155000.0,0.0,104406000.0,-1608000.0,115461000.0,115461000.0,115461000.0,0.0,0.0,0.047,516604000.0,171620000.0,131195000.0,0.327,2.806,18.826,18.727,81149000.0,0.0,51.5,0.885,0.884,320281000.0,841448000.0,2456957000.0,2456957000.0,0.0,0.11,0.154,0.317,0.071,5548000.0,516604000.0,1.0,42207810.0,42157000.0,,58.281,855155000.0,20568000.0,58021000.0,0.0,20.285,508161000.0
32,AIT,MRT,2013-06-30,2013-06-30,2013-06-30,2021-08-17,-3421000.0,1058706000.0,1033509000.0,737280000.0,321426000.0,2.382,18.026,-11235000.0,73164000.0,73164000.0,1779209000.0,118149000.0,2.998,0.394,0.0,0.0,0.0,0.0,0.0,25734000.0,0.0,0.018,0.88,178286000.0,204020000.0,0.083,204020000.0,178286000.0,177665000.0,2.81,2.78,2.81,759615000.0,730701500.0,759615000.0,1993532954.0,11.0,9.771,100162000.0,2.377,1.0,682962000.0,0.277,198116000.0,621000.0,541526000.0,541509000.0,281417000.0,0.0,0.0,0.0,299091000.0,245900000.0,53191000.0,2036615954.0,-5278000.0,-67590000.0,446000.0,0.0,-37194000.0,-38025000.0,-78825000.0,0.0,111397000.0,175000.0,118149000.0,118149000.0,118149000.0,0.0,0.0,0.048,506563000.0,176399000.0,136575000.0,0.313,2.681,17.238,17.199,83243000.0,0.0,48.33,0.827,0.827,329880000.0,824362000.0,2462171000.0,2462171000.0,0.0,0.114,0.162,0.329,0.072,6002000.0,506563000.0,1.0,42139788.0,42139788.0,,58.429,860590000.0,21026000.0,59516000.0,0.0,20.422,491380000.0
33,AIT,MRT,2013-03-31,2013-03-31,2013-03-31,2021-08-17,-1186000.0,1035937000.0,1009378250.0,702881000.0,333056000.0,2.419,17.53,-16776000.0,43083000.0,43083000.0,1767165000.0,117921000.0,2.919,0.404,0.0,0.0,0.0,0.0,0.0,24808000.0,0.0,0.019,0.86,179762000.0,204570000.0,0.084,204570000.0,179762000.0,179269000.0,2.8,2.78,2.8,737980000.0,708830500.0,737980000.0,1875957625.0,10.0,9.17,80731000.0,1.918,1.0,674538000.0,0.276,203275000.0,493000.0,548789000.0,527540500.0,281198000.0,0.0,0.0,0.0,297957000.0,240790000.0,57167000.0,1894802625.0,-36325000.0,-67965000.0,-11547000.0,0.0,-36329000.0,-48302000.0,-84741000.0,0.0,97507000.0,-789000.0,117921000.0,117921000.0,117921000.0,0.0,0.0,0.048,496400000.0,178138000.0,140865000.0,0.307,2.568,16.068,16.071,84355000.0,0.0,45.0,0.776,0.776,336245000.0,801812000.0,2441703000.0,2441703000.0,0.0,0.117,0.166,0.341,0.074,6202000.0,496400000.0,1.0,42106725.0,42098000.0,,58.0,832662000.0,26407000.0,61348000.0,0.0,19.779,462091000.0
34,AIT,MRT,2012-12-31,2012-12-31,2012-12-31,2021-08-17,4119000.0,1037626000.0,988978000.0,697944000.0,339682000.0,2.453,17.172,-18136000.0,51845000.0,51845000.0,1757759000.0,118037000.0,2.732,0.437,33000000.0,33000000.0,0.0,33000000.0,0.0,23802000.0,0.0,0.02,0.84,179164000.0,202966000.0,0.084,202966000.0,179164000.0,178724000.0,2.8,2.78,2.8,722112000.0,692387750.0,722112000.0,1709669420.0,10.0,8.423,70956000.0,1.687,1.0,667751000.0,0.275,205940000.0,440000.0,557347000.0,509287000.0,294651000.0,0.0,0.0,0.0,315514000.0,255494000.0,60020000.0,1766342420.0,-18667000.0,-79485000.0,-11378000.0,33000000.0,-35460000.0,-11096000.0,-97621000.0,0.0,89092000.0,958000.0,118037000.0,118037000.0,118037000.0,0.0,0.0,0.049,491071000.0,176680000.0,123796000.0,0.3,2.446,14.964,15.004,85596000.0,0.0,42.01,0.728,0.728,304628000.0,782236000.0,2425510000.0,2425510000.0,0.0,0.119,0.17,0.352,0.074,6167000.0,491071000.0,1.0,42045761.0,42052000.0,,57.679,831686000.0,26209000.0,60687000.0,0.0,19.778,442450000.0
35,AIT,MRT,2012-09-30,2012-09-30,2012-09-30,2021-08-17,4579000.0,1001767000.0,954074750.0,687095000.0,314672000.0,2.522,16.754,-21907000.0,56673000.0,56673000.0,1746089000.0,111929000.0,2.839,0.425,0.0,0.0,0.0,0.0,0.0,23151000.0,0.0,0.02,0.82,170725000.0,193876000.0,0.081,193876000.0,170725000.0,170290000.0,2.66,2.63,2.66,703099000.0,673406250.0,703099000.0,1660341707.0,10.0,8.564,76061000.0,1.812,1.0,660301000.0,0.274,184713000.0,435000.0,518374000.0,487463250.0,268960000.0,0.0,0.0,0.0,298668000.0,242007000.0,56661000.0,1738783707.0,-16545000.0,-48839000.0,-12581000.0,0.0,-34568000.0,-43195000.0,-70746000.0,0.0,97968000.0,-572000.0,111929000.0,111929000.0,111929000.0,0.0,0.0,0.047,490855000.0,169446000.0,145932000.0,0.308,2.473,15.535,15.575,84357000.0,0.0,41.43,0.723,0.723,325753000.0,764045000.0,2406390000.0,2406390000.0,0.0,0.117,0.166,0.35,0.071,6601000.0,490855000.0,1.0,41969194.0,41966000.0,,57.341,817054000.0,26069000.0,58361000.0,0.0,19.469,445088000.0
36,AIT,MRT,2012-06-30,2012-06-30,2012-06-30,2021-08-17,-4569000.0,962183000.0,928689750.0,665762000.0,296421000.0,2.558,15.928,-24763000.0,78442000.0,78442000.0,1720973000.0,108779000.0,2.892,0.432,0.0,0.0,0.0,0.0,0.0,22701000.0,0.0,0.022,0.8,167283000.0,189984000.0,0.08,189984000.0,167283000.0,166826000.0,2.58,2.54,2.58,672131000.0,655835000.0,672131000.0,1475554693.0,9.0,7.767,65659000.0,1.556,1.0,654472000.0,0.276,167920000.0,457000.0,485652000.0,472022750.0,228506000.0,0.0,0.0,0.0,290052000.0,230169000.0,59883000.0,1554962693.0,-12650000.0,-14671000.0,-30711000.0,0.0,-33800000.0,-60816000.0,-39434000.0,0.0,90422000.0,-2822000.0,108779000.0,108779000.0,108779000.0,0.0,0.0,0.046,486077000.0,168395000.0,120890000.0,0.31,2.313,14.295,14.283,83103000.0,0.0,36.85,0.655,0.655,307043000.0,743360000.0,2375445000.0,2375445000.0,0.0,0.117,0.166,0.354,0.07,6650000.0,486077000.0,1.0,42197088.0,42197088.0,,56.294,794263000.0,26424000.0,58047000.0,0.0,18.823,435593000.0
37,AIT,MRT,2012-03-31,2012-03-31,2012-03-31,2021-08-17,7458000.0,954336000.0,916876750.0,649000000.0,305336000.0,2.558,15.964,-20824000.0,79408000.0,79408000.0,1694364000.0,105010000.0,2.876,0.42,0.0,0.0,0.0,0.0,0.0,22525000.0,0.0,0.019,0.78,163210000.0,185735000.0,0.079,185735000.0,163210000.0,162652000.0,2.49,2.45,2.49,672209000.0,646193000.0,672209000.0,1656877462.0,10.0,8.921,54007000.0,1.283,1.0,650929000.0,0.278,173458000.0,558000.0,475775000.0,461264500.0,230035000.0,0.0,0.0,0.0,282127000.0,225695000.0,56432000.0,1727389462.0,-9151000.0,-17062000.0,-20076000.0,0.0,-33041000.0,-45700000.0,-37886000.0,0.0,74831000.0,-396000.0,105010000.0,105010000.0,105010000.0,0.0,0.0,0.045,487693000.0,163236000.0,124614000.0,0.313,2.57,16.45,16.518,78464000.0,0.0,41.13,0.737,0.738,307660000.0,720202000.0,2345293000.0,2345293000.0,0.0,0.115,0.163,0.354,0.07,5860000.0,487693000.0,1.0,41998285.0,42109000.0,,55.696,780878000.0,34752000.0,57642000.0,0.0,18.544,423305000.0
38,AIT,MRT,2011-12-31,2011-12-31,2011-12-31,2021-08-17,1427000.0,898013000.0,901257250.0,609951000.0,288062000.0,2.558,15.398,-18466000.0,70512000.0,70512000.0,1665920000.0,102128000.0,3.066,0.39,0.0,0.0,0.0,0.0,0.0,22584000.0,0.0,0.021,0.74,160150000.0,182734000.0,0.079,182734000.0,160150000.0,159594000.0,2.42,2.37,2.42,646186000.0,631440000.0,646186000.0,1403139749.0,9.0,7.679,68626000.0,1.635,1.0,639882000.0,0.278,158485000.0,556000.0,470052000.0,449502500.0,222626000.0,0.0,0.0,0.0,251827000.0,198964000.0,52863000.0,1476357749.0,16597000.0,-4006000.0,-24598000.0,0.0,-31406000.0,-49809000.0,-20750000.0,0.0,87092000.0,64000.0,102128000.0,102128000.0,102128000.0,0.0,0.0,0.044,480464000.0,159418000.0,105591000.0,0.306,2.285,14.456,14.533,76659000.0,0.0,35.17,0.64,0.64,280700000.0,699612000.0,2305802000.0,2305802000.0,0.0,0.113,0.162,0.356,0.069,5835000.0,480464000.0,1.0,41977758.0,41965000.0,,54.946,739528000.0,36604000.0,57466000.0,0.0,17.622,410987000.0
39,AIT,MRT,2011-09-30,2011-09-30,2011-09-30,2021-08-17,2164000.0,900227000.0,884161500.0,605213000.0,295014000.0,2.562,14.926,-24778000.0,73218000.0,73218000.0,1636228000.0,102386000.0,2.924,0.423,0.0,0.0,0.0,0.0,0.0,22743000.0,0.0,0.027,0.72,161070000.0,183813000.0,0.081,183813000.0,161070000.0,160066000.0,2.42,2.37,2.42,632814000.0,617203750.0,632814000.0,1066224878.0,7.0,5.801,63949000.0,1.508,1.0,628694000.0,0.278,163444000.0,1004000.0,456612000.0,440889250.0,215013000.0,0.0,0.0,0.0,267413000.0,206953000.0,60460000.0,1157316878.0,-21375000.0,-4048000.0,-23661000.0,-25000000.0,-30644000.0,-85896000.0,-27104000.0,0.0,88727000.0,2898000.0,102386000.0,102386000.0,102386000.0,0.0,0.0,0.045,469555000.0,159139000.0,109928000.0,0.298,1.829,11.303,11.223,73079000.0,0.0,27.16,0.511,0.508,289450000.0,686687000.0,2264922000.0,2264922000.0,0.0,0.116,0.166,0.365,0.071,5490000.0,469555000.0,1.0,42611078.0,42397000.0,,53.422,736783000.0,42437000.0,57680000.0,0.0,17.378,398260000.0
40,AIT,MRT,2011-06-30,2011-06-30,2011-06-30,2021-08-17,5059000.0,914931000.0,877282000.0,618914000.0,296017000.0,2.522,14.952,-19105000.0,91092000.0,91092000.0,1599739000.0,96759000.0,2.883,0.444,0.0,0.0,0.0,0.0,0.0,22616000.0,0.0,0.02,0.7,154969000.0,177585000.0,0.08,177585000.0,154969000.0,152888000.0,2.28,2.24,2.28,633563000.0,601269750.0,633563000.0,1420303041.0,9.0,7.998,57737000.0,1.363,1.0,613110000.0,0.277,166532000.0,2081000.0,442619000.0,426272500.0,204066000.0,0.0,0.0,0.0,281368000.0,214688000.0,66680000.0,1508862041.0,-84685000.0,-30504000.0,-5424000.0,-75000000.0,-29751000.0,-116523000.0,-47887000.0,0.0,76842000.0,2883000.0,96759000.0,96759000.0,96759000.0,0.0,0.0,0.044,462347000.0,150763000.0,108509000.0,0.307,2.382,15.594,15.618,69014000.0,0.0,35.61,0.682,0.682,290751000.0,668421000.0,2212849000.0,2212849000.0,0.0,0.11,0.161,0.364,0.07,5852000.0,462347000.0,1.0,42371863.0,42371863.0,,52.224,748399000.0,43447000.0,56129000.0,0.0,17.663,404226000.0
41,AIT,MRT,2011-03-31,2011-03-31,2011-03-31,2021-08-17,3331000.0,891858000.0,871429250.0,592483000.0,299375000.0,2.463,14.447,-18331000.0,88559000.0,88559000.0,1549075000.0,96188000.0,2.84,0.454,0.0,0.0,0.0,0.0,0.0,22382000.0,0.0,0.02,0.66,156089000.0,178471000.0,0.083,178471000.0,156089000.0,152638000.0,2.28,2.23,2.28,613197000.0,581638750.0,613197000.0,1358098488.0,9.0,7.61,73955000.0,1.742,1.0,596984000.0,0.278,165929000.0,3451000.0,428727000.0,408140250.0,196427000.0,0.0,0.0,0.0,278661000.0,208643000.0,70018000.0,1412013488.0,-67707000.0,-27739000.0,-4739000.0,-75000000.0,-28011000.0,-118143000.0,-44348000.0,0.0,92286000.0,2498000.0,96188000.0,96188000.0,96188000.0,0.0,0.0,0.045,444367000.0,152617000.0,110143000.0,0.289,2.303,14.68,14.588,67949000.0,0.0,33.26,0.658,0.658,280706000.0,648232000.0,2146059000.0,2146059000.0,0.0,0.11,0.165,0.382,0.073,6475000.0,444367000.0,1.0,42453803.0,42446000.0,,50.56,725929000.0,47623000.0,56450000.0,0.0,17.102,383840000.0
42,AIT,MRT,2010-12-31,2010-12-31,2010-12-31,2021-08-17,-3877000.0,829630000.0,865141500.0,528969000.0,300661000.0,2.388,13.894,-17834000.0,53915000.0,53915000.0,1495456000.0,86177000.0,3.073,0.408,0.0,0.0,0.0,0.0,0.0,21973000.0,0.0,0.02,0.64,142677000.0,164650000.0,0.08,164650000.0,142677000.0,137904000.0,2.04,2.01,2.04,589241000.0,561559750.0,589241000.0,1308522909.0,9.0,7.947,90793000.0,2.141,1.0,570774000.0,0.276,167976000.0,4773000.0,435599000.0,391227250.0,194991000.0,0.0,0.0,0.0,240389000.0,172140000.0,68249000.0,1378115909.0,-50288000.0,-27739000.0,-2457000.0,-75000000.0,-27139000.0,-114329000.0,-45573000.0,0.0,108627000.0,987000.0,86177000.0,86177000.0,86177000.0,0.0,0.0,0.042,429321000.0,141453000.0,86957000.0,0.314,2.339,15.992,15.922,67357000.0,0.0,32.48,0.667,0.667,250671000.0,628912000.0,2066230000.0,2066230000.0,0.0,0.1,0.153,0.365,0.069,6785000.0,429321000.0,1.0,42429677.0,42411000.0,,48.719,661654000.0,47557000.0,51727000.0,0.0,15.601,356829000.0
43,AIT,MRT,2010-09-30,2010-09-30,2010-09-30,2021-08-17,-8211000.0,872709000.0,864269000.0,571215000.0,301494000.0,2.294,13.431,-6266000.0,94593000.0,94593000.0,1439568000.0,75471000.0,2.425,0.534,25000000.0,25000000.0,0.0,25000000.0,0.0,21711000.0,0.0,0.02,0.62,128045000.0,149756000.0,0.076,149756000.0,128045000.0,122397000.0,1.79,1.76,1.79,569078000.0,544788500.0,569078000.0,1196154306.0,9.0,7.987,132325000.0,3.123,1.0,543398000.0,0.274,169414000.0,5648000.0,398145000.0,382383500.0,190758000.0,0.0,0.0,0.0,303631000.0,235557000.0,68074000.0,1296931306.0,28906000.0,-27797000.0,-2643000.0,-50000000.0,-26271000.0,-76253000.0,-34063000.0,0.0,138591000.0,631000.0,75471000.0,75471000.0,75471000.0,0.0,0.0,0.038,416098000.0,127300000.0,109266000.0,0.346,2.279,17.184,17.095,67044000.0,0.0,30.6,0.654,0.654,261042000.0,614919000.0,1982966000.0,1982966000.0,0.0,0.087,0.139,0.335,0.065,6238000.0,416098000.0,1.0,42383376.0,42370000.0,,46.801,703295000.0,48346000.0,46926000.0,0.0,16.599,335658000.0
44,AIT,MRT,2010-06-30,2010-06-30,2010-06-30,2021-08-17,-6048000.0,891520000.0,848718000.0,618860000.0,272660000.0,2.231,13.11,-6684000.0,175777000.0,175777000.0,1377486000.0,65903000.0,2.281,0.606,75000000.0,75000000.0,0.0,75000000.0,0.0,21616000.0,0.0,0.024,0.6,110755000.0,132371000.0,0.07,132371000.0,110755000.0,105017000.0,1.56,1.54,1.56,555039000.0,530739250.0,555039000.0,990731350.0,9.0,7.485,177640000.0,4.196,1.0,515722000.0,0.272,149321000.0,5738000.0,370090000.0,398444750.0,173253000.0,0.0,0.0,0.0,336481000.0,271332000.0,65149000.0,1071997350.0,148135000.0,-100000.0,-2590000.0,-5000000.0,-25416000.0,-30514000.0,-6784000.0,0.0,184324000.0,1109000.0,65903000.0,65903000.0,65903000.0,0.0,0.0,0.035,405672000.0,110050000.0,94529000.0,0.385,1.931,16.266,16.231,58471000.0,0.0,25.32,0.566,0.566,246402000.0,601370000.0,1893208000.0,1893208000.0,0.0,0.078,0.124,0.278,0.059,5381000.0,405672000.0,1.0,42337968.0,42337968.0,,44.717,742199000.0,48493000.0,39114000.0,0.0,17.53,347528000.0
45,AIT,MRT,2010-03-31,2010-03-31,2010-03-31,2021-08-17,-6207000.0,866707000.0,828170000.0,590488000.0,276219000.0,2.168,12.591,-4990000.0,156266000.0,156266000.0,1316378000.0,30169000.0,2.166,0.626,75000000.0,75000000.0,0.0,75000000.0,0.0,21985000.0,0.0,0.024,0.6,51482000.0,73467000.0,0.041,73467000.0,51482000.0,45208000.0,0.71,0.71,0.71,532881000.0,519005000.0,532881000.0,1023686754.0,20.0,13.934,177831000.0,4.202,1.0,478942000.0,0.267,151735000.0,6274000.0,361075000.0,442469750.0,174330000.0,0.0,0.0,0.0,333826000.0,272631000.0,61195000.0,1052889754.0,108050000.0,-129000.0,-1726000.0,-50000000.0,-25395000.0,-75245000.0,-5119000.0,0.0,182821000.0,5593000.0,30169000.0,30169000.0,30169000.0,0.0,0.0,0.017,430069000.0,48873000.0,97421000.0,0.845,1.976,34.9,35.0,58200000.0,0.0,24.85,0.586,0.586,238713000.0,580032000.0,1795320000.0,1795320000.0,0.0,0.036,0.058,0.116,0.029,5098000.0,393464000.0,1.0,42369809.0,42321000.0,,42.421,714972000.0,0.0,15039000.0,0.0,16.894,317857000.0
46,AIT,MRT,2009-12-31,2009-12-31,2009-12-31,2021-08-17,-6568000.0,826140000.0,823455000.0,546854000.0,279286000.0,2.138,12.345,-4819000.0,104203000.0,104203000.0,1289994000.0,25204000.0,2.254,0.582,75000000.0,75000000.0,0.0,75000000.0,0.0,22800000.0,0.0,0.027,0.6,44984000.0,67784000.0,0.038,67784000.0,44984000.0,38901000.0,0.59,0.59,0.59,522156000.0,512114250.0,522156000.0,943386951.0,21.0,13.918,139676000.0,3.302,1.0,470832000.0,0.267,154124000.0,6083000.0,400224000.0,484484500.0,201872000.0,0.0,0.0,0.0,303984000.0,242589000.0,61395000.0,934073951.0,57583000.0,-280000.0,372000.0,-61000000.0,-25378000.0,-86334000.0,-5099000.0,0.0,144495000.0,4521000.0,25204000.0,25204000.0,25204000.0,0.0,0.0,0.014,427977000.0,42855000.0,82354000.0,1.017,1.789,37.061,37.407,59845000.0,0.0,22.07,0.53,0.53,211920000.0,569858000.0,1760826000.0,1760826000.0,0.0,0.031,0.049,0.093,0.026,4033000.0,391372000.0,1.0,42323242.0,42298000.0,,41.629,672016000.0,0.0,13697000.0,0.0,15.888,304265000.0
47,AIT,MRT,2009-09-30,2009-09-30,2009-09-30,2021-08-17,-10333000.0,810505000.0,838852000.0,528401000.0,282104000.0,2.166,12.131,-6113000.0,65687000.0,65687000.0,1327589000.0,30911000.0,2.622,0.58,75000000.0,50000000.0,25000000.0,75000000.0,0.0,23379000.0,0.0,0.028,0.6,52721000.0,76100000.0,0.042,76100000.0,52721000.0,46669000.0,0.72,0.73,0.72,512881000.0,507800250.0,512881000.0,947810773.0,18.0,12.455,76551000.0,1.811,1.0,489396000.0,0.269,155903000.0,6052000.0,462390000.0,518607750.0,226028000.0,0.0,0.0,0.0,297624000.0,201525000.0,96099000.0,895452773.0,8938000.0,-5077000.0,-817000.0,-33000000.0,-25381000.0,-59531000.0,-11190000.0,0.0,82664000.0,-3005000.0,30911000.0,30911000.0,30911000.0,0.0,0.0,0.017,436637000.0,52759000.0,78876000.0,0.833,1.746,28.969,29.389,60994000.0,0.0,21.16,0.493,0.492,203191000.0,565716000.0,1816985000.0,1816985000.0,0.0,0.037,0.061,0.102,0.029,4519000.0,400032000.0,1.0,42318184.0,42277000.0,,42.978,654602000.0,0.0,15758000.0,0.0,15.484,326876000.0
48,AIT,MRT,2009-06-30,2009-06-30,2009-06-30,2021-08-17,-7849000.0,809328000.0,864774500.0,525594000.0,283734000.0,2.224,12.025,-6231000.0,27642000.0,27642000.0,1403138000.0,42260000.0,3.357,0.593,80000000.0,5000000.0,75000000.0,80000000.0,0.0,22391000.0,0.0,0.03,0.6,71337000.0,93728000.0,0.049,93728000.0,71337000.0,65814000.0,1.0,0.99,1.0,508102000.0,508304500.0,508102000.0,909196113.0,13.0,9.7,75069000.0,1.777,1.0,520010000.0,0.27,158940000.0,5523000.0,546190000.0,529988000.0,254690000.0,0.0,0.0,0.0,301226000.0,156556000.0,144670000.0,832412113.0,-74188000.0,-172199000.0,-802000.0,55000000.0,-25378000.0,28502000.0,-178430000.0,0.0,81300000.0,-5560000.0,42260000.0,42260000.0,42260000.0,0.0,0.0,0.022,447517000.0,72493000.0,80655000.0,0.6,1.638,19.697,19.7,62735000.0,0.0,19.7,0.433,0.433,198792000.0,560574000.0,1923148000.0,1923148000.0,0.0,0.049,0.083,0.135,0.037,4502000.0,410912000.0,1.0,42254422.0,42254422.0,,45.514,650388000.0,46650000.0,23554000.0,0.0,15.392,369038000.0
49,AIT,MRT,2009-03-31,2009-03-31,2009-03-31,2021-08-17,-23892000.0,847847000.0,862135250.0,540461000.0,307386000.0,2.352,11.962,-7772000.0,48216000.0,48216000.0,1480701000.0,74727000.0,2.681,0.678,125000000.0,50000000.0,75000000.0,125000000.0,0.0,20805000.0,0.0,0.036,0.6,127116000.0,147921000.0,0.073,147921000.0,127116000.0,119523000.0,1.76,1.74,1.76,505318000.0,506797750.0,505318000.0,801474222.0,6.0,5.418,95080000.0,2.251,1.0,547009000.0,0.27,193880000.0,7593000.0,529134000.0,503710750.0,249217000.0,0.0,0.0,0.0,342529000.0,201617000.0,140912000.0,712094222.0,-22364000.0,-183147000.0,-735000.0,100000000.0,-25383000.0,73679000.0,-188537000.0,0.0,102852000.0,-10358000.0,74727000.0,74727000.0,74727000.0,0.0,0.0,0.037,421153000.0,125856000.0,77831000.0,0.341,1.409,9.529,9.585,63594000.0,0.0,16.87,0.351,0.351,209193000.0,574945000.0,2027710000.0,2027710000.0,0.0,0.087,0.147,0.252,0.063,3859000.0,421153000.0,1.0,42210683.0,42244000.0,,48.0,653967000.0,0.0,44796000.0,0.0,15.481,338844000.0
50,AIT,MRT,2008-12-31,2008-12-31,2008-12-31,2021-08-17,-19222000.0,887728000.0,838340250.0,574873000.0,312855000.0,2.512,11.932,-8844000.0,46620000.0,46620000.0,1536956000.0,86762000.0,2.394,0.758,136000000.0,61000000.0,75000000.0,136000000.0,0.0,18077000.0,0.0,0.032,0.6,143703000.0,161780000.0,0.077,161780000.0,143703000.0,137052000.0,2.04,2.02,2.04,504900000.0,501163000.0,504900000.0,852095568.0,6.0,5.267,83236000.0,1.967,1.0,569263000.0,0.27,200287000.0,6651000.0,536717000.0,489809250.0,265659000.0,0.0,0.0,0.0,382828000.0,240104000.0,142724000.0,800844568.0,-33375000.0,-184450000.0,-12609000.0,111000000.0,-25449000.0,74356000.0,-190912000.0,0.0,92080000.0,-8899000.0,86762000.0,86762000.0,86762000.0,0.0,0.0,0.041,426741000.0,142522000.0,106386000.0,0.294,1.586,9.23,9.275,66295000.0,0.0,18.92,0.38,0.38,221727000.0,569723000.0,2106219000.0,2106219000.0,0.0,0.103,0.173,0.293,0.068,3897000.0,426741000.0,1.0,42327937.0,42316000.0,,49.774,687441000.0,0.0,50290000.0,0.0,16.245,334769000.0
51,AIT,MRT,2008-09-30,2008-09-30,2008-09-30,2021-08-17,955000.0,914195000.0,802475000.0,597625000.0,316570000.0,2.635,12.168,-7775000.0,56749000.0,56749000.0,1541530000.0,93535000.0,2.357,0.775,108000000.0,33000000.0,75000000.0,108000000.0,0.0,15460000.0,0.0,0.022,0.6,154228000.0,169688000.0,0.08,169688000.0,154228000.0,148878000.0,2.19,2.16,2.19,514898000.0,493337250.0,514898000.0,1062891442.0,7.0,6.264,122488000.0,2.895,1.0,573285000.0,0.271,204012000.0,5350000.0,507911000.0,470055750.0,239387000.0,0.0,0.0,0.0,399297000.0,253523000.0,145774000.0,1139721442.0,-86905000.0,-189227000.0,-32181000.0,33000000.0,-25603000.0,-22165000.0,-194694000.0,0.0,130263000.0,-309000.0,93535000.0,93535000.0,93535000.0,0.0,0.0,0.044,422302000.0,150983000.0,127591000.0,0.274,2.213,12.185,12.297,68087000.0,0.0,26.93,0.539,0.539,265536000.0,559880000.0,2114815000.0,2114815000.0,0.0,0.117,0.19,0.328,0.073,3262000.0,422302000.0,1.0,42321628.0,42316000.0,,49.977,710183000.0,0.0,55343000.0,0.0,16.783,344102000.0
52,AIT,MRT,2008-06-30,2008-06-30,2008-06-30,2021-08-17,6249000.0,798771000.0,775265250.0,606197000.0,192574000.0,2.695,11.871,-7038000.0,101830000.0,101830000.0,1520173000.0,95456000.0,3.077,0.591,25000000.0,0.0,25000000.0,25000000.0,0.0,14439000.0,0.0,0.025,0.6,156654000.0,171093000.0,0.082,171093000.0,156654000.0,151715000.0,2.23,2.19,2.23,502075000.0,482544250.0,502075000.0,976706682.0,6.0,5.709,103265000.0,2.442,1.0,569283000.0,0.272,83849000.0,4939000.0,441081000.0,453904750.0,210723000.0,0.0,0.0,0.0,296696000.0,197011000.0,99685000.0,1022286682.0,-17835000.0,-22105000.0,-31560000.0,-50000000.0,-25728000.0,-103527000.0,-26839000.0,0.0,110303000.0,2228000.0,95456000.0,95456000.0,95456000.0,0.0,0.0,0.046,416459000.0,152824000.0,109822000.0,0.269,2.036,10.71,10.839,64997000.0,0.0,24.17,0.489,0.489,245119000.0,543692000.0,2089456000.0,2089456000.0,0.0,0.123,0.198,0.345,0.075,2999000.0,416459000.0,1.0,42295684.0,42295684.0,,49.401,714922000.0,0.0,56259000.0,0.0,16.903,409186000.0
53,AIT,MRT,2008-03-31,2008-03-31,2008-03-31,2021-08-17,6093000.0,752667000.0,769914750.0,569115000.0,183552000.0,2.712,11.344,-7018000.0,70580000.0,70580000.0,1519494000.0,95659000.0,3.313,0.559,25000000.0,0.0,25000000.0,25000000.0,0.0,14534000.0,0.0,0.019,0.57,155736000.0,170270000.0,0.082,170270000.0,155736000.0,151428000.0,2.22,2.19,2.22,482779000.0,469771250.0,482779000.0,1220047927.0,8.0,7.165,94202000.0,2.213,1.0,568242000.0,0.272,61760000.0,4308000.0,473528000.0,451591250.0,219265000.0,0.0,0.0,0.0,269888000.0,171799000.0,98089000.0,1275042927.0,-14438000.0,-11128000.0,-31426000.0,-50000000.0,-24553000.0,-101655000.0,-18297000.0,0.0,101220000.0,4294000.0,95659000.0,95659000.0,95659000.0,0.0,0.0,0.046,415473000.0,152769000.0,85928000.0,0.257,2.641,13.329,13.464,65158000.0,0.0,29.89,0.611,0.609,244863000.0,525601000.0,2087736000.0,2087736000.0,0.0,0.124,0.204,0.345,0.075,1760000.0,415473000.0,1.0,42657843.0,42558000.0,,49.056,690907000.0,0.0,55769000.0,0.0,16.234,397316000.0
54,AIT,MRT,2007-12-31,2007-12-31,2007-12-31,2021-08-17,3540000.0,744267000.0,766998500.0,559201000.0,185066000.0,2.71,10.977,-7090000.0,79995000.0,79995000.0,1514395000.0,93761000.0,3.268,0.572,25000000.0,0.0,25000000.0,25000000.0,0.0,14697000.0,0.0,0.019,0.54,152626000.0,167323000.0,0.08,167323000.0,152626000.0,147810000.0,2.17,2.13,2.17,473597000.0,457010500.0,473597000.0,1187545590.0,8.0,7.097,110637000.0,2.564,1.0,564314000.0,0.271,60458000.0,4816000.0,457703000.0,444829500.0,229673000.0,0.0,0.0,0.0,270670000.0,171111000.0,99559000.0,1256001590.0,-4415000.0,-9674000.0,-40786000.0,-50000000.0,-23393000.0,-109816000.0,-15618000.0,0.0,117727000.0,3292000.0,93761000.0,93761000.0,93761000.0,0.0,0.0,0.045,415125000.0,149189000.0,95264000.0,0.249,2.652,13.396,13.373,65857000.0,0.0,29.02,0.604,0.602,221029000.0,508410000.0,2078709000.0,2078709000.0,0.0,0.122,0.205,0.343,0.073,2167000.0,415125000.0,1.0,43280551.0,43143000.0,,48.182,683809000.0,0.0,54049000.0,0.0,15.85,388090000.0
55,AIT,MRT,2007-09-30,2007-09-30,2007-09-30,2021-08-17,-1198000.0,805356000.0,762024750.0,628230000.0,177126000.0,2.677,10.924,-8133000.0,143654000.0,143654000.0,1485092000.0,89362000.0,2.663,0.707,75198000.0,50198000.0,25000000.0,75198000.0,0.0,14580000.0,0.0,0.017,0.51,145168000.0,159748000.0,0.078,159748000.0,145168000.0,139743000.0,2.07,2.03,2.07,471726000.0,447843000.0,471726000.0,1287168839.0,9.0,8.057,75597000.0,1.751,1.0,554974000.0,0.272,57663000.0,5425000.0,443307000.0,442747500.0,207138000.0,0.0,0.0,0.0,333630000.0,235930000.0,97700000.0,1331438839.0,41378000.0,0.0,-18414000.0,0.0,-22146000.0,-35512000.0,-7787000.0,0.0,83730000.0,947000.0,89362000.0,89362000.0,89362000.0,0.0,0.0,0.044,414124000.0,140850000.0,103326000.0,0.246,2.822,14.899,14.894,66197000.0,0.0,30.83,0.653,0.653,249251000.0,491947000.0,2040066000.0,2040066000.0,0.0,0.117,0.2,0.328,0.071,2558000.0,414124000.0,1.0,43186469.0,43182000.0,,47.243,747693000.0,0.0,50381000.0,0.0,17.315,392300000.0
56,AIT,MRT,2007-06-30,2007-06-30,2007-06-30,2021-08-17,-682000.0,777369000.0,742638500.0,600533000.0,176836000.0,2.712,10.471,-9917000.0,119665000.0,119665000.0,1466057000.0,86022000.0,2.555,0.724,75395000.0,50395000.0,25000000.0,75395000.0,0.0,14534000.0,0.0,0.016,0.48,139628000.0,154162000.0,0.077,154162000.0,139628000.0,133830000.0,1.97,1.93,1.97,450983000.0,435194250.0,450983000.0,1261138200.0,9.0,8.181,61008000.0,1.416,1.0,548052000.0,0.272,66262000.0,5798000.0,431827000.0,448608000.0,199886000.0,0.0,0.0,0.0,326386000.0,235010000.0,91376000.0,1270563200.0,13237000.0,0.0,-31325000.0,0.0,-20970000.0,-48410000.0,-10219000.0,0.0,70925000.0,941000.0,86022000.0,86022000.0,86022000.0,0.0,0.0,0.043,413041000.0,135011000.0,97166000.0,0.244,2.817,14.77,14.975,67788000.0,0.0,29.5,0.631,0.631,248698000.0,473899000.0,2014109000.0,2014109000.0,0.0,0.116,0.198,0.311,0.069,2927000.0,413041000.0,1.0,43069939.0,43069939.0,,46.764,711107000.0,0.0,47808000.0,0.0,16.511,365523000.0
57,AIT,MRT,2007-03-31,2007-03-31,2007-03-31,2021-08-17,1774000.0,741002000.0,730964000.0,569679000.0,171323000.0,2.723,9.899,-10464000.0,85018000.0,85018000.0,1451055000.0,81547000.0,2.494,0.716,75593000.0,50593000.0,25000000.0,75593000.0,0.0,14068000.0,0.0,0.02,0.48,130460000.0,144528000.0,0.073,144528000.0,130460000.0,125667000.0,1.86,1.82,1.86,431736000.0,426154000.0,431736000.0,1069058069.0,8.0,7.397,79628000.0,1.826,1.0,539226000.0,0.271,56676000.0,4793000.0,446481000.0,454345250.0,206991000.0,0.0,0.0,0.0,309266000.0,228420000.0,80846000.0,1077677069.0,8793000.0,-648000.0,-57129000.0,0.0,-21232000.0,-68374000.0,-11981000.0,0.0,90092000.0,-944000.0,81547000.0,81547000.0,81547000.0,0.0,0.0,0.041,412324000.0,126902000.0,99702000.0,0.258,2.496,13.215,13.194,67620000.0,0.0,24.54,0.541,0.538,250336000.0,454430000.0,1990281000.0,1990281000.0,0.0,0.112,0.191,0.287,0.066,3874000.0,412324000.0,1.0,43915121.0,43616000.0,,45.632,684326000.0,0.0,44120000.0,0.0,15.69,341259000.0
58,AIT,MRT,2006-12-31,2006-12-31,2006-12-31,2021-08-17,3494000.0,724372000.0,725664250.0,551480000.0,172892000.0,2.71,10.002,-10732000.0,84410000.0,84410000.0,1430881000.0,79840000.0,2.633,0.658,75791000.0,50791000.0,25000000.0,75791000.0,0.0,13843000.0,0.0,0.017,0.46,128537000.0,142380000.0,0.072,142380000.0,128537000.0,123493000.0,1.81,1.76,1.81,436927000.0,421205750.0,436927000.0,1114767544.0,9.0,7.83,82127000.0,1.88,1.0,535469000.0,0.272,56966000.0,5044000.0,449375000.0,464093000.0,215208000.0,0.0,0.0,0.0,287445000.0,209412000.0,78033000.0,1141055544.0,29300000.0,-11374000.0,-35737000.0,0.0,-20444000.0,-39458000.0,-23866000.0,0.0,92859000.0,-235000.0,79840000.0,79840000.0,79840000.0,0.0,0.0,0.041,410587000.0,124882000.0,91377000.0,0.254,2.612,14.292,14.536,69121000.0,0.0,26.31,0.58,0.584,220460000.0,437977000.0,1966350000.0,1966350000.0,0.0,0.11,0.19,0.277,0.065,4079000.0,410587000.0,1.0,43369652.0,43684000.0,,45.013,667406000.0,0.0,43653000.0,0.0,15.278,342068000.0
59,AIT,MRT,2006-09-30,2006-09-30,2006-09-30,2021-08-17,4788000.0,727811000.0,714911000.0,555166000.0,172645000.0,2.728,9.585,-10603000.0,102276000.0,102276000.0,1423450000.0,76566000.0,3.127,0.728,75988000.0,0.0,75988000.0,75988000.0,0.0,14012000.0,0.0,0.018,0.44,124416000.0,138428000.0,0.071,138428000.0,124416000.0,119018000.0,1.72,1.67,1.72,421131000.0,411476000.0,421131000.0,1046756676.0,8.0,7.562,77483000.0,1.764,1.0,526715000.0,0.27,57248000.0,5398000.0,466749000.0,475603250.0,192523000.0,0.0,0.0,0.0,306680000.0,177526000.0,129154000.0,1076998676.0,5485000.0,-11937000.0,-54977000.0,0.0,-19657000.0,-59424000.0,-23911000.0,0.0,88086000.0,734000.0,76566000.0,76566000.0,76566000.0,0.0,0.0,0.039,405548000.0,121167000.0,110402000.0,0.256,2.557,14.066,14.186,69755000.0,0.0,24.4,0.552,0.55,240647000.0,424667000.0,1950165000.0,1950165000.0,0.0,0.107,0.186,0.262,0.064,3776000.0,405548000.0,1.0,44139290.0,43937000.0,,44.385,670563000.0,0.0,42452000.0,0.0,15.262,377640000.0
60,AIT,MRT,2006-06-30,2006-06-30,2006-06-30,2021-08-17,4796000.0,730671000.0,708126750.0,558444000.0,172227000.0,2.684,9.279,-9813000.0,106428000.0,106428000.0,1386895000.0,72299000.0,2.964,0.761,76186000.0,0.0,76186000.0,76186000.0,0.0,13860000.0,0.0,0.016,0.4,118622000.0,132482000.0,0.07,132482000.0,118622000.0,113099000.0,1.62,1.57,1.62,414822000.0,406643750.0,414822000.0,1086942424.0,9.0,8.204,60040000.0,1.343,1.0,513885000.0,0.27,57222000.0,5523000.0,454776000.0,470803000.0,190537000.0,0.0,0.0,0.0,315849000.0,188431000.0,127418000.0,1086783424.0,-20708000.0,-27672000.0,-52209000.0,0.0,-17973000.0,-53782000.0,-37914000.0,0.0,69853000.0,1135000.0,72299000.0,72299000.0,72299000.0,0.0,0.0,0.038,398293000.0,115592000.0,109440000.0,0.247,2.62,15.032,15.006,70794000.0,0.0,24.31,0.572,0.572,231524000.0,408847000.0,1900780000.0,1900780000.0,0.0,0.102,0.178,0.252,0.062,2978000.0,398293000.0,1.0,44705200.0,44705200.0,,42.518,673449000.0,0.0,40800000.0,0.0,15.064,370013000.0
61,AIT,MRT,2006-03-31,2006-03-31,2006-03-31,2021-08-17,3604000.0,719803000.0,698001500.0,548675000.0,171128000.0,2.65,9.279,-8586000.0,76225000.0,76225000.0,1347301000.0,68117000.0,3.066,0.747,76384000.0,0.0,76384000.0,76384000.0,0.0,14426000.0,0.0,0.012,0.36,112221000.0,126647000.0,0.068,126647000.0,112221000.0,107517000.0,1.513,1.46,1.513,411943000.0,401260000.0,411943000.0,1334261965.0,12.0,10.535,52824000.0,1.19,1.0,502602000.0,0.272,55507000.0,4704000.0,485472000.0,458917250.0,208086000.0,0.0,0.0,0.0,307860000.0,178983000.0,128877000.0,1312790965.0,-7149000.0,-27303000.0,-26828000.0,0.0,-16147000.0,-33848000.0,-36022000.0,0.0,61410000.0,1311000.0,68117000.0,68117000.0,68117000.0,0.0,0.0,0.037,392339000.0,110263000.0,102859000.0,0.238,3.187,19.273,19.652,69560000.0,0.0,29.733,0.71,0.714,235960000.0,394115000.0,1849903000.0,1849903000.0,0.0,0.098,0.17,0.245,0.061,5430000.0,392339000.0,1.0,44152162.0,44394000.0,,41.67,664296000.0,0.0,39400000.0,0.0,14.964,369692000.0
62,AIT,MRT,2005-12-31,2005-12-31,2005-12-31,2021-08-17,1930000.0,681359000.0,684044000.0,517961000.0,163398000.0,2.63,8.945,-6920000.0,55110000.0,55110000.0,1314095000.0,64463000.0,3.338,0.712,76581000.0,0.0,76581000.0,76581000.0,0.0,14493000.0,0.0,0.015,0.34,106451000.0,120944000.0,0.067,120944000.0,106451000.0,101533000.0,1.43,1.383,1.43,398008000.0,393803500.0,398008000.0,987544757.0,9.0,8.165,59261000.0,1.332,1.0,485080000.0,0.27,52231000.0,4918000.0,495416000.0,446113500.0,217898000.0,0.0,0.0,0.0,283351000.0,155183000.0,128168000.0,1007556757.0,-2195000.0,-22212000.0,-26259000.0,0.0,-15285000.0,-39737000.0,-29669000.0,0.0,66181000.0,1030000.0,64463000.0,64463000.0,64463000.0,0.0,0.0,0.036,382822000.0,102258000.0,94370000.0,0.238,2.531,15.63,15.706,70340000.0,0.0,22.46,0.56,0.555,212743000.0,378581000.0,1799175000.0,1799175000.0,0.0,0.094,0.164,0.239,0.059,3942000.0,382822000.0,1.0,44860052.0,44493000.0,,40.437,629128000.0,0.0,37070000.0,0.0,14.14,362778000.0
63,AIT,MRT,2005-09-30,2005-09-30,2005-09-30,2021-08-17,675000.0,700674000.0,666804000.0,536674000.0,164000000.0,2.62,8.936,-5453000.0,96791000.0,96791000.0,1279503000.0,59149000.0,2.963,0.744,76779000.0,0.0,76779000.0,76779000.0,0.0,14523000.0,0.0,0.013,0.302,98034000.0,112557000.0,0.064,112557000.0,98034000.0,92749000.0,1.317,1.273,1.317,401802000.0,385986250.0,401802000.0,1030084179.0,11.0,9.152,73514000.0,1.635,1.0,467631000.0,0.268,51971000.0,5285000.0,447548000.0,433347500.0,200935000.0,0.0,0.0,0.0,298872000.0,181143000.0,117729000.0,1080243179.0,33599000.0,-21649000.0,-6707000.0,0.0,-13600000.0,-18900000.0,-27372000.0,0.0,78967000.0,904000.0,59149000.0,59149000.0,59149000.0,0.0,0.0,0.034,373364000.0,94267000.0,105409000.0,0.229,2.688,18.263,18.162,71219000.0,0.0,23.92,0.618,0.616,215020000.0,367758000.0,1747134000.0,1747134000.0,0.0,0.089,0.153,0.226,0.056,3126000.0,373364000.0,1.0,45160668.0,44963000.0,,38.857,648703000.0,0.0,33600000.0,0.0,14.427,355531000.0
64,AIT,MRT,2005-06-30,2005-06-30,2005-06-30,2021-08-17,-989000.0,690170000.0,644886000.0,527501000.0,162669000.0,2.663,8.725,-5188000.0,127136000.0,127136000.0,1262206000.0,55339000.0,2.903,0.755,76977000.0,0.0,76977000.0,76977000.0,0.0,14824000.0,0.0,0.013,0.284,92155000.0,106979000.0,0.062,106979000.0,92155000.0,86339000.0,1.24,1.2,1.24,393287000.0,373738250.0,393287000.0,964137587.0,10.0,9.012,75846000.0,1.683,1.0,454849000.0,0.265,51083000.0,5816000.0,407233000.0,427560000.0,175533000.0,0.0,0.0,0.0,296883000.0,181695000.0,115188000.0,970337587.0,57469000.0,-5914000.0,994000.0,0.0,-12740000.0,-11746000.0,-12539000.0,0.0,81034000.0,720000.0,55339000.0,55339000.0,55339000.0,0.0,0.0,0.032,366881000.0,87968000.0,99047000.0,0.229,2.467,17.534,17.36,71441000.0,0.0,21.527,0.565,0.565,202226000.0,354521000.0,1717055000.0,1717055000.0,0.0,0.086,0.148,0.216,0.054,2437000.0,366881000.0,1.0,45076072.0,45076072.0,,38.092,639087000.0,0.0,31000000.0,0.0,14.178,345806000.0
65,AIT,MRT,2005-03-31,2005-03-31,2005-03-31,2021-08-17,2644000.0,663973000.0,621553750.0,514181000.0,149792000.0,2.685,8.532,-5254000.0,83374000.0,83374000.0,1226989000.0,50251000.0,2.981,0.738,77174000.0,0.0,77174000.0,77174000.0,0.0,12003000.0,0.0,0.014,0.258,84363000.0,96366000.0,0.058,96366000.0,84363000.0,78821000.0,1.143,1.103,1.143,382117000.0,360300250.0,382117000.0,831244712.0,10.0,8.626,57473000.0,1.283,1.0,441840000.0,0.265,51044000.0,5542000.0,434257000.0,426691750.0,186007000.0,0.0,0.0,0.0,281856000.0,172472000.0,109384000.0,811177712.0,49988000.0,-5635000.0,4200000.0,6757000.0,-11461000.0,-504000.0,-12372000.0,0.0,62727000.0,137000.0,50251000.0,50251000.0,50251000.0,0.0,0.0,0.03,360712000.0,81128000.0,97314000.0,0.226,2.123,16.143,15.865,72240000.0,0.0,18.133,0.486,0.487,214867000.0,342145000.0,1668829000.0,1668829000.0,0.0,0.081,0.139,0.198,0.051,2483000.0,360712000.0,1.0,44734065.0,44785500.0,,37.263,612929000.0,0.0,28570000.0,0.0,13.686,341709000.0
66,AIT,MRT,2004-12-31,2004-12-31,2004-12-31,2021-08-17,4248000.0,612399000.0,598900500.0,463014000.0,149385000.0,2.694,8.265,-5604000.0,57305000.0,57305000.0,1186442000.0,44526000.0,3.373,0.67,77372000.0,0.0,77372000.0,77372000.0,0.0,12926000.0,0.0,0.013,0.231,72981000.0,85907000.0,0.053,85907000.0,72981000.0,67256000.0,1.023,0.99,1.023,366739000.0,346180500.0,366739000.0,825186429.0,11.0,9.606,37612000.0,0.848,1.0,426970000.0,0.265,50846000.0,5725000.0,444352000.0,424305500.0,192121000.0,0.0,0.0,0.0,245660000.0,137268000.0,108392000.0,810808429.0,32904000.0,0.0,856000.0,6333000.0,-10202000.0,-3013000.0,-7581000.0,0.0,43216000.0,282000.0,44526000.0,44526000.0,44526000.0,0.0,0.0,0.028,355042000.0,71928000.0,74551000.0,0.226,2.211,18.21,17.856,73561000.0,0.0,18.267,0.503,0.502,190904000.0,329403000.0,1613412000.0,1613412000.0,0.0,0.074,0.129,0.172,0.045,2483000.0,355042000.0,1.0,44387323.0,44370000.0,,36.363,561553000.0,0.0,22730000.0,0.0,12.656,325746000.0
67,AIT,MRT,2004-09-30,2004-09-30,2004-09-30,2021-08-17,1580000.0,613002000.0,584925750.0,460622000.0,152380000.0,2.682,8.045,-6186000.0,63192000.0,63192000.0,1150796000.0,39679000.0,3.013,0.737,77570000.0,0.0,77570000.0,77570000.0,0.0,13831000.0,0.0,0.014,0.222,65228000.0,79059000.0,0.05,79059000.0,65228000.0,59429000.0,0.917,0.883,0.917,352810000.0,334251000.0,352810000.0,708665616.0,11.0,8.964,38494000.0,0.878,1.0,418188000.0,0.267,50119000.0,5799000.0,424398000.0,420016750.0,173367000.0,0.0,0.0,0.0,260192000.0,152863000.0,107329000.0,700565616.0,26104000.0,-1285000.0,-338000.0,1833000.0,-9732000.0,-8237000.0,-10253000.0,0.0,44680000.0,-86000.0,39679000.0,39679000.0,39679000.0,0.0,0.0,0.025,354233000.0,63955000.0,84180000.0,0.242,1.986,17.656,17.322,75354000.0,0.0,15.884,0.447,0.444,201043000.0,322209000.0,1568984000.0,1568984000.0,0.0,0.068,0.119,0.155,0.042,2483000.0,354233000.0,1.0,44103879.0,43857000.0,,35.775,562883000.0,0.0,19750000.0,0.0,12.835,307759000.0
68,AIT,MRT,2004-06-30,2004-06-30,2004-06-30,2021-08-17,1121000.0,596841000.0,567793250.0,437351000.0,159490000.0,2.672,7.785,-13009000.0,69667000.0,69667000.0,1114861000.0,31471000.0,2.89,0.758,77767000.0,0.0,77767000.0,77767000.0,0.0,14381000.0,0.0,0.016,0.213,52285000.0,66666000.0,0.044,66666000.0,52285000.0,46471000.0,0.73,0.71,0.73,339535000.0,324441500.0,339535000.0,628454296.0,12.0,9.427,27854000.0,0.639,1.0,402143000.0,0.265,49852000.0,5814000.0,403760000.0,416944250.0,159594000.0,0.0,0.0,0.0,257306000.0,151329000.0,105977000.0,583875296.0,14588000.0,-1285000.0,2000000.0,-2850000.0,-9273000.0,-10123000.0,-15869000.0,0.0,40863000.0,-283000.0,31471000.0,31471000.0,31471000.0,0.0,0.0,0.021,350695000.0,51448000.0,76537000.0,0.292,1.72,18.553,18.338,77025000.0,0.0,13.387,0.385,0.385,189793000.0,311922000.0,1517004000.0,1517004000.0,0.0,0.055,0.097,0.125,0.034,2483000.0,350695000.0,1.0,43616182.0,43616182.0,,34.781,546989000.0,0.0,15000000.0,0.0,12.541,286022000.0
69,AIT,MRT,2004-03-31,2004-03-31,2004-03-31,2021-08-17,1202000.0,573360000.0,556934000.0,418278000.0,155082000.0,2.665,7.5,-12361000.0,33386000.0,33386000.0,1090812000.0,28260000.0,2.919,0.761,77965000.0,0.0,77965000.0,77965000.0,0.0,15320000.0,0.0,0.021,0.213,47109000.0,62429000.0,0.042,62429000.0,47109000.0,41210000.0,0.66,0.644,0.66,325638000.0,316521750.0,325638000.0,494352557.0,10.0,7.919,31063000.0,0.715,1.0,393536000.0,0.265,49934000.0,5899000.0,424712000.0,412519500.0,178209000.0,0.0,0.0,0.0,247722000.0,143293000.0,104429000.0,440590557.0,9461000.0,-1285000.0,99000.0,-9607000.0,-9222000.0,-18730000.0,-16016000.0,0.0,43424000.0,783000.0,28260000.0,28260000.0,28260000.0,0.0,0.0,0.019,349474000.0,44062000.0,80714000.0,0.323,1.353,15.591,15.3,78662000.0,0.0,10.098,0.297,0.295,190932000.0,303355000.0,1484348000.0,1484348000.0,0.0,0.051,0.089,0.114,0.032,0.0,349474000.0,1.0,43632428.0,43416000.0,,34.189,523426000.0,0.0,12950000.0,0.0,12.056,274985000.0
70,AIT,MRT,2003-12-31,2003-12-31,2003-12-31,2021-08-17,1893000.0,556500000.0,547626000.0,399260000.0,157240000.0,2.669,7.375,-14749000.0,24401000.0,24401000.0,1074653000.0,22032000.0,3.01,0.744,78163000.0,0.0,78163000.0,78163000.0,0.0,14926000.0,0.0,0.02,0.213,39959000.0,54885000.0,0.038,54885000.0,39959000.0,34162000.0,0.516,0.507,0.516,319021000.0,310097000.0,319021000.0,503862066.0,13.0,9.18,21161000.0,0.489,1.0,386845000.0,0.265,50433000.0,5797000.0,427197000.0,408641750.0,191249000.0,0.0,0.0,0.0,237479000.0,132632000.0,104847000.0,459640066.0,-1078000.0,-1285000.0,-1514000.0,-9183000.0,-9168000.0,-19865000.0,-17759000.0,0.0,35910000.0,636000.0,22032000.0,22032000.0,22032000.0,0.0,0.0,0.015,347509000.0,39336000.0,74040000.0,0.413,1.441,20.862,20.551,81207000.0,0.0,10.604,0.314,0.314,170074000.0,295079000.0,1461498000.0,1461498000.0,0.0,0.04,0.071,0.098,0.027,0.0,347509000.0,1.0,43344097.0,43260000.0,,33.784,506067000.0,0.0,12130000.0,0.0,11.698,266628000.0
71,AIT,MRT,2003-09-30,2003-09-30,2003-09-30,2021-08-17,1099000.0,544472000.0,542231000.0,386947000.0,157525000.0,2.688,7.332,-13160000.0,37088000.0,37088000.0,1074624000.0,20759000.0,3.047,0.736,81310000.0,2950000.0,78360000.0,81310000.0,0.0,14359000.0,0.0,0.024,0.213,37883000.0,52242000.0,0.036,52242000.0,37883000.0,32149000.0,0.484,0.482,0.484,313572000.0,305442250.0,313572000.0,403743390.0,11.0,7.728,27186000.0,0.636,1.0,382870000.0,0.263,49609000.0,5734000.0,412108000.0,403483000.0,163998000.0,0.0,0.0,0.0,230900000.0,126977000.0,103923000.0,380264390.0,-6956000.0,-10255000.0,-4231000.0,-10397000.0,-9144000.0,-23772000.0,-24179000.0,0.0,40346000.0,649000.0,20759000.0,20759000.0,20759000.0,0.0,0.0,0.014,345464000.0,37406000.0,71902000.0,0.44,1.213,18.318,18.246,82953000.0,0.0,8.831,0.261,0.259,173218000.0,292262000.0,1457494000.0,1457494000.0,0.0,0.038,0.068,0.094,0.026,0.0,345464000.0,1.0,43059632.0,42768000.0,,34.079,494863000.0,0.0,11390000.0,0.0,11.571,259970000.0
72,AIT,MRT,2003-06-30,2003-06-30,2003-06-30,2021-08-17,2054000.0,553404000.0,540810000.0,400494000.0,152910000.0,2.708,7.216,-4930000.0,55079000.0,55079000.0,1085072000.0,19832000.0,2.838,0.798,78558000.0,0.0,78558000.0,78558000.0,0.0,14469000.0,0.0,0.023,0.213,36609000.0,51078000.0,0.035,51078000.0,36609000.0,30932000.0,0.467,0.46,0.467,307856000.0,302043000.0,307856000.0,454903922.0,12.0,8.906,60195000.0,1.411,1.0,379295000.0,0.259,49687000.0,5677000.0,386061000.0,401019750.0,159798000.0,0.0,0.0,0.0,245548000.0,141135000.0,104413000.0,400072922.0,32019000.0,-10255000.0,-6639000.0,-5714000.0,-9154000.0,-18990000.0,-14791000.0,0.0,65125000.0,675000.0,19832000.0,19832000.0,19832000.0,0.0,0.0,0.014,343041000.0,36254000.0,75411000.0,0.456,1.3,20.173,20.081,77942000.0,0.0,9.378,0.273,0.273,173915000.0,289724000.0,1464367000.0,1464367000.0,0.0,0.037,0.066,0.091,0.025,0.0,343041000.0,1.0,42661804.0,42661804.0,,34.325,503717000.0,0.0,11100000.0,0.0,11.807,259359000.0
73,AIT,MRT,2003-03-31,2003-03-31,2003-03-31,2021-08-17,1589000.0,536128000.0,536100500.0,384451000.0,151677000.0,2.726,7.078,-3967000.0,23925000.0,23925000.0,1088215000.0,16389000.0,2.931,0.787,78756000.0,0.0,78756000.0,78756000.0,0.0,13767000.0,0.0,0.029,0.213,31740000.0,45507000.0,0.031,45507000.0,31740000.0,25789000.0,0.382,0.378,0.382,299939000.0,299615750.0,299939000.0,370726217.0,12.0,8.147,51300000.0,1.211,1.0,373201000.0,0.255,50587000.0,5951000.0,409201000.0,409044500.0,171463000.0,0.0,0.0,0.0,236189000.0,131171000.0,105018000.0,317252217.0,-788000.0,-10255000.0,-5241000.0,-29897000.0,-9181000.0,-43326000.0,-12729000.0,0.0,55267000.0,0.0,16389000.0,16389000.0,16389000.0,0.0,0.0,0.011,339026000.0,34175000.0,79560000.0,0.558,1.058,19.358,19.442,79136000.0,0.0,7.427,0.217,0.215,178689000.0,284317000.0,1461416000.0,1461416000.0,0.0,0.031,0.055,0.078,0.022,2499000.0,339026000.0,1.0,42717982.0,42374250.0,,34.488,485541000.0,0.0,9400000.0,0.0,11.458,253280000.0
74,AIT,MRT,2002-12-31,2002-12-31,2002-12-31,2021-08-17,925000.0,534920000.0,540459250.0,383205000.0,151715000.0,2.692,7.044,-1689000.0,25479000.0,25479000.0,1087416000.0,14713000.0,2.905,0.781,78953000.0,0.0,78953000.0,78953000.0,0.0,13739000.0,0.0,0.025,0.213,29327000.0,43066000.0,0.03,43066000.0,29327000.0,23293000.0,0.342,0.338,0.342,300402000.0,298098500.0,300402000.0,401837687.0,14.0,9.331,62287000.0,1.461,1.0,367339000.0,0.253,49938000.0,6034000.0,406562000.0,419696250.0,181791000.0,0.0,0.0,0.0,234518000.0,131894000.0,102624000.0,361016687.0,4486000.0,-10255000.0,-3036000.0,-38670000.0,-9201000.0,-49766000.0,-9724000.0,0.0,63976000.0,0.0,14713000.0,14713000.0,14713000.0,0.0,0.0,0.01,337485000.0,29854000.0,81319000.0,0.623,1.202,24.537,24.561,79101000.0,0.0,8.4,0.248,0.246,164483000.0,282215000.0,1454755000.0,1454755000.0,0.0,0.027,0.049,0.07,0.02,2499000.0,337485000.0,1.0,42978177.0,42646500.0,,34.112,484982000.0,0.0,8580000.0,0.0,11.372,251311000.0
75,AIT,MRT,2002-09-30,2002-09-30,2002-09-30,2021-08-17,1185000.0,538788000.0,545691750.0,389442000.0,149346000.0,2.651,7.011,-3185000.0,44044000.0,44044000.0,1083437000.0,13771000.0,2.973,0.796,84865000.0,0.0,84865000.0,84865000.0,0.0,14732000.0,0.0,0.028,0.213,28527000.0,43259000.0,0.03,43259000.0,28527000.0,22081000.0,0.32,0.316,0.32,299975000.0,296670000.0,299975000.0,385382112.0,14.0,8.909,61689000.0,1.442,1.0,363161000.0,0.251,46344000.0,6446000.0,402255000.0,437231250.0,159834000.0,0.0,0.0,0.0,238813000.0,131010000.0,107803000.0,324964112.0,17975000.0,-2574000.0,-3464000.0,-31405000.0,-9211000.0,-42711000.0,-4188000.0,0.0,64874000.0,0.0,13771000.0,13771000.0,13771000.0,0.0,0.0,0.01,334595000.0,28566000.0,85334000.0,0.666,1.083,23.598,23.542,80664000.0,0.0,7.533,0.225,0.223,174707000.0,280647000.0,1446598000.0,1446598000.0,0.0,0.025,0.046,0.065,0.02,2499000.0,334595000.0,1.0,43136829.0,42786000.0,,33.81,492444000.0,0.0,8310000.0,0.0,11.509,258432000.0
76,AIT,MRT,2002-06-30,2002-06-30,2002-06-30,2021-08-17,316000.0,534566000.0,556891000.0,381058000.0,153508000.0,2.598,6.906,-6440000.0,23060000.0,23060000.0,1080879000.0,2655000.0,2.922,0.793,83478000.0,0.0,83478000.0,83478000.0,0.0,15294000.0,0.0,0.025,0.213,18733000.0,34027000.0,0.024,34027000.0,18733000.0,11655000.0,0.062,0.058,0.062,298147000.0,298602500.0,298147000.0,452895768.0,24.0,13.31,64681000.0,1.498,1.0,365690000.0,0.253,46410000.0,7078000.0,418160000.0,452759500.0,166083000.0,0.0,0.0,0.0,236419000.0,130414000.0,106005000.0,374147768.0,9079000.0,-2574000.0,-11118000.0,-34952000.0,-9270000.0,-53302000.0,-8740000.0,0.0,71121000.0,0.0,2655000.0,2655000.0,2655000.0,0.0,0.0,0.002,334856000.0,30834000.0,76316000.0,3.435,1.255,140.922,139.785,83095000.0,0.0,8.667,0.259,0.259,180904000.0,279046000.0,1446569000.0,1446569000.0,0.0,0.005,0.009,0.041,0.013,2499000.0,334856000.0,1.0,43170896.0,43170896.0,,33.508,488156000.0,0.0,9000000.0,0.0,11.308,250644000.0
77,AIT,MRT,2002-03-31,2002-03-31,2002-03-31,2021-08-17,-264000.0,553563000.0,567963000.0,397743000.0,155820000.0,2.584,6.889,-9074000.0,24713000.0,24713000.0,1097464000.0,4913000.0,3.007,0.884,103461000.0,0.0,103461000.0,103461000.0,0.0,12893000.0,0.0,0.025,0.213,22579000.0,35472000.0,0.024,35472000.0,22579000.0,14893000.0,0.107,0.107,0.107,293870000.0,301945250.0,293870000.0,462262446.0,20.0,13.032,42442000.0,0.995,1.0,370220000.0,0.252,48221000.0,7686000.0,451808000.0,470441250.0,178074000.0,0.0,0.0,0.0,259693000.0,132282000.0,127411000.0,369719446.0,12551000.0,-2574000.0,-12349000.0,-8064000.0,-9320000.0,-26844000.0,-12121000.0,0.0,51516000.0,0.0,4913000.0,4913000.0,4913000.0,0.0,0.0,0.003,335864000.0,34356000.0,81149000.0,1.991,1.258,75.253,79.958,85275000.0,0.0,8.556,0.252,0.249,184289000.0,277109000.0,1467684000.0,1467684000.0,0.0,0.009,0.016,0.048,0.015,6145000.0,335864000.0,1.0,43213961.0,42660000.0,,34.404,505342000.0,0.0,9980000.0,0.0,11.846,265461000.0
78,AIT,MRT,2001-12-31,2001-12-31,2001-12-31,2021-08-17,-177000.0,555850000.0,580500500.0,396889000.0,158961000.0,2.61,6.903,-10194000.0,20993000.0,20993000.0,1134594000.0,9162000.0,3.221,0.886,113536000.0,0.0,113536000.0,113536000.0,0.0,14300000.0,0.0,0.026,0.213,30284000.0,44584000.0,0.029,44584000.0,30284000.0,21752000.0,0.204,0.2,0.204,294688000.0,304961000.0,294688000.0,444177912.0,15.0,9.963,41350000.0,0.969,1.0,380387000.0,0.251,48474000.0,8532000.0,476702000.0,475529000.0,205019000.0,0.0,0.0,0.0,261162000.0,123217000.0,137945000.0,358261912.0,6578000.0,-2574000.0,-17177000.0,-7422000.0,-9396000.0,-31139000.0,-13827000.0,0.0,51544000.0,0.0,9162000.0,9162000.0,9162000.0,0.0,0.0,0.006,338628000.0,41759000.0,74639000.0,1.044,1.216,39.103,40.632,87439000.0,0.0,8.289,0.236,0.234,160185000.0,276703000.0,1514981000.0,1514981000.0,0.0,0.016,0.03,0.064,0.02,6145000.0,338628000.0,1.0,43221946.0,42687000.0,,35.49,507376000.0,0.0,12590000.0,0.0,11.886,273672000.0
79,AIT,MRT,2001-09-30,2001-09-30,2001-09-30,2021-08-17,402000.0,583585000.0,593678250.0,412536000.0,171049000.0,2.649,7.066,-9847000.0,26069000.0,26069000.0,1175593000.0,13606000.0,2.938,0.897,111985000.0,0.0,111985000.0,111985000.0,0.0,15488000.0,0.0,0.028,0.213,38365000.0,53853000.0,0.034,53853000.0,38365000.0,29186000.0,0.302,0.298,0.302,307705000.0,307264750.0,307705000.0,431265569.0,11.0,8.008,45401000.0,1.043,1.0,397276000.0,0.253,64701000.0,9179000.0,464368000.0,477514000.0,187580000.0,0.0,0.0,0.0,275880000.0,140432000.0,135448000.0,331752569.0,13083000.0,0.0,-15332000.0,-9610000.0,-9476000.0,-31632000.0,-10533000.0,0.0,55248000.0,0.0,13606000.0,13606000.0,13606000.0,0.0,0.0,0.009,346414000.0,50862000.0,90390000.0,0.705,1.078,24.383,24.857,89571000.0,0.0,7.507,0.211,0.208,188052000.0,288187000.0,1572869000.0,1572869000.0,0.0,0.023,0.044,0.08,0.024,6145000.0,346414000.0,1.0,44194392.0,43548750.0,,36.117,518884000.0,0.0,15580000.0,0.0,11.915,272104000.0
80,AIT,MRT,2001-06-30,2001-06-30,2001-06-30,2021-08-17,-182000.0,578854000.0,594216500.0,406460000.0,172394000.0,2.736,7.066,-7480000.0,13981000.0,13981000.0,1216456000.0,28048000.0,3.189,0.858,113494000.0,0.0,113494000.0,113494000.0,0.0,16364000.0,0.0,0.025,0.213,54734000.0,71098000.0,0.044,71098000.0,54734000.0,45348000.0,0.636,0.627,0.636,311518000.0,305479500.0,311518000.0,469960815.0,9.0,6.61,29737000.0,0.674,1.0,409299000.0,0.252,62021000.0,9386000.0,488887000.0,481463500.0,191570000.0,0.0,0.0,0.0,267336000.0,127459000.0,139877000.0,371333815.0,1632000.0,-5491000.0,-14098000.0,1326000.0,-9532000.0,-22304000.0,-13281000.0,0.0,37217000.0,0.0,28048000.0,28048000.0,28048000.0,0.0,0.0,0.017,354298000.0,55001000.0,75896000.0,0.335,1.192,13.239,13.242,90263000.0,0.0,8.422,0.228,0.228,190935000.0,285661000.0,1625755000.0,1625755000.0,0.0,0.047,0.092,0.114,0.034,6145000.0,354298000.0,1.0,44089767.0,44089767.0,,36.874,516833000.0,0.0,17300000.0,0.0,11.722,279001000.0
81,AIT,MRT,2001-03-31,2001-03-31,2001-03-31,2021-08-17,0.0,603713000.0,598169750.0,430262000.0,173451000.0,2.755,6.949,-5723000.0,12162000.0,12162000.0,1235257000.0,32198000.0,2.638,0.973,110789000.0,0.0,110789000.0,110789000.0,0.0,16990000.0,0.0,0.029,0.213,60767000.0,77757000.0,0.047,77757000.0,60767000.0,51716000.0,0.724,0.711,0.724,305933000.0,302432750.0,305933000.0,429309132.0,7.0,5.521,44846000.0,1.019,1.0,412509000.0,0.25,67062000.0,9051000.0,472159000.0,476126250.0,210313000.0,0.0,0.0,0.0,297780000.0,163119000.0,134661000.0,324804132.0,-3103000.0,-39320000.0,-19755000.0,19143000.0,-9608000.0,-9655000.0,-44017000.0,0.0,50569000.0,0.0,32198000.0,32198000.0,32198000.0,0.0,0.0,0.02,351836000.0,60673000.0,104581000.0,0.294,1.062,10.088,10.068,90698000.0,0.0,7.289,0.197,0.195,198576000.0,281516000.0,1647766000.0,1647766000.0,0.0,0.054,0.106,0.128,0.037,5488000.0,351836000.0,1.0,44561542.0,44028000.0,,37.425,536651000.0,0.0,19518000.0,0.0,12.189,267143000.0
82,AIT,MRT,2000-12-31,2000-12-31,2000-12-31,2021-08-17,0.0,608561000.0,587783750.0,432154000.0,176407000.0,2.824,6.871,-4671000.0,14415000.0,14415000.0,1246330000.0,33546000.0,2.698,1.002,118920000.0,0.0,118920000.0,118920000.0,0.0,17389000.0,0.0,0.023,0.213,62885000.0,80274000.0,0.048,80274000.0,62885000.0,54412000.0,0.747,0.733,0.747,303903000.0,299539250.0,303903000.0,515310379.0,8.0,6.419,49736000.0,1.124,1.0,413494000.0,0.249,68242000.0,8473000.0,484642000.0,464315000.0,212673000.0,0.0,0.0,0.0,304658000.0,160182000.0,144476000.0,408739379.0,1443000.0,-39327000.0,-21863000.0,21334000.0,-9695000.0,-9750000.0,-43214000.0,0.0,54407000.0,0.0,33546000.0,33546000.0,33546000.0,0.0,0.0,0.02,350459000.0,63035000.0,104982000.0,0.285,1.345,12.184,12.233,92080000.0,0.0,9.138,0.246,0.244,198162000.0,276937000.0,1659824000.0,1659824000.0,0.0,0.057,0.112,0.135,0.038,5488000.0,350459000.0,1.0,44730720.0,44232750.0,,37.525,540319000.0,0.0,20866000.0,0.0,12.215,271972000.0
83,AIT,MRT,2000-09-30,2000-09-30,2000-09-30,2021-08-17,0.0,585738000.0,573663500.0,405752000.0,179986000.0,2.848,6.769,-4413000.0,12986000.0,12986000.0,1231777000.0,32417000.0,2.848,0.949,119557000.0,0.0,119557000.0,119557000.0,0.0,18535000.0,0.0,0.028,0.213,60367000.0,78902000.0,0.048,78902000.0,60367000.0,52729000.0,0.716,0.702,0.716,300564000.0,297641500.0,300564000.0,442778291.0,7.0,5.612,53516000.0,1.205,1.0,402279000.0,0.246,69676000.0,7638000.0,480166000.0,453441000.0,172412000.0,0.0,0.0,0.0,285174000.0,142467000.0,142707000.0,342959291.0,-2268000.0,-40013000.0,-25611000.0,19057000.0,-9820000.0,-15974000.0,-44223000.0,0.0,57929000.0,0.0,32417000.0,32417000.0,32417000.0,0.0,0.0,0.02,342334000.0,59945000.0,84456000.0,0.297,1.141,10.58,10.745,94941000.0,0.0,7.693,0.21,0.209,213283000.0,271957000.0,1634056000.0,1634056000.0,0.0,0.057,0.109,0.133,0.037,5488000.0,342334000.0,1.0,44578764.0,44401500.0,,36.802,516062000.0,0.0,20312000.0,0.0,11.623,263285000.0
84,AIT,MRT,2000-06-30,2000-06-30,2000-06-30,2021-08-17,0.0,594667000.0,565522500.0,414991000.0,179676000.0,2.831,6.556,-4172000.0,12349000.0,12349000.0,1209494000.0,31048000.0,2.596,0.987,112168000.0,0.0,112168000.0,112168000.0,0.0,17500000.0,0.0,0.029,0.213,58322000.0,75822000.0,0.047,75822000.0,58322000.0,50548000.0,0.676,0.667,0.676,299331000.0,296324750.0,299331000.0,408759193.0,7.0,5.391,72272000.0,1.583,1.0,391590000.0,0.245,67089000.0,7774000.0,467538000.0,443947000.0,182102000.0,0.0,0.0,0.0,295336000.0,159859000.0,135477000.0,332378193.0,-6837000.0,-34522000.0,-20532000.0,-13832000.0,-9929000.0,-44293000.0,-38988000.0,0.0,76444000.0,0.0,31048000.0,31048000.0,31048000.0,0.0,0.0,0.019,333811000.0,57779000.0,93587000.0,0.315,1.11,10.705,10.769,97200000.0,0.0,7.28,0.208,0.208,212254000.0,267145000.0,1601084000.0,1601084000.0,0.0,0.055,0.105,0.131,0.036,5488000.0,333811000.0,1.0,45656345.0,45656345.0,,35.068,527578000.0,0.0,19500000.0,0.0,11.555,255132000.0
85,AIT,MRT,2000-03-31,2000-03-31,2000-03-31,2021-08-17,0.0,562169000.0,560443000.0,389697000.0,172472000.0,2.867,6.443,-5569000.0,15265000.0,15265000.0,1222517000.0,28214000.0,2.545,0.91,91646000.0,0.0,91646000.0,91646000.0,0.0,21876000.0,0.0,0.03,0.213,53912000.0,75788000.0,0.047,75788000.0,53912000.0,46322000.0,0.604,0.6,0.604,294359000.0,294888500.0,294359000.0,416948592.0,8.0,5.502,61146000.0,1.338,1.0,384193000.0,0.239,60507000.0,7590000.0,424914000.0,448736500.0,163656000.0,0.0,0.0,0.0,267810000.0,153129000.0,114681000.0,332334592.0,-5880000.0,-693000.0,-18648000.0,-35068000.0,-10041000.0,-63649000.0,-8946000.0,0.0,66715000.0,0.0,28214000.0,28214000.0,28214000.0,0.0,0.0,0.018,330234000.0,53959000.0,90738000.0,0.353,1.129,11.779,11.773,97258000.0,0.0,7.111,0.207,0.202,203377000.0,258926000.0,1606710000.0,1606710000.0,0.0,0.05,0.096,0.12,0.034,5331000.0,330234000.0,1.0,46734552.0,45686250.0,,35.168,501662000.0,0.0,18108000.0,0.0,10.981,236568000.0
86,AIT,MRT,1999-12-31,1999-12-31,1999-12-31,2021-08-17,0.0,552080000.0,570711500.0,374323000.0,177757000.0,2.755,6.375,-5642000.0,12972000.0,12972000.0,1197177000.0,26282000.0,2.767,0.863,97586000.0,0.0,97586000.0,97586000.0,0.0,20587000.0,0.0,0.029,0.213,51296000.0,71883000.0,0.046,71883000.0,51296000.0,43170000.0,0.556,0.556,0.556,296312000.0,293624750.0,296312000.0,433467557.0,8.0,6.03,71162000.0,1.531,1.0,375252000.0,0.239,60281000.0,8126000.0,441146000.0,463260250.0,168628000.0,0.0,0.0,0.0,255768000.0,135267000.0,120501000.0,348221557.0,-836000.0,-2759000.0,-16841000.0,-40129000.0,-10174000.0,-67060000.0,-10580000.0,0.0,76804000.0,0.0,26282000.0,26282000.0,26282000.0,0.0,0.0,0.017,324052000.0,51200000.0,79284000.0,0.383,1.175,13.249,13.293,100154000.0,0.0,7.391,0.221,0.218,186416000.0,253086000.0,1572429000.0,1572429000.0,0.0,0.046,0.09,0.111,0.033,5331000.0,324052000.0,1.0,47113560.0,46482750.0,,33.828,491799000.0,0.0,16888000.0,0.0,10.58,239056000.0
87,AIT,MRT,1999-09-30,1999-09-30,1999-09-30,2021-08-17,0.0,553174000.0,579036250.0,374245000.0,178929000.0,2.701,6.252,-7254000.0,15254000.0,15254000.0,1192846000.0,24437000.0,2.774,0.873,100500000.0,0.0,100500000.0,100500000.0,0.0,17920000.0,0.0,0.027,0.213,49823000.0,67743000.0,0.043,67743000.0,49823000.0,40183000.0,0.516,0.511,0.516,295297000.0,292432750.0,295297000.0,484689872.0,10.0,7.155,88550000.0,1.875,1.0,371308000.0,0.237,61332000.0,9640000.0,442190000.0,482362250.0,158329000.0,0.0,0.0,0.0,257877000.0,134898000.0,122979000.0,377875872.0,-4436000.0,-5333000.0,-15045000.0,-58624000.0,-10267000.0,-83936000.0,-16304000.0,0.0,95804000.0,0.0,24437000.0,24437000.0,24437000.0,0.0,0.0,0.016,321726000.0,49582000.0,74265000.0,0.413,1.28,15.463,15.504,103757000.0,0.0,8.0,0.242,0.242,194617000.0,249360000.0,1564154000.0,1564154000.0,0.0,0.042,0.084,0.103,0.032,5331000.0,321726000.0,1.0,47234484.0,47234484.0,,33.115,491842000.0,0.0,15746000.0,0.0,10.413,239347000.0
88,AIT,MRT,1999-06-30,1999-06-30,1999-06-30,2021-08-17,0.0,574349000.0,594501250.0,390846000.0,183503000.0,2.616,6.153,-9404000.0,19186000.0,19186000.0,1187245000.0,19933000.0,2.958,0.956,126000000.0,0.0,126000000.0,126000000.0,0.0,17325000.0,0.0,0.025,0.213,42696000.0,60021000.0,0.039,60021000.0,42696000.0,32633000.0,0.413,0.413,0.413,293586000.0,291419250.0,293586000.0,508458376.0,12.0,8.471,73726000.0,1.545,1.0,368179000.0,0.237,62351000.0,10063000.0,486696000.0,492493750.0,169689000.0,0.0,0.0,0.0,280763000.0,132116000.0,148647000.0,402889376.0,9842000.0,-12533000.0,-20585000.0,-26402000.0,-10397000.0,-57384000.0,-15904000.0,0.0,83130000.0,0.0,19933000.0,19933000.0,19933000.0,0.0,0.0,0.013,325910000.0,42269000.0,78836000.0,0.516,1.372,20.212,20.447,107239000.0,0.0,8.444,0.259,0.259,195736000.0,246026000.0,1555424000.0,1555424000.0,0.0,0.034,0.068,0.087,0.027,5331000.0,325910000.0,1.0,47710584.0,47710584.0,,32.601,511998000.0,0.0,12700000.0,0.0,10.731,258730000.0
89,AIT,MRT,1999-03-31,1999-03-31,1999-03-31,2021-08-17,0.0,603243000.0,602436750.0,417051000.0,186192000.0,2.525,5.938,-10880000.0,21145000.0,21145000.0,1156195000.0,20917000.0,2.56,1.085,126714000.0,0.0,126714000.0,126714000.0,0.0,17512000.0,0.0,0.043,0.213,45750000.0,63262000.0,0.042,63262000.0,45750000.0,35519000.0,0.431,0.427,0.431,289304000.0,292898250.0,289304000.0,364678185.0,8.0,5.765,52692000.0,1.082,1.0,365175000.0,0.24,62917000.0,10231000.0,483009000.0,496509500.0,192619000.0,0.0,0.0,0.0,313939000.0,162886000.0,151053000.0,240771185.0,3447000.0,-14154000.0,-17497000.0,-9561000.0,-10504000.0,-37562000.0,-22563000.0,0.0,63572000.0,0.0,20917000.0,20917000.0,20917000.0,0.0,0.0,0.014,320093000.0,45082000.0,104906000.0,0.494,0.832,11.511,11.467,109031000.0,0.0,4.942,0.158,0.158,195530000.0,240117000.0,1521370000.0,1521370000.0,0.0,0.035,0.071,0.092,0.03,4569000.0,320093000.0,1.0,48717191.0,48717191.0,,31.229,540326000.0,0.0,14602000.0,0.0,11.091,254165000.0
90,AIT,MRT,1998-12-31,1998-12-31,1998-12-31,2021-08-17,0.0,585379000.0,599512750.0,396534000.0,188845000.0,2.55,5.979,-20469000.0,13808000.0,13808000.0,1155040000.0,23660000.0,2.997,1.008,137715000.0,0.0,137715000.0,137715000.0,0.0,17157000.0,0.0,0.035,0.213,50353000.0,67510000.0,0.044,67510000.0,50353000.0,39896000.0,0.484,0.476,0.484,291544000.0,291791000.0,291544000.0,440235364.0,9.0,6.521,23216000.0,0.476,1.0,373585000.0,0.244,59436000.0,10457000.0,517554000.0,493922500.0,187581000.0,0.0,0.0,0.0,293835000.0,132296000.0,161539000.0,300801364.0,-476000.0,-9600000.0,-10434000.0,-6140000.0,-10553000.0,-27127000.0,-17034000.0,0.0,43685000.0,0.0,23660000.0,23660000.0,23660000.0,0.0,0.0,0.015,323939000.0,49646000.0,77262000.0,0.44,1.032,12.713,12.746,110258000.0,0.0,6.169,0.197,0.197,186199000.0,236301000.0,1528625000.0,1528625000.0,0.0,0.039,0.081,0.102,0.033,4569000.0,323939000.0,1.0,48761028.0,48761028.0,,31.349,525943000.0,0.0,16236000.0,0.0,10.786,264238000.0
91,AIT,MRT,1998-09-30,1998-09-30,1998-09-30,2021-08-17,0.0,615034000.0,594840750.0,427433000.0,187601000.0,2.565,5.855,-20802000.0,19690000.0,19690000.0,1145961000.0,26986000.0,2.022,1.112,159124000.0,69124000.0,90000000.0,159124000.0,0.0,16400000.0,0.0,0.029,0.213,54245000.0,70645000.0,0.046,70645000.0,54245000.0,44503000.0,0.551,0.542,0.551,291243000.0,287506750.0,291243000.0,503630232.0,9.0,7.129,-23153000.0,-0.465,1.0,379892000.0,0.249,60322000.0,9742000.0,482716000.0,470744750.0,202936000.0,0.0,0.0,0.0,323791000.0,211430000.0,112361000.0,360572232.0,6398000.0,-12334000.0,-7504000.0,45909000.0,-10578000.0,27827000.0,-19078000.0,0.0,-2351000.0,0.0,26986000.0,26986000.0,26986000.0,0.0,0.0,0.018,326409000.0,53483000.0,87564000.0,0.387,1.238,13.361,13.156,112234000.0,0.0,7.249,0.236,0.236,195855000.0,234636000.0,1525853000.0,1525853000.0,0.0,0.045,0.094,0.115,0.036,4569000.0,326409000.0,1.0,49741724.0,49741724.0,,30.676,554712000.0,0.0,17517000.0,0.0,11.152,216003000.0
92,AIT,MRT,1998-06-30,1998-06-30,1998-06-30,2021-08-17,0.0,606091000.0,500102500.0,414913000.0,191178000.0,2.982,6.032,-23906000.0,9344000.0,9344000.0,1113849000.0,30125000.0,2.148,1.024,152402000.0,62402000.0,90000000.0,152402000.0,0.0,16428000.0,0.0,0.023,0.207,59374000.0,75802000.0,0.051,75802000.0,59374000.0,49825000.0,0.622,0.613,0.622,299502000.0,253543000.0,299502000.0,572274705.0,10.0,7.55,-22703000.0,-0.457,1.0,377556000.0,0.253,53243000.0,9549000.0,502759000.0,418200000.0,192042000.0,0.0,0.0,0.0,306589000.0,193147000.0,113442000.0,453697705.0,-13061000.0,-32949000.0,-6359000.0,55483000.0,-10277000.0,38847000.0,-53111000.0,0.0,1203000.0,0.0,30125000.0,30125000.0,30125000.0,0.0,0.0,0.02,319036000.0,58520000.0,79091000.0,0.333,1.515,15.061,14.691,113069000.0,0.0,9.138,0.304,0.304,206313000.0,236109000.0,1491405000.0,1491405000.0,0.0,0.06,0.119,0.142,0.04,4569000.0,319036000.0,1.0,49650770.0,49650770.0,,30.038,552848000.0,0.0,19700000.0,0.0,11.135,221766000.0
93,AIT,MRT,1998-03-31,1998-03-31,1998-03-31,2021-08-17,0.0,591547000.0,,408922000.0,182625000.0,,5.743,-26484000.0,17698000.0,17698000.0,1044818000.0,30255000.0,2.24,1.077,136275000.0,40561000.0,95714000.0,136275000.0,0.0,15194000.0,0.0,0.017,0.201,58121000.0,73315000.0,0.052,73315000.0,58121000.0,49250000.0,0.662,0.64,0.662,284875000.0,,284875000.0,723543096.0,12.0,9.869,122000.0,0.002,1.0,368222000.0,0.261,54932000.0,8871000.0,472661000.0,,190195000.0,0.0,0.0,0.0,306672000.0,182531000.0,124141000.0,593972096.0,2177000.0,-31328000.0,-6618000.0,38159000.0,-9609000.0,21932000.0,-46361000.0,0.0,26606000.0,0.0,30255000.0,30255000.0,30255000.0,0.0,0.0,0.021,311022000.0,57200000.0,96840000.0,0.304,2.085,19.632,18.087,110508000.0,0.0,11.973,0.42,0.42,195363000.0,230340000.0,1413040000.0,1413040000.0,0.0,,,,0.041,857000.0,311022000.0,1.0,49607914.0,49607914.0,,28.484,536615000.0,0.0,18995000.0,0.0,10.817,226391000.0
94,AIT,MRT,1997-12-31,1997-12-31,1997-12-31,2021-08-17,0.0,566691000.0,,393708000.0,172983000.0,,5.532,-18337000.0,14284000.0,14284000.0,975429000.0,27895000.0,1.796,1.065,143855000.0,98141000.0,45714000.0,143855000.0,0.0,14437000.0,0.0,0.016,0.196,53107000.0,67544000.0,0.051,67544000.0,53107000.0,44971000.0,0.64,0.618,0.64,274407000.0,,274407000.0,,,,16534000.0,0.333,1.0,340930000.0,0.259,52170000.0,8136000.0,424843000.0,,189469000.0,0.0,0.0,0.0,292284000.0,219249000.0,73035000.0,589782984.0,7402000.0,-33809000.0,-6474000.0,41530000.0,-8940000.0,26116000.0,-53585000.0,0.0,34871000.0,0.0,27895000.0,27895000.0,27895000.0,0.0,0.0,0.021,288686000.0,52244000.0,77804000.0,0.306,2.149,21.143,18.576,102946000.0,0.0,11.889,0.448,0.448,174686000.0,223871000.0,1316359000.0,1316359000.0,0.0,,,,0.04,474000.0,288686000.0,1.0,49607914.0,49607914.0,,26.535,514521000.0,0.0,17076000.0,0.0,10.372,174459000.0
95,AIT,MRT,1997-09-30,1997-09-30,1997-09-30,2021-08-17,,,,,,,,,,,901881000.0,26184000.0,,,,,,,,,,0.012,0.19,50598000.0,,,,50598000.0,43232000.0,0.622,0.604,0.622,,,,,,,,,1.0,320847000.0,0.262,,7366000.0,,,,,,,,,,,,,,,,,,,,,26184000.0,26184000.0,26184000.0,0.0,0.0,0.021,271165000.0,49682000.0,,0.305,,,24.609,,0.0,15.307,,,,,1222728000.0,1222728000.0,0.0,,,,0.041,,271165000.0,1.0,,,,,,,17048000.0,,,
96,AIT,MRT,1997-06-30,1997-06-30,1997-06-30,2021-08-17,0.0,394114000.0,,285459000.0,108655000.0,,,-14681000.0,22405000.0,22405000.0,854230000.0,27092000.0,2.364,0.899,88272000.0,36844000.0,51428000.0,88272000.0,0.0,13574000.0,0.0,0.017,0.184,51555000.0,65129000.0,0.056,65129000.0,51555000.0,45092000.0,0.653,0.64,0.653,207584000.0,,207584000.0,,,,27069000.0,,1.0,306021000.0,0.264,5604000.0,6463000.0,333641000.0,,103069000.0,0.0,0.0,0.0,186530000.0,120736000.0,65794000.0,,13162000.0,9090000.0,-3479000.0,-16070000.0,-7682000.0,-27231000.0,-1357000.0,0.0,41750000.0,0.0,27092000.0,27092000.0,27092000.0,0.0,0.0,0.023,255422000.0,50599000.0,49469000.0,0.282,,,16.335,90761000.0,0.0,10.667,,,153080000.0,216642000.0,1160251000.0,1160251000.0,0.0,,,,0.044,857000.0,255422000.0,1.0,,,,,388510000.0,0.0,18000000.0,0.0,,164723000.0
97,AIT,MRT,1997-03-31,1997-03-31,1997-03-31,2021-08-17,,,,,,,,,,,,,,,,,,,,,,0.017,0.178,,,,,,,,,,,,,,,,,,1.0,,,,,,,,,,,,,,,,,,,,,,,,,,,,,,,,,,,,,,,,10.37,,,,,,,,,,,,,,1.0,,,,,,,,,,
98,AIT,MRT,1996-12-31,1996-12-31,1996-12-31,2021-08-17,,,,,,,,,,,,,,,,,,,,,,0.021,0.172,,,,,,,,,,,,,,,,,,1.0,,,,,,,,,,,,,,,,,,,,,,,,,,,,,,,,,,,,,,,,8.261,,,,,,,,,,,,,,1.0,,,,,,,,,,
99,AIT,MRT,1996-06-30,1996-06-30,1996-06-30,2021-08-17,,,,,,,,-18733000.0,,,848682000.0,23334000.0,,,,,,,,13478000.0,,0.02,0.16,49809000.0,63287000.0,0.055,63287000.0,49809000.0,40834000.0,0.56,0.556,0.56,,,,,,,17703000.0,,1.0,295067000.0,0.258,,8975000.0,,,,,,,,,,,4454000.0,-4328000.0,-431000.0,5767000.0,-6528000.0,-1192000.0,-30790000.0,0.0,36436000.0,0.0,23334000.0,23334000.0,23334000.0,0.0,0.0,0.02,245786000.0,49281000.0,,0.286,,,14.286,,0.0,8.0,,,,,1143749000.0,1143749000.0,0.0,,,,0.044,1959000.0,245786000.0,1.0,,,,,,,17500000.0,,,
