None,ticker,dimension,calendardate,datekey,reportperiod,lastupdated,accoci,assets,assetsavg,assetsc,assetsnc,assetturnover,bvps,capex,cashneq,cashnequsd,cor,consolinc,currentratio,de,debt,debtc,debtnc,debtusd,deferredrev,depamor,deposits,divyield,dps,ebit,ebitda,ebitdamargin,ebitdausd,ebitusd,ebt,eps,epsdil,epsusd,equity,equityavg,equityusd,ev,evebit,evebitda,fcf,fcfps,fxusd,gp,grossmargin,intangibles,intexp,invcap,invcapavg,inventory,investments,investmentsc,investmentsnc,liabilities,liabilitiesc,liabilitiesnc,marketcap,ncf,ncfbus,ncfcommon,ncfdebt,ncfdiv,ncff,ncfi,ncfinv,ncfo,ncfx,netinc,netinccmn,netinccmnusd,netincdis,netincnci,netmargin,opex,opinc,payables,payoutratio,pb,pe,pe1,ppnenet,prefdivis,price,ps,ps1,receivables,retearn,revenue,revenueusd,rnd,roa,roe,roic,ros,sbcomp,sgna,sharefactor,sharesbas,shareswa,shareswadil,sps,tangibles,taxassets,taxexp,taxliabilities,tbvps,workingcapital
0,TT,MRY,2020-12-31,2020-12-31,2020-12-31,2021-08-25,-631500000.0,18156700000.0,17738825000.0,6905600000.0,11251100000.0,0.702,26.685,-146100000.0,3289900000.0,3289900000.0,8651300000.0,870000000.0,1.592,1.831,5272100000.0,775600000.0,4496500000.0,5272100000.0,0.0,294300000.0,0.0,0.015,2.12,1400400000.0,1694700000.0,0.136,1694700000.0,1400400000.0,1151700000.0,3.56,3.52,3.56,6407700000.0,6120975000.0,6407700000.0,36935733532.0,26.0,21.795,1288900000.0,5.368,1.0,3803400000.0,0.305,8629200000.0,248700000.0,7170800000.0,7635000000.0,1189200000.0,0.0,0.0,0.0,11729600000.0,4338900000.0,7390700000.0,34856533532.0,2011300000.0,-193600000.0,-185500000.0,-618600000.0,-507300000.0,884300000.0,-376200000.0,0.0,1435000000.0,68200000.0,854900000.0,854900000.0,854900000.0,121400000.0,15100000.0,0.069,2270600000.0,1532800000.0,1520200000.0,0.596,5.44,40.773,40.775,1349500000.0,0.0,145.16,2.799,2.799,2202100000.0,8495300000.0,12454700000.0,12454700000.0,0.0,0.048,0.14,0.183,0.112,69500000.0,2270600000.0,1.0,240124921.0,240124921.0,,51.868,9527500000.0,0.0,296800000.0,578500000.0,39.677,2566700000.0
1,TT,MRY,2019-12-31,2019-12-31,2019-12-31,2021-08-25,-1006600000.0,20492300000.0,20311950000.0,9293800000.0,11198500000.0,0.644,30.333,-203200000.0,1278600000.0,1278600000.0,9085500000.0,1428500000.0,1.774,1.814,5573200000.0,650300000.0,4922900000.0,5573200000.0,0.0,288800000.0,0.0,0.016,2.12,1892300000.0,2181100000.0,0.167,2181100000.0,1892300000.0,1649500000.0,5.84,5.77,5.84,7267600000.0,7130375000.0,7267600000.0,36588713302.0,19.0,16.775,1716300000.0,7.163,1.0,3990400000.0,0.305,8449300000.0,242800000.0,11099000000.0,9791175000.0,1278600000.0,0.0,0.0,0.0,13179900000.0,5238600000.0,7941300000.0,31847213302.0,400200000.0,-83400000.0,-677600000.0,2967700000.0,-510100000.0,270500000.0,-1780000000.0,0.0,1919500000.0,-9800000.0,1410900000.0,1410900000.0,1410900000.0,-268200000.0,17600000.0,0.108,2320300000.0,1670100000.0,1381300000.0,0.363,4.382,22.572,22.76,1352000000.0,0.0,132.92,2.436,2.436,2184600000.0,9730800000.0,13075900000.0,13075900000.0,0.0,0.069,0.198,0.193,0.145,66400000.0,2320300000.0,1.0,239596850.0,239596850.0,,54.575,12043000000.0,0.0,238600000.0,572000000.0,50.264,4055200000.0
2,TT,MRY,2018-12-31,2018-12-31,2018-12-31,2021-08-25,-964100000.0,17914900000.0,18240600000.0,5732000000.0,12182900000.0,0.677,28.588,-275000000.0,903400000.0,903400000.0,8582500000.0,1357500000.0,1.328,1.545,4091300000.0,350600000.0,3740700000.0,4091300000.0,0.0,282300000.0,0.0,0.021,1.96,1793500000.0,2075800000.0,0.168,2075800000.0,1793500000.0,1572500000.0,5.41,5.35,5.41,7022700000.0,7049650000.0,7022700000.0,25479123063.0,14.0,12.274,1132800000.0,4.611,1.0,3761300000.0,0.305,9594200000.0,221000000.0,7192900000.0,7301400000.0,1677800000.0,0.0,0.0,0.0,10850100000.0,4315700000.0,6534400000.0,22411223063.0,-646000000.0,-285700000.0,-857100000.0,23200000.0,-479500000.0,-1378800000.0,-629400000.0,0.0,1407800000.0,-45600000.0,1337600000.0,1337600000.0,1337600000.0,-334600000.0,19900000.0,0.108,2249200000.0,1512100000.0,1705300000.0,0.362,3.191,16.755,16.863,1730800000.0,0.0,91.23,1.816,1.816,2679200000.0,9439800000.0,12343800000.0,12343800000.0,0.0,0.073,0.19,0.246,0.145,78800000.0,2249200000.0,1.0,245656287.0,245656287.0,,50.248,8320700000.0,0.0,234900000.0,538400000.0,33.871,1416300000.0
3,TT,MRY,2017-12-31,2017-12-31,2017-12-31,2021-08-25,-778800000.0,18173300000.0,17732275000.0,6119100000.0,12054200000.0,0.801,28.576,-219800000.0,1549400000.0,1549400000.0,9811600000.0,1312300000.0,1.267,1.536,4064000000.0,1107000000.0,2957000000.0,4064000000.0,0.0,353300000.0,0.0,0.019,1.7,1598600000.0,1951900000.0,0.137,1951900000.0,1598600000.0,1382800000.0,5.11,5.05,5.11,7140300000.0,6805475000.0,7140300000.0,25089314879.0,16.0,12.854,1303700000.0,5.218,1.0,4386000000.0,0.309,9678600000.0,215800000.0,6181300000.0,6636475000.0,1555400000.0,0.0,0.0,0.0,10966400000.0,4828000000.0,6138400000.0,22285714879.0,-165300000.0,-157600000.0,-940200000.0,-23600000.0,-430100000.0,-1432500000.0,-374700000.0,0.0,1523500000.0,118400000.0,1302600000.0,1302600000.0,1302600000.0,25400000.0,9700000.0,0.092,2720700000.0,1665300000.0,1556100000.0,0.333,3.121,17.109,17.454,1551300000.0,0.0,89.19,1.57,1.57,2477400000.0,8903200000.0,14197600000.0,14197600000.0,0.0,0.073,0.191,0.241,0.113,70800000.0,2720700000.0,1.0,249867865.0,249867865.0,,56.82,8494700000.0,0.0,80200000.0,757500000.0,33.997,1291100000.0
4,TT,MRY,2016-12-31,2016-12-31,2016-12-31,2021-08-25,-1290500000.0,17397400000.0,17375075000.0,5579300000.0,11818100000.0,0.777,25.718,-173200000.0,1714700000.0,1714700000.0,9307900000.0,1492700000.0,1.554,1.607,4070200000.0,360800000.0,3709400000.0,4070200000.0,0.0,352200000.0,0.0,0.018,1.36,1979200000.0,2331400000.0,0.173,2331400000.0,1979200000.0,1757700000.0,5.7,5.65,5.7,6643800000.0,6403775000.0,6643800000.0,21950446684.0,11.0,9.415,1348700000.0,5.221,1.0,4201000000.0,0.311,9443500000.0,221500000.0,6719100000.0,7020475000.0,1385800000.0,0.0,0.0,0.0,10679100000.0,3590300000.0,7088800000.0,19385146684.0,977900000.0,413300000.0,-187200000.0,-303500000.0,-348600000.0,-726900000.0,240100000.0,0.0,1521900000.0,-57200000.0,1476200000.0,1476200000.0,1476200000.0,-32900000.0,16500000.0,0.109,2597800000.0,1603200000.0,1334000000.0,0.239,2.918,13.132,13.165,1511000000.0,0.0,75.04,1.435,1.435,2223000000.0,8018800000.0,13508900000.0,13508900000.0,0.0,0.085,0.231,0.282,0.147,0.0,2597800000.0,1.0,258330846.0,258330846.0,,52.293,7953900000.0,0.0,281500000.0,884900000.0,30.79,1989000000.0
5,TT,MRY,2015-12-31,2015-12-31,2015-12-31,2021-08-25,-1120900000.0,16717600000.0,17459375000.0,4609400000.0,12108200000.0,0.762,22.282,-231100000.0,736800000.0,736800000.0,9277400000.0,682800000.0,1.263,1.863,4217800000.0,504200000.0,3713600000.0,4217800000.0,0.0,364100000.0,0.0,0.021,1.16,1428400000.0,1792500000.0,0.135,1792500000.0,1428400000.0,1205400000.0,2.51,2.48,2.51,5816700000.0,5776725000.0,5816700000.0,18353498934.0,13.0,10.239,657300000.0,2.518,1.0,4023300000.0,0.302,9656300000.0,223000000.0,6893900000.0,7277100000.0,1410700000.0,0.0,0.0,0.0,10838400000.0,3648400000.0,7190000000.0,14433398934.0,-968400000.0,-961800000.0,-188800000.0,12800000.0,-303300000.0,-527600000.0,-1192900000.0,0.0,888400000.0,-136300000.0,664600000.0,664600000.0,664600000.0,24300000.0,18200000.0,0.05,2531600000.0,1491700000.0,1249300000.0,0.462,2.481,21.717,22.028,1575100000.0,0.0,55.29,1.085,1.085,2150600000.0,6897900000.0,13300700000.0,13300700000.0,0.0,0.038,0.115,0.196,0.107,0.0,2531600000.0,1.0,261048995.0,261048995.0,,50.951,7061300000.0,0.0,540800000.0,896100000.0,27.05,961000000.0
6,TT,MRY,2014-12-31,2014-12-31,2014-12-31,2021-08-25,-714300000.0,17298500000.0,17024375000.0,5707900000.0,11590600000.0,0.757,22.554,-219100000.0,1705200000.0,1705200000.0,8982800000.0,950400000.0,1.557,1.879,4224400000.0,482700000.0,3741700000.0,4224400000.0,0.0,332400000.0,0.0,0.016,1.0,1450700000.0,1783100000.0,0.138,1783100000.0,1450700000.0,1225400000.0,3.44,3.4,3.44,5987400000.0,6232250000.0,5987400000.0,19419162346.0,13.0,10.891,754100000.0,2.841,1.0,3908600000.0,0.303,9173700000.0,225300000.0,6977900000.0,6442375000.0,1358900000.0,0.0,0.0,0.0,11253100000.0,3666100000.0,7587000000.0,16828262346.0,-232000000.0,-8200000.0,-1261800000.0,1388100000.0,-264700000.0,-859500000.0,-197000000.0,30300000.0,973200000.0,-148700000.0,931700000.0,931700000.0,931700000.0,-34700000.0,18700000.0,0.072,2503900000.0,1404700000.0,1290000000.0,0.291,2.811,18.062,18.427,1477000000.0,0.0,63.39,1.305,1.305,2119000000.0,6540800000.0,12891400000.0,12891400000.0,0.0,0.055,0.149,0.225,0.113,0.0,2503900000.0,1.0,265471878.0,265471878.0,,48.56,8124800000.0,299800000.0,293700000.0,1174300000.0,30.605,2041800000.0
7,TT,MRY,2013-12-31,2013-12-31,2013-12-31,2021-08-25,-166700000.0,17658100000.0,18881775000.0,5716700000.0,11941400000.0,0.654,24.537,-217900000.0,1937200000.0,1937200000.0,8722300000.0,653900000.0,1.677,1.489,3521200000.0,367700000.0,3153500000.0,3521200000.0,0.0,333700000.0,0.0,0.014,0.84,1086600000.0,1420300000.0,0.115,1420300000.0,1086600000.0,807800000.0,2.11,2.07,2.11,7068900000.0,7129675000.0,7068900000.0,20189532774.0,19.0,14.215,873600000.0,3.032,1.0,3628200000.0,0.294,9462600000.0,278800000.0,6370900000.0,6959600000.0,1166100000.0,0.0,0.0,0.0,10526800000.0,3408600000.0,7118200000.0,17746132774.0,1228800000.0,4700000.0,-940700000.0,570200000.0,-245500000.0,346600000.0,-215400000.0,0.0,1091500000.0,6100000.0,618800000.0,618800000.0,618800000.0,-13300000.0,35100000.0,0.05,2523200000.0,1105000000.0,1163000000.0,0.398,2.51,28.678,29.194,1468400000.0,0.0,61.6,1.437,1.437,2071500000.0,6794500000.0,12350500000.0,12350500000.0,0.0,0.033,0.087,0.156,0.088,0.0,2523200000.0,1.0,288086571.0,288086571.0,,42.871,8195500000.0,359500000.0,189000000.0,1335800000.0,28.448,2308100000.0
8,TT,MRY,2012-12-31,2012-12-31,2012-12-31,2021-08-25,-521000000.0,18482100000.0,18697900000.0,5993900000.0,12488200000.0,0.641,23.747,-225200000.0,708400000.0,708400000.0,8533500000.0,1044000000.0,1.386,1.574,3229400000.0,962900000.0,2266500000.0,3229400000.0,0.0,333800000.0,0.0,0.013,0.64,1326600000.0,1660400000.0,0.139,1660400000.0,1326600000.0,1074600000.0,3.35,3.28,3.35,7147800000.0,7274125000.0,7147800000.0,16802649445.0,13.0,10.12,970200000.0,3.223,1.0,3454800000.0,0.288,9543000000.0,252000000.0,7134200000.0,6827600000.0,1144000000.0,0.0,0.0,0.0,11252800000.0,4325900000.0,6926900000.0,14436049445.0,-278600000.0,52700000.0,-667300000.0,-829300000.0,-192400000.0,-1303900000.0,-146500000.0,44300000.0,1195400000.0,-23600000.0,1018600000.0,1018600000.0,1018600000.0,-252000000.0,25400000.0,0.085,2382900000.0,1071900000.0,1019400000.0,0.191,2.02,14.172,14.316,1426100000.0,0.0,47.96,1.204,1.204,1870100000.0,6358700000.0,11988300000.0,11988300000.0,0.0,0.054,0.14,0.194,0.111,0.0,2382900000.0,1.0,301001865.0,301001865.0,,39.828,8939100000.0,269500000.0,56000000.0,1618500000.0,29.698,1668000000.0
9,TT,MRY,2011-12-31,2011-12-31,2011-12-31,2021-08-25,-553600000.0,18844100000.0,19752875000.0,5279200000.0,13564900000.0,0.646,22.181,-168600000.0,1160700000.0,1160700000.0,9280000000.0,369300000.0,1.28,1.708,3642600000.0,763300000.0,2879300000.0,3642600000.0,0.0,358500000.0,0.0,0.014,0.43,667100000.0,1025600000.0,0.08,1025600000.0,667100000.0,388600000.0,1.06,1.01,1.06,6924300000.0,7725075000.0,6924300000.0,11749222586.0,18.0,11.456,1018200000.0,3.262,1.0,3480800000.0,0.273,10437600000.0,278500000.0,6762800000.0,7267350000.0,1278300000.0,0.0,0.0,0.0,11828400000.0,4125600000.0,7702800000.0,9512022586.0,146400000.0,398400000.0,-1048500000.0,-107900000.0,-137300000.0,-1246400000.0,207500000.0,0.0,1186800000.0,-1500000.0,343200000.0,343200000.0,343200000.0,0.0,26100000.0,0.027,3042100000.0,438700000.0,1224200000.0,0.406,1.374,27.716,28.745,1639400000.0,0.0,30.47,0.745,0.745,2135600000.0,5547800000.0,12760800000.0,12760800000.0,0.0,0.017,0.044,0.092,0.052,42600000.0,2395200000.0,1.0,312176652.0,312176652.0,,40.877,8406500000.0,349900000.0,45400000.0,1619100000.0,26.929,1153600000.0
10,TT,MRY,2010-12-31,2010-12-31,2010-12-31,2021-08-25,-325000000.0,19990900000.0,20075050000.0,6287400000.0,13703500000.0,0.697,24.58,-165000000.0,1014300000.0,1014300000.0,10059900000.0,665100000.0,1.467,1.496,3683900000.0,761600000.0,2922300000.0,3683900000.0,0.0,436800000.0,0.0,0.006,0.28,1153500000.0,1590300000.0,0.114,1590300000.0,1153500000.0,870300000.0,1.98,1.89,1.98,7964300000.0,7401725000.0,7964300000.0,18108163863.0,16.0,11.387,530400000.0,1.637,1.0,3941200000.0,0.281,10629400000.0,283200000.0,7745200000.0,7374625000.0,1288500000.0,0.0,0.0,0.0,11915100000.0,4285900000.0,7629200000.0,15257663863.0,137600000.0,-14000000.0,145300000.0,-863100000.0,-90700000.0,-403700000.0,-178600000.0,0.0,695400000.0,24500000.0,642200000.0,642200000.0,642200000.0,117500000.0,22900000.0,0.046,2679800000.0,1261400000.0,1255900000.0,0.141,1.916,23.758,23.783,1669000000.0,0.0,47.09,1.09,1.09,2224200000.0,5389400000.0,14001100000.0,14001100000.0,0.0,0.032,0.087,0.156,0.082,73500000.0,2679800000.0,1.0,324010700.0,324010700.0,,43.212,9361500000.0,255600000.0,228100000.0,1675200000.0,28.893,2001500000.0
11,TT,MRY,2009-12-31,2009-12-31,2009-12-31,2021-08-25,-434300000.0,19991000000.0,20226700000.0,4869500000.0,15121500000.0,0.643,22.095,-182500000.0,876700000.0,876700000.0,9437100000.0,476200000.0,1.133,1.808,4096600000.0,1191700000.0,2904900000.0,4096600000.0,0.0,421500000.0,0.0,0.014,0.5,834400000.0,1255900000.0,0.097,1255900000.0,834400000.0,532800000.0,1.41,1.37,1.41,7071800000.0,6822275000.0,7071800000.0,14827428246.0,18.0,11.806,1552100000.0,4.849,1.0,3572000000.0,0.275,11648800000.0,301600000.0,7264500000.0,7976725000.0,1176100000.0,0.0,0.0,0.0,12785300000.0,4297600000.0,8487700000.0,11438928246.0,326500000.0,0.0,27200000.0,-2037100000.0,-160800000.0,-1208100000.0,-182700000.0,0.0,1734600000.0,-17300000.0,451300000.0,451300000.0,451300000.0,36600000.0,24900000.0,0.035,2686800000.0,885200000.0,1065300000.0,0.355,1.618,25.347,25.348,1888800000.0,0.0,35.74,0.879,0.879,2094200000.0,4837900000.0,13009100000.0,13009100000.0,0.0,0.022,0.066,0.105,0.064,68300000.0,2686800000.0,1.0,320059548.0,320059548.0,,40.646,8342200000.0,0.0,81500000.0,1930300000.0,26.065,571900000.0
12,TT,MRY,2008-12-31,2008-12-31,2008-12-31,2021-08-25,-450800000.0,20924500000.0,21658850000.0,5399700000.0,15524800000.0,0.602,20.896,-229200000.0,550200000.0,550200000.0,9547500000.0,-2604800000.0,0.98,2.126,5124100000.0,2350400000.0,2773700000.0,5124100000.0,0.0,449000000.0,0.0,0.041,0.72,-2573900000.0,-2124900000.0,-0.163,-2124900000.0,-2573900000.0,-2817100000.0,-8.73,-8.73,-8.73,6661400000.0,9118825000.0,6661400000.0,10305142930.0,-4.0,-4.85,119200000.0,0.374,1.0,3497500000.0,0.268,11834200000.0,243200000.0,8152800000.0,7128350000.0,1615100000.0,0.0,0.0,0.0,14162400000.0,5511400000.0,8651000000.0,5530942930.0,-4185100000.0,-7054400000.0,16500000.0,5945800000.0,-212900000.0,2760600000.0,-7306400000.0,7800000.0,348400000.0,12300000.0,-2624800000.0,-2624800000.0,-2624800000.0,96400000.0,20000000.0,-0.201,6018900000.0,-2521400000.0,1046500000.0,-0.082,0.83,-2.107,-1.987,1968500000.0,0.0,17.35,0.424,0.424,2512100000.0,4547400000.0,13045000000.0,13045000000.0,0.0,-0.121,-0.288,-0.361,-0.197,42300000.0,2308900000.0,1.0,318786336.0,318786336.0,,40.921,9090300000.0,0.0,-192300000.0,2184800000.0,28.515,-111700000.0
13,TT,MRY,2007-12-31,2007-12-31,2007-12-31,2021-08-25,246500000.0,14376200000.0,12895700000.0,7700700000.0,6675500000.0,0.68,29.027,-105500000.0,4735300000.0,4735300000.0,6272000000.0,3990000000.0,2.38,0.818,1453700000.0,741000000.0,712700000.0,1453700000.0,0.0,138800000.0,0.0,0.015,0.72,4307300000.0,4446100000.0,0.507,4446100000.0,4307300000.0,4171100000.0,13.64,13.43,13.64,7907900000.0,6080225000.0,7907900000.0,14617632181.0,3.0,3.288,796000000.0,2.922,1.0,2491100000.0,0.284,4717900000.0,136200000.0,3141000000.0,4844200000.0,827200000.0,0.0,0.0,0.0,6468300000.0,3235700000.0,3232600000.0,12659732181.0,4379500000.0,6128600000.0,-1839700000.0,-1099400000.0,-209800000.0,-2568500000.0,5994700000.0,700000.0,901500000.0,51800000.0,3966700000.0,3966700000.0,3966700000.0,-3242600000.0,23300000.0,0.453,1433300000.0,1057800000.0,721200000.0,0.053,1.601,3.192,3.407,904900000.0,0.0,46.47,1.445,1.445,1660700000.0,7388800000.0,8763100000.0,8763100000.0,0.0,0.308,0.652,0.889,0.492,31000000.0,1433300000.0,1.0,272428065.0,272428065.0,,32.167,9658300000.0,0.0,204400000.0,539900000.0,35.453,4465000000.0
14,TT,MRY,2006-12-31,2006-12-31,2006-12-31,2021-08-25,-358100000.0,12145900000.0,11917975000.0,5537800000.0,6608100000.0,0.674,17.628,-135200000.0,355800000.0,355800000.0,5768400000.0,1032500000.0,1.347,1.247,1984600000.0,1079400000.0,905200000.0,1984600000.0,0.0,148800000.0,0.0,0.017,0.68,1258700000.0,1407500000.0,0.175,1407500000.0,1258700000.0,1125100000.0,3.23,3.2,3.23,5404800000.0,5761850000.0,5404800000.0,13811572863.0,11.0,9.813,819600000.0,2.673,1.0,2265300000.0,0.282,4550000000.0,133600000.0,5112300000.0,4946650000.0,837700000.0,700000.0,700000.0,0.0,6741100000.0,4112400000.0,2628700000.0,11997472863.0,-520200000.0,-49700000.0,-1000600000.0,-281000000.0,-217600000.0,-1343200000.0,-161200000.0,155800000.0,954800000.0,29400000.0,1032500000.0,1032500000.0,1032500000.0,-267500000.0,0.0,0.129,1266800000.0,998500000.0,757600000.0,0.211,2.22,11.62,12.115,868200000.0,0.0,39.13,1.493,1.493,1481700000.0,5456100000.0,8033700000.0,8033700000.0,0.0,0.087,0.179,0.254,0.157,20700000.0,1266800000.0,1.0,306605491.0,306605491.0,,26.202,7595900000.0,0.0,92600000.0,0.0,24.774,1425400000.0
15,TT,MRY,2005-12-31,2005-12-31,2005-12-31,2021-08-25,-127600000.0,11756400000.0,11595450000.0,4248200000.0,7508200000.0,0.626,17.417,-69800000.0,880600000.0,880600000.0,5203200000.0,1054200000.0,1.328,1.04,2117000000.0,932700000.0,1184300000.0,2117000000.0,0.0,156700000.0,0.0,0.014,0.57,1260300000.0,1417000000.0,0.195,1417000000.0,1260300000.0,1115200000.0,3.12,3.09,3.12,5762000000.0,5649850000.0,5762000000.0,14807788159.0,12.0,10.45,770900000.0,2.33,1.0,2060500000.0,0.284,5150400000.0,145100000.0,4642700000.0,4482375000.0,1128800000.0,156500000.0,156500000.0,0.0,5994400000.0,3199700000.0,2794700000.0,13355788159.0,-820900000.0,-473300000.0,-672700000.0,125400000.0,-192100000.0,-875700000.0,-771700000.0,-152600000.0,840700000.0,-14200000.0,1054200000.0,1054200000.0,1054200000.0,-322400000.0,0.0,0.145,1172700000.0,887800000.0,812500000.0,0.183,2.318,12.669,12.939,1157500000.0,0.0,40.37,1.839,1.839,1679000000.0,5558900000.0,7263700000.0,7263700000.0,0.0,0.091,0.187,0.281,0.174,0.0,1172700000.0,1.0,330834485.0,330834485.0,,21.956,6606000000.0,0.0,61000000.0,0.0,19.968,1048500000.0
16,TT,MRY,2004-12-31,2004-12-31,2004-12-31,2021-08-25,62800000.0,11414600000.0,10841925000.0,4609700000.0,6804900000.0,0.866,16.647,-75200000.0,1703100000.0,1703100000.0,6854000000.0,1218700000.0,1.602,0.991,1880400000.0,612800000.0,1267600000.0,1880400000.0,0.0,174400000.0,0.0,0.011,0.44,1510200000.0,1684600000.0,0.179,1684600000.0,1510200000.0,1357100000.0,3.52,3.47,3.52,5733800000.0,4976125000.0,5733800000.0,15366252294.0,10.0,9.122,722300000.0,2.097,1.0,2539600000.0,0.27,4829200000.0,153100000.0,3885800000.0,4405100000.0,1058800000.0,600000.0,600000.0,0.0,5680800000.0,2876900000.0,2803900000.0,13828852294.0,1286800000.0,1379500000.0,-185200000.0,-938800000.0,-152600000.0,-808200000.0,1304800000.0,7900000.0,797500000.0,16500000.0,1218700000.0,1218700000.0,1218700000.0,-388900000.0,0.0,0.13,1419300000.0,1120300000.0,684000000.0,0.125,2.412,11.347,11.406,1013200000.0,0.0,40.15,1.472,1.472,1498400000.0,5028300000.0,9393600000.0,9393600000.0,0.0,0.112,0.245,0.343,0.161,0.0,1419300000.0,1.0,344429696.0,344429696.0,,27.273,6585400000.0,0.0,138400000.0,0.0,19.12,1732800000.0
17,TT,MRY,2003-12-31,2003-12-31,2003-12-31,2021-08-25,-270500000.0,10664900000.0,10250300000.0,4016600000.0,6648300000.0,0.805,12.951,-56200000.0,417200000.0,417200000.0,6109000000.0,644500000.0,1.28,1.374,2315400000.0,797000000.0,1518400000.0,2315400000.0,0.0,171600000.0,0.0,0.011,0.36,895300000.0,1066900000.0,0.129,1066900000.0,895300000.0,719800000.0,1.88,1.87,1.88,4493300000.0,4007475000.0,4493300000.0,13977598167.0,16.0,13.101,107000000.0,0.308,1.0,2140300000.0,0.259,4794600000.0,175500000.0,4629900000.0,4751375000.0,858000000.0,0.0,0.0,0.0,6171600000.0,3138600000.0,3033000000.0,11775798167.0,132000000.0,730100000.0,211100000.0,-1879200000.0,-123200000.0,-852000000.0,818200000.0,147000000.0,163200000.0,2600000.0,644500000.0,644500000.0,644500000.0,-111700000.0,0.0,0.078,1352700000.0,787600000.0,620300000.0,0.191,2.621,18.271,18.053,1066000000.0,0.0,33.94,1.427,1.427,1403000000.0,3978700000.0,8249300000.0,8249300000.0,0.0,0.063,0.161,0.188,0.109,0.0,1355900000.0,1.0,346959286.0,346959286.0,,23.776,5870300000.0,0.0,75300000.0,0.0,16.919,878000000.0
18,TT,MRY,2002-12-31,2002-12-31,2002-12-31,2021-08-25,-513100000.0,10809600000.0,10868650000.0,4118100000.0,6691500000.0,0.698,10.279,-65800000.0,342200000.0,342200000.0,5718100000.0,-173500000.0,1.084,2.108,3247600000.0,1155500000.0,2092100000.0,3247600000.0,0.0,166700000.0,0.0,0.016,0.34,46500000.0,213200000.0,0.028,213200000.0,46500000.0,-181400000.0,-0.515,-0.51,-0.515,3478200000.0,3645750000.0,3478200000.0,10611984340.0,228.0,49.775,420600000.0,1.243,1.0,1864900000.0,0.246,4894900000.0,227900000.0,5022000000.0,5475850000.0,1181300000.0,1800000.0,1800000.0,0.0,7331400000.0,3798100000.0,3533300000.0,7285184340.0,199300000.0,-112700000.0,36700000.0,-442400000.0,-114800000.0,-299300000.0,-180800000.0,-2300000.0,486400000.0,2800000.0,-173500000.0,-173500000.0,-173500000.0,-138600000.0,0.0,-0.023,1286900000.0,578000000.0,724600000.0,-0.66,2.095,-41.99,-41.806,1276300000.0,0.0,21.53,0.961,0.961,1392800000.0,3457400000.0,7583000000.0,7583000000.0,0.0,-0.016,-0.048,0.008,0.006,0.0,1245000000.0,1.0,338373634.0,338373634.0,,22.41,5914700000.0,0.0,-7900000.0,0.0,17.48,320000000.0
19,TT,MRY,2001-12-31,2001-12-31,2001-12-31,2021-08-25,-321400000.0,11133800000.0,10740075000.0,3699100000.0,7434700000.0,0.795,11.657,-119400000.0,114000000.0,114000000.0,6694500000.0,246200000.0,1.24,1.843,3462600000.0,561900000.0,2900700000.0,3462600000.0,0.0,316100000.0,0.0,0.016,0.34,445500000.0,761600000.0,0.089,761600000.0,445500000.0,196200000.0,0.745,0.74,0.745,3916600000.0,3767550000.0,3916600000.0,10772616076.0,24.0,14.145,405600000.0,1.207,1.0,1847500000.0,0.216,5655600000.0,249300000.0,5843300000.0,6263250000.0,1143900000.0,0.0,0.0,0.0,7217200000.0,2983500000.0,4233700000.0,7023616076.0,17000000.0,-140800000.0,-62800000.0,-428200000.0,-113100000.0,-390000000.0,-151300000.0,108900000.0,525000000.0,-5500000.0,246200000.0,246200000.0,246200000.0,-66200000.0,0.0,0.029,1428100000.0,419400000.0,701600000.0,0.456,1.793,28.528,28.06,1289500000.0,0.0,20.905,0.822,0.822,1359800000.0,3745800000.0,8542000000.0,8542000000.0,0.0,0.023,0.065,0.071,0.052,0.0,1354400000.0,1.0,335977808.0,335977808.0,,25.424,5478200000.0,0.0,-50000000.0,178800000.0,16.305,715600000.0
20,TT,MRY,2000-12-31,2000-12-31,2000-12-31,2021-08-25,-260600000.0,11052600000.0,10463550000.0,3376200000.0,7676400000.0,0.804,10.844,-140200000.0,97000000.0,97000000.0,6229600000.0,669400000.0,0.773,2.175,4069000000.0,2126100000.0,1942900000.0,4069000000.0,0.0,283400000.0,0.0,0.016,0.34,1147300000.0,1430700000.0,0.17,1430700000.0,1147300000.0,895900000.0,2.075,2.06,2.075,3481200000.0,3310450000.0,3481200000.0,11133026413.0,10.0,7.782,409300000.0,1.275,1.0,2182600000.0,0.259,5372200000.0,251400000.0,5283900000.0,6006850000.0,1242300000.0,130400000.0,130400000.0,0.0,7571400000.0,4368500000.0,3202900000.0,6722426413.0,-125900000.0,-1310700000.0,-113000000.0,1745000000.0,-109800000.0,649700000.0,-1460800000.0,-9900000.0,549500000.0,-7700000.0,669400000.0,669400000.0,669400000.0,-232100000.0,0.0,0.08,1264900000.0,917700000.0,681400000.0,0.164,1.931,10.042,10.092,1653400000.0,0.0,20.94,0.799,0.799,1671000000.0,3612700000.0,8412200000.0,8412200000.0,0.0,0.064,0.202,0.191,0.136,0.0,1188700000.0,1.0,321032780.0,321032780.0,,26.204,5680400000.0,152900000.0,226500000.0,0.0,17.694,-992300000.0
21,TT,MRY,1999-12-31,1999-12-31,1999-12-31,2021-08-25,-177000000.0,8400200000.0,8345525000.0,2868300000.0,5531900000.0,0.937,9.424,-160100000.0,222900000.0,222900000.0,5673200000.0,591100000.0,1.649,1.725,3011300000.0,495500000.0,2515800000.0,3011300000.0,0.0,272400000.0,0.0,0.012,0.32,1081700000.0,1354100000.0,0.173,1354100000.0,1081700000.0,898200000.0,1.805,1.785,1.805,3083000000.0,2928625000.0,3083000000.0,11721790100.0,11.0,8.657,694600000.0,2.123,1.0,2145800000.0,0.274,3726300000.0,183500000.0,5723400000.0,5641200000.0,742100000.0,198700000.0,500000.0,198200000.0,5317200000.0,1738900000.0,3578300000.0,9006490100.0,179400000.0,-76400000.0,-135600000.0,-535000000.0,-105300000.0,-445100000.0,-237000000.0,-500000.0,854700000.0,-7800000.0,591100000.0,591100000.0,591100000.0,-28000000.0,0.0,0.076,1066100000.0,1079700000.0,1224400000.0,0.177,2.921,15.237,15.252,1240200000.0,0.0,27.53,1.152,1.152,988500000.0,3053100000.0,7819000000.0,7819000000.0,0.0,0.071,0.202,0.192,0.138,0.0,1066100000.0,1.0,327151838.0,327151838.0,,23.9,4673900000.0,211900000.0,307100000.0,19000000.0,14.287,1129400000.0
22,TT,MRY,1998-12-31,1998-12-31,1998-12-31,2021-08-25,-130500000.0,7926400000.0,8345025000.0,2358600000.0,5567800000.0,0.904,8.302,-178000000.0,43500000.0,43500000.0,5543300000.0,509100000.0,1.455,1.903,2886500000.0,318000000.0,2568500000.0,2886500000.0,0.0,263600000.0,0.0,0.013,0.3,983900000.0,1247500000.0,0.165,1247500000.0,983900000.0,759800000.0,1.555,1.54,1.555,2730100000.0,2537225000.0,2730100000.0,10757385786.0,11.0,8.623,707700000.0,2.152,1.0,1996900000.0,0.265,3765800000.0,224100000.0,5382400000.0,5805300000.0,824800000.0,185600000.0,2000000.0,183600000.0,5196300000.0,1621200000.0,3575100000.0,7769085786.0,-23000000.0,2400000.0,319400000.0,-1945800000.0,-98300000.0,-741800000.0,-161900000.0,13700000.0,885700000.0,1000000.0,509100000.0,509100000.0,509100000.0,-27500000.0,0.0,0.068,1027800000.0,969100000.0,1284400000.0,0.193,2.846,15.26,15.193,1236700000.0,0.0,23.625,1.03,1.03,963700000.0,2567300000.0,7540200000.0,7540200000.0,0.0,0.061,0.201,0.169,0.13,0.0,1027800000.0,1.0,328850192.0,328850192.0,,22.929,4160600000.0,274800000.0,250700000.0,18800000.0,12.652,737400000.0
23,TT,MRY,1997-12-31,1997-12-31,1997-12-31,2021-08-25,-156400000.0,8415600000.0,7018600000.0,2544900000.0,5870700000.0,0.889,7.063,-135200000.0,104900000.0,104900000.0,4613000000.0,380500000.0,1.093,2.594,3453100000.0,925100000.0,2528000000.0,3453100000.0,0.0,192200000.0,14500000.0,0.013,0.262,735500000.0,927700000.0,0.149,927700000.0,735500000.0,600300000.0,1.165,1.155,1.165,2341400000.0,2216100000.0,2341400000.0,,,,532400000.0,1.606,1.0,1626100000.0,0.261,3833000000.0,135200000.0,5603000000.0,4949200000.0,854800000.0,334900000.0,6900000.0,328000000.0,6074200000.0,2327800000.0,3746400000.0,6713364038.0,-78600000.0,-2638500000.0,10300000.0,4082600000.0,-93600000.0,1958000000.0,-2768800000.0,4900000.0,667600000.0,5800000.0,380500000.0,380500000.0,380500000.0,-21900000.0,0.0,0.061,902600000.0,723500000.0,1370500000.0,0.225,2.867,17.644,17.382,1283200000.0,0.0,20.25,1.076,1.076,1281500000.0,2156500000.0,6239100000.0,6239100000.0,0.0,0.054,0.172,0.149,0.118,0.0,902600000.0,1.0,331524150.0,331524150.0,,18.819,4582600000.0,375700000.0,219800000.0,17700000.0,13.823,217100000.0
24,TT,MRY,1996-12-31,1996-12-31,1996-12-31,2021-08-25,75800000.0,5621600000.0,,2535600000.0,3086000000.0,,,-161700000.0,184100000.0,184100000.0,5029900000.0,358000000.0,1.965,1.689,1326100000.0,162300000.0,1163800000.0,1326100000.0,0.0,202600000.0,19100000.0,0.018,0.26,688200000.0,890800000.0,0.133,890800000.0,688200000.0,568300000.0,1.11,1.105,1.11,2090800000.0,,2090800000.0,,,,224000000.0,,1.0,1673000000.0,0.25,1178000000.0,119900000.0,4295400000.0,,775100000.0,384200000.0,8000000.0,376200000.0,3530800000.0,1290200000.0,2240600000.0,,46800000.0,50300000.0,16300000.0,-257800000.0,-83900000.0,-196500000.0,-149900000.0,-38500000.0,385700000.0,7500000.0,358000000.0,358000000.0,358000000.0,0.0,0.0,0.053,989500000.0,683500000.0,1095400000.0,0.234,,,13.363,1145400000.0,0.0,14.833,,,1066200000.0,1869600000.0,6702900000.0,6702900000.0,0.0,,,,0.103,0.0,989500000.0,1.0,,,,,4443600000.0,325000000.0,210300000.0,13400000.0,,1245400000.0
25,TT,MRY,1995-12-31,1995-12-31,1995-12-31,2021-08-25,,,,,,,,-185200000.0,,,4310200000.0,270300000.0,,,,,,,,179400000.0,,0.021,0.247,515700000.0,695100000.0,0.121,695100000.0,515700000.0,429100000.0,0.85,0.845,0.85,,,,,,,218400000.0,,1.0,1418800000.0,0.248,,86600000.0,,,,,,,,,,,-69700000.0,-1136500000.0,118200000.0,1581000000.0,-78500000.0,830200000.0,-1307900000.0,13800000.0,403600000.0,4400000.0,270300000.0,270300000.0,270300000.0,0.0,0.0,0.047,921800000.0,497000000.0,,0.291,,,13.776,,0.0,11.71,,,,,5729000000.0,5729000000.0,0.0,,,,0.09,0.0,921800000.0,1.0,,,,,,,158800000.0,,,
0,TT,MRQ,2021-06-30,2021-06-30,2021-06-30,2021-08-25,-652200000.0,18369400000.0,,7125100000.0,11244300000.0,,26.917,-33600000.0,2912400000.0,2912400000.0,2559000000.0,469000000.0,1.579,1.842,4965200000.0,475400000.0,4489800000.0,4965200000.0,0.0,74800000.0,0.0,0.012,0.59,646800000.0,721600000.0,0.188,721600000.0,646800000.0,587500000.0,1.94,1.91,1.94,6457300000.0,,6457300000.0,46170321939.0,24.0,20.808,456900000.0,1.905,1.0,1270700000.0,0.332,8561500000.0,59300000.0,7347800000.0,,1386300000.0,0.0,0.0,0.0,11896700000.0,4512900000.0,7383800000.0,44036621939.0,74400000.0,0.0,-224300000.0,-10100000.0,-141400000.0,-382700000.0,-48400000.0,0.0,490500000.0,15000000.0,464700000.0,464700000.0,464700000.0,200000.0,4300000.0,0.121,619700000.0,651000000.0,1833200000.0,0.304,6.82,32.736,32.824,1324900000.0,0.0,184.14,3.257,3.267,2532100000.0,8566200000.0,3829700000.0,3829700000.0,0.0,,,,,14800000.0,619700000.0,1.0,239147507.0,239900000.0,243400000.0,15.964,9807900000.0,0.0,122800000.0,594100000.0,40.883,2612200000.0
1,TT,MRQ,2021-03-31,2021-03-31,2021-03-31,2021-08-25,-699800000.0,17824800000.0,,6622100000.0,11202700000.0,,26.302,-43900000.0,2838000000.0,2838000000.0,2064400000.0,237800000.0,1.586,1.828,4971700000.0,475400000.0,4496300000.0,4971700000.0,0.0,76000000.0,0.0,0.013,0.59,344300000.0,420300000.0,0.139,420300000.0,344300000.0,283600000.0,0.98,0.97,0.98,6296700000.0,,6296700000.0,41456455572.0,25.0,21.204,216200000.0,0.903,1.0,953200000.0,0.316,8568100000.0,60700000.0,7215800000.0,,1373100000.0,0.0,0.0,0.0,11512000000.0,4174600000.0,7337400000.0,39474255572.0,-451900000.0,-12800000.0,-111200000.0,-300000000.0,-140200000.0,-554900000.0,-113700000.0,0.0,260100000.0,-43400000.0,235200000.0,235200000.0,235200000.0,0.0,2600000.0,0.078,600000000.0,353200000.0,1608900000.0,0.602,6.269,35.267,35.452,1327700000.0,0.0,165.56,3.076,3.089,2159400000.0,8452300000.0,3017600000.0,3017600000.0,0.0,,,,,24700000.0,600000000.0,1.0,238428700.0,239400000.0,243100000.0,12.605,9256700000.0,0.0,48400000.0,563000000.0,38.666,2447500000.0
2,TT,MRQ,2020-12-31,2020-12-31,2020-12-31,2021-08-25,-631500000.0,18156700000.0,,6905600000.0,11251100000.0,,26.685,-57000000.0,3289900000.0,3289900000.0,2231200000.0,249200000.0,1.592,1.831,5272100000.0,775600000.0,4496500000.0,5272100000.0,0.0,70600000.0,0.0,0.015,0.53,379000000.0,449600000.0,0.141,449600000.0,379000000.0,317100000.0,1.02,1.01,1.02,6407700000.0,,6407700000.0,36935733532.0,26.0,21.795,569900000.0,2.373,1.0,947900000.0,0.298,8629200000.0,61900000.0,7170800000.0,,1189200000.0,0.0,0.0,0.0,11729600000.0,4338900000.0,7390700000.0,34856533532.0,99800000.0,-180300000.0,-219100000.0,0.0,-127000000.0,-346600000.0,-237400000.0,0.0,626900000.0,56900000.0,244700000.0,244700000.0,244700000.0,1000000.0,4500000.0,0.077,559900000.0,388000000.0,1520200000.0,0.52,5.44,40.773,40.775,1349500000.0,0.0,145.16,2.799,2.799,2202100000.0,8495300000.0,3179100000.0,3179100000.0,0.0,,,,,12000000.0,559900000.0,1.0,240124921.0,240124921.0,,13.239,9527500000.0,0.0,72400000.0,578500000.0,39.677,2566700000.0
3,TT,MRQ,2020-09-30,2020-09-30,2020-09-30,2021-08-25,-761000000.0,17939400000.0,,6973500000.0,10965900000.0,,26.484,-29500000.0,3190100000.0,3190100000.0,2360800000.0,404600000.0,1.672,1.815,5269300000.0,775100000.0,4494200000.0,5269300000.0,0.0,74500000.0,0.0,0.017,0.53,552900000.0,627400000.0,0.179,627400000.0,552900000.0,490500000.0,1.67,1.64,1.67,6366700000.0,,6366700000.0,31922991658.0,22.0,18.521,901000000.0,3.748,1.0,1134700000.0,0.325,8377300000.0,62400000.0,7471200000.0,,1229200000.0,0.0,0.0,0.0,11558400000.0,4170100000.0,7388300000.0,29021691658.0,823300000.0,0.0,35500000.0,0.0,-127000000.0,-103700000.0,-30000000.0,0.0,930500000.0,26500000.0,400600000.0,400600000.0,400600000.0,5500000.0,4000000.0,0.115,567800000.0,566900000.0,1458800000.0,0.317,4.558,32.022,31.992,1314100000.0,0.0,121.25,2.329,2.339,2312600000.0,8489300000.0,3495500000.0,3495500000.0,0.0,,,,,12000000.0,567800000.0,1.0,239354158.0,240400000.0,243700000.0,14.54,9562100000.0,0.0,89900000.0,635500000.0,39.776,2803400000.0
4,TT,MRQ,2020-06-30,2020-06-30,2020-06-30,2021-08-25,-876100000.0,17223600000.0,,6344700000.0,10878900000.0,,24.737,-24900000.0,2366800000.0,2366800000.0,2160500000.0,242100000.0,1.657,1.897,5268100000.0,649900000.0,4618200000.0,5268100000.0,0.0,74200000.0,0.0,0.024,0.53,383600000.0,457800000.0,0.146,457800000.0,383600000.0,322300000.0,1.0,0.99,1.0,5936900000.0,,5936900000.0,24211521433.0,16.0,13.663,180300000.0,0.751,1.0,978300000.0,0.312,8348000000.0,61300000.0,7947700000.0,,1353000000.0,0.0,0.0,0.0,11264100000.0,3829200000.0,7434900000.0,21284721433.0,-280900000.0,-14300000.0,3700000.0,-311100000.0,-127400000.0,-434800000.0,-68300000.0,0.0,205200000.0,17000000.0,238800000.0,238800000.0,238800000.0,36200000.0,3300000.0,0.076,554800000.0,423500000.0,1368200000.0,0.53,3.585,22.068,22.134,1314700000.0,0.0,88.98,1.712,1.717,2316400000.0,8222100000.0,3138800000.0,3138800000.0,0.0,,,,,16500000.0,554800000.0,1.0,239207928.0,240000000.0,242300000.0,13.078,8875600000.0,0.0,83500000.0,580800000.0,36.982,2515500000.0
5,TT,MRQ,2020-03-31,2020-03-31,2020-03-31,2021-08-25,-926000000.0,17635600000.0,,6559800000.0,11075800000.0,,24.103,-34700000.0,2647700000.0,2647700000.0,1898800000.0,-25900000.0,1.547,2.052,5574500000.0,949700000.0,4624800000.0,5574500000.0,0.0,75000000.0,0.0,0.026,0.53,84900000.0,159900000.0,0.061,159900000.0,84900000.0,21800000.0,-0.12,-0.12,-0.12,5772600000.0,,5772600000.0,23959341315.0,14.0,11.986,-362300000.0,-1.513,1.0,742500000.0,0.281,8371300000.0,63100000.0,7950300000.0,,1463700000.0,0.0,0.0,0.0,11845800000.0,4240800000.0,7605000000.0,19689541315.0,1369100000.0,1000000.0,-5600000.0,0.0,-125900000.0,1769400000.0,-40500000.0,0.0,-327600000.0,-32200000.0,-29200000.0,-29200000.0,-29200000.0,0.0,3300000.0,-0.011,588100000.0,154400000.0,1446700000.0,-4.417,3.411,16.661,16.855,1326200000.0,0.0,82.59,1.525,1.532,2091800000.0,8127900000.0,2641300000.0,2641300000.0,0.0,,,,,29000000.0,588100000.0,1.0,238401033.0,239500000.0,242300000.0,11.028,9264300000.0,0.0,51000000.0,561200000.0,38.682,2319000000.0
6,TT,MRQ,2019-12-31,2019-12-31,2019-12-31,2021-08-25,-1006600000.0,20492300000.0,,9293800000.0,11198500000.0,,30.333,-51600000.0,1278600000.0,1278600000.0,2266900000.0,301100000.0,1.774,1.814,5573200000.0,650300000.0,4922900000.0,5573200000.0,0.0,73000000.0,0.0,0.016,0.53,405500000.0,478500000.0,0.15,478500000.0,405500000.0,342100000.0,1.24,1.22,1.24,7267600000.0,,7267600000.0,36588713302.0,19.0,16.775,814800000.0,3.401,1.0,916800000.0,0.288,8449300000.0,63400000.0,11099000000.0,,1278600000.0,0.0,0.0,0.0,13179900000.0,5238600000.0,7941300000.0,31847213302.0,472700000.0,-2900000.0,-213900000.0,-200000.0,-127000000.0,-344100000.0,-66000000.0,0.0,866400000.0,16400000.0,296100000.0,296100000.0,296100000.0,-87000000.0,5000000.0,0.093,586600000.0,330200000.0,1381300000.0,0.427,4.382,22.572,22.76,1352000000.0,0.0,132.92,2.436,2.436,2184600000.0,9730800000.0,3183700000.0,3183700000.0,0.0,,,,,12000000.0,586600000.0,1.0,239596850.0,239596850.0,,13.288,12043000000.0,0.0,46000000.0,572000000.0,50.264,4055200000.0
7,TT,MRQ,2019-09-30,2019-09-30,2019-09-30,2021-08-25,-1069800000.0,20306900000.0,,6103100000.0,14203800000.0,,29.945,-58500000.0,830900000.0,830900000.0,2366600000.0,463400000.0,1.278,1.8,5572400000.0,650500000.0,4921900000.0,5572400000.0,0.0,72700000.0,0.0,0.017,0.53,603200000.0,675900000.0,0.195,675900000.0,603200000.0,539300000.0,1.9,1.88,1.9,7237600000.0,,7237600000.0,34638864098.0,19.0,16.572,600900000.0,2.486,1.0,1104300000.0,0.318,10887200000.0,63900000.0,9385100000.0,,1890600000.0,0.0,0.0,0.0,13027800000.0,4776100000.0,8251700000.0,29764664098.0,-44700000.0,-58100000.0,-234900000.0,-359000000.0,-123700000.0,-544700000.0,-126700000.0,0.0,659400000.0,-32700000.0,458800000.0,458800000.0,458800000.0,-77100000.0,4600000.0,0.132,567800000.0,536500000.0,1758800000.0,0.279,4.113,21.745,21.846,1779100000.0,0.0,123.21,2.845,2.846,2968900000.0,9762700000.0,3470900000.0,3470900000.0,0.0,,,,,13200000.0,567800000.0,1.0,241576691.0,241700000.0,244600000.0,14.36,9419700000.0,0.0,80500000.0,666300000.0,38.973,1327000000.0
8,TT,MRQ,2019-06-30,2019-06-30,2019-06-30,2021-08-25,-939200000.0,20667600000.0,,6351500000.0,14316100000.0,,29.453,-44100000.0,875600000.0,875600000.0,2462800000.0,460300000.0,1.226,1.893,5749800000.0,829200000.0,4920600000.0,5749800000.0,0.0,72200000.0,0.0,0.017,0.53,612500000.0,684700000.0,0.189,684700000.0,612500000.0,548000000.0,1.88,1.86,1.88,7130500000.0,,7130500000.0,34241012487.0,19.0,16.606,402200000.0,1.661,1.0,1154800000.0,0.319,11089900000.0,64500000.0,9271700000.0,,1950500000.0,0.0,0.0,0.0,13494700000.0,5180200000.0,8314500000.0,30547512487.0,-1031800000.0,-400000.0,14900000.0,293900000.0,-131700000.0,29200000.0,-1510900000.0,0.0,446300000.0,3600000.0,456100000.0,456100000.0,456100000.0,-47700000.0,4200000.0,0.126,587900000.0,566900000.0,1889900000.0,0.282,4.284,21.435,21.727,1794100000.0,0.0,126.67,2.771,2.782,3108300000.0,9497200000.0,3617600000.0,3617600000.0,0.0,,,,,11500000.0,587900000.0,1.0,241158226.0,242100000.0,244900000.0,14.943,9577700000.0,0.0,91900000.0,725100000.0,39.561,1171300000.0
9,TT,MRQ,2019-03-31,2019-03-31,2019-03-31,2021-08-25,-958600000.0,19781000000.0,,7084700000.0,12696300000.0,,28.395,-49000000.0,1907400000.0,1907400000.0,1989200000.0,203700000.0,1.578,1.867,5600900000.0,374400000.0,5226500000.0,5600900000.0,0.0,70900000.0,0.0,0.019,0.53,271100000.0,342000000.0,0.122,342000000.0,271100000.0,220100000.0,0.82,0.82,0.82,6885800000.0,,6885800000.0,29330003716.0,16.0,13.979,-101600000.0,-0.419,1.0,814500000.0,0.291,9577100000.0,51000000.0,9408900000.0,,1983700000.0,0.0,0.0,0.0,12858200000.0,4488500000.0,8369700000.0,26142103716.0,1004000000.0,-22000000.0,-243700000.0,3033000000.0,-127700000.0,1130100000.0,-76400000.0,0.0,-52600000.0,2900000.0,199900000.0,199900000.0,199900000.0,0.0,3800000.0,0.071,578000000.0,236500000.0,1800100000.0,0.646,3.797,18.448,18.741,1738400000.0,0.0,107.95,2.222,2.225,2710300000.0,9298300000.0,2803700000.0,2803700000.0,0.0,,,,,29700000.0,578000000.0,1.0,242168631.0,242500000.0,245200000.0,11.562,10203900000.0,0.0,20200000.0,527200000.0,42.078,2596200000.0
10,TT,MRQ,2018-12-31,2018-12-31,2018-12-31,2021-08-25,-964100000.0,17914900000.0,,5732000000.0,12182900000.0,,28.588,-23800000.0,903400000.0,903400000.0,479900000.0,261400000.0,1.328,1.545,4091300000.0,350600000.0,3740700000.0,4091300000.0,0.0,9300000.0,0.0,0.021,0.53,378300000.0,387600000.0,0.679,387600000.0,378300000.0,329000000.0,1.04,1.03,1.04,7022700000.0,,7022700000.0,25479123063.0,14.0,12.274,486600000.0,1.981,1.0,90800000.0,0.159,9594200000.0,49300000.0,7192900000.0,,1677800000.0,0.0,0.0,0.0,10850100000.0,4315700000.0,6534400000.0,22411223063.0,-119100000.0,-4200000.0,-343000000.0,-200000.0,-128300000.0,-509900000.0,-108800000.0,0.0,510400000.0,-10800000.0,254000000.0,254000000.0,254000000.0,-361600000.0,7400000.0,0.445,49400000.0,41400000.0,1705300000.0,0.51,3.191,16.755,16.863,1730800000.0,0.0,91.23,1.816,1.816,2679200000.0,9439800000.0,570700000.0,570700000.0,0.0,,,,,78800000.0,49400000.0,1.0,245656287.0,245656287.0,,2.323,8320700000.0,0.0,75000000.0,538400000.0,33.871,1416300000.0
11,TT,MRQ,2018-09-30,2018-09-30,2018-09-30,2021-08-25,-919800000.0,18304500000.0,,6082600000.0,12221900000.0,,29.659,-87800000.0,1022500000.0,1022500000.0,2718300000.0,519400000.0,1.407,1.5,4090400000.0,350600000.0,3739800000.0,4090400000.0,0.0,85200000.0,0.0,0.018,0.53,562500000.0,647700000.0,0.161,647700000.0,562500000.0,514000000.0,2.09,2.06,2.09,7308100000.0,,7308100000.0,28464168602.0,16.0,13.362,431900000.0,1.753,1.0,1312600000.0,0.326,9668700000.0,48500000.0,7379700000.0,,1821400000.0,0.0,0.0,0.0,10961300000.0,4324000000.0,6637300000.0,25095168602.0,53000000.0,0.0,-14000000.0,-498400000.0,-129400000.0,-377500000.0,-75700000.0,0.0,519700000.0,-13500000.0,515100000.0,515100000.0,515100000.0,11700000.0,4300000.0,0.128,725600000.0,587000000.0,1748700000.0,0.254,3.434,16.259,16.5,1673400000.0,0.0,102.3,1.63,1.638,2752100000.0,9624800000.0,4030900000.0,4030900000.0,0.0,,,,,0.0,725600000.0,1.0,245309566.0,246400000.0,249500000.0,16.359,8635800000.0,0.0,-1100000.0,610200000.0,35.048,1758600000.0
12,TT,MRQ,2018-06-30,2018-06-30,2018-06-30,2021-08-25,-904600000.0,18377900000.0,,6161700000.0,12216200000.0,,27.423,-110600000.0,969500000.0,969500000.0,2964100000.0,452600000.0,1.296,1.702,4338500000.0,599600000.0,3738900000.0,4338500000.0,0.0,94400000.0,0.0,0.02,0.45,626400000.0,720800000.0,0.165,720800000.0,626400000.0,576100000.0,1.81,1.79,1.81,6787100000.0,,6787100000.0,25425517037.0,15.0,12.297,333300000.0,1.347,1.0,1393600000.0,0.32,9706000000.0,50300000.0,7288200000.0,,1733300000.0,0.0,0.0,0.0,11554200000.0,4752700000.0,6801500000.0,22249917037.0,-205600000.0,-79900000.0,-250100000.0,-28700000.0,-110200000.0,-395000000.0,-187200000.0,0.0,443900000.0,-67300000.0,448100000.0,448100000.0,448100000.0,5900000.0,4500000.0,0.103,753300000.0,640300000.0,1832100000.0,0.249,3.278,15.945,16.138,1646800000.0,0.0,89.73,1.48,1.478,2946900000.0,9109900000.0,4357700000.0,4357700000.0,0.0,,,,,0.0,753300000.0,1.0,247965196.0,247500000.0,250100000.0,17.607,8671900000.0,0.0,128000000.0,735400000.0,35.038,1409000000.0
13,TT,MRQ,2018-03-31,2018-03-31,2018-03-31,2021-08-25,-626700000.0,18365100000.0,,6071500000.0,12293600000.0,,28.278,-52800000.0,1175100000.0,1175100000.0,2420200000.0,124100000.0,1.405,1.585,4350700000.0,605200000.0,3745500000.0,4350700000.0,0.0,93400000.0,0.0,0.02,0.45,226300000.0,319700000.0,0.094,319700000.0,226300000.0,153400000.0,0.48,0.48,0.48,7080700000.0,,7080700000.0,23882633957.0,15.0,12.031,-119000000.0,-0.475,1.0,964300000.0,0.285,9875200000.0,72900000.0,7344800000.0,,1778800000.0,0.0,0.0,0.0,11224700000.0,4320700000.0,6904000000.0,21368033957.0,-374300000.0,-201600000.0,-250000000.0,550500000.0,-111600000.0,-96400000.0,-257700000.0,0.0,-66200000.0,46000000.0,120400000.0,120400000.0,120400000.0,9400000.0,3700000.0,0.036,720900000.0,243400000.0,1666100000.0,0.938,3.018,16.363,16.604,1611300000.0,0.0,85.51,1.465,1.468,2516000000.0,8904400000.0,3384500000.0,3384500000.0,0.0,,,,,0.0,720900000.0,1.0,249889299.0,250400000.0,253000000.0,13.516,8489900000.0,0.0,33000000.0,768700000.0,33.905,1750800000.0
14,TT,MRQ,2017-12-31,2017-12-31,2017-12-31,2021-08-25,-778800000.0,18173300000.0,,6119100000.0,12054200000.0,,28.576,-69900000.0,1549400000.0,1549400000.0,2542500000.0,457100000.0,1.267,1.536,4064000000.0,1107000000.0,2957000000.0,4064000000.0,0.0,91400000.0,0.0,0.019,0.45,350700000.0,442100000.0,0.122,442100000.0,350700000.0,296900000.0,1.82,1.81,1.82,7140300000.0,,7140300000.0,25089314879.0,16.0,12.854,580400000.0,2.323,1.0,1075600000.0,0.297,9678600000.0,53800000.0,6181300000.0,,1555400000.0,0.0,0.0,0.0,10966400000.0,4828000000.0,6138400000.0,22285714879.0,290400000.0,-97300000.0,-29100000.0,-200000.0,-112100000.0,-210000000.0,-168300000.0,0.0,650300000.0,18400000.0,459900000.0,459900000.0,459900000.0,30900000.0,-2800000.0,0.127,689000000.0,386600000.0,1556100000.0,0.247,3.121,17.109,17.454,1551300000.0,0.0,89.19,1.57,1.57,2477400000.0,8903200000.0,3618100000.0,3618100000.0,0.0,,,,,70800000.0,689000000.0,1.0,249867865.0,249867865.0,,14.48,8494700000.0,0.0,-163000000.0,757500000.0,33.997,1291100000.0
15,TT,MRQ,2017-09-30,2017-09-30,2017-09-30,2021-08-25,-876900000.0,17722800000.0,,5813900000.0,11908900000.0,,26.752,-70400000.0,1259000000.0,1259000000.0,2489900000.0,371900000.0,1.24,1.605,4062600000.0,1106700000.0,2955900000.0,4062600000.0,0.0,87800000.0,0.0,0.019,0.45,497300000.0,585100000.0,0.159,585100000.0,497300000.0,443400000.0,1.45,1.43,1.45,6776200000.0,,6776200000.0,25375265395.0,16.0,13.259,397300000.0,1.568,1.0,1180600000.0,0.322,9592100000.0,53900000.0,6245700000.0,,1661100000.0,0.0,0.0,0.0,10878400000.0,4688600000.0,6189800000.0,22619565395.0,-51100000.0,-20400000.0,-335900000.0,-8000000.0,-113200000.0,-455600000.0,-87500000.0,0.0,467700000.0,24300000.0,367000000.0,367000000.0,367000000.0,-3700000.0,4900000.0,0.1,674500000.0,506100000.0,1487900000.0,0.31,3.338,21.718,21.909,1529000000.0,0.0,89.17,1.623,1.62,2468200000.0,8556300000.0,3670500000.0,3670500000.0,0.0,,,,,0.0,674500000.0,1.0,253667886.0,253300000.0,256700000.0,14.491,8130700000.0,0.0,76400000.0,912100000.0,32.099,1125300000.0
16,TT,MRQ,2017-06-30,2017-06-30,2017-06-30,2021-08-25,-993700000.0,17773500000.0,,5855000000.0,11918500000.0,,26.215,-44700000.0,1310100000.0,1310100000.0,2653100000.0,362200000.0,1.5,1.633,4065800000.0,361300000.0,3704500000.0,4065800000.0,0.0,87400000.0,0.0,0.017,0.4,550800000.0,638200000.0,0.163,638200000.0,550800000.0,496700000.0,1.4,1.38,1.4,6721600000.0,,6721600000.0,26147780647.0,17.0,13.531,404200000.0,1.576,1.0,1255300000.0,0.321,9530000000.0,54100000.0,7095700000.0,,1604500000.0,0.0,0.0,0.0,10979500000.0,3903500000.0,7076000000.0,23397880647.0,-12400000.0,-30100000.0,-325100000.0,-15200000.0,-102100000.0,-425400000.0,-74300000.0,0.0,448900000.0,38400000.0,358600000.0,358600000.0,358600000.0,-8300000.0,3600000.0,0.092,697700000.0,557600000.0,1599200000.0,0.286,3.481,22.243,22.455,1509600000.0,0.0,91.39,1.691,1.694,2596500000.0,8303200000.0,3908400000.0,3908400000.0,0.0,,,,,0.0,697700000.0,1.0,256022329.0,256400000.0,259700000.0,15.243,8243500000.0,0.0,138100000.0,884400000.0,32.151,1951500000.0
17,TT,MRQ,2017-03-31,2017-03-31,2017-03-31,2021-08-25,-1169900000.0,17259500000.0,,5414000000.0,11845500000.0,,25.381,-34800000.0,1322500000.0,1322500000.0,2126100000.0,121100000.0,1.532,1.611,4072400000.0,361300000.0,3711100000.0,4072400000.0,0.0,86700000.0,0.0,0.018,0.4,199800000.0,286500000.0,0.095,286500000.0,199800000.0,145800000.0,0.45,0.45,0.45,6583800000.0,,6583800000.0,23458769603.0,12.0,10.294,-78200000.0,-0.301,1.0,874500000.0,0.291,9452100000.0,54000000.0,7023200000.0,,1599700000.0,0.0,0.0,0.0,10605600000.0,3534100000.0,7071500000.0,21103269603.0,-392200000.0,-9800000.0,-250100000.0,-200000.0,-102700000.0,-341500000.0,-44600000.0,0.0,-43400000.0,37300000.0,117100000.0,117100000.0,117100000.0,6500000.0,4000000.0,0.039,659500000.0,215000000.0,1378500000.0,0.889,3.205,14.646,14.652,1497700000.0,0.0,81.32,1.55,1.549,2199400000.0,8047500000.0,3000600000.0,3000600000.0,0.0,,,,,0.0,659500000.0,1.0,259508972.0,259400000.0,262600000.0,11.567,7807400000.0,0.0,28700000.0,874500000.0,30.098,1879900000.0
18,TT,MRQ,2016-12-31,2016-12-31,2016-12-31,2021-08-25,-1290500000.0,17397400000.0,,5579300000.0,11818100000.0,,25.718,-48300000.0,1714700000.0,1714700000.0,2347300000.0,202800000.0,1.554,1.607,4070200000.0,360800000.0,3709400000.0,4070200000.0,0.0,87500000.0,0.0,0.018,0.4,316500000.0,404000000.0,0.12,404000000.0,316500000.0,262700000.0,0.77,0.76,0.77,6643800000.0,,6643800000.0,21950446684.0,11.0,9.415,356900000.0,1.382,1.0,1011500000.0,0.301,9443500000.0,53800000.0,6719100000.0,,1385800000.0,0.0,0.0,0.0,10679100000.0,3590300000.0,7088800000.0,19385146684.0,210100000.0,0.0,62900000.0,-150800000.0,-103000000.0,-81000000.0,-48300000.0,0.0,405200000.0,-65800000.0,198800000.0,198800000.0,198800000.0,1400000.0,4000000.0,0.059,658700000.0,352800000.0,1334000000.0,0.519,2.918,13.132,13.165,1511000000.0,0.0,75.04,1.435,1.435,2223000000.0,8018800000.0,3358800000.0,3358800000.0,0.0,,,,,0.0,658700000.0,1.0,258330846.0,258330846.0,,13.002,7953900000.0,0.0,63900000.0,884900000.0,30.79,1989000000.0
19,TT,MRQ,2016-09-30,2016-09-30,2016-09-30,2021-08-25,-1033400000.0,17719900000.0,,5714500000.0,12005400000.0,,26.096,-44300000.0,1504600000.0,1504600000.0,2412900000.0,381900000.0,1.543,1.61,4069900000.0,361000000.0,3708900000.0,4069900000.0,0.0,88700000.0,0.0,0.018,0.32,515100000.0,603800000.0,0.169,603800000.0,515100000.0,460600000.0,1.45,1.44,1.45,6764100000.0,,6764100000.0,20685611772.0,10.0,8.689,644300000.0,2.486,1.0,1154900000.0,0.324,9604300000.0,54500000.0,6977500000.0,,1556000000.0,0.0,0.0,0.0,10888800000.0,3703400000.0,7185400000.0,17528411772.0,575800000.0,0.0,0.0,0.0,-83100000.0,-74700000.0,-44300000.0,0.0,688600000.0,6200000.0,377400000.0,377400000.0,377400000.0,-14200000.0,4500000.0,0.106,643200000.0,511700000.0,1392400000.0,0.221,2.591,11.601,11.714,1548900000.0,0.0,67.94,1.301,1.307,2360800000.0,7926200000.0,3567800000.0,3567800000.0,0.0,,,,,0.0,643200000.0,1.0,257998407.0,259200000.0,261800000.0,13.765,8115600000.0,0.0,83200000.0,950000000.0,31.31,2011100000.0
20,TT,MRQ,2016-06-30,2016-06-30,2016-06-30,2021-08-25,-1053900000.0,17430500000.0,,5393000000.0,12037500000.0,,24.747,-40500000.0,928800000.0,928800000.0,2506500000.0,752400000.0,1.432,1.707,4086000000.0,361200000.0,3724800000.0,4086000000.0,0.0,88000000.0,0.0,0.019,0.32,896600000.0,984600000.0,0.267,984600000.0,896600000.0,840100000.0,2.88,2.86,2.88,6414400000.0,,6414400000.0,20254991664.0,10.0,8.671,395200000.0,1.525,1.0,1181700000.0,0.32,9629900000.0,56500000.0,7190700000.0,,1601300000.0,0.0,0.0,0.0,10952500000.0,3767100000.0,7185400000.0,16395291664.0,315900000.0,413300000.0,0.0,-404600000.0,-80300000.0,-473000000.0,372800000.0,0.0,435700000.0,-19600000.0,747600000.0,747600000.0,747600000.0,6800000.0,4800000.0,0.203,668400000.0,513300000.0,1500100000.0,0.111,2.556,11.43,11.62,1560800000.0,0.0,63.68,1.224,1.232,2498000000.0,7631800000.0,3688200000.0,3688200000.0,0.0,,,,,0.0,668400000.0,1.0,257463751.0,259200000.0,261600000.0,14.229,7800600000.0,0.0,92500000.0,930800000.0,30.095,1625900000.0
21,TT,MRQ,2016-03-31,2016-03-31,2016-03-31,2021-08-25,-978900000.0,16952500000.0,,4812900000.0,12139600000.0,,22.332,-40100000.0,612900000.0,612900000.0,2041200000.0,155600000.0,1.225,1.916,4472600000.0,758000000.0,3714600000.0,4472600000.0,0.0,88000000.0,0.0,0.019,0.32,251000000.0,339000000.0,0.117,339000000.0,251000000.0,194300000.0,0.58,0.58,0.58,5792800000.0,,5792800000.0,19429341255.0,13.0,10.171,-47700000.0,-0.184,1.0,852900000.0,0.295,9687500000.0,56700000.0,7194600000.0,,1612700000.0,0.0,0.0,0.0,11099800000.0,3930100000.0,7169700000.0,15927141255.0,-123900000.0,0.0,-250100000.0,251900000.0,-82200000.0,-98200000.0,-40100000.0,0.0,-7600000.0,22000000.0,152400000.0,152400000.0,152400000.0,-26900000.0,3200000.0,0.053,627500000.0,225400000.0,1345800000.0,0.552,2.749,20.801,21.457,1582200000.0,0.0,62.01,1.197,1.209,2155100000.0,6967300000.0,2894100000.0,2894100000.0,0.0,,,,,0.0,627500000.0,1.0,256847948.0,259400000.0,261300000.0,11.157,7265000000.0,0.0,41900000.0,916600000.0,28.007,882800000.0
22,TT,MRQ,2015-12-31,2015-12-31,2015-12-31,2021-08-25,-1120900000.0,16717600000.0,,4609400000.0,12108200000.0,,22.282,-72600000.0,736800000.0,736800000.0,2316800000.0,238500000.0,1.263,1.863,4217800000.0,504200000.0,3713600000.0,4217800000.0,0.0,94900000.0,0.0,0.021,0.29,358500000.0,453400000.0,0.136,453400000.0,358500000.0,302200000.0,0.89,0.88,0.89,5816700000.0,,5816700000.0,18353498934.0,13.0,10.239,562800000.0,2.156,1.0,1009000000.0,0.303,9656300000.0,56300000.0,6893900000.0,,1410700000.0,0.0,0.0,0.0,10838400000.0,3648400000.0,7190000000.0,14433398934.0,85300000.0,-9800000.0,44600000.0,-665400000.0,-75900000.0,-451500000.0,-82400000.0,0.0,635400000.0,-16200000.0,233500000.0,233500000.0,233500000.0,900000.0,5000000.0,0.07,616000000.0,393000000.0,1249300000.0,0.326,2.481,21.717,22.028,1575100000.0,0.0,55.29,1.085,1.085,2150600000.0,6897900000.0,3325800000.0,3325800000.0,0.0,,,,,0.0,616000000.0,1.0,261048995.0,261048995.0,,12.74,7061300000.0,0.0,68700000.0,896100000.0,27.05,961000000.0
23,TT,MRQ,2015-09-30,2015-09-30,2015-09-30,2021-08-25,-1035400000.0,17824100000.0,,5534800000.0,12289300000.0,,21.605,-48900000.0,651500000.0,651500000.0,2379400000.0,306000000.0,1.22,2.096,4571600000.0,837000000.0,3734600000.0,4571600000.0,0.0,88500000.0,0.0,0.022,0.29,470500000.0,559000000.0,0.16,559000000.0,470500000.0,414700000.0,1.13,1.12,1.13,5738400000.0,,5738400000.0,17086670490.0,12.0,9.411,34100000.0,0.128,1.0,1107500000.0,0.318,9731800000.0,55800000.0,7476400000.0,,1577900000.0,0.0,0.0,0.0,12027400000.0,4536000000.0,7491400000.0,13471970490.0,-128100000.0,-10300000.0,-233400000.0,356200000.0,-76100000.0,-125900000.0,-59200000.0,0.0,83000000.0,-26000000.0,300900000.0,300900000.0,300900000.0,12000000.0,5100000.0,0.086,632100000.0,475400000.0,1340800000.0,0.257,2.348,19.621,19.755,1579600000.0,0.0,50.77,1.019,1.02,2342400000.0,6741700000.0,3486900000.0,3486900000.0,0.0,,,,,0.0,632100000.0,1.0,265352974.0,265600000.0,268300000.0,13.128,8092300000.0,278900000.0,113800000.0,1115100000.0,30.468,998800000.0
24,TT,MRQ,2015-06-30,2015-06-30,2015-06-30,2021-08-25,-933100000.0,17886800000.0,,5528600000.0,12358200000.0,,21.867,-57900000.0,779600000.0,779600000.0,2494500000.0,82900000.0,1.24,2.059,4394300000.0,659700000.0,3734600000.0,4394300000.0,0.0,92800000.0,0.0,0.016,0.29,466100000.0,558900000.0,0.155,558900000.0,466100000.0,410300000.0,0.29,0.29,0.29,5827600000.0,,5827600000.0,21657472442.0,15.0,12.19,237300000.0,0.89,1.0,1105700000.0,0.307,9781100000.0,55800000.0,7262700000.0,,1634500000.0,0.0,0.0,0.0,11999300000.0,4457700000.0,7541600000.0,17847372442.0,45700000.0,0.0,0.0,-300200000.0,-77500000.0,-207000000.0,-57900000.0,0.0,295200000.0,15400000.0,78900000.0,78900000.0,78900000.0,4100000.0,4000000.0,0.022,653500000.0,452200000.0,1470900000.0,1.0,3.063,26.362,26.648,1586000000.0,0.0,67.42,1.361,1.37,2463100000.0,6517600000.0,3600200000.0,3600200000.0,0.0,,,,,0.0,653500000.0,1.0,264719259.0,266500000.0,269400000.0,13.509,8105700000.0,360300000.0,331400000.0,1137800000.0,30.415,1070900000.0
25,TT,MRQ,2015-03-31,2015-03-31,2015-03-31,2021-08-25,-994600000.0,17409000000.0,,5104800000.0,12304200000.0,,21.568,-51700000.0,733900000.0,733900000.0,2086700000.0,55400000.0,1.283,2.03,4544000000.0,802300000.0,3741700000.0,4544000000.0,0.0,87900000.0,0.0,0.015,0.29,133300000.0,221200000.0,0.077,221200000.0,133300000.0,78200000.0,0.19,0.19,0.19,5724200000.0,,5724200000.0,20446132758.0,14.0,11.575,-176900000.0,-0.667,1.0,801100000.0,0.277,9766200000.0,55100000.0,7475400000.0,,1613000000.0,0.0,0.0,0.0,11622500000.0,3977500000.0,7645000000.0,17926932758.0,-971300000.0,-941700000.0,0.0,622200000.0,-73800000.0,256800000.0,-993400000.0,0.0,-125200000.0,-109500000.0,51300000.0,51300000.0,51300000.0,7300000.0,4100000.0,0.018,630000000.0,171100000.0,1356100000.0,1.526,3.132,19.828,20.202,1564100000.0,0.0,68.08,1.373,1.384,2190200000.0,6515600000.0,2887800000.0,2887800000.0,0.0,,,,,0.0,630000000.0,1.0,263321574.0,265400000.0,268500000.0,10.881,7642800000.0,296600000.0,26900000.0,1229900000.0,28.797,1127300000.0
26,TT,MRQ,2014-12-31,2014-12-31,2014-12-31,2021-08-25,-714300000.0,17298500000.0,,5707900000.0,11590600000.0,,22.554,-75000000.0,1705200000.0,1705200000.0,2261100000.0,260200000.0,1.557,1.879,4224400000.0,482700000.0,3741700000.0,4224400000.0,0.0,81900000.0,0.0,0.016,0.25,394700000.0,476600000.0,0.147,476600000.0,394700000.0,326700000.0,0.96,0.95,0.96,5987400000.0,,5987400000.0,19419162346.0,13.0,10.891,400600000.0,1.509,1.0,979400000.0,0.302,9173700000.0,68000000.0,6977900000.0,,1358900000.0,0.0,0.0,0.0,11253100000.0,3666100000.0,7587000000.0,16828262346.0,768500000.0,-1000000.0,-88900000.0,1380100000.0,-65500000.0,428500000.0,-76000000.0,0.0,475600000.0,-59600000.0,255500000.0,255500000.0,255500000.0,-43300000.0,4700000.0,0.079,633100000.0,346300000.0,1290000000.0,0.26,2.811,18.062,18.427,1477000000.0,0.0,63.39,1.305,1.305,2119000000.0,6540800000.0,3240500000.0,3240500000.0,0.0,,,,,0.0,633100000.0,1.0,265471878.0,265471878.0,,12.207,8124800000.0,299800000.0,71200000.0,1174300000.0,30.605,2041800000.0
27,TT,MRQ,2014-09-30,2014-09-30,2014-09-30,2021-08-25,-413700000.0,16865600000.0,,5170100000.0,11695500000.0,,23.42,-54400000.0,936700000.0,936700000.0,2327000000.0,296200000.0,1.252,1.679,3527600000.0,881000000.0,2646600000.0,3527600000.0,0.0,82300000.0,0.0,0.017,0.25,437700000.0,520000000.0,0.154,520000000.0,437700000.0,385400000.0,1.09,1.07,1.09,6274100000.0,,6274100000.0,17709126476.0,14.0,11.265,312000000.0,1.165,1.0,1058000000.0,0.313,9266400000.0,52300000.0,6060100000.0,,1419000000.0,0.0,0.0,0.0,10531900000.0,4130000000.0,6401900000.0,15076726476.0,6900000.0,-2400000.0,-160100000.0,-70000000.0,-66400000.0,-232800000.0,-56800000.0,0.0,366400000.0,-69900000.0,291300000.0,291300000.0,291300000.0,7000000.0,4900000.0,0.086,618000000.0,440000000.0,1380500000.0,0.229,2.403,20.824,21.03,1465700000.0,0.0,56.36,1.183,1.184,2302600000.0,6351200000.0,3385000000.0,3385000000.0,0.0,,,,,0.0,618000000.0,1.0,267507567.0,267900000.0,271600000.0,12.635,7599200000.0,303000000.0,94100000.0,1331000000.0,28.366,1040100000.0
28,TT,MRQ,2014-06-30,2014-06-30,2014-06-30,2021-08-25,-197400000.0,17159400000.0,,5326500000.0,11832900000.0,,23.603,-44500000.0,929800000.0,929800000.0,2439900000.0,310600000.0,1.252,1.68,3562200000.0,915700000.0,2646500000.0,3562200000.0,0.0,85900000.0,0.0,0.015,0.25,462700000.0,548600000.0,0.155,548600000.0,462700000.0,409700000.0,1.13,1.12,1.13,6382300000.0,,6382300000.0,19499915714.0,17.0,13.368,208700000.0,0.772,1.0,1103000000.0,0.311,9383900000.0,53000000.0,6153800000.0,,1388900000.0,0.0,0.0,0.0,10719300000.0,4254100000.0,6465200000.0,16871615714.0,31900000.0,2200000.0,-225100000.0,69200000.0,-67000000.0,-203600000.0,-12000000.0,30300000.0,253200000.0,-5700000.0,306000000.0,306000000.0,306000000.0,4600000.0,4600000.0,0.086,639700000.0,463300000.0,1478800000.0,0.221,2.644,28.185,28.94,1472700000.0,0.0,62.51,1.341,1.344,2449400000.0,6266900000.0,3542900000.0,3542900000.0,0.0,,,,,0.0,639700000.0,1.0,269902667.0,270400000.0,274200000.0,13.102,7775500000.0,329800000.0,103700000.0,1309300000.0,28.756,1072400000.0
29,TT,MRQ,2014-03-31,2014-03-31,2014-03-31,2021-08-25,-202500000.0,16774000000.0,,4886400000.0,11887600000.0,,22.584,-45200000.0,897900000.0,897900000.0,1954800000.0,83600000.0,1.436,1.659,3526200000.0,373900000.0,3152300000.0,3526200000.0,0.0,82300000.0,0.0,0.015,0.25,155500000.0,237800000.0,0.087,237800000.0,155500000.0,103500000.0,0.28,0.28,0.28,6285200000.0,,6285200000.0,17498763869.0,16.0,12.313,-167200000.0,-0.601,1.0,768100000.0,0.282,9422000000.0,52000000.0,6577700000.0,,1348400000.0,0.0,0.0,0.0,10424300000.0,3402600000.0,7021700000.0,15914763869.0,-1039300000.0,-7000000.0,-787700000.0,8800000.0,-65800000.0,-851600000.0,-52200000.0,0.0,-122000000.0,-13500000.0,79000000.0,79000000.0,79000000.0,-2900000.0,4600000.0,0.029,613100000.0,155000000.0,1240100000.0,0.893,2.532,26.098,27.257,1468300000.0,0.0,57.24,1.28,1.281,2086100000.0,6216500000.0,2722900000.0,2722900000.0,0.0,,,,,0.0,613100000.0,1.0,278035707.0,278300000.0,282300000.0,9.784,7352000000.0,355400000.0,24500000.0,1339700000.0,26.418,1483800000.0
30,TT,MRQ,2013-12-31,2013-12-31,2013-12-31,2021-08-25,-166700000.0,17658100000.0,,5716700000.0,11941400000.0,,24.537,-49600000.0,1937200000.0,1937200000.0,2214700000.0,53800000.0,1.677,1.489,3521200000.0,367700000.0,3153500000.0,3521200000.0,0.0,83800000.0,0.0,0.014,0.21,181800000.0,265600000.0,0.086,265600000.0,181800000.0,128400000.0,0.18,0.16,0.18,7068900000.0,,7068900000.0,20189532774.0,19.0,14.215,159900000.0,0.555,1.0,884200000.0,0.285,9462600000.0,53400000.0,6370900000.0,,1166100000.0,0.0,0.0,0.0,10526800000.0,3408600000.0,7118200000.0,17746132774.0,1027000000.0,0.0,-337900000.0,-20800000.0,-62500000.0,868900000.0,-64900000.0,0.0,209500000.0,13500000.0,47700000.0,47700000.0,47700000.0,-13300000.0,6100000.0,0.015,666200000.0,218000000.0,1163000000.0,1.167,2.51,28.678,29.194,1468400000.0,0.0,61.6,1.437,1.437,2071500000.0,6794500000.0,3098900000.0,3098900000.0,0.0,,,,,-53800000.0,666200000.0,1.0,288086571.0,288086571.0,,10.757,8195500000.0,359500000.0,80700000.0,1335800000.0,28.448,2308100000.0
31,TT,MRQ,2013-09-30,2013-09-30,2013-09-30,2021-08-25,-473000000.0,19002000000.0,,5629700000.0,13372300000.0,,24.33,-41000000.0,1083900000.0,1083900000.0,2217700000.0,180900000.0,1.463,1.665,3527300000.0,373200000.0,3154100000.0,3527300000.0,0.0,82900000.0,0.0,0.012,0.21,323800000.0,406700000.0,0.127,406700000.0,323800000.0,221000000.0,0.57,0.56,0.57,7094700000.0,,7094700000.0,21480667996.0,20.0,15.381,412200000.0,1.414,1.0,996500000.0,0.31,10160900000.0,102800000.0,7435900000.0,,1447500000.0,0.0,0.0,0.0,11815400000.0,3848600000.0,7966800000.0,18899367996.0,-1116600000.0,300000.0,-243800000.0,-2508600000.0,-58600000.0,-1567500000.0,-20000000.0,0.0,453200000.0,17700000.0,165900000.0,165900000.0,165900000.0,0.0,15000000.0,0.052,617000000.0,379500000.0,1400600000.0,0.368,2.664,23.428,23.875,1651700000.0,0.0,64.94,1.77,1.774,2443100000.0,6806700000.0,3214200000.0,3214200000.0,0.0,,,,,13700000.0,617000000.0,1.0,291028149.0,291600000.0,295500000.0,11.023,8841100000.0,0.0,55100000.0,1653000000.0,30.319,1781100000.0
32,TT,MRQ,2013-06-30,2013-06-30,2013-06-30,2021-08-25,-598600000.0,20273700000.0,,6828500000.0,13445200000.0,,23.846,-64400000.0,2200500000.0,2200500000.0,2377500000.0,324700000.0,1.327,1.846,4781800000.0,1626700000.0,3155100000.0,4781800000.0,0.0,83300000.0,0.0,0.013,0.21,427800000.0,511100000.0,0.15,511100000.0,427800000.0,365900000.0,1.07,1.05,1.07,7094100000.0,,7094100000.0,18997798830.0,16.0,12.419,372400000.0,1.252,1.0,1020900000.0,0.3,10240300000.0,61900000.0,7467800000.0,,1435000000.0,0.0,0.0,0.0,13097500000.0,5146900000.0,7950600000.0,16594498830.0,1367600000.0,4400000.0,-449700000.0,3094800000.0,-61600000.0,1018600000.0,-63300000.0,0.0,436800000.0,-24500000.0,317200000.0,317200000.0,317200000.0,-50200000.0,7500000.0,0.093,633400000.0,387500000.0,1475000000.0,0.196,2.339,17.243,17.35,1663000000.0,0.0,55.52,1.501,1.494,2571300000.0,6701500000.0,3398400000.0,3398400000.0,0.0,,,,,18600000.0,633400000.0,1.0,298892270.0,297500000.0,301200000.0,11.423,10033400000.0,0.0,48700000.0,1607900000.0,33.726,1681600000.0
33,TT,MRQ,2013-03-31,2013-03-31,2013-03-31,2021-08-25,-607200000.0,18593300000.0,,5117400000.0,13475900000.0,,24.292,-62900000.0,832900000.0,832900000.0,1912600000.0,94600000.0,1.227,1.549,3236200000.0,965100000.0,2271100000.0,3236200000.0,0.0,83700000.0,0.0,0.013,0.21,153100000.0,236800000.0,0.09,236800000.0,153100000.0,92500000.0,0.29,0.29,0.29,7261000000.0,,7261000000.0,18651319404.0,15.0,11.683,-70900000.0,-0.237,1.0,726400000.0,0.275,10261900000.0,60600000.0,6563800000.0,,1466300000.0,0.0,0.0,0.0,11245800000.0,4170900000.0,7074900000.0,16300419404.0,-49200000.0,0.0,90700000.0,4800000.0,-62800000.0,26600000.0,-67200000.0,0.0,-8000000.0,-600000.0,88000000.0,88000000.0,88000000.0,-39200000.0,6600000.0,0.033,606400000.0,120000000.0,1330600000.0,0.724,2.245,16.123,16.619,1653000000.0,0.0,55.01,1.42,1.433,2218800000.0,6445900000.0,2639000000.0,2639000000.0,0.0,,,,,21500000.0,606400000.0,1.0,296317386.0,298900000.0,302500000.0,8.829,8331400000.0,0.0,4500000.0,1598800000.0,27.874,946500000.0
34,TT,MRQ,2012-12-31,2012-12-31,2012-12-31,2021-08-25,-521000000.0,18482100000.0,,5993900000.0,12488200000.0,,23.747,-67100000.0,708400000.0,708400000.0,1185800000.0,241800000.0,1.386,1.574,3229400000.0,962900000.0,2266500000.0,3229400000.0,0.0,48400000.0,0.0,0.013,0.16,193600000.0,242000000.0,0.17,242000000.0,193600000.0,133700000.0,0.79,0.78,0.79,7147800000.0,,7147800000.0,16802649445.0,13.0,10.12,392800000.0,1.305,1.0,237800000.0,0.167,9543000000.0,59900000.0,7134200000.0,,1144000000.0,0.0,0.0,0.0,11252800000.0,4325900000.0,6926900000.0,14436049445.0,-47500000.0,52700000.0,-350100000.0,-123800000.0,-47300000.0,-466500000.0,-24400000.0,44300000.0,459900000.0,-16500000.0,235600000.0,235600000.0,235600000.0,-258700000.0,6200000.0,0.165,303600000.0,-65800000.0,1019400000.0,0.203,2.02,14.172,14.316,1426100000.0,0.0,47.96,1.204,1.204,1870100000.0,6358700000.0,1423600000.0,1423600000.0,0.0,,,,,-34700000.0,299100000.0,1.0,301001865.0,301001865.0,,4.73,8939100000.0,269500000.0,-101900000.0,1618500000.0,29.698,1668000000.0
35,TT,MRQ,2012-09-30,2012-09-30,2012-09-30,2021-08-25,-431700000.0,18660300000.0,,5229600000.0,13430700000.0,,24.198,-56300000.0,929600000.0,929600000.0,2454400000.0,327000000.0,1.209,1.495,3296200000.0,1024600000.0,2271600000.0,3296200000.0,0.0,92300000.0,0.0,0.013,0.16,447500000.0,539800000.0,0.15,539800000.0,447500000.0,386900000.0,1.05,1.03,1.05,7445800000.0,,7445800000.0,16205966741.0,12.0,9.746,373600000.0,1.214,1.0,1138400000.0,0.317,10343400000.0,60600000.0,6357400000.0,,1462100000.0,0.0,0.0,0.0,11130300000.0,4326100000.0,6804200000.0,13815866741.0,26200000.0,0.0,-307100000.0,2800000.0,-48700000.0,-357100000.0,-56300000.0,0.0,429900000.0,9700000.0,321600000.0,321600000.0,321600000.0,12300000.0,5400000.0,0.09,690600000.0,447800000.0,1300500000.0,0.152,1.856,13.475,13.541,1618600000.0,0.0,44.82,1.147,1.144,2320900000.0,6232300000.0,3592800000.0,3592800000.0,0.0,,,,,15400000.0,690600000.0,1.0,308252270.0,307700000.0,312000000.0,11.676,8316900000.0,0.0,65300000.0,1444300000.0,27.029,903500000.0
36,TT,MRQ,2012-06-30,2012-06-30,2012-06-30,2021-08-25,-601900000.0,18738700000.0,,5371100000.0,13367600000.0,,23.595,-52100000.0,903400000.0,903400000.0,2644000000.0,372900000.0,1.374,1.556,3293500000.0,422000000.0,2871500000.0,3293500000.0,0.0,95100000.0,0.0,0.013,0.16,482700000.0,577800000.0,0.151,577800000.0,482700000.0,420600000.0,1.18,1.16,1.18,7295600000.0,,7295600000.0,15155591565.0,14.0,10.794,237100000.0,0.767,1.0,1177300000.0,0.308,10309800000.0,62100000.0,6909800000.0,,1475000000.0,0.0,0.0,0.0,11352000000.0,3909200000.0,7442800000.0,12600191565.0,-186100000.0,0.0,-23000000.0,-703300000.0,-49800000.0,-438400000.0,-16100000.0,0.0,289200000.0,-20800000.0,365800000.0,365800000.0,365800000.0,-7800000.0,7100000.0,0.096,699400000.0,477900000.0,1489800000.0,0.136,1.727,15.952,16.738,1609100000.0,0.0,42.18,1.019,1.055,2427900000.0,5959400000.0,3821300000.0,3821300000.0,0.0,,,,,12400000.0,703600000.0,1.0,298724314.0,309200000.0,314400000.0,12.359,8428900000.0,0.0,54800000.0,1483100000.0,27.26,1461900000.0
37,TT,MRQ,2012-03-31,2012-03-31,2012-03-31,2021-08-25,-388600000.0,18910500000.0,,5367800000.0,13542700000.0,,24.089,-49700000.0,1089500000.0,1089500000.0,2249400000.0,102200000.0,1.309,1.611,3644900000.0,765600000.0,2879300000.0,3644900000.0,0.0,98000000.0,0.0,0.013,0.16,203000000.0,301000000.0,0.096,301000000.0,203000000.0,133600000.0,0.32,0.31,0.32,7207300000.0,,7207300000.0,14778393052.0,18.0,12.348,-33300000.0,-0.111,1.0,901300000.0,0.286,10456500000.0,69400000.0,6909000000.0,,1432600000.0,0.0,0.0,0.0,11611400000.0,4100400000.0,7511000000.0,12296493052.0,-71200000.0,0.0,12900000.0,-5000000.0,-46600000.0,-41900000.0,-49700000.0,0.0,16400000.0,4000000.0,95600000.0,95600000.0,95600000.0,2200000.0,6600000.0,0.03,689300000.0,212000000.0,1344200000.0,0.5,1.706,23.812,25.525,1640100000.0,0.0,41.35,0.973,0.979,2230500000.0,5643200000.0,3150700000.0,3150700000.0,0.0,,,,,6900000.0,689600000.0,1.0,297375890.0,299200000.0,312400000.0,10.53,8454000000.0,0.0,38000000.0,1497300000.0,28.255,1267400000.0
38,TT,MRQ,2011-12-31,2011-12-31,2011-12-31,2021-08-25,-553600000.0,18844100000.0,,5279200000.0,13564900000.0,,22.181,-88800000.0,1160700000.0,1160700000.0,1292300000.0,248100000.0,1.28,1.708,3642600000.0,763300000.0,2879300000.0,3642600000.0,0.0,56700000.0,0.0,0.014,0.12,187500000.0,244200000.0,0.164,244200000.0,187500000.0,118700000.0,0.76,0.72,0.76,6924300000.0,,6924300000.0,11749222586.0,18.0,11.456,357200000.0,1.144,1.0,193200000.0,0.13,10437600000.0,68800000.0,6762800000.0,,1278300000.0,0.0,0.0,0.0,11828400000.0,4125600000.0,7702800000.0,9512022586.0,-243100000.0,63500000.0,-580300000.0,-500000.0,-35800000.0,-596100000.0,-92000000.0,0.0,446000000.0,-1000000.0,242300000.0,242300000.0,242300000.0,-49700000.0,5800000.0,0.163,275500000.0,-82300000.0,1224200000.0,0.158,1.374,27.716,28.745,1639400000.0,0.0,30.47,0.745,0.745,2135600000.0,5547800000.0,1485500000.0,1485500000.0,0.0,,,,,11600000.0,280200000.0,1.0,312176652.0,312176652.0,,4.759,8406500000.0,349900000.0,-123600000.0,1619100000.0,26.929,1153600000.0
39,TT,MRQ,2011-09-30,2011-09-30,2011-09-30,2021-08-25,-270200000.0,19502400000.0,,5936100000.0,13566300000.0,,23.159,-34300000.0,1403800000.0,1403800000.0,2756200000.0,93500000.0,1.37,1.557,3641000000.0,760000000.0,2881000000.0,3641000000.0,0.0,96800000.0,0.0,0.014,0.12,184300000.0,281100000.0,0.072,281100000.0,184300000.0,114600000.0,0.26,0.25,0.26,7589300000.0,,7589300000.0,11671941599.0,15.0,9.642,374000000.0,1.141,1.0,1153900000.0,0.295,10546100000.0,69700000.0,6860200000.0,,1512900000.0,0.0,0.0,0.0,11817000000.0,4333300000.0,7483700000.0,9297141599.0,144000000.0,336900000.0,-514100000.0,7800000.0,-38400000.0,-554500000.0,302600000.0,0.0,408300000.0,-12400000.0,86200000.0,86200000.0,86200000.0,10200000.0,7300000.0,0.022,973400000.0,180500000.0,1345000000.0,0.462,1.225,29.703,29.26,1601200000.0,0.0,28.09,0.624,0.617,2366100000.0,5388800000.0,3910100000.0,3910100000.0,0.0,,,,,5000000.0,708600000.0,1.0,330976917.0,327700000.0,340200000.0,11.932,8956300000.0,0.0,28400000.0,1657800000.0,27.331,1602800000.0
40,TT,MRQ,2011-06-30,2011-06-30,2011-06-30,2021-08-25,-39500000.0,20540500000.0,,6812200000.0,13728300000.0,,24.8,-7000000.0,1259800000.0,1259800000.0,2863000000.0,99300000.0,1.479,1.47,3634600000.0,753300000.0,2881300000.0,3634600000.0,0.0,106700000.0,0.0,0.007,0.12,263800000.0,370500000.0,0.091,370500000.0,263800000.0,192100000.0,0.28,0.26,0.28,8278200000.0,,8278200000.0,17801941439.0,18.0,12.506,388000000.0,1.162,1.0,1228400000.0,0.3,10699500000.0,71700000.0,7608500000.0,,1590900000.0,0.0,0.0,0.0,12165500000.0,4607300000.0,7558200000.0,15040641439.0,341700000.0,500000.0,9900000.0,-98800000.0,-40000000.0,-96400000.0,37900000.0,0.0,395000000.0,5200000.0,92300000.0,92300000.0,92300000.0,30300000.0,7000000.0,0.023,929700000.0,298700000.0,1490100000.0,0.429,1.817,32.768,31.979,1640300000.0,0.0,45.41,1.021,1.029,2605000000.0,5341000000.0,4091400000.0,4091400000.0,0.0,,,,,11000000.0,729200000.0,1.0,331218706.0,333800000.0,350900000.0,12.257,9841000000.0,0.0,99800000.0,1701600000.0,29.482,2204900000.0
41,TT,MRQ,2011-03-31,2011-03-31,2011-03-31,2021-08-25,-133900000.0,20124500000.0,,6355900000.0,13768600000.0,,24.49,-38500000.0,918100000.0,918100000.0,2368600000.0,-71500000.0,1.462,1.468,3679400000.0,791100000.0,2888300000.0,3679400000.0,0.0,98300000.0,0.0,0.006,0.07,31500000.0,129800000.0,0.04,129800000.0,31500000.0,-36800000.0,-0.23,-0.23,-0.23,8108500000.0,,8108500000.0,18591503711.0,18.0,12.561,-101000000.0,-0.305,1.0,905200000.0,0.276,10701300000.0,68300000.0,7837900000.0,,1578300000.0,0.0,0.0,0.0,11905400000.0,4346600000.0,7558800000.0,15921903711.0,-96200000.0,-2500000.0,36000000.0,-16400000.0,-23100000.0,600000.0,-41000000.0,0.0,-62500000.0,6700000.0,-77600000.0,-77600000.0,-77600000.0,9100000.0,6100000.0,-0.024,863400000.0,41800000.0,1382900000.0,-0.304,1.964,28.275,27.606,1661900000.0,0.0,48.31,1.128,1.133,2332600000.0,5288700000.0,3273800000.0,3273800000.0,0.0,,,,,15000000.0,677100000.0,1.0,329577804.0,331100000.0,331100000.0,9.888,9423200000.0,0.0,40800000.0,1671100000.0,28.46,2009300000.0
42,TT,MRQ,2010-12-31,2010-12-31,2010-12-31,2021-08-25,-325000000.0,19990900000.0,,6287400000.0,13703500000.0,,24.58,-59900000.0,1014300000.0,1014300000.0,2623800000.0,219500000.0,1.467,1.496,3683900000.0,761600000.0,2922300000.0,3683900000.0,0.0,107400000.0,0.0,0.006,0.07,321700000.0,429100000.0,0.118,429100000.0,321700000.0,250800000.0,0.65,0.62,0.65,7964300000.0,,7964300000.0,18108163863.0,16.0,11.387,118600000.0,0.366,1.0,1009900000.0,0.278,10629400000.0,70900000.0,7745200000.0,,1288500000.0,0.0,0.0,0.0,11915100000.0,4285900000.0,7629200000.0,15257663863.0,203600000.0,-8500000.0,97800000.0,37600000.0,-23000000.0,87000000.0,-68400000.0,0.0,178500000.0,6500000.0,212100000.0,212100000.0,212100000.0,-200000.0,7400000.0,0.058,691200000.0,318700000.0,1255900000.0,0.108,1.916,23.758,23.783,1669000000.0,0.0,47.09,1.09,1.09,2224200000.0,5389400000.0,3633700000.0,3633700000.0,0.0,,,,,27000000.0,691200000.0,1.0,324010700.0,324010700.0,,11.215,9361500000.0,255600000.0,38700000.0,1675200000.0,28.893,2001500000.0
43,TT,MRQ,2010-09-30,2010-09-30,2010-09-30,2021-08-25,-393700000.0,20235300000.0,,5514900000.0,14720400000.0,,23.326,-38000000.0,810700000.0,810700000.0,2643800000.0,237600000.0,1.271,1.656,3661200000.0,738400000.0,2922800000.0,3661200000.0,0.0,119600000.0,0.0,0.008,0.07,374500000.0,494100000.0,0.132,494100000.0,374500000.0,304300000.0,0.72,0.68,0.72,7573800000.0,,7573800000.0,14591365990.0,14.0,9.756,220100000.0,0.678,1.0,1086500000.0,0.291,11476600000.0,70200000.0,7271100000.0,,1539000000.0,0.0,0.0,0.0,12541800000.0,4338100000.0,8203700000.0,11527865990.0,-10900000.0,0.0,10400000.0,-458000000.0,-22700000.0,-250300000.0,-37400000.0,0.0,258100000.0,18700000.0,232200000.0,232200000.0,232200000.0,39500000.0,5400000.0,0.062,675800000.0,410700000.0,1401300000.0,0.097,1.522,20.246,20.175,1786000000.0,0.0,35.71,0.876,0.881,2466500000.0,5200300000.0,3730300000.0,3730300000.0,0.0,,,,,12000000.0,675800000.0,1.0,322818986.0,324700000.0,339000000.0,11.488,8758700000.0,0.0,72100000.0,1929500000.0,26.975,1176800000.0
44,TT,MRQ,2010-06-30,2010-06-30,2010-06-30,2021-08-25,-685700000.0,20357300000.0,,5781700000.0,14575600000.0,,21.777,-33300000.0,821600000.0,821600000.0,2472800000.0,201900000.0,1.185,1.869,3885100000.0,975200000.0,2909900000.0,3885100000.0,0.0,104700000.0,0.0,0.008,0.07,322400000.0,427100000.0,0.123,427100000.0,322400000.0,251300000.0,0.61,0.58,0.61,7051400000.0,,7051400000.0,14434638816.0,15.0,10.169,287900000.0,0.889,1.0,1009000000.0,0.29,11372300000.0,71100000.0,7171000000.0,,1429500000.0,0.0,0.0,0.0,13177700000.0,4877500000.0,8300200000.0,11102438816.0,222500000.0,-2200000.0,26700000.0,-103700000.0,-22500000.0,-57200000.0,-36900000.0,0.0,321200000.0,-4600000.0,196400000.0,196400000.0,196400000.0,0.0,5500000.0,0.056,645600000.0,363400000.0,1421900000.0,0.115,1.575,20.048,20.052,1783900000.0,0.0,34.49,0.861,0.866,2821500000.0,4990700000.0,3481800000.0,3481800000.0,0.0,,,,,15100000.0,645600000.0,1.0,321903126.0,323800000.0,339100000.0,10.753,8985000000.0,0.0,54900000.0,1809400000.0,27.749,904200000.0
45,TT,MRQ,2010-03-31,2010-03-31,2010-03-31,2021-08-25,-500800000.0,19716700000.0,,4820000000.0,14896700000.0,,21.746,-33800000.0,599100000.0,599100000.0,2009200000.0,6000000.0,1.146,1.791,3931300000.0,1007600000.0,2923700000.0,3931300000.0,0.0,105100000.0,0.0,0.011,0.07,126500000.0,231600000.0,0.084,231600000.0,126500000.0,55500000.0,0.0,0.0,0.0,7017400000.0,,7017400000.0,14415681651.0,16.0,10.827,-96200000.0,-0.298,1.0,756700000.0,0.274,11531300000.0,71000000.0,7311200000.0,,1364000000.0,0.0,0.0,0.0,12565700000.0,4206400000.0,8359300000.0,11195781651.0,-277600000.0,-3300000.0,10400000.0,-339000000.0,-22500000.0,-183200000.0,-35900000.0,0.0,-62400000.0,3900000.0,1400000.0,1400000.0,1400000.0,0.0,4600000.0,0.001,617200000.0,139500000.0,1193900000.0,,1.595,23.349,23.403,1855800000.0,0.0,34.87,0.87,0.875,2172900000.0,4816900000.0,2765900000.0,2765900000.0,0.0,,,,,19400000.0,617200000.0,1.0,321072029.0,322700000.0,336600000.0,8.571,8185400000.0,0.0,54100000.0,1848000000.0,25.365,613600000.0
46,TT,MRQ,2009-12-31,2009-12-31,2009-12-31,2021-08-25,-434300000.0,19991000000.0,,4869500000.0,15121500000.0,,22.095,-45700000.0,876700000.0,876700000.0,2280200000.0,147900000.0,1.133,1.808,4096600000.0,1191700000.0,2904900000.0,4096600000.0,0.0,108000000.0,0.0,0.014,0.07,234800000.0,342800000.0,0.108,342800000.0,234800000.0,158600000.0,0.44,0.41,0.44,7071800000.0,,7071800000.0,14827428246.0,18.0,11.806,209000000.0,0.653,1.0,908100000.0,0.285,11648800000.0,76200000.0,7264500000.0,,1176100000.0,0.0,0.0,0.0,12785300000.0,4297600000.0,8487700000.0,11438928246.0,132800000.0,0.0,18900000.0,-76000000.0,-23000000.0,-49600000.0,-45500000.0,0.0,254700000.0,-26800000.0,139400000.0,139400000.0,139400000.0,-8400000.0,8500000.0,0.044,668100000.0,240000000.0,1065300000.0,0.159,1.618,25.347,25.348,1888800000.0,0.0,35.74,0.879,0.879,2094200000.0,4837900000.0,3188300000.0,3188300000.0,0.0,,,,,12300000.0,668100000.0,1.0,320059548.0,320059548.0,,9.962,8342200000.0,0.0,19200000.0,1930300000.0,26.065,571900000.0
47,TT,MRQ,2009-09-30,2009-09-30,2009-09-30,2021-08-25,-310500000.0,20133100000.0,,4772200000.0,15360900000.0,,22.061,-38000000.0,743900000.0,743900000.0,2462600000.0,222600000.0,1.184,1.828,4132400000.0,922400000.0,3210000000.0,4132400000.0,0.0,110300000.0,0.0,0.02,0.07,307700000.0,418000000.0,0.121,418000000.0,307700000.0,231400000.0,0.67,0.65,0.67,7081500000.0,,7081500000.0,13718869551.0,-5.0,-5.446,562500000.0,1.752,1.0,996300000.0,0.288,11766900000.0,76300000.0,7724700000.0,,1303700000.0,0.0,0.0,0.0,12947200000.0,4030000000.0,8917200000.0,9789869551.0,-49000000.0,0.0,7200000.0,-1196100000.0,-22900000.0,-616700000.0,-38100000.0,0.0,600500000.0,5300000.0,216600000.0,216600000.0,216600000.0,10900000.0,6000000.0,0.063,671700000.0,324600000.0,1135600000.0,0.104,1.382,-3.287,-3.061,1909900000.0,0.0,30.67,0.734,0.738,2130400000.0,4721500000.0,3458900000.0,3458900000.0,0.0,,,,,19400000.0,671700000.0,1.0,319200181.0,321000000.0,331800000.0,10.775,8366200000.0,0.0,14800000.0,2116300000.0,26.063,742200000.0
48,TT,MRQ,2009-06-30,2009-06-30,2009-06-30,2021-08-25,-435600000.0,20426100000.0,,5074000000.0,15352100000.0,,20.997,-48600000.0,792900000.0,792900000.0,2515500000.0,127600000.0,1.161,2.017,4721900000.0,1267300000.0,3454600000.0,4721900000.0,0.0,100700000.0,0.0,0.034,0.18,238300000.0,339000000.0,0.098,339000000.0,238300000.0,156500000.0,0.38,0.38,0.38,6735900000.0,,6735900000.0,11327335597.0,-4.0,-4.726,789900000.0,2.462,1.0,936200000.0,0.271,11748500000.0,81800000.0,8236200000.0,,1359300000.0,0.0,0.0,0.0,13589200000.0,4370400000.0,9218800000.0,6669135597.0,299300000.0,0.0,500000.0,-824400000.0,-57500000.0,-511000000.0,-48800000.0,0.0,838500000.0,20600000.0,122100000.0,122100000.0,122100000.0,0.0,5500000.0,0.035,677100000.0,259100000.0,1092400000.0,0.474,0.99,-2.248,-2.094,1924600000.0,0.0,20.9,0.47,0.473,2274000000.0,4527900000.0,3451700000.0,3451700000.0,0.0,,,,,14400000.0,677100000.0,1.0,319097397.0,320800000.0,325000000.0,10.76,8677600000.0,0.0,34400000.0,2127000000.0,27.05,703600000.0
49,TT,MRQ,2009-03-31,2009-03-31,2009-03-31,2021-08-25,-587800000.0,20356600000.0,,5016300000.0,15340300000.0,,19.968,-50200000.0,493600000.0,493600000.0,2206400000.0,-21800000.0,1.084,2.165,5151800000.0,1702700000.0,3449100000.0,5151800000.0,0.0,102500000.0,0.0,0.052,0.18,51200000.0,153700000.0,0.052,153700000.0,51200000.0,-16200000.0,-0.08,-0.08,-0.08,6399900000.0,,6399900000.0,8974225132.0,-3.0,-3.962,-9300000.0,-0.029,1.0,726500000.0,0.248,11704200000.0,67400000.0,8681500000.0,,1559500000.0,0.0,0.0,0.0,13857900000.0,4629100000.0,9228800000.0,4400325132.0,-56600000.0,0.0,600000.0,59400000.0,-57400000.0,-30800000.0,-50300000.0,0.0,40900000.0,-16400000.0,-26700000.0,-26700000.0,-26700000.0,0.0,4900000.0,-0.009,676600000.0,49900000.0,933400000.0,-2.25,0.688,-1.553,-1.457,1936400000.0,0.0,13.8,0.319,0.32,2291100000.0,4401700000.0,2932900000.0,2932900000.0,0.0,,,,,22200000.0,676600000.0,1.0,318864140.0,320500000.0,320500000.0,9.151,8652400000.0,0.0,10500000.0,2126600000.0,26.997,387200000.0
50,TT,MRQ,2008-12-31,2008-12-31,2008-12-31,2021-08-25,-450800000.0,20924500000.0,,5399700000.0,15524800000.0,,20.896,-92700000.0,550200000.0,550200000.0,2601100000.0,-3286100000.0,0.98,2.126,5124100000.0,2350400000.0,2773700000.0,5124100000.0,0.0,119200000.0,0.0,0.041,0.18,-3548900000.0,-3429700000.0,-0.983,-3429700000.0,-3548900000.0,-3635700000.0,-10.99,-10.97,-10.99,6661400000.0,,6661400000.0,10305142930.0,-4.0,-4.85,268300000.0,0.842,1.0,886600000.0,0.254,11834200000.0,86800000.0,8152800000.0,,1615100000.0,0.0,0.0,0.0,14162400000.0,5511400000.0,8651000000.0,5530942930.0,-191300000.0,-22300000.0,-1700000.0,-724600000.0,-57400000.0,-430000000.0,-95300000.0,7800000.0,361000000.0,-27000000.0,-3290200000.0,-3290200000.0,-3290200000.0,54000000.0,4100000.0,-0.943,4364000000.0,-3477400000.0,1046500000.0,-0.016,0.83,-2.107,-1.987,1968500000.0,0.0,17.35,0.424,0.424,2512100000.0,4547400000.0,3487700000.0,3487700000.0,0.0,,,,,7200000.0,654000000.0,1.0,318786336.0,318786336.0,,10.941,9090300000.0,0.0,-345500000.0,2184800000.0,28.515,-111700000.0
51,TT,MRQ,2008-09-30,2008-09-30,2008-09-30,2021-08-25,241800000.0,25775100000.0,,6123500000.0,19651600000.0,,33.425,-54800000.0,741500000.0,741500000.0,3209400000.0,233200000.0,0.982,1.408,5515700000.0,2730600000.0,2785100000.0,5515700000.0,0.0,202600000.0,0.0,0.023,0.18,337700000.0,540300000.0,0.125,540300000.0,337700000.0,254000000.0,0.71,0.7,0.71,10702800000.0,,10702800000.0,15099882164.0,4.0,3.769,447000000.0,1.396,1.0,1103800000.0,0.256,15487600000.0,83700000.0,8826900000.0,,1795100000.0,0.0,0.0,0.0,15072300000.0,6234800000.0,8837500000.0,9928482164.0,-45800000.0,43700000.0,8600000.0,-851200000.0,-57300000.0,-483500000.0,-34500000.0,0.0,501800000.0,-29600000.0,227700000.0,227700000.0,227700000.0,6000000.0,5500000.0,0.053,756400000.0,347400000.0,1265200000.0,0.254,0.928,3.118,2.831,2085300000.0,0.0,31.17,0.836,0.84,2791800000.0,7898700000.0,4313200000.0,4313200000.0,0.0,,,,,8700000.0,756400000.0,1.0,318526858.0,320200000.0,324100000.0,13.47,10287500000.0,0.0,26300000.0,2804900000.0,32.128,-111300000.0
52,TT,MRQ,2008-06-30,2008-06-30,2008-06-30,2021-08-25,497500000.0,25883700000.0,,6575000000.0,19308700000.0,,37.552,-46400000.0,787300000.0,787300000.0,2196100000.0,262600000.0,0.8,1.398,5958700000.0,4768800000.0,1189900000.0,5958700000.0,0.0,89100000.0,0.0,0.019,0.18,381400000.0,470500000.0,0.153,470500000.0,381400000.0,335800000.0,0.89,0.88,0.89,10792500000.0,,10792500000.0,7608504976.0,2.0,1.985,119300000.0,0.415,1.0,884700000.0,0.287,15398300000.0,45600000.0,7436900000.0,,1800500000.0,0.0,0.0,0.0,15091200000.0,8219900000.0,6871300000.0,10214104976.0,-3281000000.0,-7054000000.0,5400000.0,7508800000.0,-49100000.0,3692400000.0,-7124600000.0,0.0,165700000.0,-14500000.0,256100000.0,256100000.0,256100000.0,6400000.0,6500000.0,0.083,523100000.0,361600000.0,1348500000.0,0.202,0.946,3.169,3.33,2128300000.0,0.0,37.43,1.042,1.097,3072000000.0,7728300000.0,3080800000.0,3080800000.0,0.0,,,,,12400000.0,523100000.0,1.0,272885519.0,287400000.0,291100000.0,10.72,10485400000.0,0.0,79700000.0,2440200000.0,36.484,-1644900000.0
53,TT,MRQ,2008-03-31,2008-03-31,2008-03-31,2021-08-25,487900000.0,14052100000.0,,7157100000.0,6895000000.0,,30.382,-35300000.0,4068300000.0,4068300000.0,1540900000.0,185400000.0,2.865,0.689,1462700000.0,750000000.0,712700000.0,1462700000.0,0.0,38100000.0,0.0,0.016,0.18,256300000.0,294400000.0,0.136,294400000.0,256300000.0,228800000.0,0.66,0.66,0.66,8318600000.0,,8318600000.0,8872917666.0,2.0,2.001,-715400000.0,-2.613,1.0,622400000.0,0.288,4851200000.0,27500000.0,4096800000.0,,909000000.0,0.0,0.0,0.0,5733500000.0,2498500000.0,3235000000.0,12154517666.0,-667000000.0,-21800000.0,4200000.0,12800000.0,-49100000.0,-18300000.0,-52000000.0,0.0,-680100000.0,83400000.0,181600000.0,181600000.0,181600000.0,30100000.0,3800000.0,0.084,375400000.0,247000000.0,768100000.0,0.273,1.461,3.092,3.288,935300000.0,0.0,44.58,1.358,1.364,1716600000.0,7521300000.0,2163300000.0,2163300000.0,0.0,,,,,14000000.0,375400000.0,1.0,272645080.0,273800000.0,276300000.0,7.901,9200900000.0,0.0,47200000.0,0.0,33.604,4658600000.0
54,TT,MRQ,2007-12-31,2007-12-31,2007-12-31,2021-08-25,246500000.0,14376200000.0,,7700700000.0,6675500000.0,,29.027,-27200000.0,4735300000.0,4735300000.0,1658200000.0,2541800000.0,2.38,0.818,1453700000.0,741000000.0,712700000.0,1453700000.0,0.0,39800000.0,0.0,0.015,0.18,2661400000.0,2701200000.0,1.163,2701200000.0,2661400000.0,2625000000.0,8.75,8.61,8.75,7907900000.0,,7907900000.0,14617632181.0,3.0,3.288,417500000.0,1.533,1.0,665100000.0,0.286,4717900000.0,36400000.0,3141000000.0,,827200000.0,0.0,0.0,0.0,6468300000.0,3235700000.0,3232600000.0,12659732181.0,4297300000.0,4863600000.0,-46600000.0,-1890000000.0,-48900000.0,-1009800000.0,4827300000.0,700000.0,444700000.0,35100000.0,2518500000.0,2518500000.0,2518500000.0,-2356600000.0,23300000.0,1.084,366300000.0,298800000.0,721200000.0,0.021,1.601,3.192,3.407,904900000.0,0.0,46.47,1.445,1.445,1660700000.0,7388800000.0,2323300000.0,2323300000.0,0.0,,,,,5600000.0,366300000.0,1.0,272428065.0,272428065.0,,8.528,9658300000.0,0.0,106500000.0,539900000.0,35.453,4465000000.0
55,TT,MRQ,2007-09-30,2007-09-30,2007-09-30,2021-08-25,1700000.0,12389300000.0,,5522000000.0,6867300000.0,,18.121,-29400000.0,438000000.0,438000000.0,1608200000.0,266600000.0,1.315,1.385,2395900000.0,1494200000.0,901700000.0,2395900000.0,0.0,28300000.0,0.0,0.013,0.18,337700000.0,366000000.0,0.163,366000000.0,337700000.0,304400000.0,0.94,0.92,0.94,5194500000.0,,5194500000.0,16735223567.0,9.0,8.101,215900000.0,0.753,1.0,630800000.0,0.282,4655500000.0,33300000.0,5492300000.0,,923000000.0,700000.0,700000.0,0.0,7194800000.0,4199400000.0,2995400000.0,15614223567.0,-112000000.0,-23000000.0,-1068000000.0,1579600000.0,-51300000.0,-329500000.0,-35400000.0,0.0,245300000.0,7600000.0,266600000.0,266600000.0,266600000.0,-69000000.0,0.0,0.119,354500000.0,276300000.0,772600000.0,0.191,3.006,9.349,9.744,901300000.0,0.0,54.47,1.819,1.819,1705100000.0,4919500000.0,2239000000.0,2239000000.0,0.0,,,,,7600000.0,354500000.0,1.0,286657308.0,286657308.0,,7.811,7733800000.0,0.0,37800000.0,0.0,26.979,1322600000.0
56,TT,MRQ,2007-06-30,2007-06-30,2007-06-30,2021-08-25,-153700000.0,12406300000.0,,5664400000.0,6741900000.0,,19.336,-21300000.0,460200000.0,460200000.0,1589700000.0,964100000.0,1.583,1.127,1581200000.0,686700000.0,894500000.0,1581200000.0,0.0,34700000.0,0.0,0.013,0.18,1038800000.0,1073500000.0,0.483,1073500000.0,1038800000.0,1008000000.0,3.21,3.17,3.21,5832400000.0,,5832400000.0,18320385891.0,10.0,8.945,144500000.0,0.479,1.0,634900000.0,0.285,4584500000.0,30800000.0,5364500000.0,,919300000.0,700000.0,700000.0,0.0,6573900000.0,3578300000.0,2995600000.0,16535185891.0,245400000.0,1291600000.0,-636200000.0,-993400000.0,-54300000.0,-1187200000.0,1260100000.0,0.0,165800000.0,6700000.0,964100000.0,964100000.0,964100000.0,-756100000.0,0.0,0.433,360800000.0,274100000.0,685100000.0,0.056,2.835,10.038,10.114,873300000.0,0.0,54.82,1.973,1.973,1644000000.0,5692700000.0,2224600000.0,2224600000.0,0.0,,,,,5900000.0,360800000.0,1.0,301626886.0,301626886.0,,7.375,7821800000.0,0.0,43900000.0,0.0,25.932,2086100000.0
57,TT,MRQ,2007-03-31,2007-03-31,2007-03-31,2021-08-25,-316200000.0,12411000000.0,,4578400000.0,7832600000.0,,17.499,-27600000.0,304600000.0,304600000.0,1416000000.0,217500000.0,1.289,1.304,2089800000.0,1186800000.0,903000000.0,2089800000.0,0.0,36000000.0,0.0,0.016,0.18,269400000.0,305400000.0,0.155,305400000.0,269400000.0,233800000.0,0.71,0.7,0.71,5386100000.0,,5386100000.0,14971631408.0,12.0,10.955,18100000.0,0.059,1.0,560200000.0,0.283,5266000000.0,35600000.0,5379000000.0,,1249500000.0,600000.0,600000.0,0.0,7024900000.0,3551200000.0,3473700000.0,13349331408.0,-51200000.0,-3600000.0,-88900000.0,204400000.0,-55300000.0,-42000000.0,-57300000.0,0.0,45700000.0,2400000.0,217500000.0,217500000.0,217500000.0,-60900000.0,0.0,0.11,351600000.0,208600000.0,922700000.0,0.254,2.478,13.394,13.681,1149500000.0,0.0,43.37,1.627,1.627,1860600000.0,5397000000.0,1976200000.0,1976200000.0,0.0,,,,,11900000.0,351600000.0,1.0,307801047.0,307801047.0,,6.42,7145000000.0,0.0,16300000.0,0.0,23.213,1027200000.0
58,TT,MRQ,2006-12-31,2006-12-31,2006-12-31,2021-08-25,-358100000.0,12145900000.0,,5537800000.0,6608100000.0,,17.628,-33300000.0,355800000.0,355800000.0,1539300000.0,221900000.0,1.347,1.247,1984600000.0,1079400000.0,905200000.0,1984600000.0,0.0,34800000.0,0.0,0.017,0.18,286000000.0,320800000.0,0.15,320800000.0,286000000.0,250000000.0,0.73,0.72,0.73,5404800000.0,,5404800000.0,13811572863.0,11.0,9.813,409700000.0,1.336,1.0,603700000.0,0.282,4550000000.0,36000000.0,5112300000.0,,837700000.0,700000.0,700000.0,0.0,6741100000.0,4112400000.0,2628700000.0,11997472863.0,97900000.0,0.0,-90800000.0,-190200000.0,-55100000.0,-225500000.0,-128600000.0,200000.0,443000000.0,9000000.0,221900000.0,221900000.0,221900000.0,-11800000.0,0.0,0.104,324600000.0,279100000.0,757600000.0,0.247,2.22,11.62,12.115,868200000.0,0.0,39.13,1.493,1.493,1481700000.0,5456100000.0,2143000000.0,2143000000.0,0.0,,,,,400000.0,324600000.0,1.0,306605491.0,306605491.0,,6.989,7595900000.0,0.0,28100000.0,0.0,24.774,1425400000.0
59,TT,MRQ,2006-09-30,2006-09-30,2006-09-30,2021-08-25,22000000.0,11779900000.0,,4038500000.0,7741400000.0,,17.654,-27200000.0,265400000.0,265400000.0,1465400000.0,243800000.0,1.199,1.074,2079500000.0,908400000.0,1171100000.0,2079500000.0,0.0,38500000.0,0.0,0.017,0.18,309900000.0,348400000.0,0.171,348400000.0,309900000.0,278400000.0,0.77,0.76,0.77,5680000000.0,,5680000000.0,13599988620.0,11.0,9.971,254000000.0,0.789,1.0,572600000.0,0.281,5257700000.0,31500000.0,4966800000.0,,1386700000.0,900000.0,900000.0,0.0,6099900000.0,3369500000.0,2730400000.0,12219788620.0,700000.0,-21200000.0,-607500000.0,881800000.0,-57500000.0,-224100000.0,-58900000.0,-300000.0,281200000.0,2500000.0,243800000.0,243800000.0,243800000.0,-43400000.0,0.0,0.12,303700000.0,268900000.0,962700000.0,0.234,2.151,11.089,11.27,1231400000.0,0.0,37.98,2.023,2.023,2017300000.0,,2038000000.0,2038000000.0,0.0,,,,,8800000.0,303700000.0,1.0,321742723.0,321742723.0,,6.334,6522200000.0,0.0,34600000.0,0.0,20.271,669000000.0
60,TT,MRQ,2006-06-30,2006-06-30,2006-06-30,2021-08-25,700000.0,11758700000.0,,4031300000.0,7727400000.0,,18.421,-40600000.0,258700000.0,258700000.0,1463100000.0,313500000.0,1.38,0.94,1638900000.0,467500000.0,1171400000.0,1638900000.0,0.0,29300000.0,0.0,0.015,0.16,362700000.0,392000000.0,0.191,392000000.0,362700000.0,331900000.0,0.96,0.95,0.96,6061000000.0,,6061000000.0,15407435729.0,12.0,10.933,162200000.0,0.493,1.0,584900000.0,0.286,5241300000.0,30800000.0,4976300000.0,,1297700000.0,600000.0,600000.0,0.0,5697700000.0,2921300000.0,2776400000.0,14075435729.0,-515800000.0,-1700000.0,-184500000.0,-945200000.0,-52700000.0,-709800000.0,-19800000.0,46000000.0,202800000.0,11000000.0,313500000.0,313500000.0,313500000.0,-116400000.0,0.0,0.153,332400000.0,252500000.0,932700000.0,0.167,2.322,12.653,12.732,1202600000.0,0.0,42.78,2.127,2.127,2071600000.0,,2048000000.0,2048000000.0,0.0,,,,,3300000.0,332400000.0,1.0,329019068.0,329019068.0,,6.225,6517400000.0,0.0,18400000.0,0.0,19.809,1110000000.0
61,TT,MRQ,2006-03-31,2006-03-31,2006-03-31,2021-08-25,-79100000.0,11987400000.0,,4407600000.0,7579800000.0,,18.021,-34100000.0,778000000.0,778000000.0,1851200000.0,253200000.0,1.329,1.031,2110000000.0,929200000.0,1180800000.0,2110000000.0,0.0,46200000.0,0.0,0.014,0.16,330000000.0,376200000.0,0.149,376200000.0,330000000.0,294700000.0,0.77,0.76,0.77,5901600000.0,,5901600000.0,14921722211.0,12.0,10.32,-6300000.0,-0.019,1.0,672000000.0,0.266,5272300000.0,35300000.0,4731200000.0,,1246900000.0,46700000.0,46700000.0,0.0,6085800000.0,3315900000.0,2769900000.0,13685322211.0,-103000000.0,-26800000.0,-117800000.0,-27400000.0,-52300000.0,-183800000.0,46100000.0,109900000.0,27800000.0,6900000.0,253200000.0,253200000.0,253200000.0,-8800000.0,0.0,0.1,354700000.0,317300000.0,896200000.0,0.208,2.319,12.621,12.898,1085800000.0,0.0,41.79,1.868,1.868,1900600000.0,,2523200000.0,2523200000.0,0.0,,,,,8200000.0,354700000.0,1.0,327478397.0,327478397.0,,7.705,6715100000.0,0.0,41500000.0,0.0,20.505,1091700000.0
62,TT,MRQ,2005-12-31,2005-12-31,2005-12-31,2021-08-25,-127600000.0,11756400000.0,,4248200000.0,7508200000.0,,17.417,25600000.0,880600000.0,880600000.0,-547200000.0,291500000.0,1.328,1.04,2117000000.0,932700000.0,1184300000.0,2117000000.0,0.0,12600000.0,0.0,0.014,0.16,234700000.0,247300000.0,-0.434,247300000.0,234700000.0,199400000.0,0.87,0.87,0.87,5762000000.0,,5762000000.0,14807788159.0,12.0,10.45,448300000.0,1.355,1.0,-22700000.0,0.04,5150400000.0,35300000.0,4642700000.0,,1128800000.0,156500000.0,156500000.0,0.0,5994400000.0,3199700000.0,2794700000.0,13355788159.0,150100000.0,35300000.0,-127200000.0,-127400000.0,-52900000.0,-243800000.0,-25000000.0,-3100000.0,422700000.0,-3800000.0,291500000.0,291500000.0,291500000.0,-339900000.0,0.0,-0.511,105600000.0,-128300000.0,812500000.0,0.184,2.318,12.669,12.939,1157500000.0,0.0,40.37,1.839,1.839,1679000000.0,5558900000.0,-569900000.0,-569900000.0,0.0,,,,,2900000.0,105600000.0,1.0,330834485.0,330834485.0,,-1.723,6606000000.0,0.0,-92100000.0,0.0,19.968,1048500000.0
63,TT,MRQ,2005-09-30,2005-09-30,2005-09-30,2021-08-25,-166800000.0,11540000000.0,,4240200000.0,7299800000.0,,16.625,-31700000.0,732100000.0,732100000.0,1920700000.0,254200000.0,1.347,1.058,2184100000.0,993400000.0,1190700000.0,2184100000.0,0.0,46100000.0,0.0,0.014,0.16,347700000.0,393800000.0,0.151,393800000.0,347700000.0,312200000.0,0.76,0.75,0.76,5607800000.0,,5607800000.0,14153531806.0,9.0,7.826,265300000.0,0.787,1.0,694600000.0,0.266,5285100000.0,35500000.0,4560100000.0,,1230300000.0,152700000.0,152700000.0,0.0,5932200000.0,3146800000.0,2785400000.0,12895531806.0,-176500000.0,-100300000.0,-136400000.0,-1800000.0,-53900000.0,-201500000.0,-272800000.0,-143100000.0,297000000.0,800000.0,254200000.0,254200000.0,254200000.0,1900000.0,0.0,0.097,354600000.0,340000000.0,722900000.0,0.211,2.3,10.091,10.222,1091800000.0,0.0,38.23,1.253,1.253,1764600000.0,,2615300000.0,2615300000.0,0.0,,,,,9100000.0,354600000.0,1.0,337314460.0,337314460.0,,7.753,6254900000.0,0.0,58000000.0,0.0,18.543,1093400000.0
64,TT,MRQ,2005-06-30,2005-06-30,2005-06-30,2021-08-25,-150100000.0,11552800000.0,,4272700000.0,7280100000.0,,16.488,-40100000.0,915600000.0,915600000.0,2019100000.0,285400000.0,1.336,1.078,2173600000.0,983900000.0,1189700000.0,2173600000.0,0.0,45700000.0,0.0,0.014,0.125,382900000.0,428600000.0,0.155,428600000.0,382900000.0,345200000.0,0.84,0.83,0.84,5558300000.0,,5558300000.0,13024427531.0,8.0,7.357,154900000.0,0.459,1.0,740400000.0,0.268,5256800000.0,37700000.0,4356400000.0,,1210800000.0,0.0,0.0,0.0,5994500000.0,3197600000.0,2796900000.0,12026727531.0,-107800000.0,-81000000.0,-230100000.0,319600000.0,-42200000.0,-175800000.0,-116900000.0,-300000.0,195000000.0,-10100000.0,285400000.0,285400000.0,285400000.0,6400000.0,0.0,0.103,361300000.0,379100000.0,772700000.0,0.149,2.164,9.534,9.721,1073000000.0,0.0,35.675,1.197,1.197,1786100000.0,,2759500000.0,2759500000.0,0.0,,,,,-7500000.0,361300000.0,1.0,337119202.0,337119202.0,,8.186,6296000000.0,0.0,59800000.0,0.0,18.676,1075100000.0
65,TT,MRQ,2005-03-31,2005-03-31,2005-03-31,2021-08-25,-22300000.0,11532600000.0,,4376700000.0,7155900000.0,,16.398,-23600000.0,1024500000.0,1024500000.0,1810700000.0,223100000.0,1.475,1.034,2022200000.0,689800000.0,1332400000.0,2022200000.0,0.0,52300000.0,0.0,0.012,0.125,295000000.0,347300000.0,0.141,347300000.0,295000000.0,258400000.0,0.65,0.64,0.65,5671300000.0,,5671300000.0,13950086405.0,9.0,7.966,-97600000.0,-0.282,1.0,648100000.0,0.264,5193300000.0,36600000.0,4370300000.0,,1248300000.0,0.0,0.0,0.0,5861300000.0,2966700000.0,2894600000.0,13773386405.0,-686700000.0,-327300000.0,-179000000.0,-65000000.0,-43100000.0,-254600000.0,-357000000.0,-6100000.0,-74000000.0,-1100000.0,223100000.0,223100000.0,223100000.0,9200000.0,0.0,0.091,351200000.0,296900000.0,752000000.0,0.192,2.429,10.911,10.896,1085700000.0,0.0,39.825,1.416,1.416,1713200000.0,,2458800000.0,2458800000.0,0.0,,,,,-4500000.0,351200000.0,1.0,345847744.0,345847744.0,,7.109,6339300000.0,0.0,35300000.0,0.0,18.33,1410000000.0
66,TT,MRQ,2004-12-31,2004-12-31,2004-12-31,2021-08-25,62800000.0,11414600000.0,,4609700000.0,6804900000.0,,16.647,-51500000.0,1703100000.0,1703100000.0,1777700000.0,515200000.0,1.602,0.991,1880400000.0,612800000.0,1267600000.0,1880400000.0,0.0,47300000.0,0.0,0.011,0.125,591600000.0,638900000.0,0.26,638900000.0,591600000.0,554600000.0,1.49,1.47,1.49,5733800000.0,,5733800000.0,15366252294.0,10.0,9.122,260000000.0,0.755,1.0,681300000.0,0.277,4829200000.0,37000000.0,3885800000.0,,1058800000.0,600000.0,600000.0,0.0,5680800000.0,2876900000.0,2803900000.0,13828852294.0,1263300000.0,1181900000.0,-1100000.0,-259200000.0,-43200000.0,-174900000.0,1129300000.0,7900000.0,311500000.0,12700000.0,515200000.0,515200000.0,515200000.0,-292900000.0,0.0,0.21,383400000.0,297900000.0,684000000.0,0.084,2.412,11.347,11.406,1013200000.0,0.0,40.15,1.472,1.472,1498400000.0,5028300000.0,2459000000.0,2459000000.0,0.0,,,,,0.0,383400000.0,1.0,344429696.0,344429696.0,,7.139,6585400000.0,0.0,39400000.0,0.0,19.12,1732800000.0
67,TT,MRQ,2004-09-30,2004-09-30,2004-09-30,2021-08-25,-262500000.0,10769700000.0,,4181200000.0,6588500000.0,,14.191,-7100000.0,440700000.0,440700000.0,1738800000.0,237800000.0,1.45,1.189,1978100000.0,621700000.0,1356400000.0,1978100000.0,0.0,40100000.0,0.0,0.012,0.125,315500000.0,355600000.0,0.15,355600000.0,315500000.0,279800000.0,0.69,0.68,0.69,4919000000.0,,4919000000.0,13447807212.0,11.0,9.955,227900000.0,0.657,1.0,629200000.0,0.266,4771800000.0,35700000.0,4652300000.0,,1026500000.0,0.0,0.0,0.0,5850700000.0,2883000000.0,2967700000.0,11780307212.0,90300000.0,22300000.0,-59200000.0,-165600000.0,-43300000.0,-185300000.0,14500000.0,0.0,235000000.0,5700000.0,237800000.0,237800000.0,237800000.0,-32200000.0,0.0,0.1,351000000.0,278200000.0,658800000.0,0.181,2.395,13.076,13.096,997100000.0,0.0,33.985,1.283,1.283,1577800000.0,,2368000000.0,2368000000.0,0.0,,,,,0.0,351000000.0,1.0,346632550.0,346632550.0,,6.831,5997900000.0,0.0,42000000.0,0.0,17.303,1298200000.0
68,TT,MRQ,2004-06-30,2004-06-30,2004-06-30,2021-08-25,-284400000.0,10589400000.0,,3580900000.0,7008500000.0,,13.734,-1700000.0,390700000.0,390700000.0,1783000000.0,286200000.0,1.277,1.225,2058200000.0,691600000.0,1366600000.0,2058200000.0,0.0,45100000.0,0.0,0.011,0.095,364200000.0,409300000.0,0.167,409300000.0,364200000.0,324500000.0,0.825,0.815,0.825,4760000000.0,,4760000000.0,13949222772.0,13.0,11.235,273600000.0,0.789,1.0,661400000.0,0.271,5030200000.0,39700000.0,4423200000.0,,1051200000.0,0.0,0.0,0.0,5829400000.0,2803500000.0,3025900000.0,11837722772.0,179200000.0,175300000.0,24800000.0,-519000000.0,-32900000.0,-267600000.0,174100000.0,0.0,275300000.0,-1800000.0,286200000.0,286200000.0,286200000.0,-47000000.0,0.0,0.117,342700000.0,318700000.0,740500000.0,0.115,2.487,14.477,14.503,1111800000.0,0.0,34.155,1.333,1.333,1767700000.0,,2444400000.0,2444400000.0,0.0,,,,,0.0,342700000.0,1.0,346588282.0,346588282.0,,7.053,5559200000.0,0.0,38300000.0,0.0,16.04,777400000.0
69,TT,MRQ,2004-03-31,2004-03-31,2004-03-31,2021-08-25,-265000000.0,10594000000.0,,3508400000.0,7085600000.0,,12.806,-14900000.0,210800000.0,210800000.0,1554500000.0,179500000.0,1.169,1.359,2322300000.0,799500000.0,1522800000.0,2322300000.0,0.0,41900000.0,0.0,0.011,0.095,238700000.0,280600000.0,0.132,280600000.0,238700000.0,198000000.0,0.515,0.51,0.515,4491700000.0,,4491700000.0,13725756431.0,15.0,12.64,-39200000.0,-0.112,1.0,567700000.0,0.268,5046300000.0,40700000.0,4659100000.0,,1083500000.0,1000000.0,1000000.0,0.0,6102300000.0,3000100000.0,3102200000.0,11864156431.0,-246000000.0,0.0,-149700000.0,5000000.0,-33200000.0,-180400000.0,-13100000.0,0.0,-24300000.0,-100000.0,179500000.0,179500000.0,179500000.0,-16700000.0,0.0,0.085,342200000.0,225500000.0,696800000.0,0.184,2.641,17.687,17.436,1140300000.0,0.0,33.825,1.338,1.338,1662100000.0,,2122200000.0,2122200000.0,0.0,,,,,0.0,342200000.0,1.0,350751114.0,350751114.0,,6.05,5547700000.0,0.0,18500000.0,0.0,15.817,508300000.0
70,TT,MRQ,2003-12-31,2003-12-31,2003-12-31,2021-08-25,-270500000.0,10664900000.0,,4016600000.0,6648300000.0,,12.951,-19000000.0,417200000.0,417200000.0,1634300000.0,197400000.0,1.28,1.374,2315400000.0,797000000.0,1518400000.0,2315400000.0,0.0,43300000.0,0.0,0.011,0.095,262100000.0,305400000.0,0.136,305400000.0,262100000.0,222300000.0,0.565,0.57,0.565,4493300000.0,,4493300000.0,13977598167.0,16.0,13.101,102100000.0,0.294,1.0,612700000.0,0.273,4794600000.0,39800000.0,4629900000.0,,858000000.0,0.0,0.0,0.0,6171600000.0,3138600000.0,3033000000.0,11775798167.0,243400000.0,9300000.0,67700000.0,-145800000.0,-33000000.0,-38500000.0,139600000.0,147000000.0,121100000.0,-1800000.0,197400000.0,197400000.0,197400000.0,-34800000.0,0.0,0.088,386200000.0,226500000.0,620300000.0,0.168,2.621,18.271,18.053,1066000000.0,0.0,33.94,1.427,1.427,1403000000.0,3978700000.0,2247000000.0,2247000000.0,0.0,,,,,0.0,387500000.0,1.0,346959286.0,346959286.0,,6.476,5870300000.0,0.0,24900000.0,0.0,16.919,878000000.0
71,TT,MRQ,2003-09-30,2003-09-30,2003-09-30,2021-08-25,-409700000.0,10172800000.0,,3200200000.0,6972600000.0,,11.917,-7500000.0,191100000.0,191100000.0,1523700000.0,154600000.0,1.187,1.492,2392900000.0,611500000.0,1781400000.0,2392900000.0,0.0,28000000.0,0.0,0.013,0.095,218300000.0,246300000.0,0.119,246300000.0,218300000.0,176200000.0,0.45,0.44,0.45,4082900000.0,,4082900000.0,11581608086.0,14.0,11.832,73600000.0,0.215,1.0,540300000.0,0.262,4996900000.0,42100000.0,4681300000.0,,1103300000.0,145100000.0,145100000.0,0.0,6089900000.0,2696400000.0,3393500000.0,9154208086.0,122700000.0,21500000.0,129700000.0,-297200000.0,-32600000.0,-51500000.0,13900000.0,0.0,81100000.0,-4900000.0,154600000.0,154600000.0,154600000.0,-9400000.0,0.0,0.075,327500000.0,212800000.0,665400000.0,0.211,2.242,14.519,14.366,1227500000.0,0.0,26.72,1.183,1.183,1447100000.0,,2064000000.0,2064000000.0,0.0,,,,,0.0,329400000.0,1.0,342597608.0,342597608.0,,6.025,5175900000.0,0.0,21600000.0,0.0,15.108,503800000.0
72,TT,MRQ,2003-06-30,2003-06-30,2003-06-30,2021-08-25,-391700000.0,10225400000.0,,3255700000.0,6969700000.0,,11.362,-19800000.0,108100000.0,108100000.0,1842800000.0,139300000.0,1.148,1.657,2535500000.0,699300000.0,1836200000.0,2535500000.0,0.0,49100000.0,0.0,0.014,0.085,204500000.0,253600000.0,0.104,253600000.0,204500000.0,160500000.0,0.41,0.405,0.41,3849200000.0,,3849200000.0,10508559492.0,14.0,11.172,97500000.0,0.288,1.0,591100000.0,0.243,4983500000.0,44000000.0,4833900000.0,,1222400000.0,165600000.0,165600000.0,0.0,6376200000.0,2835400000.0,3540800000.0,8015259492.0,-17100000.0,0.0,12300000.0,-177400000.0,-28800000.0,-105200000.0,-19300000.0,0.0,117300000.0,6400000.0,139300000.0,139300000.0,139300000.0,6500000.0,0.0,0.057,382600000.0,208500000.0,727000000.0,0.207,2.082,14.181,14.125,1243200000.0,0.0,23.66,1.017,1.017,1505400000.0,,2433900000.0,2433900000.0,0.0,,,,,0.0,382600000.0,1.0,338768364.0,338768364.0,,7.185,5241900000.0,0.0,21200000.0,0.0,15.473,420300000.0
73,TT,MRQ,2003-03-31,2003-03-31,2003-03-31,2021-08-25,-513500000.0,9938100000.0,,3103300000.0,6834800000.0,,10.646,-9900000.0,125200000.0,125200000.0,1630600000.0,153200000.0,1.175,1.757,2618500000.0,529900000.0,2088600000.0,2618500000.0,0.0,51200000.0,0.0,0.018,0.085,216500000.0,267700000.0,0.126,267700000.0,216500000.0,166500000.0,0.455,0.45,0.455,3604500000.0,,3604500000.0,9438410541.0,13.0,10.301,-166200000.0,-0.491,1.0,489000000.0,0.231,4930800000.0,50000000.0,4860400000.0,,1203600000.0,148400000.0,148400000.0,0.0,6333600000.0,2640200000.0,3693400000.0,6533010541.0,-217000000.0,699300000.0,1400000.0,-1258800000.0,-28800000.0,-656800000.0,684000000.0,0.0,-156300000.0,2900000.0,153200000.0,153200000.0,153200000.0,-63200000.0,0.0,0.072,329100000.0,159900000.0,692100000.0,0.187,1.812,12.25,12.174,1253000000.0,0.0,19.295,0.847,0.847,1348900000.0,,2119600000.0,2119600000.0,0.0,,,,,0.0,329100000.0,1.0,338585672.0,338585672.0,,6.26,5007300000.0,0.0,13300000.0,0.0,14.789,463100000.0
74,TT,MRQ,2002-12-31,2002-12-31,2002-12-31,2021-08-25,-513100000.0,10809600000.0,,4118100000.0,6691500000.0,,10.279,-18800000.0,342200000.0,342200000.0,785900000.0,183400000.0,1.084,2.108,3247600000.0,1155500000.0,2092100000.0,3247600000.0,0.0,21000000.0,0.0,0.016,0.085,190200000.0,211200000.0,0.188,211200000.0,190200000.0,139300000.0,0.545,0.535,0.545,3478200000.0,,3478200000.0,10611984340.0,228.0,49.775,301900000.0,0.892,1.0,334700000.0,0.299,4894900000.0,50900000.0,5022000000.0,,1181300000.0,1800000.0,1800000.0,0.0,7331400000.0,3798100000.0,3533300000.0,7285184340.0,198800000.0,-8000000.0,1000000.0,-385000000.0,-28700000.0,-220200000.0,-29100000.0,-2300000.0,320700000.0,1200000.0,183400000.0,183400000.0,183400000.0,-100600000.0,0.0,0.164,230300000.0,104400000.0,724600000.0,0.156,2.095,-41.99,-41.806,1276300000.0,0.0,21.53,0.961,0.961,1392800000.0,3457400000.0,1120600000.0,1120600000.0,0.0,,,,,0.0,215000000.0,1.0,338373634.0,338373634.0,,3.312,5914700000.0,0.0,-44100000.0,0.0,17.48,320000000.0
75,TT,MRQ,2002-09-30,2002-09-30,2002-09-30,2021-08-25,-234800000.0,10742600000.0,,3389800000.0,7352800000.0,,10.642,-9000000.0,112900000.0,112900000.0,1691500000.0,89300000.0,0.953,1.984,3439700000.0,1273500000.0,2166200000.0,3439700000.0,0.0,48300000.0,0.0,0.02,0.085,159800000.0,208100000.0,0.094,208100000.0,159800000.0,101100000.0,0.265,0.265,0.265,3600500000.0,,3600500000.0,9306253166.0,-108.0,95.156,183400000.0,0.542,1.0,516700000.0,0.234,4880400000.0,58700000.0,5631800000.0,,1425800000.0,1400000.0,1400000.0,0.0,7142100000.0,3557200000.0,3584900000.0,5826253166.0,-9400000.0,-19500000.0,100000.0,-323400000.0,-28800000.0,-190400000.0,-21800000.0,0.0,192400000.0,-5800000.0,89300000.0,89300000.0,89300000.0,-10500000.0,0.0,0.04,367400000.0,149300000.0,0.0,0.321,1.618,-22.688,-22.658,1630500000.0,0.0,17.22,0.737,0.737,1554200000.0,,2208200000.0,2208200000.0,0.0,,,,,0.0,358000000.0,1.0,338342228.0,338342228.0,,6.527,5862200000.0,0.0,11800000.0,0.0,17.326,-167400000.0
76,TT,MRQ,2002-06-30,2002-06-30,2002-06-30,2021-08-25,-243600000.0,10771500000.0,,3414900000.0,7356600000.0,,10.448,-23600000.0,123900000.0,123900000.0,1730000000.0,107400000.0,0.932,2.051,3603900000.0,1436600000.0,2167300000.0,3603900000.0,0.0,48400000.0,0.0,0.015,0.085,180900000.0,229300000.0,0.101,229300000.0,180900000.0,121800000.0,0.32,0.315,0.32,3530800000.0,,3530800000.0,11314802294.0,-76.0,145.997,130000000.0,0.385,1.0,536400000.0,0.237,4859100000.0,59100000.0,5728200000.0,,1386800000.0,8800000.0,8800000.0,0.0,7240700000.0,3664200000.0,3576500000.0,7715302294.0,31300000.0,-24800000.0,7400000.0,-186400000.0,-28700000.0,-114500000.0,-55300000.0,0.0,153600000.0,10600000.0,107400000.0,107400000.0,107400000.0,-16300000.0,0.0,0.047,360900000.0,175500000.0,734100000.0,0.266,2.185,-24.713,-24.681,1632000000.0,0.0,22.83,0.955,0.955,1561200000.0,,2266400000.0,2266400000.0,0.0,,,,,0.0,353900000.0,1.0,337945786.0,337945786.0,,6.706,5912400000.0,0.0,14400000.0,0.0,17.495,-249300000.0
77,TT,MRQ,2002-03-31,2002-03-31,2002-03-31,2021-08-25,-347600000.0,11150900000.0,,3257000000.0,7893900000.0,,11.804,-14400000.0,92600000.0,92600000.0,1530000000.0,-553600000.0,0.914,1.806,3692100000.0,1488300000.0,2203800000.0,3692100000.0,0.0,49000000.0,0.0,0.014,0.085,-483100000.0,-434100000.0,-0.215,-434100000.0,-483100000.0,-542300000.0,-1.645,-1.63,-1.645,3973500000.0,,3973500000.0,11769144401.0,-67.0,122.087,-194700000.0,-0.578,1.0,487000000.0,0.241,5665300000.0,59200000.0,5521400000.0,,1345000000.0,6100000.0,6100000.0,0.0,7177400000.0,3563700000.0,3613700000.0,8418744401.0,-21400000.0,-60400000.0,28200000.0,452400000.0,-28600000.0,225800000.0,-74600000.0,0.0,-180300000.0,-3200000.0,-553600000.0,-553600000.0,-553600000.0,-10400000.0,0.0,-0.274,336100000.0,150900000.0,2075400000.0,-0.052,2.119,-23.602,-23.706,1600500000.0,0.0,25.01,1.018,1.018,1497700000.0,,2017000000.0,2017000000.0,0.0,,,,,0.0,325900000.0,1.0,336615130.0,336615130.0,,5.992,5485600000.0,0.0,11300000.0,0.0,16.296,-306700000.0
78,TT,MRQ,2001-12-31,2001-12-31,2001-12-31,2021-08-25,-321400000.0,11133800000.0,,3699100000.0,7434700000.0,,11.657,-12900000.0,114000000.0,114000000.0,1108900000.0,100100000.0,1.24,1.843,3462600000.0,561900000.0,2900700000.0,3462600000.0,0.0,38600000.0,0.0,0.016,0.085,55900000.0,94500000.0,0.067,94500000.0,55900000.0,-1700000.0,0.3,0.3,0.3,3916600000.0,,3916600000.0,10772616076.0,24.0,14.145,401300000.0,1.194,1.0,307600000.0,0.217,5655600000.0,57600000.0,5843300000.0,,1143900000.0,0.0,0.0,0.0,7217200000.0,2983500000.0,4233700000.0,7023616076.0,8700000.0,-17000000.0,300000.0,-622500000.0,-28600000.0,-436700000.0,-16200000.0,17400000.0,414200000.0,8600000.0,100100000.0,100100000.0,100100000.0,-66200000.0,0.0,0.071,304600000.0,3000000.0,701600000.0,0.283,1.793,28.528,28.06,1289500000.0,0.0,20.905,0.822,0.822,1359800000.0,3745800000.0,1416500000.0,1416500000.0,0.0,,,,,0.0,288100000.0,1.0,335977808.0,335977808.0,,4.216,5478200000.0,0.0,-101800000.0,178800000.0,16.305,715600000.0
79,TT,MRQ,2001-09-30,2001-09-30,2001-09-30,2021-08-25,-299900000.0,10894200000.0,,3171600000.0,7722600000.0,,11.48,-37500000.0,105300000.0,105300000.0,1865000000.0,33900000.0,1.111,1.818,3854300000.0,946400000.0,2907900000.0,3854300000.0,0.0,90400000.0,0.0,0.02,0.085,97400000.0,187800000.0,0.079,187800000.0,97400000.0,31300000.0,0.1,0.1,0.1,3866000000.0,,3866000000.0,9564721281.0,17.0,11.037,152300000.0,0.452,1.0,509900000.0,0.215,5455300000.0,66100000.0,6332900000.0,,1327300000.0,174600000.0,13200000.0,161400000.0,7028200000.0,2855000000.0,4173200000.0,5691421281.0,-20700000.0,-37800000.0,-13500000.0,-81600000.0,-28600000.0,-123700000.0,-75700000.0,-1200000.0,189800000.0,-11100000.0,33900000.0,33900000.0,33900000.0,0.0,0.0,0.014,394400000.0,115500000.0,1906100000.0,0.85,1.472,22.567,21.806,1610100000.0,0.0,16.9,0.679,0.679,1512800000.0,,2374900000.0,2374900000.0,0.0,,,,,0.0,368800000.0,1.0,336770490.0,336770490.0,,7.052,5438900000.0,160400000.0,-2600000.0,2500000.0,16.15,316600000.0
80,TT,MRQ,2001-06-30,2001-06-30,2001-06-30,2021-08-25,-314800000.0,10519600000.0,,3273700000.0,7245900000.0,,12.062,-40100000.0,57600000.0,57600000.0,1933300000.0,62900000.0,1.289,1.727,3930900000.0,938800000.0,2992100000.0,3930900000.0,0.0,93600000.0,0.0,0.017,0.085,154600000.0,248200000.0,0.101,248200000.0,154600000.0,93500000.0,0.19,0.19,0.19,3857300000.0,,3857300000.0,10735784086.0,12.0,8.969,8100000.0,0.025,1.0,526000000.0,0.214,5158700000.0,61100000.0,6695300000.0,,1106800000.0,165500000.0,5900000.0,159600000.0,6662300000.0,2538900000.0,4123400000.0,6587784086.0,7400000.0,-82300000.0,4700000.0,111500000.0,-28600000.0,87600000.0,-124400000.0,-4700000.0,48200000.0,-4000000.0,62900000.0,62900000.0,62900000.0,0.0,0.0,0.026,363700000.0,162300000.0,1568500000.0,0.447,1.708,14.011,14.158,1473100000.0,0.0,20.6,0.774,0.774,1357300000.0,,2459300000.0,2459300000.0,0.0,,,,,0.0,355400000.0,1.0,319795344.0,319795344.0,,7.69,5360900000.0,117400000.0,30600000.0,31600000.0,16.764,734800000.0
81,TT,MRQ,2001-03-31,2001-03-31,2001-03-31,2021-08-25,-298600000.0,10412700000.0,,3237700000.0,7175000000.0,,10.702,-28900000.0,76200000.0,76200000.0,1787300000.0,49300000.0,0.974,2.036,4224200000.0,1681400000.0,2542800000.0,4224200000.0,0.0,93500000.0,0.0,0.017,0.085,137600000.0,231100000.0,0.101,231100000.0,137600000.0,73100000.0,0.155,0.155,0.155,3430300000.0,,3430300000.0,10353901886.0,10.0,7.733,-156100000.0,-0.487,1.0,504000000.0,0.22,5054200000.0,64500000.0,6181500000.0,,1106500000.0,172500000.0,4600000.0,167900000.0,6982400000.0,3325000000.0,3657400000.0,6363901886.0,21600000.0,-3700000.0,-54300000.0,164400000.0,-27300000.0,82800000.0,65000000.0,97400000.0,-127200000.0,1000000.0,49300000.0,49300000.0,49300000.0,0.0,0.0,0.022,365400000.0,138600000.0,1525600000.0,0.548,1.855,10.921,10.97,1504400000.0,0.0,19.855,0.768,0.768,1326700000.0,,2291300000.0,2291300000.0,0.0,,,,,0.0,342100000.0,1.0,320518856.0,320518856.0,,7.149,5358500000.0,103000000.0,23800000.0,118000000.0,16.718,-87300000.0
82,TT,MRQ,2000-12-31,2000-12-31,2000-12-31,2021-08-25,-260600000.0,11052600000.0,,3376200000.0,7676400000.0,,10.844,-7300000.0,97000000.0,97000000.0,898200000.0,106100000.0,0.773,2.175,4069000000.0,2126100000.0,1942900000.0,4069000000.0,0.0,41900000.0,0.0,0.016,0.085,157600000.0,199500000.0,0.159,199500000.0,157600000.0,109400000.0,0.33,0.33,0.33,3481200000.0,,3481200000.0,11133026413.0,10.0,7.782,308800000.0,0.962,1.0,353100000.0,0.282,5372200000.0,48200000.0,5283900000.0,,1242300000.0,130400000.0,130400000.0,0.0,7571400000.0,4368500000.0,3202900000.0,6722426413.0,20200000.0,10000000.0,5400000.0,474700000.0,-27200000.0,-425300000.0,-40000000.0,-10200000.0,316100000.0,3900000.0,106100000.0,106100000.0,106100000.0,-108900000.0,0.0,0.085,283100000.0,70000000.0,681400000.0,0.258,1.931,10.042,10.092,1653400000.0,0.0,20.94,0.799,0.799,1671000000.0,3612700000.0,1251300000.0,1251300000.0,0.0,,,,,0.0,245100000.0,1.0,321032780.0,321032780.0,,3.898,5680400000.0,152900000.0,3300000.0,0.0,17.694,-992300000.0
83,TT,MRQ,2000-09-30,2000-09-30,2000-09-30,2021-08-25,-259100000.0,10609400000.0,,3430000000.0,7179400000.0,,10.549,-58300000.0,58000000.0,58000000.0,1889000000.0,251900000.0,0.862,2.121,4468600000.0,2388000000.0,2080600000.0,4468600000.0,0.0,106200000.0,0.0,0.02,0.085,412000000.0,518200000.0,0.206,518200000.0,412000000.0,327500000.0,0.78,0.775,0.78,3399000000.0,,3399000000.0,10708164894.0,8.0,6.756,45100000.0,0.14,1.0,622900000.0,0.248,5156200000.0,84500000.0,5886900000.0,,961500000.0,272000000.0,105700000.0,166300000.0,7210400000.0,3976900000.0,3233500000.0,5467964894.0,-3600000.0,886400000.0,-46300000.0,-823800000.0,-27400000.0,-891800000.0,837700000.0,0.0,103400000.0,-6300000.0,251900000.0,251900000.0,251900000.0,-121200000.0,0.0,0.1,379700000.0,243200000.0,1421900000.0,0.109,1.609,7.499,7.525,1436800000.0,0.0,16.97,0.621,0.621,1481700000.0,,2511900000.0,2511900000.0,0.0,,,,,0.0,341500000.0,1.0,322213606.0,322213606.0,,7.796,5453200000.0,142700000.0,75600000.0,167000000.0,16.924,-546900000.0
84,TT,MRQ,2000-06-30,2000-06-30,2000-06-30,2021-08-25,-235600000.0,11178600000.0,,4069200000.0,7109400000.0,,9.988,-28800000.0,80400000.0,80400000.0,1614800000.0,175400000.0,0.854,2.458,5320600000.0,3242400000.0,2078200000.0,5320600000.0,0.0,66300000.0,0.0,0.017,0.085,323800000.0,390100000.0,0.175,390100000.0,323800000.0,268500000.0,0.545,0.54,0.545,3233100000.0,,3233100000.0,9855213378.0,9.0,7.067,52600000.0,0.162,1.0,618100000.0,0.277,5127500000.0,55300000.0,6525000000.0,,947200000.0,173100000.0,7400000.0,165700000.0,7945500000.0,4766300000.0,3179200000.0,6514713378.0,-5600000.0,-1710500000.0,-11800000.0,1679600000.0,-27500000.0,1640300000.0,-1736100000.0,100000.0,81400000.0,-2800000.0,175400000.0,175400000.0,175400000.0,2300000.0,0.0,0.079,269600000.0,348500000.0,1464000000.0,0.156,2.015,10.596,10.62,1431500000.0,0.0,20.125,0.8,0.8,1530100000.0,,2232900000.0,2232900000.0,0.0,,,,,0.0,269600000.0,1.0,323712466.0,323712466.0,,6.898,6051100000.0,114000000.0,93100000.0,59900000.0,18.693,-697100000.0
85,TT,MRQ,2000-03-31,2000-03-31,2000-03-31,2021-08-25,-194800000.0,9013600000.0,,3515500000.0,5498100000.0,,9.643,-45800000.0,86000000.0,86000000.0,1481600000.0,136000000.0,1.523,1.881,3426500000.0,910700000.0,2515800000.0,3426500000.0,0.0,69000000.0,0.0,0.015,0.085,261100000.0,330100000.0,0.163,330100000.0,261100000.0,212900000.0,0.42,0.415,0.42,3128500000.0,,3128500000.0,9966220466.0,9.0,7.25,2800000.0,0.009,1.0,538800000.0,0.267,3714600000.0,48200000.0,6331600000.0,,835000000.0,160700000.0,0.0,160700000.0,5885100000.0,2307900000.0,3577200000.0,7177820466.0,-136900000.0,-496600000.0,-60300000.0,414500000.0,-27700000.0,326500000.0,-522400000.0,200000.0,48600000.0,-2500000.0,136000000.0,136000000.0,136000000.0,-4300000.0,0.0,0.067,269500000.0,269300000.0,1334100000.0,0.202,2.294,11.847,11.927,1234900000.0,0.0,22.125,0.903,0.903,1179300000.0,,2020400000.0,2020400000.0,0.0,,,,,0.0,269500000.0,1.0,324421264.0,324421264.0,,6.228,5299000000.0,151300000.0,76900000.0,63100000.0,16.334,1207600000.0
86,TT,MRQ,1999-12-31,1999-12-31,1999-12-31,2021-08-25,-177000000.0,8400200000.0,,2868300000.0,5531900000.0,,9.424,-51900000.0,222900000.0,222900000.0,1489900000.0,165900000.0,1.649,1.725,3011300000.0,495500000.0,2515800000.0,3011300000.0,0.0,67900000.0,0.0,0.012,0.085,278600000.0,346500000.0,0.17,346500000.0,278600000.0,250800000.0,0.51,0.505,0.51,3083000000.0,,3083000000.0,11721790100.0,11.0,8.657,320900000.0,0.981,1.0,549900000.0,0.27,3726300000.0,27800000.0,5723400000.0,,742100000.0,198700000.0,500000.0,198200000.0,5317200000.0,1738900000.0,3578300000.0,9006490100.0,161100000.0,36800000.0,-36000000.0,-325000000.0,-27800000.0,-163000000.0,-14500000.0,-500000.0,372800000.0,-13700000.0,165900000.0,165900000.0,165900000.0,-12500000.0,0.0,0.081,286500000.0,263400000.0,1224400000.0,0.167,2.921,15.237,15.252,1240200000.0,0.0,27.53,1.152,1.152,988500000.0,3053100000.0,2039800000.0,2039800000.0,0.0,,,,,0.0,286500000.0,1.0,327151838.0,327151838.0,,6.235,4673900000.0,211900000.0,84900000.0,19000000.0,14.287,1129400000.0
87,TT,MRQ,1999-09-30,1999-09-30,1999-09-30,2021-08-25,-158700000.0,8037200000.0,,2443500000.0,5593700000.0,,9.001,-23500000.0,61800000.0,61800000.0,1324700000.0,137500000.0,1.598,1.704,2777100000.0,258400000.0,2518700000.0,2777100000.0,0.0,66700000.0,0.0,0.011,0.085,261100000.0,327800000.0,0.178,327800000.0,261100000.0,211000000.0,0.42,0.415,0.42,2972000000.0,,2972000000.0,11877668508.0,11.0,8.828,186600000.0,0.565,1.0,521400000.0,0.282,3772000000.0,50100000.0,5451100000.0,,783900000.0,189600000.0,1800000.0,187800000.0,5065200000.0,1529400000.0,3535800000.0,9070568508.0,5000000.0,46600000.0,-84200000.0,-217200000.0,-28000000.0,-220800000.0,7600000.0,0.0,210100000.0,11000000.0,137500000.0,137500000.0,137500000.0,-4700000.0,0.0,0.074,248500000.0,272900000.0,1241700000.0,0.202,3.052,15.78,15.652,1251400000.0,0.0,27.47,1.17,1.17,1106800000.0,,1846100000.0,1846100000.0,0.0,,,,,0.0,248500000.0,1.0,330199072.0,330199072.0,,5.591,4265200000.0,351200000.0,73500000.0,29300000.0,12.917,914100000.0
88,TT,MRQ,1999-06-30,1999-06-30,1999-06-30,2021-08-25,-215500000.0,8466200000.0,,2595400000.0,5870800000.0,,8.69,-41700000.0,79300000.0,79300000.0,1468400000.0,166500000.0,1.432,1.936,2886400000.0,298000000.0,2588400000.0,2886400000.0,0.0,64700000.0,0.0,0.009,0.075,305600000.0,370300000.0,0.181,370300000.0,305600000.0,252500000.0,0.505,0.495,0.505,2883800000.0,,2883800000.0,13674815971.0,13.0,10.498,151000000.0,0.455,1.0,573600000.0,0.281,3800800000.0,53100000.0,5660200000.0,,905800000.0,332000000.0,3700000.0,328300000.0,5582400000.0,1812300000.0,3770100000.0,10724315971.0,11400000.0,-100000.0,-17300000.0,-132900000.0,-24800000.0,-178600000.0,-33300000.0,0.0,192700000.0,-9000000.0,166500000.0,166500000.0,166500000.0,-10300000.0,0.0,0.082,268800000.0,304800000.0,1494100000.0,0.149,3.719,19.264,19.009,1341300000.0,0.0,32.315,1.392,1.392,1293000000.0,,2042000000.0,2042000000.0,0.0,,,,,0.0,268800000.0,1.0,331868048.0,331868048.0,,6.153,4665400000.0,362900000.0,86000000.0,20200000.0,14.058,783100000.0
89,TT,MRQ,1999-03-31,1999-03-31,1999-03-31,2021-08-25,-192600000.0,8478500000.0,,2488000000.0,5990500000.0,,8.415,-43000000.0,72700000.0,72700000.0,1390200000.0,121100000.0,1.264,2.055,3023200000.0,455000000.0,2568200000.0,3023200000.0,0.0,73100000.0,10900000.0,0.012,0.075,236300000.0,309400000.0,0.164,309400000.0,236300000.0,183800000.0,0.37,0.365,0.37,2775700000.0,,2775700000.0,11000121677.0,11.0,8.575,36100000.0,0.109,1.0,500900000.0,0.265,3730700000.0,52500000.0,5730100000.0,,940500000.0,363100000.0,3800000.0,359300000.0,5702800000.0,1968200000.0,3734600000.0,8184821677.0,1900000.0,-159700000.0,1900000.0,140100000.0,-24700000.0,117300000.0,-196800000.0,0.0,79100000.0,3900000.0,121100000.0,121100000.0,121100000.0,-7100000.0,0.0,0.064,262300000.0,238600000.0,1445400000.0,0.203,2.949,15.411,15.271,1334500000.0,0.0,24.815,1.043,1.043,1237500000.0,,1891100000.0,1891100000.0,0.0,,,,,0.0,262300000.0,1.0,329833636.0,329833636.0,,5.733,4747800000.0,365500000.0,62700000.0,56900000.0,14.395,519800000.0
90,TT,MRQ,1998-12-31,1998-12-31,1998-12-31,2021-08-25,-130500000.0,7926400000.0,,2358600000.0,5567800000.0,,8.302,-48700000.0,43500000.0,43500000.0,1451800000.0,149700000.0,1.455,1.903,2886500000.0,318000000.0,2568500000.0,2886500000.0,0.0,65100000.0,0.0,0.013,0.075,272800000.0,337900000.0,0.171,337900000.0,272800000.0,219900000.0,0.46,0.455,0.46,2730100000.0,,2730100000.0,10757385786.0,11.0,8.623,197000000.0,0.599,1.0,519000000.0,0.263,3765800000.0,52900000.0,5382400000.0,,824800000.0,185600000.0,2000000.0,183600000.0,5196300000.0,1621200000.0,3575100000.0,7769085786.0,-21300000.0,-1900000.0,-3000000.0,-408400000.0,-24600000.0,-221800000.0,-30300000.0,20300000.0,245700000.0,-800000.0,149700000.0,149700000.0,149700000.0,4000000.0,0.0,0.076,260300000.0,258700000.0,1284400000.0,0.163,2.846,15.26,15.193,1236700000.0,0.0,23.625,1.03,1.03,963700000.0,2567300000.0,1970800000.0,1970800000.0,0.0,,,,,0.0,260300000.0,1.0,328850192.0,328850192.0,,5.993,4160600000.0,274800000.0,70200000.0,18800000.0,12.652,737400000.0
91,TT,MRQ,1998-09-30,1998-09-30,1998-09-30,2021-08-25,-166400000.0,8450800000.0,,2587200000.0,5863600000.0,,7.727,-30100000.0,97200000.0,97200000.0,1320100000.0,119400000.0,1.42,2.309,3085500000.0,256300000.0,2829200000.0,3085500000.0,0.0,55000000.0,0.0,0.016,0.075,230000000.0,285000000.0,0.158,285000000.0,230000000.0,178500000.0,0.365,0.36,0.365,2553600000.0,,2553600000.0,9447747695.0,10.0,8.233,225600000.0,0.683,1.0,482200000.0,0.268,3802700000.0,51500000.0,5814700000.0,,959100000.0,328700000.0,5700000.0,323000000.0,5897200000.0,1821700000.0,4075500000.0,6269447695.0,-5300000.0,19800000.0,-36700000.0,-403800000.0,-24500000.0,-263100000.0,-9300000.0,1000000.0,255700000.0,3300000.0,119400000.0,119400000.0,119400000.0,-12100000.0,0.0,0.066,245200000.0,237000000.0,1565400000.0,0.205,2.455,13.828,13.746,1319000000.0,0.0,18.97,0.888,0.888,1237800000.0,,1802300000.0,1802300000.0,0.0,,,,,0.0,245200000.0,1.0,330492762.0,330492762.0,,5.453,4648100000.0,486200000.0,59100000.0,0.0,14.064,765500000.0
92,TT,MRQ,1998-06-30,1998-06-30,1998-06-30,2021-08-25,-184200000.0,8480700000.0,,2630200000.0,5850500000.0,,7.467,-37500000.0,108500000.0,108500000.0,1596700000.0,140900000.0,1.418,2.431,3286800000.0,356800000.0,2930000000.0,3286800000.0,0.0,74100000.0,0.0,0.012,0.075,276400000.0,350500000.0,0.16,350500000.0,276400000.0,218400000.0,0.43,0.425,0.43,2471800000.0,,2471800000.0,10564441504.0,12.0,9.65,170700000.0,0.516,1.0,589500000.0,0.27,3795600000.0,58000000.0,6009100000.0,,903400000.0,348700000.0,10600000.0,338100000.0,6008900000.0,1854300000.0,4154600000.0,7292241504.0,2300000.0,-3400000.0,-35600000.0,-180000000.0,-24600000.0,-150200000.0,-52500000.0,-11600000.0,208200000.0,-3200000.0,140900000.0,140900000.0,140900000.0,0.0,0.0,0.064,303200000.0,286300000.0,1497500000.0,0.174,2.95,16.915,16.753,1290500000.0,0.0,22.03,1.049,1.049,1320200000.0,,2186200000.0,2186200000.0,0.0,,,,,0.0,303200000.0,1.0,331014140.0,331014140.0,,6.605,4685100000.0,456000000.0,77500000.0,0.0,14.154,775900000.0
93,TT,MRQ,1998-03-31,1998-03-31,1998-03-31,2021-08-25,-175300000.0,8522200000.0,,2654900000.0,5867300000.0,,7.297,-61700000.0,106200000.0,106200000.0,1484100000.0,99100000.0,1.352,2.561,3378400000.0,448400000.0,2930000000.0,3378400000.0,0.0,69400000.0,0.0,0.011,0.075,215900000.0,285300000.0,0.142,285300000.0,215900000.0,153600000.0,0.3,0.3,0.3,2393400000.0,,2393400000.0,11294833876.0,14.0,11.324,114400000.0,0.349,1.0,518800000.0,0.259,3815200000.0,62300000.0,6015000000.0,,920100000.0,329000000.0,8200000.0,320800000.0,6128800000.0,1964200000.0,4164600000.0,7946633876.0,1300000.0,-12100000.0,394700000.0,-953600000.0,-24600000.0,-106700000.0,-69800000.0,4000000.0,176100000.0,1700000.0,99100000.0,99100000.0,99100000.0,0.0,0.0,0.049,305200000.0,213600000.0,1515800000.0,0.25,3.32,19.778,19.567,1294300000.0,0.0,23.97,1.204,1.191,1322800000.0,,2002900000.0,2002900000.0,0.0,,,,,0.0,305200000.0,1.0,331524150.0,328000000.0,328000000.0,6.106,4707000000.0,207000000.0,54500000.0,0.0,14.351,690700000.0
94,TT,MRQ,1997-12-31,1997-12-31,1997-12-31,2021-08-25,-156400000.0,8415600000.0,,2544900000.0,5870700000.0,,7.063,-34600000.0,104900000.0,104900000.0,778300000.0,94000000.0,1.093,2.594,3453100000.0,925100000.0,2528000000.0,3453100000.0,0.0,42400000.0,14500000.0,0.013,0.075,184300000.0,226700000.0,0.212,226700000.0,184300000.0,132200000.0,0.285,0.285,0.285,2341400000.0,,2341400000.0,,,,232400000.0,0.701,1.0,290000000.0,0.271,3833000000.0,52100000.0,5603000000.0,,854800000.0,334900000.0,6900000.0,328000000.0,6074200000.0,2327800000.0,3746400000.0,6713364038.0,-101800000.0,-2559100000.0,-9400000.0,4446800000.0,-24600000.0,2189400000.0,-2602800000.0,-9100000.0,267000000.0,-14200000.0,94000000.0,94000000.0,94000000.0,-21900000.0,0.0,0.088,122400000.0,167600000.0,1370500000.0,0.263,2.867,17.644,17.382,1283200000.0,0.0,20.25,1.076,1.076,1281500000.0,2156500000.0,1068300000.0,1068300000.0,0.0,,,,,0.0,122400000.0,1.0,331524150.0,331524150.0,,3.222,4582600000.0,375700000.0,38200000.0,17700000.0,13.823,217100000.0
95,TT,MRQ,1997-09-30,1997-09-30,1997-09-30,2021-08-25,,,,,,,,-39200000.0,,,1250800000.0,97100000.0,,,,,,,,49600000.0,,0.012,0.05,182700000.0,232300000.0,0.137,232300000.0,182700000.0,156600000.0,0.3,0.29,0.3,,,,,,,180400000.0,,1.0,443200000.0,0.262,,26100000.0,,,,,,,,,,,33900000.0,5300000.0,-14400000.0,-260800000.0,-24500000.0,-169300000.0,-23900000.0,10000000.0,219600000.0,7500000.0,97100000.0,97100000.0,97100000.0,0.0,0.0,0.057,263500000.0,179700000.0,,0.167,,,,,0.0,21.565,,,,,1694000000.0,1694000000.0,0.0,,,,,0.0,263500000.0,1.0,,,,,,,59500000.0,,,
96,TT,MRQ,1997-06-30,1997-06-30,1997-06-30,2021-08-25,,,,,,,,-32100000.0,,,1355500000.0,111600000.0,,,,,,,,44100000.0,,0.013,0.068,209000000.0,253100000.0,0.138,253100000.0,209000000.0,179900000.0,0.34,0.34,0.34,,,,,,,101000000.0,,1.0,481900000.0,0.262,,29100000.0,,,,,,,,,,,-292700000.0,-326200000.0,25200000.0,-133600000.0,-22300000.0,-63900000.0,-364400000.0,-6100000.0,133100000.0,2500000.0,111600000.0,111600000.0,111600000.0,0.0,0.0,0.061,272300000.0,209600000.0,,0.2,,,,,0.0,20.583,,,,,1837400000.0,1837400000.0,0.0,,,,,0.0,272300000.0,1.0,,,,,,,68300000.0,,,
97,TT,MRQ,1997-03-31,1997-03-31,1997-03-31,2021-08-25,,,,,,,,-29300000.0,,,1228400000.0,77800000.0,,,,,,,,56100000.0,,0.018,0.068,159500000.0,215600000.0,0.132,215600000.0,159500000.0,131600000.0,0.24,0.24,0.24,,,,,,,18600000.0,0.057,1.0,411000000.0,0.251,,27900000.0,,,,,,,,,,,282000000.0,241500000.0,8900000.0,30200000.0,-22200000.0,1800000.0,222300000.0,10100000.0,47900000.0,10000000.0,77800000.0,77800000.0,77800000.0,0.0,0.0,0.047,244400000.0,166600000.0,,0.283,,,,,0.0,14.5,,,,,1639400000.0,1639400000.0,0.0,,,,,0.0,244400000.0,1.0,,324600000.0,324600000.0,5.051,,,53800000.0,,,
98,TT,MRQ,1996-12-31,1996-12-31,1996-12-31,2021-08-25,75800000.0,5621600000.0,,2535600000.0,3086000000.0,,,,184100000.0,184100000.0,,,1.965,1.689,1326100000.0,162300000.0,1163800000.0,1326100000.0,0.0,,19100000.0,0.018,0.068,,,,,,,,,,2090800000.0,,2090800000.0,,,,,,1.0,,,1178000000.0,,4295400000.0,,775100000.0,384200000.0,8000000.0,376200000.0,3530800000.0,1290200000.0,2240600000.0,,,,,,,,,,,,,,,,,,,,1095400000.0,,,,13.363,1145400000.0,,14.833,,,1066200000.0,1869600000.0,,,,,,,,,,1.0,,,,,4443600000.0,325000000.0,,13400000.0,,1245400000.0
0,TT,MRT,2021-06-30,2021-06-30,2021-06-30,2021-08-25,-652200000.0,18369400000.0,18072575000.0,7125100000.0,11244300000.0,0.748,26.917,-164000000.0,2912400000.0,2912400000.0,9215400000.0,1360600000.0,1.579,1.842,4965200000.0,475400000.0,4489800000.0,4965200000.0,0.0,295900000.0,0.0,0.012,2.24,1923000000.0,2218900000.0,0.164,2218900000.0,1923000000.0,1678700000.0,5.61,5.53,5.61,6457300000.0,6382100000.0,6457300000.0,46170321939.0,24.0,20.808,2144000000.0,8.937,1.0,4306500000.0,0.318,8561500000.0,244300000.0,7347800000.0,7301400000.0,1386300000.0,0.0,0.0,0.0,11896700000.0,4512900000.0,7383800000.0,44036621939.0,545600000.0,-193100000.0,-519100000.0,-310100000.0,-535600000.0,-1387900000.0,-429500000.0,0.0,2308000000.0,55000000.0,1345200000.0,1345200000.0,1345200000.0,6700000.0,15400000.0,0.099,2347400000.0,1959100000.0,1833200000.0,0.399,6.82,32.736,32.824,1324900000.0,0.0,184.14,3.257,3.267,2532100000.0,8566200000.0,13521900000.0,13521900000.0,0.0,0.074,0.211,0.263,0.142,63500000.0,2347400000.0,1.0,239147507.0,239900000.0,,56.365,9807900000.0,0.0,333500000.0,594100000.0,40.883,2612200000.0
1,TT,MRT,2021-03-31,2021-03-31,2021-03-31,2021-08-25,-699800000.0,17824800000.0,17786125000.0,6622100000.0,11202700000.0,0.721,26.302,-155300000.0,2838000000.0,2838000000.0,8816900000.0,1133700000.0,1.586,1.828,4971700000.0,475400000.0,4496300000.0,4971700000.0,0.0,295300000.0,0.0,0.013,2.18,1659800000.0,1955100000.0,0.152,1955100000.0,1659800000.0,1413500000.0,4.67,4.61,4.67,6296700000.0,6252000000.0,6296700000.0,41456455572.0,25.0,21.204,1867400000.0,7.8,1.0,4014100000.0,0.313,8568100000.0,246300000.0,7215800000.0,7451375000.0,1373100000.0,0.0,0.0,0.0,11512000000.0,4174600000.0,7337400000.0,39474255572.0,190300000.0,-207400000.0,-291100000.0,-611100000.0,-521600000.0,-1440000000.0,-449400000.0,0.0,2022700000.0,57000000.0,1119300000.0,1119300000.0,1119300000.0,42700000.0,14400000.0,0.087,2282500000.0,1731600000.0,1608900000.0,0.467,6.269,35.267,35.452,1327700000.0,0.0,165.56,3.076,3.089,2159400000.0,8452300000.0,12831000000.0,12831000000.0,0.0,0.063,0.179,0.223,0.129,65200000.0,2282500000.0,1.0,238428700.0,239400000.0,,53.596,9256700000.0,0.0,294200000.0,563000000.0,38.666,2447500000.0
2,TT,MRT,2020-12-31,2020-12-31,2020-12-31,2021-08-25,-631500000.0,18156700000.0,17738825000.0,6905600000.0,11251100000.0,0.702,26.685,-146100000.0,3289900000.0,3289900000.0,8651300000.0,870000000.0,1.592,1.831,5272100000.0,775600000.0,4496500000.0,5272100000.0,0.0,294300000.0,0.0,0.015,2.12,1400400000.0,1694700000.0,0.136,1694700000.0,1400400000.0,1151700000.0,3.56,3.52,3.56,6407700000.0,6120975000.0,6407700000.0,36935733532.0,26.0,21.795,1288900000.0,5.368,1.0,3803400000.0,0.305,8629200000.0,248700000.0,7170800000.0,7635000000.0,1189200000.0,0.0,0.0,0.0,11729600000.0,4338900000.0,7390700000.0,34856533532.0,2011300000.0,-193600000.0,-185500000.0,-618600000.0,-507300000.0,884300000.0,-376200000.0,0.0,1435000000.0,68200000.0,854900000.0,854900000.0,854900000.0,121400000.0,15100000.0,0.069,2270600000.0,1532800000.0,1520200000.0,0.596,5.44,40.773,40.775,1349500000.0,0.0,145.16,2.799,2.799,2202100000.0,8495300000.0,12454700000.0,12454700000.0,0.0,0.048,0.14,0.183,0.112,69500000.0,2270600000.0,1.0,240124921.0,240124921.0,,51.868,9527500000.0,0.0,296800000.0,578500000.0,39.677,2566700000.0
3,TT,MRT,2020-09-30,2020-09-30,2020-09-30,2021-08-25,-761000000.0,17939400000.0,18322725000.0,6973500000.0,10965900000.0,0.68,26.484,-140700000.0,3190100000.0,3190100000.0,8687000000.0,921900000.0,1.672,1.815,5269300000.0,775100000.0,4494200000.0,5269300000.0,0.0,296700000.0,0.0,0.017,2.12,1426900000.0,1723600000.0,0.138,1723600000.0,1426900000.0,1176700000.0,3.79,3.73,3.79,6366700000.0,6335950000.0,6366700000.0,31922991658.0,22.0,18.521,1533800000.0,6.38,1.0,3772300000.0,0.303,8377300000.0,250200000.0,7471200000.0,8617050000.0,1229200000.0,0.0,0.0,0.0,11558400000.0,4170100000.0,7388300000.0,29021691658.0,2384200000.0,-16200000.0,-180300000.0,-311300000.0,-507300000.0,886800000.0,-204800000.0,0.0,1674500000.0,27700000.0,906300000.0,906300000.0,906300000.0,-45300000.0,15600000.0,0.073,2297300000.0,1475000000.0,1458800000.0,0.559,4.558,32.022,31.992,1314100000.0,0.0,121.25,2.329,2.339,2312600000.0,8489300000.0,12459300000.0,12459300000.0,0.0,0.049,0.143,0.166,0.115,69500000.0,2297300000.0,1.0,239354158.0,240400000.0,,51.827,9562100000.0,0.0,270400000.0,635500000.0,39.776,2803400000.0
4,TT,MRT,2020-06-30,2020-06-30,2020-06-30,2021-08-25,-876100000.0,17223600000.0,18914600000.0,6344700000.0,10878900000.0,0.657,24.737,-169700000.0,2366800000.0,2366800000.0,8692800000.0,980700000.0,1.657,1.897,5268100000.0,649900000.0,4618200000.0,5268100000.0,0.0,294900000.0,0.0,0.024,2.12,1477200000.0,1772100000.0,0.143,1772100000.0,1477200000.0,1225500000.0,4.02,3.97,4.02,5936900000.0,6553675000.0,5936900000.0,24211521433.0,16.0,13.663,1233700000.0,5.14,1.0,3741900000.0,0.301,8348000000.0,251700000.0,7947700000.0,9095525000.0,1353000000.0,0.0,0.0,0.0,11264100000.0,3829200000.0,7434900000.0,21284721433.0,1516200000.0,-74300000.0,-450700000.0,-670300000.0,-504000000.0,445800000.0,-301500000.0,0.0,1403400000.0,-31500000.0,964500000.0,964500000.0,964500000.0,-127900000.0,16200000.0,0.078,2297300000.0,1444600000.0,1368200000.0,0.527,3.585,22.068,22.134,1314700000.0,0.0,88.98,1.712,1.717,2316400000.0,8222100000.0,12434700000.0,12434700000.0,0.0,0.051,0.147,0.162,0.119,70700000.0,2297300000.0,1.0,239207928.0,240000000.0,,51.811,8875600000.0,0.0,261000000.0,580800000.0,36.982,2515500000.0
5,TT,MRT,2020-03-31,2020-03-31,2020-03-31,2021-08-25,-926000000.0,17635600000.0,19775600000.0,6559800000.0,11075800000.0,0.653,24.103,-188900000.0,2647700000.0,2647700000.0,8995100000.0,1198900000.0,1.547,2.052,5574500000.0,949700000.0,4624800000.0,5574500000.0,0.0,292900000.0,0.0,0.026,2.12,1706100000.0,1999000000.0,0.155,1999000000.0,1706100000.0,1451200000.0,4.9,4.84,4.9,5772600000.0,6852075000.0,5772600000.0,23959341315.0,14.0,11.986,1455600000.0,6.078,1.0,3918400000.0,0.303,8371300000.0,254900000.0,7950300000.0,9426525000.0,1463700000.0,0.0,0.0,0.0,11845800000.0,4240800000.0,7605000000.0,19689541315.0,765300000.0,-60400000.0,-439500000.0,-65300000.0,-508300000.0,909800000.0,-1744100000.0,0.0,1644500000.0,-44900000.0,1181800000.0,1181800000.0,1181800000.0,-211800000.0,17100000.0,0.092,2330400000.0,1588000000.0,1446700000.0,0.433,3.411,16.661,16.855,1326200000.0,0.0,82.59,1.525,1.532,2091800000.0,8127900000.0,12913500000.0,12913500000.0,0.0,0.06,0.172,0.181,0.132,65700000.0,2330400000.0,1.0,238401033.0,239500000.0,,53.919,9264300000.0,0.0,269400000.0,561200000.0,38.682,2319000000.0
6,TT,MRT,2019-12-31,2019-12-31,2019-12-31,2021-08-25,-1006600000.0,20492300000.0,20311950000.0,9293800000.0,11198500000.0,0.644,30.333,-203200000.0,1278600000.0,1278600000.0,9085500000.0,1428500000.0,1.774,1.814,5573200000.0,650300000.0,4922900000.0,5573200000.0,0.0,288800000.0,0.0,0.016,2.12,1892300000.0,2181100000.0,0.167,2181100000.0,1892300000.0,1649500000.0,5.84,5.77,5.84,7267600000.0,7130375000.0,7267600000.0,36588713302.0,19.0,16.775,1716300000.0,7.163,1.0,3990400000.0,0.305,8449300000.0,242800000.0,11099000000.0,9791175000.0,1278600000.0,0.0,0.0,0.0,13179900000.0,5238600000.0,7941300000.0,31847213302.0,400200000.0,-83400000.0,-677600000.0,2967700000.0,-510100000.0,270500000.0,-1780000000.0,0.0,1919500000.0,-9800000.0,1410900000.0,1410900000.0,1410900000.0,-268200000.0,17600000.0,0.108,2320300000.0,1670100000.0,1381300000.0,0.363,4.382,22.572,22.76,1352000000.0,0.0,132.92,2.436,2.436,2184600000.0,9730800000.0,13075900000.0,13075900000.0,0.0,0.069,0.198,0.193,0.145,66400000.0,2320300000.0,1.0,239596850.0,239596850.0,,54.575,12043000000.0,0.0,238600000.0,572000000.0,50.264,4055200000.0
7,TT,MRT,2019-09-30,2019-09-30,2019-09-30,2021-08-25,-1069800000.0,20306900000.0,19667600000.0,6103100000.0,14203800000.0,0.532,29.945,-175400000.0,830900000.0,830900000.0,7298500000.0,1388800000.0,1.278,1.8,5572400000.0,650500000.0,4921900000.0,5572400000.0,0.0,225100000.0,0.0,0.017,2.12,1865100000.0,2090200000.0,0.2,2090200000.0,1865100000.0,1636400000.0,5.64,5.59,5.64,7237600000.0,7069150000.0,7237600000.0,34638864098.0,19.0,16.572,1388100000.0,5.743,1.0,3164400000.0,0.302,10887200000.0,228700000.0,9385100000.0,8814650000.0,1890600000.0,0.0,0.0,0.0,13027800000.0,4776100000.0,8251700000.0,29764664098.0,-191600000.0,-84700000.0,-806700000.0,2967700000.0,-511400000.0,104700000.0,-1822800000.0,0.0,1563500000.0,-37000000.0,1368800000.0,1368800000.0,1368800000.0,-486400000.0,20000000.0,0.131,1783100000.0,1381300000.0,1758800000.0,0.376,4.113,21.745,21.846,1779100000.0,0.0,123.21,2.845,2.846,2968900000.0,9762700000.0,10462900000.0,10462900000.0,0.0,0.07,0.194,0.212,0.178,133200000.0,1783100000.0,1.0,241576691.0,241700000.0,,43.289,9419700000.0,0.0,267600000.0,666300000.0,38.973,1327000000.0
8,TT,MRT,2019-06-30,2019-06-30,2019-06-30,2021-08-25,-939200000.0,20667600000.0,19167000000.0,6351500000.0,14316100000.0,0.575,29.453,-204700000.0,875600000.0,875600000.0,7650200000.0,1444800000.0,1.226,1.893,5749800000.0,829200000.0,4920600000.0,5749800000.0,0.0,237600000.0,0.0,0.017,2.12,1824400000.0,2062000000.0,0.187,2062000000.0,1824400000.0,1611100000.0,5.83,5.77,5.83,7130500000.0,7086775000.0,7130500000.0,34241012487.0,19.0,16.606,1219100000.0,5.036,1.0,3372700000.0,0.306,11089900000.0,213300000.0,9271700000.0,8313300000.0,1950500000.0,0.0,0.0,0.0,13494700000.0,5180200000.0,8314500000.0,30547512487.0,-93900000.0,-26600000.0,-585800000.0,2828300000.0,-517100000.0,271900000.0,-1771800000.0,0.0,1423800000.0,-17800000.0,1425100000.0,1425100000.0,1425100000.0,-397600000.0,19700000.0,0.129,1940900000.0,1431800000.0,1889900000.0,0.364,4.284,21.435,21.727,1794100000.0,0.0,126.67,2.771,2.782,3108300000.0,9497200000.0,11022900000.0,11022900000.0,0.0,0.074,0.201,0.219,0.166,120000000.0,1940900000.0,1.0,241158226.0,242100000.0,,45.53,9577700000.0,0.0,186000000.0,725100000.0,39.561,1171300000.0
9,TT,MRT,2019-03-31,2019-03-31,2019-03-31,2021-08-25,-958600000.0,19781000000.0,18594575000.0,7084700000.0,12696300000.0,0.633,28.395,-271200000.0,1907400000.0,1907400000.0,8151500000.0,1437100000.0,1.578,1.867,5600900000.0,374400000.0,5226500000.0,5600900000.0,0.0,259800000.0,0.0,0.019,2.04,1838300000.0,2098100000.0,0.178,2098100000.0,1838300000.0,1639200000.0,5.76,5.7,5.76,6885800000.0,7000925000.0,6885800000.0,29330003716.0,16.0,13.979,1150200000.0,4.743,1.0,3611500000.0,0.307,9577100000.0,199100000.0,9408900000.0,7817425000.0,1983700000.0,0.0,0.0,0.0,12858200000.0,4488500000.0,8369700000.0,26142103716.0,732300000.0,-106100000.0,-850800000.0,2505700000.0,-495600000.0,-152300000.0,-448100000.0,0.0,1421400000.0,-88700000.0,1417100000.0,1417100000.0,1417100000.0,-344000000.0,20000000.0,0.12,2106300000.0,1505200000.0,1800100000.0,0.354,3.797,18.448,18.741,1738400000.0,0.0,107.95,2.222,2.225,2710300000.0,9298300000.0,11763000000.0,11763000000.0,0.0,0.076,0.202,0.235,0.156,108500000.0,2106300000.0,1.0,242168631.0,242500000.0,,48.507,10203900000.0,0.0,222100000.0,527200000.0,42.078,2596200000.0
10,TT,MRT,2018-12-31,2018-12-31,2018-12-31,2021-08-25,-964100000.0,17914900000.0,18240600000.0,5732000000.0,12182900000.0,0.677,28.588,-275000000.0,903400000.0,903400000.0,8582500000.0,1357500000.0,1.328,1.545,4091300000.0,350600000.0,3740700000.0,4091300000.0,0.0,282300000.0,0.0,0.021,1.96,1793500000.0,2075800000.0,0.168,2075800000.0,1793500000.0,1572500000.0,5.41,5.35,5.41,7022700000.0,7049650000.0,7022700000.0,25479123063.0,14.0,12.274,1132800000.0,4.611,1.0,3761300000.0,0.305,9594200000.0,221000000.0,7192900000.0,7301400000.0,1677800000.0,0.0,0.0,0.0,10850100000.0,4315700000.0,6534400000.0,22411223063.0,-646000000.0,-285700000.0,-857100000.0,23200000.0,-479500000.0,-1378800000.0,-629400000.0,0.0,1407800000.0,-45600000.0,1337600000.0,1337600000.0,1337600000.0,-334600000.0,19900000.0,0.108,2249200000.0,1512100000.0,1705300000.0,0.362,3.191,16.755,16.863,1730800000.0,0.0,91.23,1.816,1.816,2679200000.0,9439800000.0,12343800000.0,12343800000.0,0.0,0.073,0.19,0.246,0.145,78800000.0,2249200000.0,1.0,245656287.0,245656287.0,,50.248,8320700000.0,0.0,234900000.0,538400000.0,33.871,1416300000.0
11,TT,MRT,2018-09-30,2018-09-30,2018-09-30,2021-08-25,-919800000.0,18304500000.0,18305200000.0,6082600000.0,12221900000.0,0.841,29.659,-321100000.0,1022500000.0,1022500000.0,10645100000.0,1553200000.0,1.407,1.5,4090400000.0,350600000.0,3739800000.0,4090400000.0,0.0,364400000.0,0.0,0.018,1.88,1765900000.0,2130300000.0,0.138,2130300000.0,1765900000.0,1540400000.0,6.2,6.14,6.2,7308100000.0,7079050000.0,7308100000.0,28464168602.0,16.0,13.362,1226600000.0,4.978,1.0,4746100000.0,0.308,9668700000.0,225500000.0,7379700000.0,7048500000.0,1821400000.0,0.0,0.0,0.0,10961300000.0,4324000000.0,6637300000.0,25095168602.0,-236500000.0,-378800000.0,-543200000.0,23200000.0,-463300000.0,-1078900000.0,-688900000.0,0.0,1547700000.0,-16400000.0,1543500000.0,1543500000.0,1543500000.0,57900000.0,9700000.0,0.1,2888800000.0,1857300000.0,1748700000.0,0.303,3.434,16.259,16.5,1673400000.0,0.0,102.3,1.63,1.638,2752100000.0,9624800000.0,15391200000.0,15391200000.0,0.0,0.084,0.218,0.251,0.115,70800000.0,2888800000.0,1.0,245309566.0,246400000.0,,62.464,8635800000.0,0.0,-3100000.0,610200000.0,35.048,1758600000.0
12,TT,MRT,2018-06-30,2018-06-30,2018-06-30,2021-08-25,-904600000.0,18377900000.0,18159775000.0,6161700000.0,12216200000.0,0.828,27.423,-303700000.0,969500000.0,969500000.0,10416700000.0,1405700000.0,1.296,1.702,4338500000.0,599600000.0,3738900000.0,4338500000.0,0.0,367000000.0,0.0,0.02,1.8,1700700000.0,2067700000.0,0.138,2067700000.0,1700700000.0,1469800000.0,5.56,5.51,5.56,6787100000.0,6946075000.0,6787100000.0,25425517037.0,15.0,12.297,1192000000.0,4.816,1.0,4614100000.0,0.307,9706000000.0,230900000.0,7288200000.0,6765000000.0,1733300000.0,0.0,0.0,0.0,11554200000.0,4752700000.0,6801500000.0,22249917037.0,-340600000.0,-399200000.0,-865100000.0,513600000.0,-447100000.0,-1157000000.0,-700700000.0,0.0,1495700000.0,21400000.0,1395400000.0,1395400000.0,1395400000.0,42500000.0,10300000.0,0.093,2837700000.0,1776400000.0,1832100000.0,0.324,3.278,15.945,16.138,1646800000.0,0.0,89.73,1.48,1.478,2946900000.0,9109900000.0,15030800000.0,15030800000.0,0.0,0.077,0.201,0.251,0.113,70800000.0,2837700000.0,1.0,247965196.0,247500000.0,,60.731,8671900000.0,0.0,74400000.0,735400000.0,35.038,1409000000.0
13,TT,MRT,2018-03-31,2018-03-31,2018-03-31,2021-08-25,-626700000.0,18365100000.0,18008675000.0,6071500000.0,12293600000.0,0.81,28.278,-237800000.0,1175100000.0,1175100000.0,10105700000.0,1315300000.0,1.405,1.585,4350700000.0,605200000.0,3745500000.0,4350700000.0,0.0,360000000.0,0.0,0.02,1.75,1625100000.0,1985100000.0,0.136,1985100000.0,1625100000.0,1390400000.0,5.15,5.1,5.15,7080700000.0,6929700000.0,7080700000.0,23882633957.0,15.0,12.031,1262900000.0,5.044,1.0,4475800000.0,0.307,9875200000.0,234700000.0,7344800000.0,6716875000.0,1778800000.0,0.0,0.0,0.0,11224700000.0,4320700000.0,6904000000.0,21368033957.0,-147400000.0,-349400000.0,-940100000.0,527100000.0,-439000000.0,-1187400000.0,-587800000.0,0.0,1500700000.0,127100000.0,1305900000.0,1305900000.0,1305900000.0,28300000.0,9400000.0,0.09,2782100000.0,1693700000.0,1666100000.0,0.34,3.018,16.363,16.604,1611300000.0,0.0,85.51,1.465,1.468,2516000000.0,8904400000.0,14581500000.0,14581500000.0,0.0,0.073,0.188,0.242,0.111,70800000.0,2782100000.0,1.0,249889299.0,250400000.0,,58.233,8489900000.0,0.0,84500000.0,768700000.0,33.905,1750800000.0
14,TT,MRT,2017-12-31,2017-12-31,2017-12-31,2021-08-25,-778800000.0,18173300000.0,17732275000.0,6119100000.0,12054200000.0,0.801,28.576,-219800000.0,1549400000.0,1549400000.0,9811600000.0,1312300000.0,1.267,1.536,4064000000.0,1107000000.0,2957000000.0,4064000000.0,0.0,353300000.0,0.0,0.019,1.7,1598600000.0,1951900000.0,0.137,1951900000.0,1598600000.0,1382800000.0,5.11,5.05,5.11,7140300000.0,6805475000.0,7140300000.0,25089314879.0,16.0,12.854,1303700000.0,5.218,1.0,4386000000.0,0.309,9678600000.0,215800000.0,6181300000.0,6636475000.0,1555400000.0,0.0,0.0,0.0,10966400000.0,4828000000.0,6138400000.0,22285714879.0,-165300000.0,-157600000.0,-940200000.0,-23600000.0,-430100000.0,-1432500000.0,-374700000.0,0.0,1523500000.0,118400000.0,1302600000.0,1302600000.0,1302600000.0,25400000.0,9700000.0,0.092,2720700000.0,1665300000.0,1556100000.0,0.333,3.121,17.109,17.454,1551300000.0,0.0,89.19,1.57,1.57,2477400000.0,8903200000.0,14197600000.0,14197600000.0,0.0,0.073,0.191,0.241,0.113,70800000.0,2720700000.0,1.0,249867865.0,249867865.0,,56.82,8494700000.0,0.0,80200000.0,757500000.0,33.997,1291100000.0
15,TT,MRT,2017-09-30,2017-09-30,2017-09-30,2021-08-25,-876900000.0,17722800000.0,17538300000.0,5813900000.0,11908900000.0,0.795,26.752,-198200000.0,1259000000.0,1259000000.0,9616400000.0,1058000000.0,1.24,1.605,4062600000.0,1106700000.0,2955900000.0,4062600000.0,0.0,349400000.0,0.0,0.019,1.65,1564400000.0,1913800000.0,0.137,1913800000.0,1564400000.0,1348600000.0,4.07,4.02,4.07,6776200000.0,6681350000.0,6776200000.0,25375265395.0,16.0,13.259,1080200000.0,4.265,1.0,4321900000.0,0.31,9592100000.0,215800000.0,6245700000.0,6770925000.0,1661100000.0,0.0,0.0,0.0,10878400000.0,4688600000.0,6189800000.0,22619565395.0,-245600000.0,-60300000.0,-848200000.0,-174200000.0,-421000000.0,-1303500000.0,-254700000.0,0.0,1278400000.0,34200000.0,1041500000.0,1041500000.0,1041500000.0,-4100000.0,16500000.0,0.075,2690400000.0,1631500000.0,1487900000.0,0.405,3.338,21.718,21.909,1529000000.0,0.0,89.17,1.623,1.62,2468200000.0,8556300000.0,13938300000.0,13938300000.0,0.0,0.059,0.156,0.231,0.112,0.0,2690400000.0,1.0,253667886.0,253300000.0,,55.027,8130700000.0,0.0,307100000.0,912100000.0,32.099,1125300000.0
16,TT,MRT,2017-06-30,2017-06-30,2017-06-30,2021-08-25,-993700000.0,17773500000.0,17537575000.0,5855000000.0,11918500000.0,0.789,26.215,-172100000.0,1310100000.0,1310100000.0,9539400000.0,1068000000.0,1.5,1.633,4065800000.0,361300000.0,3704500000.0,4065800000.0,0.0,350300000.0,0.0,0.017,1.52,1582200000.0,1932500000.0,0.14,1932500000.0,1582200000.0,1365800000.0,4.07,4.03,4.07,6721600000.0,6678325000.0,6721600000.0,26147780647.0,17.0,13.531,1327200000.0,5.176,1.0,4296200000.0,0.311,9530000000.0,216400000.0,7095700000.0,6953875000.0,1604500000.0,0.0,0.0,0.0,10979500000.0,3903500000.0,7076000000.0,23397880647.0,381300000.0,-39900000.0,-512300000.0,-166200000.0,-390900000.0,-922600000.0,-211500000.0,0.0,1499300000.0,16100000.0,1051900000.0,1051900000.0,1051900000.0,-14600000.0,16100000.0,0.076,2659100000.0,1637100000.0,1599200000.0,0.373,3.481,22.243,22.455,1509600000.0,0.0,91.39,1.691,1.694,2596500000.0,8303200000.0,13835600000.0,13835600000.0,0.0,0.06,0.158,0.228,0.114,0.0,2659100000.0,1.0,256022329.0,256400000.0,,53.961,8243500000.0,0.0,313900000.0,884400000.0,32.151,1951500000.0
17,TT,MRT,2017-03-31,2017-03-31,2017-03-31,2021-08-25,-1169900000.0,17259500000.0,17451825000.0,5414000000.0,11845500000.0,0.78,25.381,-167900000.0,1322500000.0,1322500000.0,9392800000.0,1458200000.0,1.532,1.611,4072400000.0,361300000.0,3711100000.0,4072400000.0,0.0,350900000.0,0.0,0.018,1.44,1928000000.0,2278900000.0,0.167,2278900000.0,1928000000.0,1709200000.0,5.55,5.51,5.55,6583800000.0,6601525000.0,6583800000.0,23458769603.0,12.0,10.294,1318200000.0,5.082,1.0,4222600000.0,0.31,9452100000.0,218800000.0,7023200000.0,6977625000.0,1599700000.0,0.0,0.0,0.0,10605600000.0,3534100000.0,7071500000.0,21103269603.0,709600000.0,403500000.0,-187200000.0,-555600000.0,-369100000.0,-970200000.0,235600000.0,0.0,1486100000.0,-41900000.0,1440900000.0,1440900000.0,1440900000.0,500000.0,17300000.0,0.106,2629800000.0,1592800000.0,1378500000.0,0.259,3.205,14.646,14.652,1497700000.0,0.0,81.32,1.55,1.549,2199400000.0,8047500000.0,13615400000.0,13615400000.0,0.0,0.083,0.218,0.276,0.142,0.0,2629800000.0,1.0,259508972.0,259400000.0,,52.488,7807400000.0,0.0,268300000.0,874500000.0,30.098,1879900000.0
18,TT,MRT,2016-12-31,2016-12-31,2016-12-31,2021-08-25,-1290500000.0,17397400000.0,17375075000.0,5579300000.0,11818100000.0,0.777,25.718,-173200000.0,1714700000.0,1714700000.0,9307900000.0,1492700000.0,1.554,1.607,4070200000.0,360800000.0,3709400000.0,4070200000.0,0.0,352200000.0,0.0,0.018,1.36,1979200000.0,2331400000.0,0.173,2331400000.0,1979200000.0,1757700000.0,5.7,5.65,5.7,6643800000.0,6403775000.0,6643800000.0,21950446684.0,11.0,9.415,1348700000.0,5.221,1.0,4201000000.0,0.311,9443500000.0,221500000.0,6719100000.0,7020475000.0,1385800000.0,0.0,0.0,0.0,10679100000.0,3590300000.0,7088800000.0,19385146684.0,977900000.0,413300000.0,-187200000.0,-303500000.0,-348600000.0,-726900000.0,240100000.0,0.0,1521900000.0,-57200000.0,1476200000.0,1476200000.0,1476200000.0,-32900000.0,16500000.0,0.109,2597800000.0,1603200000.0,1334000000.0,0.239,2.918,13.132,13.165,1511000000.0,0.0,75.04,1.435,1.435,2223000000.0,8018800000.0,13508900000.0,13508900000.0,0.0,0.085,0.231,0.282,0.147,0.0,2597800000.0,1.0,258330846.0,258330846.0,,52.293,7953900000.0,0.0,281500000.0,884900000.0,30.79,1989000000.0
19,TT,MRT,2016-09-30,2016-09-30,2016-09-30,2021-08-25,-1033400000.0,17719900000.0,17205125000.0,5714500000.0,12005400000.0,0.783,26.096,-197500000.0,1504600000.0,1504600000.0,9277400000.0,1528400000.0,1.543,1.61,4069900000.0,361000000.0,3708900000.0,4069900000.0,0.0,359600000.0,0.0,0.018,1.25,2021200000.0,2380800000.0,0.177,2380800000.0,2021200000.0,1797200000.0,5.8,5.76,5.8,6764100000.0,6197000000.0,6764100000.0,20685611772.0,10.0,8.689,1554600000.0,5.998,1.0,4198500000.0,0.312,9604300000.0,224000000.0,6977500000.0,7064175000.0,1556000000.0,0.0,0.0,0.0,10888800000.0,3703400000.0,7185400000.0,17528411772.0,853100000.0,403500000.0,-205500000.0,-818100000.0,-321500000.0,-1097400000.0,206000000.0,0.0,1752100000.0,-7600000.0,1510900000.0,1510900000.0,1510900000.0,-33400000.0,17500000.0,0.112,2555100000.0,1643400000.0,1392400000.0,0.216,2.591,11.601,11.714,1548900000.0,0.0,67.94,1.301,1.307,2360800000.0,7926200000.0,13475900000.0,13475900000.0,0.0,0.088,0.244,0.286,0.15,0.0,2555100000.0,1.0,257998407.0,259200000.0,,51.99,8115600000.0,0.0,286300000.0,950000000.0,31.31,2011100000.0
20,TT,MRT,2016-06-30,2016-06-30,2016-06-30,2021-08-25,-1053900000.0,17430500000.0,17231175000.0,5393000000.0,12037500000.0,0.777,24.747,-202100000.0,928800000.0,928800000.0,9243900000.0,1452500000.0,1.432,1.707,4086000000.0,361200000.0,3724800000.0,4086000000.0,0.0,359400000.0,0.0,0.019,1.22,1976600000.0,2336000000.0,0.174,2336000000.0,1976600000.0,1751300000.0,5.48,5.44,5.48,6414400000.0,5940575000.0,6414400000.0,20254991664.0,10.0,8.671,944400000.0,3.644,1.0,4151100000.0,0.31,9629900000.0,225300000.0,7190700000.0,7188900000.0,1601300000.0,0.0,0.0,0.0,10952500000.0,3767100000.0,7185400000.0,16395291664.0,149200000.0,393200000.0,-438900000.0,-461900000.0,-314500000.0,-1148600000.0,191100000.0,0.0,1146500000.0,-39800000.0,1434400000.0,1434400000.0,1434400000.0,-7200000.0,18100000.0,0.107,2544000000.0,1607100000.0,1500100000.0,0.223,2.556,11.43,11.62,1560800000.0,0.0,63.68,1.224,1.232,2498000000.0,7631800000.0,13395000000.0,13395000000.0,0.0,0.083,0.241,0.275,0.148,0.0,2544000000.0,1.0,257463751.0,259200000.0,,51.678,7800600000.0,0.0,316900000.0,930800000.0,30.095,1625900000.0
21,TT,MRT,2016-03-31,2016-03-31,2016-03-31,2021-08-25,-978900000.0,16952500000.0,17345250000.0,4812900000.0,12139600000.0,0.767,22.332,-219500000.0,612900000.0,612900000.0,9231900000.0,783000000.0,1.225,1.916,4472600000.0,758000000.0,3714600000.0,4472600000.0,0.0,364200000.0,0.0,0.019,1.19,1546100000.0,1910300000.0,0.144,1910300000.0,1546100000.0,1321500000.0,2.89,2.87,2.89,5792800000.0,5793875000.0,5792800000.0,19429341255.0,13.0,10.171,786500000.0,3.032,1.0,4075100000.0,0.306,9687500000.0,224600000.0,7194600000.0,7206900000.0,1612700000.0,0.0,0.0,0.0,11099800000.0,3930100000.0,7169700000.0,15927141255.0,-121000000.0,-20100000.0,-438900000.0,-357500000.0,-311700000.0,-882600000.0,-239600000.0,0.0,1006000000.0,-4800000.0,765700000.0,765700000.0,765700000.0,-9900000.0,17300000.0,0.058,2529100000.0,1546000000.0,1345800000.0,0.412,2.749,20.801,21.457,1582200000.0,0.0,62.01,1.197,1.209,2155100000.0,6967300000.0,13307000000.0,13307000000.0,0.0,0.044,0.132,0.215,0.116,0.0,2529100000.0,1.0,256847948.0,259400000.0,,51.299,7265000000.0,0.0,555800000.0,916600000.0,28.007,882800000.0
22,TT,MRT,2015-12-31,2015-12-31,2015-12-31,2021-08-25,-1120900000.0,16717600000.0,17459375000.0,4609400000.0,12108200000.0,0.762,22.282,-231100000.0,736800000.0,736800000.0,9277400000.0,682800000.0,1.263,1.863,4217800000.0,504200000.0,3713600000.0,4217800000.0,0.0,364100000.0,0.0,0.021,1.16,1428400000.0,1792500000.0,0.135,1792500000.0,1428400000.0,1205400000.0,2.51,2.48,2.51,5816700000.0,5776725000.0,5816700000.0,18353498934.0,13.0,10.239,657300000.0,2.518,1.0,4023300000.0,0.302,9656300000.0,223000000.0,6893900000.0,7277100000.0,1410700000.0,0.0,0.0,0.0,10838400000.0,3648400000.0,7190000000.0,14433398934.0,-968400000.0,-961800000.0,-188800000.0,12800000.0,-303300000.0,-527600000.0,-1192900000.0,0.0,888400000.0,-136300000.0,664600000.0,664600000.0,664600000.0,24300000.0,18200000.0,0.05,2531600000.0,1491700000.0,1249300000.0,0.462,2.481,21.717,22.028,1575100000.0,0.0,55.29,1.085,1.085,2150600000.0,6897900000.0,13300700000.0,13300700000.0,0.0,0.038,0.115,0.196,0.107,0.0,2531600000.0,1.0,261048995.0,261048995.0,,50.951,7061300000.0,0.0,540800000.0,896100000.0,27.05,961000000.0
23,TT,MRT,2015-09-30,2015-09-30,2015-09-30,2021-08-25,-1035400000.0,17824100000.0,17604600000.0,5534800000.0,12289300000.0,0.751,21.605,-233500000.0,651500000.0,651500000.0,9221700000.0,704500000.0,1.22,2.096,4571600000.0,837000000.0,3734600000.0,4571600000.0,0.0,351100000.0,0.0,0.022,1.12,1464600000.0,1815700000.0,0.137,1815700000.0,1464600000.0,1229900000.0,2.57,2.55,2.57,5738400000.0,5819400000.0,5738400000.0,17086670490.0,12.0,9.411,495100000.0,1.864,1.0,3993700000.0,0.302,9731800000.0,234700000.0,7476400000.0,7298100000.0,1577900000.0,0.0,0.0,0.0,12027400000.0,4536000000.0,7491400000.0,13471970490.0,-285200000.0,-953000000.0,-322300000.0,2058300000.0,-292900000.0,352400000.0,-1186500000.0,0.0,728600000.0,-179700000.0,686600000.0,686600000.0,686600000.0,-19900000.0,17900000.0,0.052,2548700000.0,1445000000.0,1340800000.0,0.436,2.348,19.621,19.755,1579600000.0,0.0,50.77,1.019,1.02,2342400000.0,6741700000.0,13215400000.0,13215400000.0,0.0,0.039,0.118,0.201,0.111,0.0,2548700000.0,1.0,265352974.0,265600000.0,,49.757,8092300000.0,278900000.0,543300000.0,1115100000.0,30.468,998800000.0
24,TT,MRT,2015-06-30,2015-06-30,2015-06-30,2021-08-25,-933100000.0,17886800000.0,17364975000.0,5528600000.0,12358200000.0,0.755,21.867,-239000000.0,779600000.0,779600000.0,9169300000.0,694700000.0,1.24,2.059,4394300000.0,659700000.0,3734600000.0,4394300000.0,0.0,344900000.0,0.0,0.016,1.08,1431800000.0,1776700000.0,0.135,1776700000.0,1431800000.0,1200600000.0,2.53,2.5,2.53,5827600000.0,5953325000.0,5827600000.0,21657472442.0,15.0,12.19,773000000.0,2.901,1.0,3944200000.0,0.301,9781100000.0,231200000.0,7262700000.0,6944025000.0,1634500000.0,0.0,0.0,0.0,11999300000.0,4457700000.0,7541600000.0,17847372442.0,-150200000.0,-945100000.0,-249000000.0,1632100000.0,-283200000.0,245500000.0,-1184100000.0,0.0,1012000000.0,-223600000.0,677000000.0,677000000.0,677000000.0,-24900000.0,17700000.0,0.052,2534600000.0,1409600000.0,1470900000.0,0.427,3.063,26.362,26.648,1586000000.0,0.0,67.42,1.361,1.37,2463100000.0,6517600000.0,13113500000.0,13113500000.0,0.0,0.039,0.114,0.206,0.109,0.0,2534600000.0,1.0,264719259.0,266500000.0,,49.206,8105700000.0,360300000.0,523600000.0,1137800000.0,30.415,1070900000.0
25,TT,MRT,2015-03-31,2015-03-31,2015-03-31,2021-08-25,-994600000.0,17409000000.0,17183125000.0,5104800000.0,12304200000.0,0.76,21.568,-225600000.0,733900000.0,733900000.0,9114700000.0,922400000.0,1.283,2.03,4544000000.0,802300000.0,3741700000.0,4544000000.0,0.0,338000000.0,0.0,0.015,1.04,1428400000.0,1766400000.0,0.135,1766400000.0,1428400000.0,1200000000.0,3.37,3.33,3.37,5724200000.0,6092000000.0,5724200000.0,20446132758.0,14.0,11.575,744400000.0,2.805,1.0,3941500000.0,0.302,9766200000.0,228400000.0,7475400000.0,6666800000.0,1613000000.0,0.0,0.0,0.0,11622500000.0,3977500000.0,7645000000.0,17926932758.0,-164000000.0,-942900000.0,-474100000.0,2001500000.0,-272700000.0,248900000.0,-1138200000.0,30300000.0,970000000.0,-244700000.0,904100000.0,904100000.0,904100000.0,-24400000.0,18300000.0,0.069,2520800000.0,1420700000.0,1356100000.0,0.309,3.132,19.828,20.202,1564100000.0,0.0,68.08,1.373,1.384,2190200000.0,6515600000.0,13056200000.0,13056200000.0,0.0,0.053,0.148,0.214,0.109,0.0,2520800000.0,1.0,263321574.0,265400000.0,,49.194,7642800000.0,296600000.0,295900000.0,1229900000.0,28.797,1127300000.0
26,TT,MRT,2014-12-31,2014-12-31,2014-12-31,2021-08-25,-714300000.0,17298500000.0,17024375000.0,5707900000.0,11590600000.0,0.757,22.554,-219100000.0,1705200000.0,1705200000.0,8982800000.0,950400000.0,1.557,1.879,4224400000.0,482700000.0,3741700000.0,4224400000.0,0.0,332400000.0,0.0,0.016,1.0,1450700000.0,1783100000.0,0.138,1783100000.0,1450700000.0,1225400000.0,3.44,3.4,3.44,5987400000.0,6232250000.0,5987400000.0,19419162346.0,13.0,10.891,754100000.0,2.841,1.0,3908600000.0,0.303,9173700000.0,225300000.0,6977900000.0,6442375000.0,1358900000.0,0.0,0.0,0.0,11253100000.0,3666100000.0,7587000000.0,16828262346.0,-232000000.0,-8200000.0,-1261800000.0,1388100000.0,-264700000.0,-859500000.0,-197000000.0,30300000.0,973200000.0,-148700000.0,931700000.0,931700000.0,931700000.0,-34700000.0,18700000.0,0.072,2503900000.0,1404700000.0,1290000000.0,0.291,2.811,18.062,18.427,1477000000.0,0.0,63.39,1.305,1.305,2119000000.0,6540800000.0,12891400000.0,12891400000.0,0.0,0.055,0.149,0.225,0.113,0.0,2503900000.0,1.0,265471878.0,265471878.0,,48.56,8124800000.0,299800000.0,293700000.0,1174300000.0,30.605,2041800000.0
27,TT,MRT,2014-09-30,2014-09-30,2014-09-30,2021-08-25,-413700000.0,16865600000.0,17114275000.0,5170100000.0,11695500000.0,0.745,23.42,-193700000.0,936700000.0,936700000.0,8936400000.0,744200000.0,1.252,1.679,3527600000.0,881000000.0,2646600000.0,3527600000.0,0.0,334300000.0,0.0,0.017,0.96,1237700000.0,1572000000.0,0.123,1572000000.0,1237700000.0,1027000000.0,2.68,2.63,2.68,6274100000.0,6502625000.0,6274100000.0,17709126476.0,14.0,11.265,513400000.0,1.916,1.0,3813300000.0,0.299,9266400000.0,210700000.0,6060100000.0,6290625000.0,1419000000.0,0.0,0.0,0.0,10531900000.0,4130000000.0,6401900000.0,15076726476.0,26500000.0,-7200000.0,-1510800000.0,-12800000.0,-261700000.0,-419100000.0,-185900000.0,30300000.0,707100000.0,-75600000.0,724000000.0,724000000.0,724000000.0,-4600000.0,20200000.0,0.057,2537000000.0,1276300000.0,1380500000.0,0.358,2.403,20.824,21.03,1465700000.0,0.0,56.36,1.183,1.184,2302600000.0,6351200000.0,12749700000.0,12749700000.0,0.0,0.042,0.111,0.197,0.097,-53800000.0,2537000000.0,1.0,267507567.0,267900000.0,,47.591,7599200000.0,303000000.0,303000000.0,1331000000.0,28.366,1040100000.0
28,TT,MRT,2014-06-30,2014-06-30,2014-06-30,2021-08-25,-197400000.0,17159400000.0,17648375000.0,5326500000.0,11832900000.0,0.713,23.603,-180300000.0,929800000.0,929800000.0,8827100000.0,628900000.0,1.252,1.68,3562200000.0,915700000.0,2646500000.0,3562200000.0,0.0,334900000.0,0.0,0.015,0.92,1123800000.0,1458700000.0,0.116,1458700000.0,1123800000.0,862600000.0,2.16,2.12,2.16,6382300000.0,6707775000.0,6382300000.0,19499915714.0,17.0,13.368,613600000.0,2.269,1.0,3751800000.0,0.298,9383900000.0,261200000.0,6153800000.0,6634575000.0,1388900000.0,0.0,0.0,0.0,10719300000.0,4254100000.0,6465200000.0,16871615714.0,-1097000000.0,-4500000.0,-1594500000.0,-2451400000.0,-253900000.0,-1753800000.0,-149100000.0,30300000.0,793900000.0,12000000.0,598600000.0,598600000.0,598600000.0,-11600000.0,30300000.0,0.048,2536000000.0,1215800000.0,1478800000.0,0.426,2.644,28.185,28.94,1472700000.0,0.0,62.51,1.341,1.344,2449400000.0,6266900000.0,12578900000.0,12578900000.0,0.0,0.034,0.089,0.169,0.089,-40100000.0,2536000000.0,1.0,269902667.0,270400000.0,,46.52,7775500000.0,329800000.0,264000000.0,1309300000.0,28.756,1072400000.0
29,TT,MRT,2014-03-31,2014-03-31,2014-03-31,2021-08-25,-202500000.0,16774000000.0,18426950000.0,4886400000.0,11887600000.0,0.675,22.584,-200200000.0,897900000.0,897900000.0,8764700000.0,643000000.0,1.436,1.659,3526200000.0,373900000.0,3152300000.0,3526200000.0,0.0,332300000.0,0.0,0.015,0.88,1088900000.0,1421200000.0,0.114,1421200000.0,1088900000.0,818800000.0,2.1,2.05,2.1,6285200000.0,6885725000.0,6285200000.0,17498763869.0,16.0,12.313,777300000.0,2.793,1.0,3669700000.0,0.295,9422000000.0,270100000.0,6577700000.0,6963075000.0,1348400000.0,0.0,0.0,0.0,10424300000.0,3402600000.0,7021700000.0,15914763869.0,238700000.0,-2300000.0,-1819100000.0,574200000.0,-248500000.0,-531600000.0,-200400000.0,0.0,977500000.0,-6800000.0,609800000.0,609800000.0,609800000.0,-66400000.0,33200000.0,0.049,2529700000.0,1140000000.0,1240100000.0,0.419,2.532,26.098,27.257,1468300000.0,0.0,57.24,1.28,1.281,2086100000.0,6216500000.0,12434400000.0,12434400000.0,0.0,0.033,0.089,0.156,0.088,-21500000.0,2529700000.0,1.0,278035707.0,278300000.0,,44.68,7352000000.0,355400000.0,209000000.0,1339700000.0,26.418,1483800000.0
30,TT,MRT,2013-12-31,2013-12-31,2013-12-31,2021-08-25,-166700000.0,17658100000.0,18881775000.0,5716700000.0,11941400000.0,0.654,24.537,-217900000.0,1937200000.0,1937200000.0,8722300000.0,653900000.0,1.677,1.489,3521200000.0,367700000.0,3153500000.0,3521200000.0,0.0,333700000.0,0.0,0.014,0.84,1086600000.0,1420300000.0,0.115,1420300000.0,1086600000.0,807800000.0,2.11,2.07,2.11,7068900000.0,7129675000.0,7068900000.0,20189532774.0,19.0,14.215,873600000.0,3.032,1.0,3628200000.0,0.294,9462600000.0,278800000.0,6370900000.0,6959600000.0,1166100000.0,0.0,0.0,0.0,10526800000.0,3408600000.0,7118200000.0,17746132774.0,1228800000.0,4700000.0,-940700000.0,570200000.0,-245500000.0,346600000.0,-215400000.0,0.0,1091500000.0,6100000.0,618800000.0,618800000.0,618800000.0,-13300000.0,35100000.0,0.05,2523200000.0,1105000000.0,1163000000.0,0.398,2.51,28.678,29.194,1468400000.0,0.0,61.6,1.437,1.437,2071500000.0,6794500000.0,12350500000.0,12350500000.0,0.0,0.033,0.087,0.156,0.088,0.0,2523200000.0,1.0,288086571.0,288086571.0,,42.871,8195500000.0,359500000.0,189000000.0,1335800000.0,28.448,2308100000.0
31,TT,MRT,2013-09-30,2013-09-30,2013-09-30,2021-08-25,-473000000.0,19002000000.0,19087775000.0,5629700000.0,13372300000.0,0.559,24.33,-235400000.0,1083900000.0,1083900000.0,7693600000.0,842000000.0,1.463,1.665,3527300000.0,373200000.0,3154100000.0,3527300000.0,0.0,298300000.0,0.0,0.012,0.79,1098300000.0,1396600000.0,0.131,1396600000.0,1098300000.0,813100000.0,2.72,2.68,2.72,7094700000.0,7149400000.0,7094700000.0,21480667996.0,20.0,15.381,1106500000.0,3.795,1.0,2981600000.0,0.279,10160900000.0,285200000.0,7435900000.0,7150425000.0,1447500000.0,0.0,0.0,0.0,11815400000.0,3848600000.0,7966800000.0,18899367996.0,154300000.0,57400000.0,-952900000.0,467200000.0,-230300000.0,-988800000.0,-174900000.0,44300000.0,1341900000.0,-23900000.0,806700000.0,806700000.0,806700000.0,-348100000.0,35300000.0,0.076,2160400000.0,821200000.0,1400600000.0,0.29,2.664,23.428,23.875,1651700000.0,0.0,64.94,1.77,1.774,2443100000.0,6806700000.0,10675200000.0,10675200000.0,0.0,0.042,0.113,0.154,0.103,19100000.0,2155900000.0,1.0,291028149.0,291600000.0,,36.609,8841100000.0,0.0,6400000.0,1653000000.0,30.319,1781100000.0
32,TT,MRT,2013-06-30,2013-06-30,2013-06-30,2021-08-25,-598600000.0,20273700000.0,19002350000.0,6828500000.0,13445200000.0,0.582,23.846,-250700000.0,2200500000.0,2200500000.0,7930300000.0,988100000.0,1.327,1.846,4781800000.0,1626700000.0,3155100000.0,4781800000.0,0.0,307700000.0,0.0,0.013,0.74,1222000000.0,1529700000.0,0.138,1529700000.0,1222000000.0,979000000.0,3.2,3.15,3.2,7094100000.0,7237175000.0,7094100000.0,18997798830.0,16.0,12.419,1067900000.0,3.59,1.0,3123500000.0,0.283,10240300000.0,243000000.0,7467800000.0,6880800000.0,1435000000.0,0.0,0.0,0.0,13097500000.0,5146900000.0,7950600000.0,16594498830.0,1297100000.0,57100000.0,-1016200000.0,2978600000.0,-220400000.0,221600000.0,-211200000.0,44300000.0,1318600000.0,-31900000.0,962400000.0,962400000.0,962400000.0,-335800000.0,25700000.0,0.087,2234000000.0,889500000.0,1475000000.0,0.231,2.339,17.243,17.35,1663000000.0,0.0,55.52,1.501,1.494,2571300000.0,6701500000.0,11053800000.0,11053800000.0,0.0,0.051,0.133,0.178,0.111,20800000.0,2229500000.0,1.0,298892270.0,297500000.0,,37.156,10033400000.0,0.0,16600000.0,1607900000.0,33.726,1681600000.0
33,TT,MRT,2013-03-31,2013-03-31,2013-03-31,2021-08-25,-607200000.0,18593300000.0,18618600000.0,5117400000.0,13475900000.0,0.616,24.292,-238400000.0,832900000.0,832900000.0,8196800000.0,1036300000.0,1.227,1.549,3236200000.0,965100000.0,2271100000.0,3236200000.0,0.0,319500000.0,0.0,0.013,0.69,1276900000.0,1596400000.0,0.139,1596400000.0,1276900000.0,1033700000.0,3.31,3.26,3.31,7261000000.0,7287550000.0,7261000000.0,18651319404.0,15.0,11.683,932600000.0,3.12,1.0,3279900000.0,0.286,10261900000.0,243200000.0,6563800000.0,6741300000.0,1466300000.0,0.0,0.0,0.0,11245800000.0,4170900000.0,7074900000.0,16300419404.0,-256600000.0,52700000.0,-589500000.0,-819500000.0,-208600000.0,-1235400000.0,-164000000.0,44300000.0,1171000000.0,-28200000.0,1011000000.0,1011000000.0,1011000000.0,-293400000.0,25300000.0,0.088,2300000000.0,979900000.0,1330600000.0,0.208,2.245,16.123,16.619,1653000000.0,0.0,55.01,1.42,1.433,2218800000.0,6445900000.0,11476700000.0,11476700000.0,0.0,0.054,0.139,0.189,0.111,14600000.0,2299700000.0,1.0,296317386.0,298900000.0,,38.396,8331400000.0,0.0,22700000.0,1598800000.0,27.874,946500000.0
34,TT,MRT,2012-12-31,2012-12-31,2012-12-31,2021-08-25,-521000000.0,18482100000.0,18697900000.0,5993900000.0,12488200000.0,0.641,23.747,-225200000.0,708400000.0,708400000.0,8533500000.0,1044000000.0,1.386,1.574,3229400000.0,962900000.0,2266500000.0,3229400000.0,0.0,333800000.0,0.0,0.013,0.64,1326600000.0,1660400000.0,0.139,1660400000.0,1326600000.0,1074600000.0,3.35,3.28,3.35,7147800000.0,7274125000.0,7147800000.0,16802649445.0,13.0,10.12,970200000.0,3.223,1.0,3454800000.0,0.288,9543000000.0,252000000.0,7134200000.0,6827600000.0,1144000000.0,0.0,0.0,0.0,11252800000.0,4325900000.0,6926900000.0,14436049445.0,-278600000.0,52700000.0,-667300000.0,-829300000.0,-192400000.0,-1303900000.0,-146500000.0,44300000.0,1195400000.0,-23600000.0,1018600000.0,1018600000.0,1018600000.0,-252000000.0,25400000.0,0.085,2382900000.0,1071900000.0,1019400000.0,0.191,2.02,14.172,14.316,1426100000.0,0.0,47.96,1.204,1.204,1870100000.0,6358700000.0,11988300000.0,11988300000.0,0.0,0.054,0.14,0.194,0.111,0.0,2382900000.0,1.0,301001865.0,301001865.0,,39.828,8939100000.0,269500000.0,56000000.0,1618500000.0,29.698,1668000000.0
35,TT,MRT,2012-09-30,2012-09-30,2012-09-30,2021-08-25,-431700000.0,18660300000.0,18788400000.0,5229600000.0,13430700000.0,0.641,24.198,-246900000.0,929600000.0,929600000.0,8640100000.0,1050200000.0,1.209,1.495,3296200000.0,1024600000.0,2271600000.0,3296200000.0,0.0,342100000.0,0.0,0.013,0.6,1320700000.0,1662800000.0,0.138,1662800000.0,1320700000.0,1059800000.0,3.31,3.22,3.31,7445800000.0,7218250000.0,7445800000.0,16205966741.0,12.0,9.746,934600000.0,3.037,1.0,3410200000.0,0.283,10343400000.0,260900000.0,6357400000.0,6734750000.0,1462100000.0,0.0,0.0,0.0,11130300000.0,4326100000.0,6804200000.0,13815866741.0,-474200000.0,63500000.0,-897500000.0,-706000000.0,-180900000.0,-1433500000.0,-214100000.0,0.0,1181500000.0,-8100000.0,1025300000.0,1025300000.0,1025300000.0,-43000000.0,24900000.0,0.085,2354800000.0,1055400000.0,1300500000.0,0.181,1.856,13.475,13.541,1618600000.0,0.0,44.82,1.147,1.144,2320900000.0,6232300000.0,12050300000.0,12050300000.0,0.0,0.055,0.142,0.196,0.11,46300000.0,2364000000.0,1.0,308252270.0,307700000.0,,39.162,8316900000.0,0.0,34500000.0,1444300000.0,27.029,903500000.0
36,TT,MRT,2012-06-30,2012-06-30,2012-06-30,2021-08-25,-601900000.0,18738700000.0,18998925000.0,5371100000.0,13367600000.0,0.651,23.595,-224900000.0,903400000.0,903400000.0,8941900000.0,816700000.0,1.374,1.556,3293500000.0,422000000.0,2871500000.0,3293500000.0,0.0,346600000.0,0.0,0.013,0.56,1057500000.0,1404100000.0,0.114,1404100000.0,1057500000.0,787500000.0,2.52,2.44,2.52,7295600000.0,7254125000.0,7295600000.0,15155591565.0,14.0,10.794,935000000.0,3.024,1.0,3425700000.0,0.277,10309800000.0,270000000.0,6909800000.0,6860450000.0,1475000000.0,0.0,0.0,0.0,11352000000.0,3909200000.0,7442800000.0,12600191565.0,-356400000.0,400400000.0,-1104500000.0,-701000000.0,-170600000.0,-1630900000.0,144800000.0,0.0,1159900000.0,-30200000.0,789900000.0,789900000.0,789900000.0,-45100000.0,26800000.0,0.064,2637600000.0,788100000.0,1489800000.0,0.222,1.727,15.952,16.738,1609100000.0,0.0,42.18,1.019,1.055,2427900000.0,5959400000.0,12367600000.0,12367600000.0,0.0,0.042,0.109,0.154,0.086,35900000.0,2382000000.0,1.0,298724314.0,309200000.0,,39.999,8428900000.0,0.0,-2400000.0,1483100000.0,27.26,1461900000.0
37,TT,MRT,2012-03-31,2012-03-31,2012-03-31,2021-08-25,-388600000.0,18910500000.0,19449375000.0,5367800000.0,13542700000.0,0.65,24.089,-179800000.0,1089500000.0,1089500000.0,9160900000.0,543100000.0,1.309,1.611,3644900000.0,765600000.0,2879300000.0,3644900000.0,0.0,358200000.0,0.0,0.013,0.52,838600000.0,1196800000.0,0.095,1196800000.0,838600000.0,559000000.0,1.62,1.54,1.62,7207300000.0,7499775000.0,7207300000.0,14778393052.0,18.0,12.348,1085900000.0,3.629,1.0,3476800000.0,0.275,10456500000.0,279600000.0,6909000000.0,7035125000.0,1432600000.0,0.0,0.0,0.0,11611400000.0,4100400000.0,7511000000.0,12296493052.0,171400000.0,400900000.0,-1071600000.0,-96500000.0,-160800000.0,-1288900000.0,198800000.0,0.0,1265700000.0,-4200000.0,516400000.0,516400000.0,516400000.0,-7000000.0,26700000.0,0.041,2867900000.0,608900000.0,1344200000.0,0.321,1.706,23.812,25.525,1640100000.0,0.0,41.35,0.973,0.979,2230500000.0,5643200000.0,12637700000.0,12637700000.0,0.0,0.027,0.069,0.119,0.066,34500000.0,2407600000.0,1.0,297375890.0,299200000.0,,42.238,8454000000.0,0.0,42600000.0,1497300000.0,28.255,1267400000.0
38,TT,MRT,2011-12-31,2011-12-31,2011-12-31,2021-08-25,-553600000.0,18844100000.0,19752875000.0,5279200000.0,13564900000.0,0.646,22.181,-168600000.0,1160700000.0,1160700000.0,9280000000.0,369300000.0,1.28,1.708,3642600000.0,763300000.0,2879300000.0,3642600000.0,0.0,358500000.0,0.0,0.014,0.43,667100000.0,1025600000.0,0.08,1025600000.0,667100000.0,388600000.0,1.06,1.01,1.06,6924300000.0,7725075000.0,6924300000.0,11749222586.0,18.0,11.456,1018200000.0,3.262,1.0,3480800000.0,0.273,10437600000.0,278500000.0,6762800000.0,7267350000.0,1278300000.0,0.0,0.0,0.0,11828400000.0,4125600000.0,7702800000.0,9512022586.0,146400000.0,398400000.0,-1048500000.0,-107900000.0,-137300000.0,-1246400000.0,207500000.0,0.0,1186800000.0,-1500000.0,343200000.0,343200000.0,343200000.0,0.0,26100000.0,0.027,3042100000.0,438700000.0,1224200000.0,0.406,1.374,27.716,28.745,1639400000.0,0.0,30.47,0.745,0.745,2135600000.0,5547800000.0,12760800000.0,12760800000.0,0.0,0.017,0.044,0.092,0.052,42600000.0,2395200000.0,1.0,312176652.0,312176652.0,,40.877,8406500000.0,349900000.0,45400000.0,1619100000.0,26.929,1153600000.0
39,TT,MRT,2011-09-30,2011-09-30,2011-09-30,2021-08-25,-270200000.0,19502400000.0,20039575000.0,5936100000.0,13566300000.0,0.744,23.159,-139700000.0,1403800000.0,1403800000.0,10611600000.0,340800000.0,1.37,1.557,3641000000.0,760000000.0,2881000000.0,3641000000.0,0.0,409200000.0,0.0,0.014,0.38,801300000.0,1210500000.0,0.081,1210500000.0,801300000.0,520700000.0,0.96,0.9,0.96,7589300000.0,7985075000.0,7589300000.0,11671941599.0,15.0,9.642,779600000.0,2.379,1.0,4297400000.0,0.288,10546100000.0,280600000.0,6860200000.0,7512950000.0,1512900000.0,0.0,0.0,0.0,11817000000.0,4333300000.0,7483700000.0,9297141599.0,593100000.0,326400000.0,-370400000.0,-69800000.0,-124500000.0,-563300000.0,231100000.0,0.0,919300000.0,6000000.0,313000000.0,313000000.0,313000000.0,49400000.0,27800000.0,0.021,3457700000.0,839700000.0,1345000000.0,0.396,1.225,29.703,29.26,1601200000.0,0.0,28.09,0.624,0.617,2366100000.0,5388800000.0,14909000000.0,14909000000.0,0.0,0.016,0.039,0.107,0.054,58000000.0,2806100000.0,1.0,330976917.0,327700000.0,,45.496,8956300000.0,0.0,207700000.0,1657800000.0,27.331,1602800000.0
40,TT,MRT,2011-06-30,2011-06-30,2011-06-30,2021-08-25,-39500000.0,20540500000.0,20222800000.0,6812200000.0,13728300000.0,0.728,24.8,-143400000.0,1259800000.0,1259800000.0,10499200000.0,484900000.0,1.479,1.47,3634600000.0,753300000.0,2881300000.0,3634600000.0,0.0,432000000.0,0.0,0.007,0.33,991500000.0,1423500000.0,0.097,1423500000.0,991500000.0,710400000.0,1.42,1.33,1.42,8278200000.0,7981200000.0,8278200000.0,17801941439.0,18.0,12.506,625700000.0,1.874,1.0,4230000000.0,0.287,10699500000.0,281100000.0,7608500000.0,7615675000.0,1590900000.0,0.0,0.0,0.0,12165500000.0,4607300000.0,7558200000.0,15040641439.0,438200000.0,-10500000.0,154100000.0,-535600000.0,-108800000.0,-259100000.0,-108900000.0,0.0,769100000.0,37100000.0,459000000.0,459000000.0,459000000.0,78700000.0,25900000.0,0.031,3160100000.0,1069900000.0,1490100000.0,0.232,1.817,32.768,31.979,1640300000.0,0.0,45.41,1.021,1.029,2605000000.0,5341000000.0,14729200000.0,14729200000.0,0.0,0.023,0.058,0.13,0.067,65000000.0,2773300000.0,1.0,331218706.0,333800000.0,,44.126,9841000000.0,0.0,251400000.0,1701600000.0,29.482,2204900000.0
41,TT,MRT,2011-03-31,2011-03-31,2011-03-31,2021-08-25,-133900000.0,20124500000.0,20177000000.0,6355900000.0,13768600000.0,0.7,24.49,-169700000.0,918100000.0,918100000.0,10109000000.0,587500000.0,1.462,1.468,3679400000.0,791100000.0,2888300000.0,3679400000.0,0.0,430000000.0,0.0,0.006,0.28,1050100000.0,1480100000.0,0.105,1480100000.0,1050100000.0,769600000.0,1.75,1.65,1.75,8108500000.0,7674500000.0,8108500000.0,18591503711.0,18.0,12.561,525600000.0,1.587,1.0,4010600000.0,0.284,10701300000.0,280500000.0,7837900000.0,7506300000.0,1578300000.0,0.0,0.0,0.0,11905400000.0,4346600000.0,7558800000.0,15921903711.0,319000000.0,-13200000.0,170900000.0,-540500000.0,-91300000.0,-219900000.0,-183700000.0,0.0,695300000.0,27300000.0,563100000.0,563100000.0,563100000.0,48400000.0,24400000.0,0.04,2876000000.0,1134600000.0,1382900000.0,0.16,1.964,28.275,27.606,1661900000.0,0.0,48.31,1.128,1.133,2332600000.0,5288700000.0,14119600000.0,14119600000.0,0.0,0.028,0.073,0.14,0.074,69100000.0,2689700000.0,1.0,329577804.0,331100000.0,,42.645,9423200000.0,0.0,206500000.0,1671100000.0,28.46,2009300000.0
42,TT,MRT,2010-12-31,2010-12-31,2010-12-31,2021-08-25,-325000000.0,19990900000.0,20075050000.0,6287400000.0,13703500000.0,0.697,24.58,-165000000.0,1014300000.0,1014300000.0,10059900000.0,665100000.0,1.467,1.496,3683900000.0,761600000.0,2922300000.0,3683900000.0,0.0,436800000.0,0.0,0.006,0.28,1153500000.0,1590300000.0,0.114,1590300000.0,1153500000.0,870300000.0,1.98,1.89,1.98,7964300000.0,7401725000.0,7964300000.0,18108163863.0,16.0,11.387,530400000.0,1.637,1.0,3941200000.0,0.281,10629400000.0,283200000.0,7745200000.0,7374625000.0,1288500000.0,0.0,0.0,0.0,11915100000.0,4285900000.0,7629200000.0,15257663863.0,137600000.0,-14000000.0,145300000.0,-863100000.0,-90700000.0,-403700000.0,-178600000.0,0.0,695400000.0,24500000.0,642200000.0,642200000.0,642200000.0,117500000.0,22900000.0,0.046,2679800000.0,1261400000.0,1255900000.0,0.141,1.916,23.758,23.783,1669000000.0,0.0,47.09,1.09,1.09,2224200000.0,5389400000.0,14001100000.0,14001100000.0,0.0,0.032,0.087,0.156,0.082,73500000.0,2679800000.0,1.0,324010700.0,324010700.0,,43.212,9361500000.0,255600000.0,228100000.0,1675200000.0,28.893,2001500000.0
43,TT,MRT,2010-09-30,2010-09-30,2010-09-30,2021-08-25,-393700000.0,20235300000.0,20075075000.0,5514900000.0,14720400000.0,0.656,23.326,-150800000.0,810700000.0,810700000.0,9406000000.0,593400000.0,1.271,1.656,3661200000.0,738400000.0,2922800000.0,3661200000.0,0.0,437400000.0,0.0,0.008,0.28,1058200000.0,1495600000.0,0.114,1495600000.0,1058200000.0,769700000.0,1.77,1.67,1.77,7573800000.0,7178600000.0,7573800000.0,14591365990.0,14.0,9.756,620800000.0,1.912,1.0,3760300000.0,0.286,11476600000.0,288500000.0,7271100000.0,7254450000.0,1539000000.0,0.0,0.0,0.0,12541800000.0,4338100000.0,8203700000.0,11527865990.0,66800000.0,-5500000.0,66400000.0,-976700000.0,-90700000.0,-540300000.0,-155700000.0,0.0,771600000.0,-8800000.0,569400000.0,569400000.0,569400000.0,31100000.0,24000000.0,0.043,2606700000.0,1153600000.0,1401300000.0,0.158,1.522,20.246,20.175,1786000000.0,0.0,35.71,0.876,0.881,2466500000.0,5200300000.0,13166300000.0,13166300000.0,0.0,0.028,0.079,0.146,0.08,58800000.0,2606700000.0,1.0,322818986.0,324700000.0,,40.549,8758700000.0,0.0,200300000.0,1929500000.0,26.975,1176800000.0
44,TT,MRT,2010-06-30,2010-06-30,2010-06-30,2021-08-25,-685700000.0,20357300000.0,20049525000.0,5781700000.0,14575600000.0,0.643,21.777,-150800000.0,821600000.0,821600000.0,9224800000.0,578400000.0,1.185,1.869,3885100000.0,975200000.0,2909900000.0,3885100000.0,0.0,428100000.0,0.0,0.008,0.28,991400000.0,1419500000.0,0.11,1419500000.0,991400000.0,696800000.0,1.72,1.64,1.72,7051400000.0,7055525000.0,7051400000.0,14434638816.0,15.0,10.169,963200000.0,2.975,1.0,3670100000.0,0.285,11372300000.0,294600000.0,7171000000.0,7367850000.0,1429500000.0,0.0,0.0,0.0,13177700000.0,4877500000.0,8300200000.0,11102438816.0,28700000.0,-5500000.0,63200000.0,-1714800000.0,-90900000.0,-906700000.0,-156400000.0,0.0,1114000000.0,-22200000.0,553800000.0,553800000.0,553800000.0,2500000.0,24600000.0,0.043,2602600000.0,1067500000.0,1421900000.0,0.163,1.575,20.048,20.052,1783900000.0,0.0,34.49,0.861,0.866,2821500000.0,4990700000.0,12894900000.0,12894900000.0,0.0,0.028,0.078,0.135,0.077,66200000.0,2602600000.0,1.0,321903126.0,323800000.0,,39.824,8985000000.0,0.0,143000000.0,1809400000.0,27.749,904200000.0
45,TT,MRT,2010-03-31,2010-03-31,2010-03-31,2021-08-25,-500800000.0,19716700000.0,20066725000.0,4820000000.0,14896700000.0,0.641,21.746,-166100000.0,599100000.0,599100000.0,9267500000.0,504100000.0,1.146,1.791,3931300000.0,1007600000.0,2923700000.0,3931300000.0,0.0,424100000.0,0.0,0.011,0.39,907300000.0,1331400000.0,0.103,1331400000.0,907300000.0,602000000.0,1.49,1.44,1.49,7017400000.0,6976650000.0,7017400000.0,14415681651.0,16.0,10.827,1465200000.0,4.54,1.0,3597300000.0,0.28,11531300000.0,305300000.0,7311200000.0,7634150000.0,1364000000.0,0.0,0.0,0.0,12565700000.0,4206400000.0,8359300000.0,11195781651.0,105500000.0,-3300000.0,37000000.0,-2435500000.0,-125900000.0,-1360500000.0,-168300000.0,0.0,1631300000.0,3000000.0,479500000.0,479500000.0,479500000.0,2500000.0,24600000.0,0.037,2634100000.0,963200000.0,1193900000.0,0.262,1.595,23.349,23.403,1855800000.0,0.0,34.87,0.87,0.875,2172900000.0,4816900000.0,12864800000.0,12864800000.0,0.0,0.024,0.069,0.119,0.071,65500000.0,2634100000.0,1.0,321072029.0,322700000.0,,39.866,8185400000.0,0.0,122500000.0,1848000000.0,25.365,613600000.0
46,TT,MRT,2009-12-31,2009-12-31,2009-12-31,2021-08-25,-434300000.0,19991000000.0,20226700000.0,4869500000.0,15121500000.0,0.643,22.095,-182500000.0,876700000.0,876700000.0,9437100000.0,476200000.0,1.133,1.808,4096600000.0,1191700000.0,2904900000.0,4096600000.0,0.0,421500000.0,0.0,0.014,0.5,834400000.0,1255900000.0,0.097,1255900000.0,834400000.0,532800000.0,1.41,1.37,1.41,7071800000.0,6822275000.0,7071800000.0,14827428246.0,18.0,11.806,1552100000.0,4.849,1.0,3572000000.0,0.275,11648800000.0,301600000.0,7264500000.0,7976725000.0,1176100000.0,0.0,0.0,0.0,12785300000.0,4297600000.0,8487700000.0,11438928246.0,326500000.0,0.0,27200000.0,-2037100000.0,-160800000.0,-1208100000.0,-182700000.0,0.0,1734600000.0,-17300000.0,451300000.0,451300000.0,451300000.0,36600000.0,24900000.0,0.035,2686800000.0,885200000.0,1065300000.0,0.355,1.618,25.347,25.348,1888800000.0,0.0,35.74,0.879,0.879,2094200000.0,4837900000.0,13009100000.0,13009100000.0,0.0,0.022,0.066,0.105,0.064,68300000.0,2686800000.0,1.0,320059548.0,320059548.0,,40.646,8342200000.0,0.0,81500000.0,1930300000.0,26.065,571900000.0
47,TT,MRT,2009-09-30,2009-09-30,2009-09-30,2021-08-25,-310500000.0,20133100000.0,20460075000.0,4772200000.0,15360900000.0,0.652,22.061,-229500000.0,743900000.0,743900000.0,9785600000.0,-2957700000.0,1.184,1.828,4132400000.0,922400000.0,3210000000.0,4132400000.0,0.0,432700000.0,0.0,0.02,0.61,-2951700000.0,-2519000000.0,-0.189,-2519000000.0,-2951700000.0,-3264000000.0,-10.02,-10.02,-10.02,7081500000.0,6719675000.0,7081500000.0,13718869551.0,-5.0,-5.446,1611400000.0,5.02,1.0,3545600000.0,0.266,11766900000.0,312300000.0,7724700000.0,8198800000.0,1303700000.0,0.0,0.0,0.0,12947200000.0,4030000000.0,8917200000.0,9789869551.0,2400000.0,-22300000.0,6600000.0,-2685700000.0,-195200000.0,-1588500000.0,-232500000.0,7800000.0,1840900000.0,-17500000.0,-2978200000.0,-2978200000.0,-2978200000.0,64900000.0,20500000.0,-0.223,6389400000.0,-2843800000.0,1135600000.0,-0.061,1.382,-3.287,-3.061,1909900000.0,0.0,30.67,0.734,0.738,2130400000.0,4721500000.0,13331200000.0,13331200000.0,0.0,-0.146,-0.443,-0.36,-0.221,63200000.0,2679400000.0,1.0,319200181.0,321000000.0,,41.53,8366200000.0,0.0,-285800000.0,2116300000.0,26.063,742200000.0
48,TT,MRT,2009-06-30,2009-06-30,2009-06-30,2021-08-25,-435600000.0,20426100000.0,21870575000.0,5074000000.0,15352100000.0,0.649,20.997,-246300000.0,792900000.0,792900000.0,10532400000.0,-2947100000.0,1.161,2.017,4721900000.0,1267300000.0,3454600000.0,4721900000.0,0.0,525000000.0,0.0,0.034,0.72,-2921700000.0,-2396700000.0,-0.169,-2396700000.0,-2921700000.0,-3241400000.0,-9.98,-9.97,-9.98,6735900000.0,7625000000.0,6735900000.0,11327335597.0,-4.0,-4.726,1495900000.0,4.663,1.0,3653100000.0,0.258,11748500000.0,319700000.0,8236200000.0,8474350000.0,1359300000.0,0.0,0.0,0.0,13589200000.0,4370400000.0,9218800000.0,6669135597.0,5600000.0,21400000.0,8000000.0,-2340800000.0,-229600000.0,-1455300000.0,-228900000.0,7800000.0,1742200000.0,-52400000.0,-2967100000.0,-2967100000.0,-2967100000.0,60000000.0,20000000.0,-0.209,6474100000.0,-2821000000.0,1092400000.0,-0.072,0.99,-2.248,-2.094,1924600000.0,0.0,20.9,0.47,0.473,2274000000.0,4527900000.0,14185500000.0,14185500000.0,0.0,-0.136,-0.389,-0.345,-0.206,52500000.0,2764100000.0,1.0,319097397.0,320800000.0,,44.219,8677600000.0,0.0,-274300000.0,2127000000.0,27.05,703600000.0
49,TT,MRT,2009-03-31,2009-03-31,2009-03-31,2021-08-25,-587800000.0,20356600000.0,23234975000.0,5016300000.0,15340300000.0,0.595,19.968,-244100000.0,493600000.0,493600000.0,10213000000.0,-2812100000.0,1.084,2.165,5151800000.0,1702700000.0,3449100000.0,5151800000.0,0.0,513400000.0,0.0,0.052,0.72,-2778600000.0,-2265200000.0,-0.164,-2265200000.0,-2778600000.0,-3062100000.0,-9.47,-9.47,-9.47,6399900000.0,8639150000.0,6399900000.0,8974225132.0,-3.0,-3.962,825300000.0,2.575,1.0,3601600000.0,0.261,11704200000.0,283500000.0,8681500000.0,8274525000.0,1559500000.0,0.0,0.0,0.0,13857900000.0,4629100000.0,9228800000.0,4400325132.0,-3574700000.0,-7032600000.0,12900000.0,5992400000.0,-221200000.0,2748100000.0,-7304700000.0,7800000.0,1069400000.0,-87500000.0,-2833100000.0,-2833100000.0,-2833100000.0,66400000.0,21000000.0,-0.205,6320100000.0,-2718500000.0,933400000.0,-0.076,0.688,-1.553,-1.457,1936400000.0,0.0,13.8,0.319,0.32,2291100000.0,4401700000.0,13814600000.0,13814600000.0,0.0,-0.122,-0.328,-0.336,-0.201,50500000.0,2610100000.0,1.0,318864140.0,320500000.0,,43.103,8652400000.0,0.0,-229000000.0,2126600000.0,26.997,387200000.0
50,TT,MRT,2008-12-31,2008-12-31,2008-12-31,2021-08-25,-450800000.0,20924500000.0,21658850000.0,5399700000.0,15524800000.0,0.602,20.896,-229200000.0,550200000.0,550200000.0,9547500000.0,-2604800000.0,0.98,2.126,5124100000.0,2350400000.0,2773700000.0,5124100000.0,0.0,449000000.0,0.0,0.041,0.72,-2573900000.0,-2124900000.0,-0.163,-2124900000.0,-2573900000.0,-2817100000.0,-8.73,-8.73,-8.73,6661400000.0,9118825000.0,6661400000.0,10305142930.0,-4.0,-4.85,119200000.0,0.374,1.0,3497500000.0,0.268,11834200000.0,243200000.0,8152800000.0,7128350000.0,1615100000.0,0.0,0.0,0.0,14162400000.0,5511400000.0,8651000000.0,5530942930.0,-4185100000.0,-7054400000.0,16500000.0,5945800000.0,-212900000.0,2760600000.0,-7306400000.0,7800000.0,348400000.0,12300000.0,-2624800000.0,-2624800000.0,-2624800000.0,96400000.0,20000000.0,-0.201,6018900000.0,-2521400000.0,1046500000.0,-0.082,0.83,-2.107,-1.987,1968500000.0,0.0,17.35,0.424,0.424,2512100000.0,4547400000.0,13045000000.0,13045000000.0,0.0,-0.121,-0.288,-0.361,-0.197,42300000.0,2308900000.0,1.0,318786336.0,318786336.0,,40.921,9090300000.0,0.0,-192300000.0,2184800000.0,28.515,-111700000.0
51,TT,MRT,2008-09-30,2008-09-30,2008-09-30,2021-08-25,241800000.0,25775100000.0,20021775000.0,6123500000.0,19651600000.0,0.593,33.425,-163700000.0,741500000.0,741500000.0,8604600000.0,3223000000.0,0.982,1.408,5515700000.0,2730600000.0,2785100000.0,5515700000.0,0.0,369600000.0,0.0,0.023,0.72,3636800000.0,4006400000.0,0.337,4006400000.0,3636800000.0,3443600000.0,11.01,10.85,11.01,10702800000.0,9430450000.0,10702800000.0,15099882164.0,4.0,3.769,268400000.0,0.838,1.0,3276000000.0,0.276,15487600000.0,193200000.0,8826900000.0,5875400000.0,1795100000.0,0.0,0.0,0.0,15072300000.0,6234800000.0,8837500000.0,9928482164.0,303500000.0,-2168500000.0,-28400000.0,4780400000.0,-204400000.0,2180800000.0,-2383800000.0,700000.0,432100000.0,74400000.0,3183900000.0,3183900000.0,3183900000.0,-2314100000.0,39100000.0,0.268,2021200000.0,1254800000.0,1265200000.0,0.065,0.928,3.118,2.831,2085300000.0,0.0,31.17,0.836,0.84,2791800000.0,7898700000.0,11880600000.0,11880600000.0,0.0,0.159,0.338,0.619,0.306,40700000.0,2021200000.0,1.0,318526858.0,320200000.0,,37.104,10287500000.0,0.0,259700000.0,2804900000.0,32.128,-111300000.0
52,TT,MRT,2008-06-30,2008-06-30,2008-06-30,2021-08-25,497500000.0,25883700000.0,16675325000.0,6575000000.0,19308700000.0,0.588,37.552,-138300000.0,787300000.0,787300000.0,7003400000.0,3256400000.0,0.8,1.398,5958700000.0,4768800000.0,1189900000.0,5958700000.0,0.0,195300000.0,0.0,0.019,0.72,3636800000.0,3832100000.0,0.391,3832100000.0,3636800000.0,3494000000.0,11.24,11.07,11.24,10792500000.0,8053375000.0,10792500000.0,7608504976.0,2.0,1.985,37300000.0,0.13,1.0,2803000000.0,0.286,15398300000.0,142800000.0,7436900000.0,5041750000.0,1800500000.0,0.0,0.0,0.0,15091200000.0,8219900000.0,6871300000.0,10214104976.0,237300000.0,-2235200000.0,-1105000000.0,7211200000.0,-198400000.0,2334800000.0,-2384700000.0,700000.0,175600000.0,111600000.0,3222800000.0,3222800000.0,3222800000.0,-2389100000.0,33600000.0,0.329,1619300000.0,1183700000.0,1348500000.0,0.064,0.946,3.169,3.33,2128300000.0,0.0,37.43,1.042,1.097,3072000000.0,7728300000.0,9806400000.0,9806400000.0,0.0,0.193,0.4,0.721,0.371,39600000.0,1619300000.0,1.0,272885519.0,287400000.0,,34.121,10485400000.0,0.0,271200000.0,2440200000.0,36.484,-1644900000.0
53,TT,MRT,2008-03-31,2008-03-31,2008-03-31,2021-08-25,487900000.0,14052100000.0,13305975000.0,7157100000.0,6895000000.0,0.673,30.382,-113200000.0,4068300000.0,4068300000.0,6397000000.0,3957900000.0,2.865,0.689,1462700000.0,750000000.0,712700000.0,1462700000.0,0.0,140900000.0,0.0,0.016,0.72,4294200000.0,4435100000.0,0.496,4435100000.0,4294200000.0,4166200000.0,13.56,13.36,13.56,8318600000.0,6813350000.0,8318600000.0,8872917666.0,2.0,2.001,62500000.0,0.228,1.0,2553200000.0,0.285,4851200000.0,128000000.0,4096800000.0,4523650000.0,909000000.0,0.0,0.0,0.0,5733500000.0,2498500000.0,3235000000.0,12154517666.0,3763700000.0,6110400000.0,-1746600000.0,-1291000000.0,-203600000.0,-2544800000.0,6000000000.0,700000.0,175700000.0,132800000.0,3930800000.0,3930800000.0,3930800000.0,-3151600000.0,27100000.0,0.439,1457000000.0,1096200000.0,768100000.0,0.053,1.461,3.092,3.288,935300000.0,0.0,44.58,1.358,1.364,1716600000.0,7521300000.0,8950200000.0,8950200000.0,0.0,0.295,0.577,0.949,0.48,33100000.0,1457000000.0,1.0,272645080.0,273800000.0,,32.689,9200900000.0,0.0,235400000.0,0.0,33.604,4658600000.0
54,TT,MRT,2007-12-31,2007-12-31,2007-12-31,2021-08-25,246500000.0,14376200000.0,12895700000.0,7700700000.0,6675500000.0,0.68,29.027,-105500000.0,4735300000.0,4735300000.0,6272000000.0,3990000000.0,2.38,0.818,1453700000.0,741000000.0,712700000.0,1453700000.0,0.0,138800000.0,0.0,0.015,0.72,4307300000.0,4446100000.0,0.507,4446100000.0,4307300000.0,4171100000.0,13.64,13.43,13.64,7907900000.0,6080225000.0,7907900000.0,14617632181.0,3.0,3.288,796000000.0,2.922,1.0,2491100000.0,0.284,4717900000.0,136200000.0,3141000000.0,4844200000.0,827200000.0,0.0,0.0,0.0,6468300000.0,3235700000.0,3232600000.0,12659732181.0,4379500000.0,6128600000.0,-1839700000.0,-1099400000.0,-209800000.0,-2568500000.0,5994700000.0,700000.0,901500000.0,51800000.0,3966700000.0,3966700000.0,3966700000.0,-3242600000.0,23300000.0,0.453,1433300000.0,1057800000.0,721200000.0,0.053,1.601,3.192,3.407,904900000.0,0.0,46.47,1.445,1.445,1660700000.0,7388800000.0,8763100000.0,8763100000.0,0.0,0.308,0.652,0.889,0.492,31000000.0,1433300000.0,1.0,272428065.0,272428065.0,,32.167,9658300000.0,0.0,204400000.0,539900000.0,35.453,4465000000.0
55,TT,MRT,2007-09-30,2007-09-30,2007-09-30,2021-08-25,1700000.0,12389300000.0,12338125000.0,5522000000.0,6867300000.0,0.696,18.121,-111600000.0,438000000.0,438000000.0,6153200000.0,1670100000.0,1.315,1.385,2395900000.0,1494200000.0,901700000.0,2395900000.0,0.0,133800000.0,0.0,0.013,0.72,1931900000.0,2065700000.0,0.241,2065700000.0,1931900000.0,1796200000.0,5.59,5.51,5.59,5194500000.0,5454450000.0,5194500000.0,16735223567.0,9.0,8.101,788200000.0,2.75,1.0,2429600000.0,0.283,4655500000.0,135700000.0,5492300000.0,5337025000.0,923000000.0,700000.0,700000.0,0.0,7194800000.0,4199400000.0,2995400000.0,15614223567.0,180100000.0,1265000000.0,-1883900000.0,600400000.0,-216000000.0,-1784200000.0,1038800000.0,200000.0,899800000.0,25700000.0,1670100000.0,1670100000.0,1670100000.0,-897800000.0,0.0,0.195,1391500000.0,1038100000.0,772600000.0,0.129,3.006,9.349,9.744,901300000.0,0.0,54.47,1.819,1.819,1705100000.0,4919500000.0,8582800000.0,8582800000.0,0.0,0.135,0.306,0.362,0.225,25800000.0,1391500000.0,1.0,286657308.0,286657308.0,,29.941,7733800000.0,0.0,126100000.0,0.0,26.979,1322600000.0
56,TT,MRT,2007-06-30,2007-06-30,2007-06-30,2021-08-25,-153700000.0,12406300000.0,12185775000.0,5664400000.0,6741900000.0,0.688,19.336,-109400000.0,460200000.0,460200000.0,6010400000.0,1647300000.0,1.583,1.127,1581200000.0,686700000.0,894500000.0,1581200000.0,0.0,144000000.0,0.0,0.013,0.72,1904100000.0,2048100000.0,0.244,2048100000.0,1904100000.0,1770200000.0,5.42,5.35,5.42,5832400000.0,5575825000.0,5832400000.0,18320385891.0,10.0,8.945,826300000.0,2.739,1.0,2371400000.0,0.283,4584500000.0,133900000.0,5364500000.0,5205650000.0,919300000.0,700000.0,700000.0,0.0,6573900000.0,3578300000.0,2995600000.0,16535185891.0,292800000.0,1266800000.0,-1423400000.0,-97400000.0,-222200000.0,-1678800000.0,1015300000.0,-100000.0,935700000.0,20600000.0,1647300000.0,1647300000.0,1647300000.0,-872200000.0,0.0,0.197,1340700000.0,1030700000.0,685100000.0,0.133,2.835,10.038,10.114,873300000.0,0.0,54.82,1.973,1.973,1644000000.0,5692700000.0,8381800000.0,8381800000.0,0.0,0.135,0.295,0.366,0.227,27000000.0,1340700000.0,1.0,301626886.0,301626886.0,,27.789,7821800000.0,0.0,122900000.0,0.0,25.932,2086100000.0
57,TT,MRT,2007-03-31,2007-03-31,2007-03-31,2021-08-25,-316200000.0,12411000000.0,12023875000.0,4578400000.0,7832600000.0,0.682,17.499,-128700000.0,304600000.0,304600000.0,5883800000.0,996700000.0,1.289,1.304,2089800000.0,1186800000.0,903000000.0,2089800000.0,0.0,138600000.0,0.0,0.016,0.7,1228000000.0,1366600000.0,0.167,1366600000.0,1228000000.0,1094100000.0,3.17,3.13,3.17,5386100000.0,5632975000.0,5386100000.0,14971631408.0,12.0,10.955,844000000.0,2.742,1.0,2321400000.0,0.283,5266000000.0,133900000.0,5379000000.0,5108600000.0,1249500000.0,600000.0,600000.0,0.0,7024900000.0,3551200000.0,3473700000.0,13349331408.0,-468400000.0,-26500000.0,-971700000.0,-49200000.0,-220600000.0,-1201400000.0,-264600000.0,45900000.0,972700000.0,24900000.0,996700000.0,996700000.0,996700000.0,-232500000.0,0.0,0.121,1312300000.0,1009100000.0,922700000.0,0.221,2.478,13.394,13.681,1149500000.0,0.0,43.37,1.627,1.627,1860600000.0,5397000000.0,8205200000.0,8205200000.0,0.0,0.083,0.177,0.24,0.15,24400000.0,1312300000.0,1.0,307801047.0,307801047.0,,26.657,7145000000.0,0.0,97400000.0,0.0,23.213,1027200000.0
58,TT,MRT,2006-12-31,2006-12-31,2006-12-31,2021-08-25,-358100000.0,12145900000.0,11917975000.0,5537800000.0,6608100000.0,0.674,17.628,-135200000.0,355800000.0,355800000.0,5768400000.0,1032500000.0,1.347,1.247,1984600000.0,1079400000.0,905200000.0,1984600000.0,0.0,148800000.0,0.0,0.017,0.68,1258700000.0,1407500000.0,0.175,1407500000.0,1258700000.0,1125100000.0,3.23,3.2,3.23,5404800000.0,5761850000.0,5404800000.0,13811572863.0,11.0,9.813,819600000.0,2.673,1.0,2265300000.0,0.282,4550000000.0,133600000.0,5112300000.0,4946650000.0,837700000.0,700000.0,700000.0,0.0,6741100000.0,4112400000.0,2628700000.0,11997472863.0,-520200000.0,-49700000.0,-1000600000.0,-281000000.0,-217600000.0,-1343200000.0,-161200000.0,155800000.0,954800000.0,29400000.0,1032500000.0,1032500000.0,1032500000.0,-267500000.0,0.0,0.129,1266800000.0,998500000.0,757600000.0,0.211,2.22,11.62,12.115,868200000.0,0.0,39.13,1.493,1.493,1481700000.0,5456100000.0,8033700000.0,8033700000.0,0.0,0.087,0.179,0.254,0.157,20700000.0,1266800000.0,1.0,306605491.0,306605491.0,,26.202,7595900000.0,0.0,92600000.0,0.0,24.774,1425400000.0
59,TT,MRT,2006-09-30,2006-09-30,2006-09-30,2021-08-25,22000000.0,11779900000.0,11820600000.0,4038500000.0,7741400000.0,0.511,17.654,-76300000.0,265400000.0,265400000.0,4232500000.0,1102000000.0,1.199,1.074,2079500000.0,908400000.0,1171100000.0,2079500000.0,0.0,126600000.0,0.0,0.017,0.66,1237300000.0,1363900000.0,0.226,1363900000.0,1237300000.0,1104400000.0,3.37,3.34,3.37,5680000000.0,5851150000.0,5680000000.0,13599988620.0,11.0,9.971,858200000.0,2.667,1.0,1806800000.0,0.299,5257700000.0,132900000.0,4966800000.0,4829250000.0,1386700000.0,900000.0,900000.0,0.0,6099900000.0,3369500000.0,2730400000.0,12219788620.0,-468000000.0,-14400000.0,-1037000000.0,-218200000.0,-215400000.0,-1361500000.0,-57600000.0,152500000.0,934500000.0,16600000.0,1102000000.0,1102000000.0,1102000000.0,-508500000.0,0.0,0.182,1096400000.0,710400000.0,962700000.0,0.196,2.151,11.089,11.27,1231400000.0,0.0,37.98,2.023,2.023,2017300000.0,,6039300000.0,6039300000.0,0.0,0.093,0.188,0.256,0.205,23200000.0,1096400000.0,1.0,321742723.0,321742723.0,,18.771,6522200000.0,0.0,2400000.0,0.0,20.271,669000000.0
60,TT,MRT,2006-06-30,2006-06-30,2006-06-30,2021-08-25,700000.0,11758700000.0,11760625000.0,4031300000.0,7727400000.0,0.563,18.421,-80800000.0,258700000.0,258700000.0,4687800000.0,1112400000.0,1.38,0.94,1638900000.0,467500000.0,1171400000.0,1638900000.0,0.0,134200000.0,0.0,0.015,0.64,1275100000.0,1409300000.0,0.213,1409300000.0,1275100000.0,1138200000.0,3.36,3.33,3.36,6061000000.0,5833100000.0,6061000000.0,15407435729.0,12.0,10.933,869500000.0,2.643,1.0,1928800000.0,0.292,5241300000.0,136900000.0,4976300000.0,4727575000.0,1297700000.0,600000.0,600000.0,0.0,5697700000.0,2921300000.0,2776400000.0,14075435729.0,-645200000.0,-93500000.0,-565900000.0,-1101800000.0,-211800000.0,-1338900000.0,-271500000.0,9700000.0,950300000.0,14900000.0,1112400000.0,1112400000.0,1112400000.0,-463200000.0,0.0,0.168,1147300000.0,781500000.0,932700000.0,0.19,2.322,12.653,12.732,1202600000.0,0.0,42.78,2.127,2.127,2071600000.0,,6616600000.0,6616600000.0,0.0,0.095,0.191,0.27,0.193,23500000.0,1147300000.0,1.0,329019068.0,329019068.0,,20.11,6517400000.0,0.0,25800000.0,0.0,19.809,1110000000.0
61,TT,MRT,2006-03-31,2006-03-31,2006-03-31,2021-08-25,-79100000.0,11987400000.0,11709150000.0,4407600000.0,7579800000.0,0.626,18.021,-80300000.0,778000000.0,778000000.0,5243800000.0,1084300000.0,1.329,1.031,2110000000.0,929200000.0,1180800000.0,2110000000.0,0.0,150600000.0,0.0,0.014,0.605,1295300000.0,1445900000.0,0.197,1445900000.0,1295300000.0,1151500000.0,3.24,3.21,3.24,5901600000.0,5707425000.0,5901600000.0,14921722211.0,12.0,10.32,862200000.0,2.633,1.0,2084300000.0,0.284,5272300000.0,143800000.0,4731200000.0,4572600000.0,1246900000.0,46700000.0,46700000.0,0.0,6085800000.0,3315900000.0,2769900000.0,13685322211.0,-237200000.0,-172800000.0,-611500000.0,163000000.0,-201300000.0,-804900000.0,-368600000.0,-36600000.0,942500000.0,-6200000.0,1084300000.0,1084300000.0,1084300000.0,-340400000.0,0.0,0.148,1176200000.0,908100000.0,896200000.0,0.187,2.319,12.621,12.898,1085800000.0,0.0,41.79,1.868,1.868,1900600000.0,,7328100000.0,7328100000.0,0.0,0.093,0.19,0.283,0.177,12700000.0,1176200000.0,1.0,327478397.0,327478397.0,,22.377,6715100000.0,0.0,67200000.0,0.0,20.505,1091700000.0
62,TT,MRT,2005-12-31,2005-12-31,2005-12-31,2021-08-25,-127600000.0,11756400000.0,11595450000.0,4248200000.0,7508200000.0,0.626,17.417,-69800000.0,880600000.0,880600000.0,5203200000.0,1054200000.0,1.328,1.04,2117000000.0,932700000.0,1184300000.0,2117000000.0,0.0,156700000.0,0.0,0.014,0.57,1260300000.0,1417000000.0,0.195,1417000000.0,1260300000.0,1115200000.0,3.12,3.09,3.12,5762000000.0,5649850000.0,5762000000.0,14807788159.0,12.0,10.45,770900000.0,2.33,1.0,2060500000.0,0.284,5150400000.0,145100000.0,4642700000.0,4482375000.0,1128800000.0,156500000.0,156500000.0,0.0,5994400000.0,3199700000.0,2794700000.0,13355788159.0,-820900000.0,-473300000.0,-672700000.0,125400000.0,-192100000.0,-875700000.0,-771700000.0,-152600000.0,840700000.0,-14200000.0,1054200000.0,1054200000.0,1054200000.0,-322400000.0,0.0,0.145,1172700000.0,887800000.0,812500000.0,0.183,2.318,12.669,12.939,1157500000.0,0.0,40.37,1.839,1.839,1679000000.0,5558900000.0,7263700000.0,7263700000.0,0.0,0.091,0.187,0.281,0.174,0.0,1172700000.0,1.0,330834485.0,330834485.0,,21.956,6606000000.0,0.0,61000000.0,0.0,19.968,1048500000.0
63,TT,MRT,2005-09-30,2005-09-30,2005-09-30,2021-08-25,-166800000.0,11540000000.0,11510000000.0,4240200000.0,7299800000.0,0.894,16.625,-146900000.0,732100000.0,732100000.0,7528200000.0,1277900000.0,1.347,1.058,2184100000.0,993400000.0,1190700000.0,2184100000.0,0.0,191400000.0,0.0,0.014,0.535,1617200000.0,1808600000.0,0.176,1808600000.0,1617200000.0,1470400000.0,3.74,3.69,3.74,5607800000.0,5642800000.0,5607800000.0,14153531806.0,9.0,7.826,582600000.0,1.727,1.0,2764400000.0,0.269,5285100000.0,146800000.0,4560100000.0,4293150000.0,1230300000.0,152700000.0,152700000.0,0.0,5932200000.0,3146800000.0,2785400000.0,12895531806.0,292300000.0,673300000.0,-546600000.0,-6400000.0,-182400000.0,-806800000.0,382600000.0,-141600000.0,729500000.0,2300000.0,1277900000.0,1277900000.0,1277900000.0,-275400000.0,0.0,0.124,1450500000.0,1313900000.0,722900000.0,0.143,2.3,10.091,10.222,1091800000.0,0.0,38.23,1.253,1.253,1764600000.0,,10292600000.0,10292600000.0,0.0,0.111,0.226,0.377,0.157,-2900000.0,1450500000.0,1.0,337314460.0,337314460.0,,30.513,6254900000.0,0.0,192500000.0,0.0,18.543,1093400000.0
64,TT,MRT,2005-06-30,2005-06-30,2005-06-30,2021-08-25,-150100000.0,11552800000.0,11317425000.0,4272700000.0,7280100000.0,0.888,16.488,-122300000.0,915600000.0,915600000.0,7346300000.0,1261500000.0,1.336,1.078,2173600000.0,983900000.0,1189700000.0,2173600000.0,0.0,185400000.0,0.0,0.014,0.5,1585000000.0,1770400000.0,0.176,1770400000.0,1585000000.0,1438000000.0,3.67,3.62,3.67,5558300000.0,5470600000.0,5558300000.0,13024427531.0,8.0,7.357,545200000.0,1.617,1.0,2699000000.0,0.269,5256800000.0,147000000.0,4356400000.0,4316200000.0,1210800000.0,0.0,0.0,0.0,5994500000.0,3197600000.0,2796900000.0,12026727531.0,559100000.0,795900000.0,-469400000.0,-170200000.0,-171800000.0,-790600000.0,669900000.0,1500000.0,667500000.0,7200000.0,1261500000.0,1261500000.0,1261500000.0,-309500000.0,0.0,0.126,1446900000.0,1252100000.0,772700000.0,0.136,2.164,9.534,9.721,1073000000.0,0.0,35.675,1.197,1.197,1786100000.0,,10045300000.0,10045300000.0,0.0,0.111,0.231,0.367,0.158,-12000000.0,1446900000.0,1.0,337119202.0,337119202.0,,29.797,6296000000.0,0.0,176500000.0,0.0,18.676,1075100000.0
65,TT,MRT,2005-03-31,2005-03-31,2005-03-31,2021-08-25,-22300000.0,11532600000.0,11076575000.0,4376700000.0,7155900000.0,0.878,16.398,-83900000.0,1024500000.0,1024500000.0,7110200000.0,1262300000.0,1.475,1.034,2022200000.0,689800000.0,1332400000.0,2022200000.0,0.0,184800000.0,0.0,0.012,0.47,1566300000.0,1751100000.0,0.18,1751100000.0,1566300000.0,1417300000.0,3.655,3.605,3.655,5671300000.0,5271025000.0,5671300000.0,13950086405.0,9.0,7.966,663900000.0,1.92,1.0,2620000000.0,0.269,5193300000.0,149000000.0,4370300000.0,4332900000.0,1248300000.0,0.0,0.0,0.0,5861300000.0,2966700000.0,2894600000.0,13773386405.0,846100000.0,1052200000.0,-214500000.0,-1008800000.0,-162500000.0,-882400000.0,960900000.0,1800000.0,747800000.0,15500000.0,1262300000.0,1262300000.0,1262300000.0,-362900000.0,0.0,0.13,1428300000.0,1191700000.0,752000000.0,0.129,2.429,10.911,10.896,1085700000.0,0.0,39.825,1.416,1.416,1713200000.0,,9730200000.0,9730200000.0,0.0,0.114,0.239,0.361,0.161,-4500000.0,1428300000.0,1.0,345847744.0,345847744.0,,28.134,6339300000.0,0.0,155000000.0,0.0,18.33,1410000000.0
66,TT,MRT,2004-12-31,2004-12-31,2004-12-31,2021-08-25,62800000.0,11414600000.0,10841925000.0,4609700000.0,6804900000.0,0.866,16.647,-75200000.0,1703100000.0,1703100000.0,6854000000.0,1218700000.0,1.602,0.991,1880400000.0,612800000.0,1267600000.0,1880400000.0,0.0,174400000.0,0.0,0.011,0.44,1510200000.0,1684600000.0,0.179,1684600000.0,1510200000.0,1357100000.0,3.52,3.47,3.52,5733800000.0,4976125000.0,5733800000.0,15366252294.0,10.0,9.122,722300000.0,2.097,1.0,2539600000.0,0.27,4829200000.0,153100000.0,3885800000.0,4405100000.0,1058800000.0,600000.0,600000.0,0.0,5680800000.0,2876900000.0,2803900000.0,13828852294.0,1286800000.0,1379500000.0,-185200000.0,-938800000.0,-152600000.0,-808200000.0,1304800000.0,7900000.0,797500000.0,16500000.0,1218700000.0,1218700000.0,1218700000.0,-388900000.0,0.0,0.13,1419300000.0,1120300000.0,684000000.0,0.125,2.412,11.347,11.406,1013200000.0,0.0,40.15,1.472,1.472,1498400000.0,5028300000.0,9393600000.0,9393600000.0,0.0,0.112,0.245,0.343,0.161,0.0,1419300000.0,1.0,344429696.0,344429696.0,,27.273,6585400000.0,0.0,138400000.0,0.0,19.12,1732800000.0
67,TT,MRT,2004-09-30,2004-09-30,2004-09-30,2021-08-25,-262500000.0,10769700000.0,10654500000.0,4181200000.0,6588500000.0,0.862,14.191,-42700000.0,440700000.0,440700000.0,6710600000.0,900900000.0,1.45,1.189,1978100000.0,621700000.0,1356400000.0,1978100000.0,0.0,170400000.0,0.0,0.012,0.41,1180500000.0,1350900000.0,0.147,1350900000.0,1180500000.0,1024600000.0,2.595,2.575,2.595,4919000000.0,4666000000.0,4919000000.0,13447807212.0,11.0,9.955,564400000.0,1.628,1.0,2471000000.0,0.269,4771800000.0,155900000.0,4652300000.0,4591125000.0,1026500000.0,0.0,0.0,0.0,5850700000.0,2883000000.0,2967700000.0,11780307212.0,266900000.0,206900000.0,-116400000.0,-825400000.0,-142400000.0,-671800000.0,315100000.0,147000000.0,607100000.0,2000000.0,900900000.0,900900000.0,900900000.0,-130700000.0,0.0,0.098,1422100000.0,1048900000.0,658800000.0,0.158,2.395,13.076,13.096,997100000.0,0.0,33.985,1.283,1.283,1577800000.0,,9181600000.0,9181600000.0,0.0,0.085,0.193,0.257,0.129,0.0,1423400000.0,1.0,346632550.0,346632550.0,,26.488,5997900000.0,0.0,123700000.0,0.0,17.303,1298200000.0
68,TT,MRT,2004-06-30,2004-06-30,2004-06-30,2021-08-25,-284400000.0,10589400000.0,10505275000.0,3580900000.0,7008500000.0,0.845,13.734,-43100000.0,390700000.0,390700000.0,6495500000.0,817700000.0,1.277,1.225,2058200000.0,691600000.0,1366600000.0,2058200000.0,0.0,158300000.0,0.0,0.011,0.38,1083300000.0,1241600000.0,0.14,1241600000.0,1083300000.0,921000000.0,2.355,2.335,2.355,4760000000.0,4456975000.0,4760000000.0,13949222772.0,13.0,11.235,410100000.0,1.183,1.0,2382100000.0,0.268,5030200000.0,162300000.0,4423200000.0,4598375000.0,1051200000.0,0.0,0.0,0.0,5829400000.0,2803500000.0,3025900000.0,11837722772.0,299300000.0,206100000.0,72500000.0,-957000000.0,-131700000.0,-538000000.0,314500000.0,147000000.0,453200000.0,-8600000.0,817700000.0,817700000.0,817700000.0,-107900000.0,0.0,0.092,1398600000.0,983500000.0,740500000.0,0.161,2.487,14.477,14.503,1111800000.0,0.0,34.155,1.333,1.333,1767700000.0,,8877600000.0,8877600000.0,0.0,0.078,0.183,0.236,0.122,0.0,1401800000.0,1.0,346588282.0,346588282.0,,25.614,5559200000.0,0.0,103300000.0,0.0,16.04,777400000.0
69,TT,MRT,2004-03-31,2004-03-31,2004-03-31,2021-08-25,-265000000.0,10594000000.0,10414275000.0,3508400000.0,7085600000.0,0.851,12.806,-61200000.0,210800000.0,210800000.0,6555300000.0,670800000.0,1.169,1.359,2322300000.0,799500000.0,1522800000.0,2322300000.0,0.0,162300000.0,0.0,0.011,0.37,923600000.0,1085900000.0,0.122,1085900000.0,923600000.0,757000000.0,1.94,1.925,1.94,4491700000.0,4229275000.0,4491700000.0,13725756431.0,15.0,12.64,234000000.0,0.667,1.0,2311800000.0,0.261,5046300000.0,166600000.0,4659100000.0,4701050000.0,1083500000.0,1000000.0,1000000.0,0.0,6102300000.0,3000100000.0,3102200000.0,11864156431.0,103000000.0,30800000.0,60000000.0,-615400000.0,-127600000.0,-375600000.0,121100000.0,147000000.0,295200000.0,-400000.0,670800000.0,670800000.0,670800000.0,-54400000.0,0.0,0.076,1438500000.0,873300000.0,696800000.0,0.191,2.641,17.687,17.436,1140300000.0,0.0,33.825,1.338,1.338,1662100000.0,,8867100000.0,8867100000.0,0.0,0.064,0.159,0.196,0.104,0.0,1441700000.0,1.0,350751114.0,350751114.0,,25.28,5547700000.0,0.0,86200000.0,0.0,15.817,508300000.0
70,TT,MRT,2003-12-31,2003-12-31,2003-12-31,2021-08-25,-270500000.0,10664900000.0,10250300000.0,4016600000.0,6648300000.0,0.805,12.951,-56200000.0,417200000.0,417200000.0,6109000000.0,644500000.0,1.28,1.374,2315400000.0,797000000.0,1518400000.0,2315400000.0,0.0,171600000.0,0.0,0.011,0.36,895300000.0,1066900000.0,0.129,1066900000.0,895300000.0,719800000.0,1.88,1.87,1.88,4493300000.0,4007475000.0,4493300000.0,13977598167.0,16.0,13.101,107000000.0,0.308,1.0,2140300000.0,0.259,4794600000.0,175500000.0,4629900000.0,4751375000.0,858000000.0,0.0,0.0,0.0,6171600000.0,3138600000.0,3033000000.0,11775798167.0,132000000.0,730100000.0,211100000.0,-1879200000.0,-123200000.0,-852000000.0,818200000.0,147000000.0,163200000.0,2600000.0,644500000.0,644500000.0,644500000.0,-111700000.0,0.0,0.078,1352700000.0,787600000.0,620300000.0,0.191,2.621,18.271,18.053,1066000000.0,0.0,33.94,1.427,1.427,1403000000.0,3978700000.0,8249300000.0,8249300000.0,0.0,0.063,0.161,0.188,0.109,0.0,1355900000.0,1.0,346959286.0,346959286.0,,23.776,5870300000.0,0.0,75300000.0,0.0,16.919,878000000.0
71,TT,MRT,2003-09-30,2003-09-30,2003-09-30,2021-08-25,-409700000.0,10172800000.0,10286475000.0,3200200000.0,6972600000.0,0.752,11.917,-56000000.0,191100000.0,191100000.0,5783000000.0,630500000.0,1.187,1.492,2392900000.0,611500000.0,1781400000.0,2392900000.0,0.0,149300000.0,0.0,0.013,0.35,829500000.0,978800000.0,0.126,978800000.0,829500000.0,642500000.0,1.86,1.83,1.86,4082900000.0,3753700000.0,4082900000.0,11581608086.0,14.0,11.832,306800000.0,0.896,1.0,1955100000.0,0.253,4996900000.0,187000000.0,4681300000.0,4849400000.0,1103300000.0,145100000.0,145100000.0,0.0,6089900000.0,2696400000.0,3393500000.0,9154208086.0,87400000.0,712800000.0,144400000.0,-2118400000.0,-118900000.0,-1033700000.0,649500000.0,-2300000.0,362800000.0,5600000.0,630500000.0,630500000.0,630500000.0,-166700000.0,0.0,0.081,1269500000.0,685600000.0,665400000.0,0.188,2.242,14.519,14.366,1227500000.0,0.0,26.72,1.183,1.183,1447100000.0,,7738100000.0,7738100000.0,0.0,0.061,0.168,0.171,0.107,0.0,1256100000.0,1.0,342597608.0,342597608.0,,22.587,5175900000.0,0.0,12000000.0,0.0,15.108,503800000.0
72,TT,MRT,2003-06-30,2003-06-30,2003-06-30,2021-08-25,-391700000.0,10225400000.0,10428925000.0,3255700000.0,6969700000.0,0.756,11.362,-57500000.0,108100000.0,108100000.0,5950800000.0,565200000.0,1.148,1.657,2535500000.0,699300000.0,1836200000.0,2535500000.0,0.0,169600000.0,0.0,0.014,0.34,771000000.0,940600000.0,0.119,940600000.0,771000000.0,567400000.0,1.675,1.655,1.675,3849200000.0,3633100000.0,3849200000.0,10508559492.0,14.0,11.172,416600000.0,1.23,1.0,1931500000.0,0.245,4983500000.0,203600000.0,4833900000.0,5087025000.0,1222400000.0,165600000.0,165600000.0,0.0,6376200000.0,2835400000.0,3540800000.0,8015259492.0,-44700000.0,671800000.0,14800000.0,-2144600000.0,-115100000.0,-1172600000.0,613800000.0,-2300000.0,474100000.0,4700000.0,565200000.0,565200000.0,565200000.0,-167800000.0,0.0,0.072,1309400000.0,622100000.0,727000000.0,0.203,2.082,14.181,14.125,1243200000.0,0.0,23.66,1.017,1.017,1505400000.0,,7882300000.0,7882300000.0,0.0,0.054,0.156,0.152,0.098,0.0,1284700000.0,1.0,338768364.0,338768364.0,,23.268,5241900000.0,0.0,2200000.0,0.0,15.473,420300000.0
73,TT,MRT,2003-03-31,2003-03-31,2003-03-31,2021-08-25,-513500000.0,9938100000.0,10565450000.0,3103300000.0,6834800000.0,0.73,10.646,-61300000.0,125200000.0,125200000.0,5838000000.0,533300000.0,1.175,1.757,2618500000.0,529900000.0,2088600000.0,2618500000.0,0.0,168900000.0,0.0,0.018,0.34,747400000.0,916300000.0,0.119,916300000.0,747400000.0,528700000.0,1.585,1.565,1.585,3604500000.0,3553500000.0,3604500000.0,9438410541.0,13.0,10.301,449100000.0,1.326,1.0,1876800000.0,0.243,4930800000.0,218700000.0,4860400000.0,5310600000.0,1203600000.0,148400000.0,148400000.0,0.0,6333600000.0,2640200000.0,3693400000.0,6533010541.0,3700000.0,647000000.0,9900000.0,-2153600000.0,-115000000.0,-1181900000.0,577800000.0,-2300000.0,510400000.0,8900000.0,533300000.0,533300000.0,533300000.0,-190600000.0,0.0,0.069,1287700000.0,589100000.0,692100000.0,0.215,1.812,12.25,12.174,1253000000.0,0.0,19.295,0.847,0.847,1348900000.0,,7714800000.0,7714800000.0,0.0,0.05,0.15,0.141,0.097,0.0,1256000000.0,1.0,338585672.0,338585672.0,,22.785,5007300000.0,0.0,-4600000.0,0.0,14.789,463100000.0
74,TT,MRT,2002-12-31,2002-12-31,2002-12-31,2021-08-25,-513100000.0,10809600000.0,10868650000.0,4118100000.0,6691500000.0,0.698,10.279,-65800000.0,342200000.0,342200000.0,5718100000.0,-173500000.0,1.084,2.108,3247600000.0,1155500000.0,2092100000.0,3247600000.0,0.0,166700000.0,0.0,0.016,0.34,46500000.0,213200000.0,0.028,213200000.0,46500000.0,-181400000.0,-0.515,-0.51,-0.515,3478200000.0,3645750000.0,3478200000.0,10611984340.0,228.0,49.775,420600000.0,1.243,1.0,1864900000.0,0.246,4894900000.0,227900000.0,5022000000.0,5475850000.0,1181300000.0,1800000.0,1800000.0,0.0,7331400000.0,3798100000.0,3533300000.0,7285184340.0,199300000.0,-112700000.0,36700000.0,-442400000.0,-114800000.0,-299300000.0,-180800000.0,-2300000.0,486400000.0,2800000.0,-173500000.0,-173500000.0,-173500000.0,-138600000.0,0.0,-0.023,1286900000.0,578000000.0,724600000.0,-0.66,2.095,-41.99,-41.806,1276300000.0,0.0,21.53,0.961,0.961,1392800000.0,3457400000.0,7583000000.0,7583000000.0,0.0,-0.016,-0.048,0.008,0.006,0.0,1245000000.0,1.0,338373634.0,338373634.0,,22.41,5914700000.0,0.0,-7900000.0,0.0,17.48,320000000.0
75,TT,MRT,2002-09-30,2002-09-30,2002-09-30,2021-08-25,-234800000.0,10742600000.0,10949700000.0,3389800000.0,7352800000.0,0.722,10.642,-59900000.0,112900000.0,112900000.0,6060400000.0,-256800000.0,0.953,1.984,3439700000.0,1273500000.0,2166200000.0,3439700000.0,0.0,184300000.0,0.0,0.02,0.34,-86500000.0,97800000.0,0.012,97800000.0,-86500000.0,-321100000.0,-0.76,-0.75,-0.76,3600500000.0,3755350000.0,3600500000.0,9306253166.0,-108.0,95.156,520000000.0,1.537,1.0,1847700000.0,0.234,4880400000.0,234600000.0,5631800000.0,5681175000.0,1425800000.0,1400000.0,1400000.0,0.0,7142100000.0,3557200000.0,3584900000.0,5826253166.0,9200000.0,-121700000.0,36000000.0,-679900000.0,-114700000.0,-515800000.0,-167900000.0,17400000.0,579900000.0,10200000.0,-256800000.0,-256800000.0,-256800000.0,-103400000.0,0.0,-0.032,1369000000.0,478700000.0,0.0,-0.447,1.618,-22.688,-22.658,1630500000.0,0.0,17.22,0.737,0.737,1554200000.0,,7908100000.0,7908100000.0,0.0,-0.023,-0.068,-0.015,-0.011,0.0,1325900000.0,1.0,338342228.0,338342228.0,,23.373,5862200000.0,0.0,-64300000.0,0.0,17.326,-167400000.0
76,TT,MRT,2002-06-30,2002-06-30,2002-06-30,2021-08-25,-243600000.0,10771500000.0,10987600000.0,3414900000.0,7356600000.0,0.735,10.448,-88400000.0,123900000.0,123900000.0,6233900000.0,-312200000.0,0.932,2.051,3603900000.0,1436600000.0,2167300000.0,3603900000.0,0.0,226400000.0,0.0,0.015,0.34,-148900000.0,77500000.0,0.01,77500000.0,-148900000.0,-390900000.0,-0.925,-0.915,-0.925,3530800000.0,3821725000.0,3530800000.0,11314802294.0,-76.0,145.997,488900000.0,1.447,1.0,1840900000.0,0.228,4859100000.0,242000000.0,5728200000.0,5856450000.0,1386800000.0,8800000.0,8800000.0,0.0,7240700000.0,3664200000.0,3576500000.0,7715302294.0,-2100000.0,-140000000.0,22400000.0,-438100000.0,-114500000.0,-449100000.0,-221800000.0,16200000.0,577300000.0,4900000.0,-312200000.0,-312200000.0,-312200000.0,-92900000.0,0.0,-0.039,1396000000.0,444900000.0,734100000.0,-0.368,2.185,-24.713,-24.681,1632000000.0,0.0,22.83,0.955,0.955,1561200000.0,,8074800000.0,8074800000.0,0.0,-0.028,-0.082,-0.025,-0.018,0.0,1336700000.0,1.0,337945786.0,337945786.0,,23.894,5912400000.0,0.0,-78700000.0,0.0,17.495,-249300000.0
77,TT,MRT,2002-03-31,2002-03-31,2002-03-31,2021-08-25,-347600000.0,11150900000.0,10924625000.0,3257000000.0,7893900000.0,0.757,11.804,-104900000.0,92600000.0,92600000.0,6437200000.0,-356700000.0,0.914,1.806,3692100000.0,1488300000.0,2203800000.0,3692100000.0,0.0,271600000.0,0.0,0.014,0.34,-175200000.0,96400000.0,0.012,96400000.0,-175200000.0,-419200000.0,-1.055,-1.04,-1.055,3973500000.0,3903350000.0,3973500000.0,11769144401.0,-67.0,122.087,367000000.0,1.09,1.0,1830500000.0,0.221,5665300000.0,244000000.0,5521400000.0,6098225000.0,1345000000.0,6100000.0,6100000.0,0.0,7177400000.0,3563700000.0,3613700000.0,8418744401.0,-26000000.0,-197500000.0,19700000.0,-140200000.0,-114400000.0,-247000000.0,-290900000.0,11500000.0,471900000.0,-9700000.0,-356700000.0,-356700000.0,-356700000.0,-76600000.0,0.0,-0.043,1398800000.0,431700000.0,2075400000.0,-0.322,2.119,-23.602,-23.706,1600500000.0,0.0,25.01,1.018,1.018,1497700000.0,,8267700000.0,8267700000.0,0.0,-0.033,-0.091,-0.029,-0.021,0.0,1338200000.0,1.0,336615130.0,336615130.0,,24.561,5485600000.0,0.0,-62500000.0,0.0,16.296,-306700000.0
78,TT,MRT,2001-12-31,2001-12-31,2001-12-31,2021-08-25,-321400000.0,11133800000.0,10740075000.0,3699100000.0,7434700000.0,0.795,11.657,-119400000.0,114000000.0,114000000.0,6694500000.0,246200000.0,1.24,1.843,3462600000.0,561900000.0,2900700000.0,3462600000.0,0.0,316100000.0,0.0,0.016,0.34,445500000.0,761600000.0,0.089,761600000.0,445500000.0,196200000.0,0.745,0.74,0.745,3916600000.0,3767550000.0,3916600000.0,10772616076.0,24.0,14.145,405600000.0,1.207,1.0,1847500000.0,0.216,5655600000.0,249300000.0,5843300000.0,6263250000.0,1143900000.0,0.0,0.0,0.0,7217200000.0,2983500000.0,4233700000.0,7023616076.0,17000000.0,-140800000.0,-62800000.0,-428200000.0,-113100000.0,-390000000.0,-151300000.0,108900000.0,525000000.0,-5500000.0,246200000.0,246200000.0,246200000.0,-66200000.0,0.0,0.029,1428100000.0,419400000.0,701600000.0,0.456,1.793,28.528,28.06,1289500000.0,0.0,20.905,0.822,0.822,1359800000.0,3745800000.0,8542000000.0,8542000000.0,0.0,0.023,0.065,0.071,0.052,0.0,1354400000.0,1.0,335977808.0,335977808.0,,25.424,5478200000.0,0.0,-50000000.0,178800000.0,16.305,715600000.0
79,TT,MRT,2001-09-30,2001-09-30,2001-09-30,2021-08-25,-299900000.0,10894200000.0,10719775000.0,3171600000.0,7722600000.0,0.781,11.48,-113800000.0,105300000.0,105300000.0,6483800000.0,252200000.0,1.111,1.818,3854300000.0,946400000.0,2907900000.0,3854300000.0,0.0,319400000.0,0.0,0.02,0.34,547200000.0,866600000.0,0.103,866600000.0,547200000.0,307300000.0,0.775,0.775,0.775,3866000000.0,3658700000.0,3866000000.0,9564721281.0,17.0,11.037,313100000.0,0.93,1.0,1893000000.0,0.226,5455300000.0,239900000.0,6332900000.0,6123400000.0,1327300000.0,174600000.0,13200000.0,161400000.0,7028200000.0,2855000000.0,4173200000.0,5691421281.0,28500000.0,-113800000.0,-57700000.0,669000000.0,-111700000.0,-378600000.0,-175100000.0,81300000.0,426900000.0,-10200000.0,252200000.0,252200000.0,252200000.0,-108900000.0,0.0,0.03,1406600000.0,486400000.0,1906100000.0,0.439,1.472,22.567,21.806,1610100000.0,0.0,16.9,0.679,0.679,1512800000.0,,8376800000.0,8376800000.0,0.0,0.024,0.069,0.089,0.065,0.0,1311400000.0,1.0,336770490.0,336770490.0,,24.874,5438900000.0,160400000.0,55100000.0,2500000.0,16.15,316600000.0
80,TT,MRT,2001-06-30,2001-06-30,2001-06-30,2021-08-25,-314800000.0,10519600000.0,10648575000.0,3273700000.0,7245900000.0,0.8,12.062,-134600000.0,57600000.0,57600000.0,6507800000.0,470200000.0,1.289,1.727,3930900000.0,938800000.0,2992100000.0,3930900000.0,0.0,335200000.0,0.0,0.017,0.34,861800000.0,1197000000.0,0.141,1197000000.0,861800000.0,603500000.0,1.455,1.45,1.455,3857300000.0,3541950000.0,3857300000.0,10735784086.0,12.0,8.969,205900000.0,0.644,1.0,2006000000.0,0.236,5158700000.0,258300000.0,6695300000.0,6011900000.0,1106800000.0,165500000.0,5900000.0,159600000.0,6662300000.0,2538900000.0,4123400000.0,6587784086.0,45600000.0,810400000.0,-90500000.0,-73200000.0,-110500000.0,-1146700000.0,738300000.0,82500000.0,340500000.0,-5400000.0,470200000.0,470200000.0,470200000.0,-230100000.0,0.0,0.055,1391900000.0,614100000.0,1568500000.0,0.234,1.708,14.011,14.158,1473100000.0,0.0,20.6,0.774,0.774,1357300000.0,,8513800000.0,8513800000.0,0.0,0.044,0.133,0.143,0.101,0.0,1284100000.0,1.0,319795344.0,319795344.0,,26.623,5360900000.0,117400000.0,133300000.0,31600000.0,16.764,734800000.0
81,TT,MRT,2001-03-31,2001-03-31,2001-03-31,2021-08-25,-298600000.0,10412700000.0,10813325000.0,3237700000.0,7175000000.0,0.766,10.702,-123300000.0,76200000.0,76200000.0,6189300000.0,582700000.0,0.974,2.036,4224200000.0,1681400000.0,2542800000.0,4224200000.0,0.0,307900000.0,0.0,0.017,0.34,1031000000.0,1338900000.0,0.162,1338900000.0,1031000000.0,778500000.0,1.81,1.8,1.81,3430300000.0,3385900000.0,3430300000.0,10353901886.0,10.0,7.733,250400000.0,0.781,1.0,2098100000.0,0.253,5054200000.0,252500000.0,6181500000.0,5969325000.0,1106500000.0,172500000.0,4600000.0,167900000.0,6982400000.0,3325000000.0,3657400000.0,6363901886.0,32600000.0,-817800000.0,-107000000.0,1494900000.0,-109400000.0,406000000.0,-873400000.0,87300000.0,373700000.0,-4200000.0,582700000.0,582700000.0,582700000.0,-227800000.0,0.0,0.07,1297800000.0,800300000.0,1525600000.0,0.188,1.855,10.921,10.97,1504400000.0,0.0,19.855,0.768,0.768,1326700000.0,,8287400000.0,8287400000.0,0.0,0.054,0.172,0.173,0.124,0.0,1198300000.0,1.0,320518856.0,320518856.0,,25.856,5358500000.0,103000000.0,195800000.0,118000000.0,16.718,-87300000.0
82,TT,MRT,2000-12-31,2000-12-31,2000-12-31,2021-08-25,-260600000.0,11052600000.0,10463550000.0,3376200000.0,7676400000.0,0.804,10.844,-140200000.0,97000000.0,97000000.0,6229600000.0,669400000.0,0.773,2.175,4069000000.0,2126100000.0,1942900000.0,4069000000.0,0.0,283400000.0,0.0,0.016,0.34,1147300000.0,1430700000.0,0.17,1430700000.0,1147300000.0,895900000.0,2.075,2.06,2.075,3481200000.0,3310450000.0,3481200000.0,11133026413.0,10.0,7.782,409300000.0,1.275,1.0,2182600000.0,0.259,5372200000.0,251400000.0,5283900000.0,6006850000.0,1242300000.0,130400000.0,130400000.0,0.0,7571400000.0,4368500000.0,3202900000.0,6722426413.0,-125900000.0,-1310700000.0,-113000000.0,1745000000.0,-109800000.0,649700000.0,-1460800000.0,-9900000.0,549500000.0,-7700000.0,669400000.0,669400000.0,669400000.0,-232100000.0,0.0,0.08,1264900000.0,917700000.0,681400000.0,0.164,1.931,10.042,10.092,1653400000.0,0.0,20.94,0.799,0.799,1671000000.0,3612700000.0,8412200000.0,8412200000.0,0.0,0.064,0.202,0.191,0.136,0.0,1188700000.0,1.0,321032780.0,321032780.0,,26.204,5680400000.0,152900000.0,226500000.0,0.0,17.694,-992300000.0
83,TT,MRT,2000-09-30,2000-09-30,2000-09-30,2021-08-25,-259100000.0,10609400000.0,9800450000.0,3430000000.0,7179400000.0,0.898,10.549,-184800000.0,58000000.0,58000000.0,6475300000.0,729200000.0,0.862,2.121,4468600000.0,2388000000.0,2080600000.0,4468600000.0,0.0,309400000.0,0.0,0.02,0.34,1275500000.0,1584900000.0,0.18,1584900000.0,1275500000.0,1059700000.0,2.255,2.235,2.255,3399000000.0,3210900000.0,3399000000.0,10708164894.0,8.0,6.756,421400000.0,1.308,1.0,2329700000.0,0.265,5156200000.0,215800000.0,5886900000.0,6116725000.0,961500000.0,272000000.0,105700000.0,166300000.0,7210400000.0,3976900000.0,3233500000.0,5467964894.0,15000000.0,-1283900000.0,-154400000.0,945300000.0,-110400000.0,912000000.0,-1435300000.0,-200000.0,606200000.0,-25300000.0,729200000.0,729200000.0,729200000.0,-135700000.0,0.0,0.083,1205300000.0,1124400000.0,1421900000.0,0.151,1.609,7.499,7.525,1436800000.0,0.0,16.97,0.621,0.621,1481700000.0,,8805000000.0,8805000000.0,0.0,0.074,0.227,0.209,0.145,0.0,1167100000.0,1.0,322213606.0,322213606.0,,27.327,5453200000.0,142700000.0,330500000.0,167000000.0,16.924,-546900000.0
84,TT,MRT,2000-06-30,2000-06-30,2000-06-30,2021-08-25,-235600000.0,11178600000.0,9157400000.0,4069200000.0,7109400000.0,0.889,9.988,-150000000.0,80400000.0,80400000.0,5911000000.0,614800000.0,0.854,2.458,5320600000.0,3242400000.0,2078200000.0,5320600000.0,0.0,269900000.0,0.0,0.017,0.34,1124600000.0,1394500000.0,0.171,1394500000.0,1124600000.0,943200000.0,1.895,1.875,1.895,3233100000.0,3104150000.0,3233100000.0,9855213378.0,9.0,7.067,562900000.0,1.739,1.0,2228200000.0,0.274,5127500000.0,181400000.0,6525000000.0,6007775000.0,947200000.0,173100000.0,7400000.0,165700000.0,7945500000.0,4766300000.0,3179200000.0,6514713378.0,23600000.0,-2123700000.0,-192300000.0,1551900000.0,-111000000.0,1583000000.0,-2265400000.0,-200000.0,712900000.0,-8000000.0,614800000.0,614800000.0,614800000.0,-19200000.0,0.0,0.076,1074100000.0,1154100000.0,1464000000.0,0.179,2.015,10.596,10.62,1431500000.0,0.0,20.125,0.8,0.8,1530100000.0,,8139200000.0,8139200000.0,0.0,0.067,0.198,0.187,0.138,0.0,1074100000.0,1.0,323712466.0,323712466.0,,25.143,6051100000.0,114000000.0,328400000.0,59900000.0,18.693,-697100000.0
85,TT,MRT,2000-03-31,2000-03-31,2000-03-31,2021-08-25,-194800000.0,9013600000.0,8479300000.0,3515500000.0,5498100000.0,0.937,9.643,-162900000.0,86000000.0,86000000.0,5764600000.0,605900000.0,1.523,1.881,3426500000.0,910700000.0,2515800000.0,3426500000.0,0.0,268300000.0,0.0,0.015,0.33,1106400000.0,1374700000.0,0.173,1374700000.0,1106400000.0,927200000.0,1.855,1.83,1.855,3128500000.0,3016825000.0,3128500000.0,9966220466.0,9.0,7.25,661300000.0,2.038,1.0,2183700000.0,0.275,3714600000.0,179200000.0,6331600000.0,5791575000.0,835000000.0,160700000.0,0.0,160700000.0,5885100000.0,2307900000.0,3577200000.0,7177820466.0,40600000.0,-413300000.0,-197800000.0,-260600000.0,-108300000.0,-235900000.0,-562600000.0,-300000.0,824200000.0,-14200000.0,605900000.0,605900000.0,605900000.0,-31800000.0,0.0,0.076,1073300000.0,1110400000.0,1334100000.0,0.178,2.294,11.847,11.927,1234900000.0,0.0,22.125,0.903,0.903,1179300000.0,,7948300000.0,7948300000.0,0.0,0.071,0.201,0.191,0.139,0.0,1073300000.0,1.0,324421264.0,324421264.0,,24.5,5299000000.0,151300000.0,321300000.0,63100000.0,16.334,1207600000.0
86,TT,MRT,1999-12-31,1999-12-31,1999-12-31,2021-08-25,-177000000.0,8400200000.0,8345525000.0,2868300000.0,5531900000.0,0.937,9.424,-160100000.0,222900000.0,222900000.0,5673200000.0,591100000.0,1.649,1.725,3011300000.0,495500000.0,2515800000.0,3011300000.0,0.0,272400000.0,0.0,0.012,0.32,1081700000.0,1354100000.0,0.173,1354100000.0,1081700000.0,898200000.0,1.805,1.785,1.805,3083000000.0,2928625000.0,3083000000.0,11721790100.0,11.0,8.657,694600000.0,2.123,1.0,2145800000.0,0.274,3726300000.0,183500000.0,5723400000.0,5641200000.0,742100000.0,198700000.0,500000.0,198200000.0,5317200000.0,1738900000.0,3578300000.0,9006490100.0,179400000.0,-76400000.0,-135600000.0,-535000000.0,-105300000.0,-445100000.0,-237000000.0,-500000.0,854700000.0,-7800000.0,591100000.0,591100000.0,591100000.0,-28000000.0,0.0,0.076,1066100000.0,1079700000.0,1224400000.0,0.177,2.921,15.237,15.252,1240200000.0,0.0,27.53,1.152,1.152,988500000.0,3053100000.0,7819000000.0,7819000000.0,0.0,0.071,0.202,0.192,0.138,0.0,1066100000.0,1.0,327151838.0,327151838.0,,23.9,4673900000.0,211900000.0,307100000.0,19000000.0,14.287,1129400000.0
87,TT,MRT,1999-09-30,1999-09-30,1999-09-30,2021-08-25,-158700000.0,8037200000.0,8227075000.0,2443500000.0,5593700000.0,0.942,9.001,-156900000.0,61800000.0,61800000.0,5635100000.0,574800000.0,1.598,1.704,2777100000.0,258400000.0,2518700000.0,2777100000.0,0.0,269600000.0,0.0,0.011,0.31,1075800000.0,1345400000.0,0.174,1345400000.0,1075800000.0,867200000.0,1.755,1.73,1.755,2972000000.0,2840400000.0,2972000000.0,11877668508.0,11.0,8.828,570700000.0,1.728,1.0,2114900000.0,0.273,3772000000.0,208600000.0,5451100000.0,5555950000.0,783900000.0,189600000.0,1800000.0,187800000.0,5065200000.0,1529400000.0,3535800000.0,9070568508.0,-3000000.0,-115100000.0,-102600000.0,-618400000.0,-102100000.0,-503900000.0,-252800000.0,20300000.0,727600000.0,5100000.0,574800000.0,574800000.0,574800000.0,-18100000.0,0.0,0.074,1039900000.0,1075000000.0,1241700000.0,0.177,3.052,15.78,15.652,1251400000.0,0.0,27.47,1.17,1.17,1106800000.0,,7750000000.0,7750000000.0,0.0,0.07,0.202,0.194,0.139,0.0,1039900000.0,1.0,330199072.0,330199072.0,,23.471,4265200000.0,351200000.0,292400000.0,29300000.0,12.917,914100000.0
88,TT,MRT,1999-06-30,1999-06-30,1999-06-30,2021-08-25,-215500000.0,8466200000.0,8330475000.0,2595400000.0,5870800000.0,0.925,8.69,-163500000.0,79300000.0,79300000.0,5630500000.0,556700000.0,1.432,1.936,2886400000.0,298000000.0,2588400000.0,2886400000.0,0.0,257900000.0,0.0,0.009,0.3,1044700000.0,1302600000.0,0.169,1302600000.0,1044700000.0,834700000.0,1.7,1.675,1.7,2883800000.0,2735800000.0,2883800000.0,13674815971.0,13.0,10.498,609700000.0,1.837,1.0,2075700000.0,0.269,3800800000.0,210000000.0,5660200000.0,5646850000.0,905800000.0,332000000.0,3700000.0,328300000.0,5582400000.0,1812300000.0,3770100000.0,10724315971.0,-13300000.0,-141900000.0,-55100000.0,-805000000.0,-98600000.0,-546200000.0,-269700000.0,21300000.0,773200000.0,-2600000.0,556700000.0,556700000.0,556700000.0,-25500000.0,0.0,0.072,1036600000.0,1039100000.0,1494100000.0,0.176,3.719,19.264,19.009,1341300000.0,0.0,32.315,1.392,1.392,1293000000.0,,7706200000.0,7706200000.0,0.0,0.067,0.203,0.185,0.136,0.0,1036600000.0,1.0,331868048.0,331868048.0,,23.221,4665400000.0,362900000.0,278000000.0,20200000.0,14.058,783100000.0
89,TT,MRT,1999-03-31,1999-03-31,1999-03-31,2021-08-25,-192600000.0,8478500000.0,8334100000.0,2488000000.0,5990500000.0,0.942,8.415,-159300000.0,72700000.0,72700000.0,5758800000.0,531100000.0,1.264,2.055,3023200000.0,455000000.0,2568200000.0,3023200000.0,0.0,267300000.0,10900000.0,0.012,0.3,1015500000.0,1282800000.0,0.163,1282800000.0,1015500000.0,800600000.0,1.625,1.605,1.625,2775700000.0,2632800000.0,2775700000.0,11000121677.0,11.0,8.575,629400000.0,1.908,1.0,2091600000.0,0.266,3730700000.0,214900000.0,5730100000.0,5734075000.0,940500000.0,363100000.0,3800000.0,359300000.0,5702800000.0,1968200000.0,3734600000.0,8184821677.0,-22400000.0,-145200000.0,-73400000.0,-852100000.0,-98400000.0,-517800000.0,-288900000.0,9700000.0,788700000.0,3200000.0,531100000.0,531100000.0,531100000.0,-15200000.0,0.0,0.068,1071000000.0,1020600000.0,1445400000.0,0.185,2.949,15.411,15.271,1334500000.0,0.0,24.815,1.043,1.043,1237500000.0,,7850400000.0,7850400000.0,0.0,0.064,0.202,0.177,0.129,0.0,1071000000.0,1.0,329833636.0,329833636.0,,23.801,4747800000.0,365500000.0,269500000.0,56900000.0,14.395,519800000.0
90,TT,MRT,1998-12-31,1998-12-31,1998-12-31,2021-08-25,-130500000.0,7926400000.0,8345025000.0,2358600000.0,5567800000.0,0.904,8.302,-178000000.0,43500000.0,43500000.0,5543300000.0,509100000.0,1.455,1.903,2886500000.0,318000000.0,2568500000.0,2886500000.0,0.0,263600000.0,0.0,0.013,0.3,983900000.0,1247500000.0,0.165,1247500000.0,983900000.0,759800000.0,1.555,1.54,1.555,2730100000.0,2537225000.0,2730100000.0,10757385786.0,11.0,8.623,707700000.0,2.152,1.0,1996900000.0,0.265,3765800000.0,224100000.0,5382400000.0,5805300000.0,824800000.0,185600000.0,2000000.0,183600000.0,5196300000.0,1621200000.0,3575100000.0,7769085786.0,-23000000.0,2400000.0,319400000.0,-1945800000.0,-98300000.0,-741800000.0,-161900000.0,13700000.0,885700000.0,1000000.0,509100000.0,509100000.0,509100000.0,-27500000.0,0.0,0.068,1027800000.0,969100000.0,1284400000.0,0.193,2.846,15.26,15.193,1236700000.0,0.0,23.625,1.03,1.03,963700000.0,2567300000.0,7540200000.0,7540200000.0,0.0,0.061,0.201,0.169,0.13,0.0,1027800000.0,1.0,328850192.0,328850192.0,,22.929,4160600000.0,274800000.0,250700000.0,18800000.0,12.652,737400000.0
91,TT,MRT,1998-09-30,1998-09-30,1998-09-30,2021-08-25,-166400000.0,8450800000.0,8467325000.0,2587200000.0,5863600000.0,0.834,7.727,-163900000.0,97200000.0,97200000.0,5179200000.0,453400000.0,1.42,2.309,3085500000.0,256300000.0,2829200000.0,3085500000.0,0.0,240900000.0,0.0,0.016,0.3,906600000.0,1147500000.0,0.163,1147500000.0,906600000.0,682700000.0,1.38,1.37,1.38,2553600000.0,2440050000.0,2553600000.0,9447747695.0,10.0,8.233,743100000.0,2.248,1.0,1880500000.0,0.266,3802700000.0,223900000.0,5814700000.0,5860450000.0,959100000.0,328700000.0,5700000.0,323000000.0,5897200000.0,1821700000.0,4075500000.0,6269447695.0,-103500000.0,-2554800000.0,313000000.0,2909400000.0,-98300000.0,1669400000.0,-2734400000.0,-15700000.0,907000000.0,-12400000.0,453400000.0,453400000.0,453400000.0,-34000000.0,0.0,0.064,976000000.0,904500000.0,1565400000.0,0.217,2.455,13.828,13.746,1319000000.0,0.0,18.97,0.888,0.888,1237800000.0,,7059700000.0,7059700000.0,0.0,0.054,0.186,0.155,0.128,0.0,976000000.0,1.0,330492762.0,330492762.0,,21.361,4648100000.0,486200000.0,229300000.0,0.0,14.064,765500000.0
92,TT,MRT,1998-06-30,1998-06-30,1998-06-30,2021-08-25,-184200000.0,8480700000.0,,2630200000.0,5850500000.0,,7.467,-173000000.0,108500000.0,108500000.0,5109900000.0,431100000.0,1.418,2.431,3286800000.0,356800000.0,2930000000.0,3286800000.0,0.0,235500000.0,0.0,0.012,0.275,859300000.0,1094800000.0,0.157,1094800000.0,859300000.0,660800000.0,1.315,1.3,1.315,2471800000.0,,2471800000.0,10564441504.0,12.0,9.65,697900000.0,2.108,1.0,1841500000.0,0.265,3795600000.0,198500000.0,6009100000.0,,903400000.0,348700000.0,10600000.0,338100000.0,6008900000.0,1854300000.0,4154600000.0,7292241504.0,-64300000.0,-2569300000.0,335300000.0,3052400000.0,-98300000.0,1763200000.0,-2749000000.0,-6700000.0,870900000.0,-8200000.0,431100000.0,431100000.0,431100000.0,-21900000.0,0.0,0.062,994300000.0,847200000.0,1497500000.0,0.209,2.95,16.915,16.753,1290500000.0,0.0,22.03,1.049,1.049,1320200000.0,,6951400000.0,6951400000.0,0.0,,,,0.124,0.0,994300000.0,1.0,331014140.0,331014140.0,,21.0,4685100000.0,456000000.0,229700000.0,0.0,14.154,775900000.0
93,TT,MRT,1998-03-31,1998-03-31,1998-03-31,2021-08-25,-175300000.0,8522200000.0,,2654900000.0,5867300000.0,,7.297,-167600000.0,106200000.0,106200000.0,4868700000.0,401800000.0,1.352,2.561,3378400000.0,448400000.0,2930000000.0,3378400000.0,0.0,205500000.0,0.0,0.011,0.268,791900000.0,997400000.0,0.151,997400000.0,791900000.0,622300000.0,1.225,1.215,1.225,2393400000.0,,2393400000.0,11294833876.0,14.0,11.324,628200000.0,1.915,1.0,1733900000.0,0.263,3815200000.0,169600000.0,6015000000.0,,920100000.0,329000000.0,8200000.0,320800000.0,6128800000.0,1964200000.0,4164600000.0,7946633876.0,-359300000.0,-2892100000.0,396100000.0,3098800000.0,-96000000.0,1849500000.0,-3060900000.0,-1200000.0,795800000.0,-2500000.0,401800000.0,401800000.0,401800000.0,-21900000.0,0.0,0.061,963400000.0,770500000.0,1515800000.0,0.219,3.32,19.778,19.567,1294300000.0,0.0,23.97,1.204,1.191,1322800000.0,,6602600000.0,6602600000.0,0.0,,,,0.12,0.0,963400000.0,1.0,331524150.0,328000000.0,,20.13,4707000000.0,207000000.0,220500000.0,0.0,14.351,690700000.0
94,TT,MRT,1997-12-31,1997-12-31,1997-12-31,2021-08-25,-156400000.0,8415600000.0,7018600000.0,2544900000.0,5870700000.0,0.889,7.063,-135200000.0,104900000.0,104900000.0,4613000000.0,380500000.0,1.093,2.594,3453100000.0,925100000.0,2528000000.0,3453100000.0,0.0,192200000.0,14500000.0,0.013,0.262,735500000.0,927700000.0,0.149,927700000.0,735500000.0,600300000.0,1.165,1.155,1.165,2341400000.0,2216100000.0,2341400000.0,,,,532400000.0,1.606,1.0,1626100000.0,0.261,3833000000.0,135200000.0,5603000000.0,4949200000.0,854800000.0,334900000.0,6900000.0,328000000.0,6074200000.0,2327800000.0,3746400000.0,6713364038.0,-78600000.0,-2638500000.0,10300000.0,4082600000.0,-93600000.0,1958000000.0,-2768800000.0,4900000.0,667600000.0,5800000.0,380500000.0,380500000.0,380500000.0,-21900000.0,0.0,0.061,902600000.0,723500000.0,1370500000.0,0.225,2.867,17.644,17.382,1283200000.0,0.0,20.25,1.076,1.076,1281500000.0,2156500000.0,6239100000.0,6239100000.0,0.0,0.054,0.172,0.149,0.118,0.0,902600000.0,1.0,331524150.0,331524150.0,,18.819,4582600000.0,375700000.0,219800000.0,17700000.0,13.823,217100000.0
95,TT,MRT,1997-09-30,1997-09-30,1997-09-30,2021-08-25,,,,,,,,,,,,,,,,,,,,,,0.012,0.255,,,,,,,,,,,,,,,,,,1.0,,,,,,,,,,,,,,,,,,,,,,,,,,,,,,,,,,,,,,,,21.565,,,,,,,,,,,,,,1.0,,,,,,,,,,
96,TT,MRT,1997-06-30,1997-06-30,1997-06-30,2021-08-25,,,,,,,,,,,,,,,,,,,,,,0.013,0.273,,,,,,,,,,,,,,,,,,1.0,,,,,,,,,,,,,,,,,,,,,,,,,,,,,,,,,,,,,,,,20.583,,,,,,,,,,,,,,1.0,,,,,,,,,,
97,TT,MRT,1997-03-31,1997-03-31,1997-03-31,2021-08-25,,,,,,,,,,,,,,,,,,,,,,0.018,0.267,,,,,,,,,,,,,,,,,,1.0,,,,,,,,,,,,,,,,,,,,,,,,,,,,,,,,,,,,,,,,14.5,,,,,,,,,,,,,,1.0,,324600000.0,,,,,,,,
98,TT,MRT,1996-12-31,1996-12-31,1996-12-31,2021-08-25,75800000.0,5621600000.0,,2535600000.0,3086000000.0,,,-161700000.0,184100000.0,184100000.0,5029900000.0,358000000.0,1.965,1.689,1326100000.0,162300000.0,1163800000.0,1326100000.0,0.0,202600000.0,19100000.0,0.018,0.26,688200000.0,890800000.0,0.133,890800000.0,688200000.0,568300000.0,1.11,1.105,1.11,2090800000.0,,2090800000.0,,,,224000000.0,,1.0,1673000000.0,0.25,1178000000.0,119900000.0,4295400000.0,,775100000.0,384200000.0,8000000.0,376200000.0,3530800000.0,1290200000.0,2240600000.0,,46800000.0,50300000.0,16300000.0,-257800000.0,-83900000.0,-196500000.0,-149900000.0,-38500000.0,385700000.0,7500000.0,358000000.0,358000000.0,358000000.0,0.0,0.0,0.053,989500000.0,683500000.0,1095400000.0,0.234,,,13.363,1145400000.0,0.0,14.833,,,1066200000.0,1869600000.0,6702900000.0,6702900000.0,0.0,,,,0.103,0.0,989500000.0,1.0,,,,,4443600000.0,325000000.0,210300000.0,13400000.0,,1245400000.0
99,TT,MRT,1995-12-31,1995-12-31,1995-12-31,2021-08-25,,,,,,,,-185200000.0,,,4310200000.0,270300000.0,,,,,,,,179400000.0,,0.021,0.247,515700000.0,695100000.0,0.121,695100000.0,515700000.0,429100000.0,0.85,0.845,0.85,,,,,,,218400000.0,,1.0,1418800000.0,0.248,,86600000.0,,,,,,,,,,,-69700000.0,-1136500000.0,118200000.0,1581000000.0,-78500000.0,830200000.0,-1307900000.0,13800000.0,403600000.0,4400000.0,270300000.0,270300000.0,270300000.0,0.0,0.0,0.047,921800000.0,497000000.0,,0.291,,,13.776,,0.0,11.71,,,,,5729000000.0,5729000000.0,0.0,,,,0.09,0.0,921800000.0,1.0,,,,,,,158800000.0,,,
