None,ticker,dimension,calendardate,datekey,reportperiod,lastupdated,accoci,assets,assetsavg,assetsc,assetsnc,assetturnover,bvps,capex,cashneq,cashnequsd,cor,consolinc,currentratio,de,debt,debtc,debtnc,debtusd,deferredrev,depamor,deposits,divyield,dps,ebit,ebitda,ebitdamargin,ebitdausd,ebitusd,ebt,eps,epsdil,epsusd,equity,equityavg,equityusd,ev,evebit,evebitda,fcf,fcfps,fxusd,gp,grossmargin,intangibles,intexp,invcap,invcapavg,inventory,investments,investmentsc,investmentsnc,liabilities,liabilitiesc,liabilitiesnc,marketcap,ncf,ncfbus,ncfcommon,ncfdebt,ncfdiv,ncff,ncfi,ncfinv,ncfo,ncfx,netinc,netinccmn,netinccmnusd,netincdis,netincnci,netmargin,opex,opinc,payables,payoutratio,pb,pe,pe1,ppnenet,prefdivis,price,ps,ps1,receivables,retearn,revenue,revenueusd,rnd,roa,roe,roic,ros,sbcomp,sgna,sharefactor,sharesbas,shareswa,shareswadil,sps,tangibles,taxassets,taxexp,taxliabilities,tbvps,workingcapital
0,VZ,MRY,2020-12-31,2020-12-31,2020-12-31,2021-08-25,-71000000.0,316481000000.0,300308500000.0,54594000000.0,261887000000.0,0.427,16.387,-18192000000.0,22171000000.0,22171000000.0,51201000000.0,18348000000.0,1.377,3.644,150547000000.0,9374000000.0,141173000000.0,150547000000.0,0.0,16720000000.0,0.0,0.042,2.473,27667000000.0,44387000000.0,0.346,44387000000.0,27667000000.0,23420000000.0,4.3,4.3,4.3,67842000000.0,63954500000.0,67842000000.0,371339044061.0,13.0,8.366,23576000000.0,5.695,1.0,77091000000.0,0.601,130283000000.0,4247000000.0,274914000000.0,260918750000.0,1796000000.0,589000000.0,0.0,589000000.0,247209000000.0,39660000000.0,207549000000.0,243113044061.0,19581000000.0,-520000000.0,0.0,14269000000.0,-10232000000.0,1325000000.0,-23512000000.0,0.0,41768000000.0,0.0,17801000000.0,17801000000.0,17801000000.0,0.0,547000000.0,0.139,48293000000.0,28798000000.0,20658000000.0,0.575,3.584,13.657,13.663,117364000000.0,0.0,58.75,1.895,1.896,23917000000.0,60464000000.0,128292000000.0,128292000000.0,0.0,0.059,0.278,0.106,0.216,0.0,31573000000.0,1.0,4138094367.0,4140000000,4142000000.0,30.988,186198000000.0,0.0,5619000000.0,35711000000.0,44.975,14934000000.0
1,VZ,MRY,2019-12-31,2019-12-31,2019-12-31,2021-08-25,998000000.0,291727000000.0,285914250000.0,37473000000.0,254254000000.0,0.461,14.837,-17939000000.0,2594000000.0,2594000000.0,54726000000.0,19788000000.0,0.835,3.728,133143000000.0,14038000000.0,119105000000.0,133143000000.0,0.0,16682000000.0,0.0,0.039,2.423,26940000000.0,43622000000.0,0.331,43622000000.0,26940000000.0,22210000000.0,4.66,4.65,4.66,61395000000.0,58188500000.0,61395000000.0,381689150433.0,14.0,8.75,17807000000.0,4.303,1.0,77142000000.0,0.585,128946000000.0,4730000000.0,248462000000.0,248265750000.0,1422000000.0,558000000.0,0.0,558000000.0,228892000000.0,44868000000.0,184024000000.0,253937150433.0,1000000.0,-1000000.0,0.0,-5231000000.0,-10016000000.0,-18164000000.0,-17581000000.0,0.0,35746000000.0,0.0,19265000000.0,19265000000.0,19265000000.0,0.0,523000000.0,0.146,46764000000.0,30378000000.0,21806000000.0,0.52,4.136,13.181,13.176,114609000000.0,0.0,61.4,1.926,1.927,25429000000.0,53147000000.0,131868000000.0,131868000000.0,0.0,0.067,0.331,0.109,0.204,0.0,29896000000.0,1.0,4135784209.0,4138000000,4140000000.0,31.868,162781000000.0,0.0,2945000000.0,34703000000.0,39.338,-7395000000.0
2,VZ,MRY,2018-12-31,2018-12-31,2018-12-31,2021-08-25,2370000000.0,264829000000.0,264552500000.0,34636000000.0,230193000000.0,0.495,12.874,-16658000000.0,2745000000.0,2745000000.0,55508000000.0,16039000000.0,0.913,3.954,113063000000.0,7190000000.0,105873000000.0,113063000000.0,0.0,17403000000.0,0.0,0.042,2.372,23945000000.0,41348000000.0,0.316,41348000000.0,23945000000.0,19112000000.0,3.76,3.76,3.76,53145000000.0,52611250000.0,53145000000.0,342705888978.0,14.0,8.288,17681000000.0,4.283,1.0,75355000000.0,0.576,128519000000.0,4833000000.0,208698000000.0,211432750000.0,1336000000.0,671000000.0,0.0,671000000.0,210119000000.0,37930000000.0,172189000000.0,232301888978.0,1028000000.0,-230000000.0,0.0,-3781000000.0,-9772000000.0,-15377000000.0,-17934000000.0,0.0,34339000000.0,0.0,15528000000.0,15528000000.0,15528000000.0,0.0,511000000.0,0.119,53077000000.0,22278000000.0,22501000000.0,0.631,4.371,14.96,14.952,89286000000.0,0.0,56.22,1.775,1.773,25102000000.0,43542000000.0,130863000000.0,130863000000.0,0.0,0.059,0.295,0.113,0.183,0.0,31083000000.0,1.0,4132015101.0,4128000000,4132000000.0,31.701,136310000000.0,0.0,3584000000.0,33795000000.0,33.021,-3294000000.0
3,VZ,MRY,2017-12-31,2017-12-31,2017-12-31,2021-08-25,2659000000.0,257143000000.0,252883500000.0,29913000000.0,227230000000.0,0.498,10.552,-17247000000.0,2079000000.0,2079000000.0,53063000000.0,30550000000.0,0.905,4.93,117095000000.0,3453000000.0,113642000000.0,117095000000.0,0.0,16954000000.0,0.0,0.044,2.321,24878000000.0,41832000000.0,0.332,41832000000.0,24878000000.0,20145000000.0,7.37,7.36,7.37,43096000000.0,29656500000.0,43096000000.0,328934803449.0,13.0,7.863,7071000000.0,1.731,1.0,72971000000.0,0.579,127836000000.0,4733000000.0,211286000000.0,210240750000.0,1034000000.0,1039000000.0,0.0,1039000000.0,212456000000.0,33037000000.0,179419000000.0,215924803449.0,-289000000.0,-2266000000.0,0.0,7760000000.0,-9472000000.0,-6151000000.0,-18456000000.0,0.0,24318000000.0,0.0,30101000000.0,30101000000.0,30101000000.0,0.0,449000000.0,0.239,45546000000.0,27425000000.0,21232000000.0,0.315,5.01,7.173,7.182,88568000000.0,0.0,52.93,1.713,1.715,23493000000.0,35635000000.0,126034000000.0,126034000000.0,0.0,0.119,1.015,0.118,0.197,0.0,28592000000.0,1.0,4079440836.0,4084000000,4089000000.0,30.86,129307000000.0,0.0,-9956000000.0,31232000000.0,31.662,-3124000000.0
4,VZ,MRY,2016-12-31,2016-12-31,2016-12-31,2021-08-25,2673000000.0,244180000000.0,240033750000.0,26395000000.0,217785000000.0,0.525,5.521,-17059000000.0,2880000000.0,2880000000.0,52701000000.0,13608000000.0,0.87,9.774,108078000000.0,2645000000.0,105433000000.0,108078000000.0,0.0,15928000000.0,0.0,0.043,2.272,24881000000.0,40809000000.0,0.324,40809000000.0,24881000000.0,20505000000.0,3.22,3.21,3.22,22524000000.0,20217250000.0,22524000000.0,317760720358.0,13.0,7.787,4630000000.0,1.135,1.0,73279000000.0,0.582,122775000000.0,4376000000.0,196263000000.0,188494000000.0,1202000000.0,1110000000.0,0.0,1110000000.0,220148000000.0,30340000000.0,189808000000.0,217610720358.0,-1561000000.0,6117000000.0,0.0,-1209000000.0,-9262000000.0,-13376000000.0,-9874000000.0,0.0,21689000000.0,0.0,13127000000.0,13127000000.0,13127000000.0,0.0,481000000.0,0.104,44030000000.0,29249000000.0,19593000000.0,0.706,9.661,16.577,16.578,84751000000.0,0.0,53.38,1.727,1.729,17513000000.0,15059000000.0,125980000000.0,125980000000.0,0.0,0.055,0.649,0.132,0.197,0.0,28102000000.0,1.0,4076633952.0,4080000000,4086000000.0,30.877,121405000000.0,0.0,7378000000.0,45964000000.0,29.756,-3945000000.0
5,VZ,MRY,2015-12-31,2015-12-31,2015-12-31,2021-08-25,550000000.0,244175000000.0,240697750000.0,22355000000.0,221820000000.0,0.547,4.022,-17775000000.0,4470000000.0,4470000000.0,52557000000.0,18375000000.0,0.638,13.777,109729000000.0,6489000000.0,103240000000.0,109729000000.0,0.0,16017000000.0,0.0,0.06,2.765,32664000000.0,48681000000.0,0.37,48681000000.0,32664000000.0,27744000000.0,4.38,4.37,4.38,16428000000.0,12580000000.0,16428000000.0,296512316392.0,9.0,6.091,21252000000.0,5.202,1.0,79063000000.0,0.601,119498000000.0,4920000000.0,194884000000.0,200869750000.0,1252000000.0,1146000000.0,350000000.0,796000000.0,226333000000.0,35052000000.0,191281000000.0,188063316392.0,-6128000000.0,-3497000000.0,-5134000000.0,-3017000000.0,-8538000000.0,-15112000000.0,-30043000000.0,0.0,39027000000.0,0.0,17879000000.0,17879000000.0,17879000000.0,0.0,496000000.0,0.136,46003000000.0,33060000000.0,19362000000.0,0.631,11.448,10.519,10.553,83541000000.0,0.0,46.22,1.429,1.434,13457000000.0,11246000000.0,131620000000.0,131620000000.0,0.0,0.074,1.421,0.163,0.248,0.0,29986000000.0,1.0,4068873137.0,4085000000,4093000000.0,32.22,124677000000.0,0.0,9865000000.0,45484000000.0,30.521,-12697000000.0
6,VZ,MRY,2014-12-31,2014-12-31,2014-12-31,2021-08-25,1111000000.0,232616000000.0,226224500000.0,29499000000.0,203117000000.0,0.562,3.095,-17191000000.0,10598000000.0,10598000000.0,49931000000.0,11956000000.0,1.054,17.803,113271000000.0,2735000000.0,110536000000.0,113271000000.0,0.0,16533000000.0,0.0,0.046,2.14,17854000000.0,34387000000.0,0.271,34387000000.0,17854000000.0,12939000000.0,2.42,2.42,2.42,12298000000.0,14121750000.0,12298000000.0,296136074967.0,17.0,8.612,13440000000.0,3.382,1.0,77148000000.0,0.607,105708000000.0,4915000000.0,201594000000.0,198411750000.0,1153000000.0,1357000000.0,555000000.0,802000000.0,218940000000.0,27987000000.0,190953000000.0,194124074967.0,-42930000000.0,-62000000.0,34000000.0,12823000000.0,-7803000000.0,-57705000000.0,-15856000000.0,0.0,30631000000.0,0.0,9625000000.0,9625000000.0,9625000000.0,0.0,2331000000.0,0.076,57549000000.0,19599000000.0,16680000000.0,0.884,15.785,20.169,19.331,89947000000.0,0.0,46.78,1.528,1.463,13993000000.0,2447000000.0,127079000000.0,127079000000.0,0.0,0.043,0.682,0.09,0.14,0.0,41016000000.0,1.0,4149723706.0,3974000000,3981000000.0,31.978,126908000000.0,0.0,3314000000.0,41563000000.0,31.935,1512000000.0
7,VZ,MRY,2013-12-31,2013-12-31,2013-12-31,2021-08-25,2358000000.0,274098000000.0,250076250000.0,70994000000.0,203104000000.0,0.482,13.551,-16604000000.0,53528000000.0,53528000000.0,44887000000.0,23547000000.0,2.625,4.601,93591000000.0,3933000000.0,89658000000.0,93591000000.0,0.0,16606000000.0,0.0,0.042,2.075,19894000000.0,36500000000.0,0.303,36500000000.0,19894000000.0,17227000000.0,4.01,4.0,4.01,38836000000.0,35298000000.0,38836000000.0,183056432445.0,9.0,5.015,22214000000.0,7.751,1.0,75663000000.0,0.628,106181000000.0,2667000000.0,180930000000.0,158962750000.0,1020000000.0,4033000000.0,601000000.0,3432000000.0,178682000000.0,27050000000.0,151632000000.0,140626432445.0,50435000000.0,-494000000.0,-68000000.0,40861000000.0,-5936000000.0,26450000000.0,-14833000000.0,0.0,38818000000.0,0.0,11497000000.0,11497000000.0,11497000000.0,0.0,12050000000.0,0.095,43695000000.0,31968000000.0,16453000000.0,0.517,3.621,12.232,12.254,88956000000.0,0.0,49.14,1.167,1.168,12439000000.0,1782000000.0,120550000000.0,120550000000.0,0.0,0.046,0.326,0.125,0.165,0.0,27089000000.0,1.0,2861750762.0,2866000000,2874000000.0,42.062,167917000000.0,0.0,5730000000.0,28639000000.0,58.589,43944000000.0
8,VZ,MRY,2012-12-31,2012-12-31,2012-12-31,2021-08-25,2235000000.0,225222000000.0,226324250000.0,21235000000.0,203987000000.0,0.512,11.622,-16175000000.0,3093000000.0,3093000000.0,46275000000.0,10557000000.0,0.788,4.213,51987000000.0,4369000000.0,47618000000.0,51987000000.0,0.0,16460000000.0,0.0,0.047,2.015,2786000000.0,19246000000.0,0.166,19246000000.0,2786000000.0,215000000.0,0.31,0.31,0.31,33157000000.0,36155750000.0,33157000000.0,166577107280.0,60.0,8.655,15311000000.0,5.367,1.0,69571000000.0,0.601,107816000000.0,2571000000.0,139344000000.0,140017500000.0,1075000000.0,3871000000.0,470000000.0,3401000000.0,139689000000.0,26956000000.0,112733000000.0,123489107280.0,-10269000000.0,-913000000.0,315000000.0,-3351000000.0,-5230000000.0,-21253000000.0,-20502000000.0,0.0,31486000000.0,0.0,875000000.0,875000000.0,875000000.0,0.0,9682000000.0,0.008,56411000000.0,13160000000.0,16182000000.0,6.5,3.724,141.13,139.581,88642000000.0,0.0,43.27,1.066,1.066,12576000000.0,-3734000000.0,115846000000.0,115846000000.0,0.0,0.004,0.024,0.02,0.024,0.0,39951000000.0,1.0,2853919743.0,2853000000,2862000000.0,40.605,117406000000.0,0.0,-660000000.0,24677000000.0,41.152,-5721000000.0
9,VZ,MRY,2011-12-31,2011-12-31,2011-12-31,2021-08-25,1269000000.0,230461000000.0,227589250000.0,30939000000.0,199522000000.0,0.487,12.697,-16244000000.0,13362000000.0,13362000000.0,45875000000.0,10198000000.0,1.006,4.019,55152000000.0,4849000000.0,50303000000.0,55152000000.0,0.0,16496000000.0,0.0,0.049,1.963,5516000000.0,22012000000.0,0.199,22012000000.0,5516000000.0,2689000000.0,0.85,0.85,0.85,35970000000.0,38339250000.0,35970000000.0,158174357119.0,29.0,7.186,13536000000.0,4.778,1.0,65000000000.0,0.586,102485000000.0,2827000000.0,139005000000.0,139433750000.0,940000000.0,4040000000.0,592000000.0,3448000000.0,144553000000.0,30761000000.0,113792000000.0,113583357119.0,6694000000.0,-1797000000.0,241000000.0,1183000000.0,-5555000000.0,-5836000000.0,-17250000000.0,35000000.0,29780000000.0,0.0,2404000000.0,2404000000.0,2404000000.0,0.0,7794000000.0,0.022,52120000000.0,12880000000.0,14689000000.0,2.309,3.158,47.248,47.2,88434000000.0,0.0,40.12,1.024,1.025,11776000000.0,1179000000.0,110875000000.0,110875000000.0,0.0,0.011,0.063,0.04,0.05,0.0,35624000000.0,1.0,2831090656.0,2833000000,2839000000.0,39.137,127976000000.0,0.0,285000000.0,25060000000.0,45.173,178000000.0
10,VZ,MRY,2010-12-31,2010-12-31,2010-12-31,2021-08-25,1049000000.0,220005000000.0,223613750000.0,22348000000.0,197657000000.0,0.477,13.629,-16458000000.0,6668000000.0,6668000000.0,44149000000.0,10217000000.0,0.73,3.451,52794000000.0,7542000000.0,45252000000.0,52794000000.0,0.0,16405000000.0,0.0,0.053,1.913,7539000000.0,23944000000.0,0.225,23944000000.0,7539000000.0,5016000000.0,0.9,0.9,0.9,38569000000.0,39050500000.0,38569000000.0,148918282537.0,20.0,6.219,16905000000.0,5.973,1.0,62416000000.0,0.586,100814000000.0,2523000000.0,134720000000.0,144118500000.0,1131000000.0,4042000000.0,545000000.0,3497000000.0,133093000000.0,30597000000.0,102496000000.0,101142282537.0,4659000000.0,1942000000.0,0.0,-9233000000.0,-5412000000.0,-13650000000.0,-15054000000.0,-3000000.0,33363000000.0,0.0,2549000000.0,2549000000.0,2549000000.0,0.0,7668000000.0,0.024,47771000000.0,14645000000.0,15702000000.0,2.126,2.622,39.679,39.756,87711000000.0,0.0,35.78,0.949,0.95,11781000000.0,4368000000.0,106565000000.0,106565000000.0,0.0,0.011,0.065,0.052,0.071,0.0,31366000000.0,1.0,2826782631.0,2830000000,2833000000.0,37.655,119191000000.0,0.0,2467000000.0,22818000000.0,42.117,-8249000000.0
11,VZ,MRY,2009-12-31,2009-12-31,2009-12-31,2021-08-25,-1372000000.0,226907000000.0,226290250000.0,21745000000.0,205162000000.0,0.476,14.566,-16872000000.0,2009000000.0,2009000000.0,44579000000.0,11601000000.0,0.746,3.45,62256000000.0,7205000000.0,55051000000.0,62256000000.0,0.0,16534000000.0,0.0,0.056,1.855,9915000000.0,26449000000.0,0.245,26449000000.0,9915000000.0,6813000000.0,1.72,1.72,1.72,41382000000.0,42272750000.0,41382000000.0,155711671089.0,16.0,5.887,14518000000.0,5.11,1.0,63229000000.0,0.586,101303000000.0,3102000000.0,156715000000.0,158550500000.0,1426000000.0,3608000000.0,490000000.0,3118000000.0,142764000000.0,29136000000.0,113628000000.0,94110671089.0,-7773000000.0,-5958000000.0,0.0,-8872000000.0,-5271000000.0,-16007000000.0,-23156000000.0,84000000.0,31390000000.0,0.0,4894000000.0,4894000000.0,4894000000.0,0.0,6707000000.0,0.045,47251000000.0,15978000000.0,15223000000.0,1.078,2.274,19.23,19.262,91985000000.0,0.0,33.13,0.873,0.873,12573000000.0,7260000000.0,107808000000.0,107808000000.0,0.0,0.022,0.116,0.063,0.092,0.0,30717000000.0,1.0,2840648086.0,2841000000,2841000000.0,37.947,125604000000.0,0.0,1919000000.0,19190000000.0,44.211,-7391000000.0
12,VZ,MRY,2008-12-31,2008-12-31,2008-12-31,2021-08-25,-13372000000.0,202352000000.0,199788000000.0,26075000000.0,176277000000.0,0.487,14.639,-17133000000.0,9782000000.0,9782000000.0,38615000000.0,3962000000.0,1.007,2.96,51952000000.0,4993000000.0,46959000000.0,51952000000.0,0.0,14610000000.0,0.0,0.057,1.92,-2693000000.0,11917000000.0,0.122,11917000000.0,-2693000000.0,-4512000000.0,-0.77,-0.77,-0.77,41706000000.0,48456750000.0,41706000000.0,140371417465.0,-52.0,11.779,10319000000.0,3.622,1.0,58739000000.0,0.603,73208000000.0,1819000000.0,145408000000.0,142974000000.0,2092000000.0,8683000000.0,509000000.0,8174000000.0,123447000000.0,25906000000.0,97541000000.0,96292417465.0,8629000000.0,-15904000000.0,-1352000000.0,19841000000.0,-4994000000.0,12651000000.0,-31474000000.0,1677000000.0,27452000000.0,0.0,-2193000000.0,-2193000000.0,-2193000000.0,0.0,6155000000.0,-0.023,56127000000.0,2612000000.0,13814000000.0,-2.494,2.309,-43.909,-44.026,86546000000.0,0.0,33.9,0.989,0.992,11703000000.0,19250000000.0,97354000000.0,97354000000.0,0.0,-0.011,-0.045,-0.019,-0.028,0.0,41517000000.0,1.0,2840484291.0,2849000000,2849000000.0,34.171,129144000000.0,0.0,-2319000000.0,11769000000.0,45.33,169000000.0
13,VZ,MRY,2007-12-31,2007-12-31,2007-12-31,2021-08-25,-4506000000.0,186959000000.0,185405500000.0,18698000000.0,168261000000.0,0.504,17.454,-17538000000.0,1153000000.0,1153000000.0,37547000000.0,10574000000.0,0.756,2.696,31157000000.0,2954000000.0,28203000000.0,31157000000.0,0.0,14377000000.0,0.0,0.038,1.645,11332000000.0,25709000000.0,0.275,25709000000.0,11332000000.0,9503000000.0,1.91,1.9,1.91,50581000000.0,49720750000.0,50581000000.0,157010398295.0,14.0,6.107,9301000000.0,3.209,1.0,55922000000.0,0.598,61029000000.0,1829000000.0,131193000000.0,130531250000.0,1729000000.0,5616000000.0,2244000000.0,3372000000.0,136378000000.0,24741000000.0,111637000000.0,126278398295.0,-2066000000.0,-763000000.0,-1569000000.0,-5353000000.0,-4773000000.0,-12797000000.0,-16108000000.0,169000000.0,26839000000.0,0.0,5521000000.0,5521000000.0,5521000000.0,-142000000.0,5053000000.0,0.059,40344000000.0,15578000000.0,14462000000.0,0.861,2.497,22.872,22.874,85294000000.0,0.0,43.69,1.351,1.355,11736000000.0,17884000000.0,93469000000.0,93469000000.0,0.0,0.03,0.111,0.087,0.121,0.0,25967000000.0,1.0,2890327267.0,2898000000,2902000000.0,32.253,125930000000.0,0.0,3982000000.0,14784000000.0,43.454,-6043000000.0
14,VZ,MRY,2006-12-31,2006-12-31,2006-12-31,2021-08-25,-7530000000.0,188804000000.0,185285000000.0,22538000000.0,166266000000.0,0.476,16.667,-17101000000.0,3219000000.0,3219000000.0,35309000000.0,6197000000.0,0.698,2.89,36361000000.0,7715000000.0,28646000000.0,36361000000.0,0.0,14545000000.0,0.0,0.044,1.62,11220000000.0,25765000000.0,0.292,25765000000.0,11220000000.0,8871000000.0,2.13,2.12,2.13,48535000000.0,46091000000.0,48535000000.0,148559749511.0,13.0,5.766,7005000000.0,2.406,1.0,52873000000.0,0.6,61754000000.0,2349000000.0,127912000000.0,131215000000.0,1514000000.0,7302000000.0,2434000000.0,4868000000.0,140269000000.0,32280000000.0,107989000000.0,108722749511.0,2459000000.0,-1422000000.0,-1526000000.0,694000000.0,-4719000000.0,-6031000000.0,-15616000000.0,290000000.0,24106000000.0,0.0,6197000000.0,6197000000.0,6197000000.0,-759000000.0,0.0,0.07,39500000000.0,13373000000.0,14320000000.0,0.761,2.24,17.544,17.484,82356000000.0,0.0,37.24,1.233,1.23,10891000000.0,17324000000.0,88182000000.0,88182000000.0,0.0,0.033,0.134,0.086,0.127,0.0,24955000000.0,1.0,2919515293.0,2912000000,2938000000.0,30.282,127050000000.0,0.0,2674000000.0,16270000000.0,43.63,-9742000000.0
15,VZ,MRY,2005-12-31,2005-12-31,2005-12-31,2021-08-25,-1783000000.0,168130000000.0,167672500000.0,19320000000.0,148810000000.0,0.415,14.346,-14964000000.0,760000000.0,760000000.0,24409000000.0,7397000000.0,0.724,3.237,38257000000.0,6688000000.0,31569000000.0,38257000000.0,0.0,13615000000.0,0.0,0.053,1.6,11947000000.0,25562000000.0,0.368,25562000000.0,11947000000.0,9818000000.0,2.67,2.65,2.67,39680000000.0,38859250000.0,39680000000.0,122104091487.0,10.0,4.777,7061000000.0,2.553,1.0,45109000000.0,0.649,52164000000.0,2129000000.0,126763000000.0,129751250000.0,1522000000.0,6748000000.0,2146000000.0,4602000000.0,128450000000.0,26700000000.0,101750000000.0,83281091487.0,-1501000000.0,-3358000000.0,-234000000.0,-240000000.0,-4427000000.0,-5034000000.0,-18492000000.0,-346000000.0,22025000000.0,0.0,7397000000.0,7397000000.0,7397000000.0,-1370000000.0,0.0,0.106,32528000000.0,12581000000.0,11747000000.0,0.599,2.099,11.259,11.281,72987000000.0,0.0,30.12,1.198,1.198,8534000000.0,15905000000.0,69518000000.0,69518000000.0,0.0,0.044,0.19,0.092,0.172,0.0,19443000000.0,1.0,2764976477.0,2766000000,2817000000.0,25.133,115966000000.0,0.0,2421000000.0,22831000000.0,41.926,-7380000000.0
16,VZ,MRY,2004-12-31,2004-12-31,2004-12-31,2021-08-25,-1053000000.0,165958000000.0,163678500000.0,19479000000.0,146479000000.0,0.402,13.56,-12794000000.0,2290000000.0,2290000000.0,22032000000.0,7831000000.0,0.842,3.418,39267000000.0,3593000000.0,35674000000.0,39267000000.0,0.0,13503000000.0,0.0,0.038,1.54,12245000000.0,25748000000.0,0.392,25748000000.0,12245000000.0,9909000000.0,2.83,2.79,2.83,37560000000.0,35082000000.0,37560000000.0,152077502596.0,12.0,5.906,8997000000.0,3.248,1.0,43719000000.0,0.665,47448000000.0,2336000000.0,132358000000.0,133642750000.0,1535000000.0,8112000000.0,2257000000.0,5855000000.0,128398000000.0,23129000000.0,105269000000.0,112170502596.0,1592000000.0,-1079000000.0,-50000000.0,-5401000000.0,-4262000000.0,-9856000000.0,-10343000000.0,-90000000.0,21791000000.0,0.0,7831000000.0,7831000000.0,7831000000.0,-1932000000.0,0.0,0.119,32849000000.0,10870000000.0,13177000000.0,0.544,2.986,14.324,14.314,74124000000.0,0.0,40.51,1.706,1.707,9801000000.0,12984000000.0,65751000000.0,65751000000.0,0.0,0.048,0.223,0.092,0.186,0.0,19346000000.0,1.0,2768958346.0,2770000000,2831000000.0,23.737,118510000000.0,0.0,2078000000.0,22532000000.0,42.783,-3650000000.0
17,VZ,MRY,2003-12-31,2003-12-31,2003-12-31,2021-08-25,-1250000000.0,165968000000.0,167663250000.0,18895000000.0,147073000000.0,0.402,12.143,-11874000000.0,669000000.0,669000000.0,21701000000.0,3077000000.0,0.711,3.959,45380000000.0,5967000000.0,39413000000.0,45380000000.0,0.0,13607000000.0,0.0,0.044,1.54,7087000000.0,20694000000.0,0.307,20694000000.0,7087000000.0,4290000000.0,1.12,1.12,1.12,33466000000.0,34650000000.0,33466000000.0,141589187120.0,20.0,6.842,10593000000.0,3.844,1.0,45767000000.0,0.678,46444000000.0,2797000000.0,137655000000.0,140212000000.0,1262000000.0,7961000000.0,2172000000.0,5789000000.0,132502000000.0,26580000000.0,105922000000.0,96875187120.0,-728000000.0,-933000000.0,839000000.0,-7436000000.0,-4239000000.0,-10959000000.0,-12236000000.0,-120000000.0,22467000000.0,0.0,3077000000.0,3077000000.0,3077000000.0,886000000.0,0.0,0.046,38360000000.0,7407000000.0,14652000000.0,1.375,2.895,31.484,31.321,75302000000.0,0.0,35.08,1.436,1.433,9854000000.0,9409000000.0,67468000000.0,67468000000.0,0.0,0.018,0.089,0.051,0.105,0.0,24894000000.0,1.0,2761550374.0,2756000000,2832000000.0,24.48,119524000000.0,0.0,1213000000.0,21704000000.0,43.369,-7685000000.0
18,VZ,MRY,2002-12-31,2002-12-31,2002-12-31,2021-08-25,-2110000000.0,167468000000.0,169046250000.0,22093000000.0,145375000000.0,0.397,11.952,-13052000000.0,1422000000.0,1422000000.0,19866000000.0,4079000000.0,0.791,4.135,53270000000.0,9267000000.0,44003000000.0,53270000000.0,0.0,13282000000.0,0.0,0.04,1.54,8748000000.0,22030000000.0,0.329,22030000000.0,8748000000.0,5618000000.0,1.49,1.49,1.49,32616000000.0,31027500000.0,32616000000.0,157810800362.0,18.0,7.163,9030000000.0,3.309,1.0,47190000000.0,0.704,46339000000.0,3130000000.0,145048000000.0,146806750000.0,1497000000.0,7028000000.0,2042000000.0,4986000000.0,134852000000.0,27929000000.0,106923000000.0,106010800362.0,482000000.0,3550000000.0,915000000.0,-11595000000.0,-4200000000.0,-14809000000.0,-6791000000.0,-216000000.0,22082000000.0,0.0,4079000000.0,4079000000.0,4079000000.0,16000000.0,0.0,0.061,32313000000.0,14877000000.0,12642000000.0,1.034,3.25,25.989,26.007,73758000000.0,0.0,38.75,1.581,1.577,12496000000.0,10536000000.0,67056000000.0,67056000000.0,0.0,0.024,0.131,0.06,0.13,0.0,21778000000.0,1.0,2735762590.0,2729000000,2789000000.0,24.572,121129000000.0,0.0,1539000000.0,19467000000.0,44.386,-5836000000.0
19,VZ,MRY,2001-12-31,2001-12-31,2001-12-31,2021-08-25,-1187000000.0,170795000000.0,169567250000.0,23187000000.0,147608000000.0,0.393,12.007,-18369000000.0,979000000.0,979000000.0,20538000000.0,389000000.0,0.61,4.249,64326000000.0,18669000000.0,45657000000.0,64326000000.0,0.0,13523000000.0,0.0,0.032,1.54,5812000000.0,19335000000.0,0.29,19335000000.0,5812000000.0,2536000000.0,0.14,0.14,0.14,32539000000.0,34245500000.0,32539000000.0,191352977585.0,33.0,9.897,1157000000.0,0.427,1.0,46175000000.0,0.692,44262000000.0,3276000000.0,151860000000.0,151009250000.0,1968000000.0,12193000000.0,1991000000.0,10202000000.0,138256000000.0,38020000000.0,100236000000.0,128827977585.0,175000000.0,-2657000000.0,501000000.0,6031000000.0,-4168000000.0,1973000000.0,-21324000000.0,-382000000.0,19526000000.0,0.0,389000000.0,389000000.0,389000000.0,13000000.0,0.0,0.006,34702000000.0,11473000000.0,13947000000.0,11.0,3.959,331.177,339.0,74419000000.0,0.0,47.46,1.931,1.928,14254000000.0,10704000000.0,66713000000.0,66713000000.0,0.0,0.002,0.011,0.038,0.087,0.0,20829000000.0,1.0,2714453805.0,2710000000,2730000000.0,24.617,126533000000.0,0.0,2147000000.0,16543000000.0,46.691,-14833000000.0
20,VZ,MRY,2000-12-31,2000-12-31,2000-12-31,2021-08-25,-2176000000.0,164735000000.0,136332000000.0,22121000000.0,142614000000.0,0.475,12.745,-17633000000.0,757000000.0,757000000.0,0.0,11797000000.0,0.646,3.764,57329000000.0,14838000000.0,42491000000.0,57329000000.0,0.0,12261000000.0,0.0,0.031,1.54,22296000000.0,34557000000.0,0.534,34557000000.0,22296000000.0,18806000000.0,4.34,4.31,4.34,34578000000.0,29967000000.0,34578000000.0,186190710753.0,8.0,5.388,-1806000000.0,-0.666,1.0,64707000000.0,1.0,41990000000.0,3490000000.0,145081000000.0,120048500000.0,1910000000.0,14728000000.0,1613000000.0,13115000000.0,130157000000.0,34236000000.0,95921000000.0,135305710753.0,-1276000000.0,4547000000.0,-1718000000.0,5058000000.0,-4421000000.0,-1048000000.0,-16055000000.0,-221000000.0,15827000000.0,0.0,11797000000.0,11787000000.0,11787000000.0,0.0,0.0,0.182,47949000000.0,16758000000.0,13965000000.0,0.355,3.913,11.479,11.551,69504000000.0,10000000.0,50.13,2.091,2.102,14010000000.0,14667000000.0,64707000000.0,64707000000.0,0.0,0.086,0.393,0.186,0.345,0.0,0.0,1.0,2699096564.0,2713000000,2737000000.0,23.851,122745000000.0,0.0,7009000000.0,15260000000.0,45.243,-12115000000.0
21,VZ,MRY,1999-12-31,1999-12-31,1999-12-31,2021-08-25,75000000.0,112830000000.0,71175000000.0,19995000000.0,92835000000.0,0.818,9.63,-13013000000.0,2033000000.0,2033000000.0,0.0,8260000000.0,0.672,3.278,47482000000.0,15063000000.0,32419000000.0,47482000000.0,0.0,9890000000.0,0.0,0.025,1.54,15748000000.0,25638000000.0,0.441,25638000000.0,15748000000.0,13132000000.0,3.02,2.97,3.02,26376000000.0,17579000000.0,26376000000.0,116074502343.0,7.0,4.527,4004000000.0,1.462,1.0,58194000000.0,1.0,8645000000.0,2616000000.0,119884000000.0,80080250000.0,1366000000.0,11212000000.0,1035000000.0,10177000000.0,86454000000.0,29750000000.0,56704000000.0,95589502343.0,1329000000.0,-3406000000.0,-871000000.0,6592000000.0,-4227000000.0,1732000000.0,-17420000000.0,-98000000.0,17017000000.0,0.0,8260000000.0,8260000000.0,8260000000.0,0.0,0.0,0.142,42241000000.0,15953000000.0,10878000000.0,0.51,3.624,11.573,20.384,62173000000.0,0.0,61.56,1.643,2.897,11998000000.0,7428000000.0,58194000000.0,58194000000.0,0.0,0.116,0.47,0.197,0.271,0.0,0.0,1.0,1552785938.0,2739000000,2777000000.0,21.246,104185000000.0,0.0,4872000000.0,7288000000.0,38.038,-9755000000.0
22,VZ,MRY,1998-12-31,1998-12-31,1998-12-31,2021-08-25,-714000000.0,55144000000.0,54793075000.0,9082000000.0,46062000000.0,1.042,4.775,-12820000000.0,237000000.0,237000000.0,0.0,4980000000.0,0.862,3.234,20634000000.0,2988000000.0,17646000000.0,20634000000.0,0.0,9645000000.0,0.0,0.029,1.54,11160000000.0,20805000000.0,0.365,20805000000.0,11160000000.0,8455000000.0,1.81,1.79,1.81,13025000000.0,12909250000.0,13025000000.0,103327357406.0,9.0,4.966,2904000000.0,1.065,1.0,57075000000.0,1.0,0.0,2705000000.0,65010000000.0,63761375000.0,566000000.0,5062000000.0,786000000.0,4276000000.0,42119000000.0,10531000000.0,31588000000.0,83822957406.0,-170000000.0,62000000.0,4000000.0,2607000000.0,-4186000000.0,-2938000000.0,-12956000000.0,-60000000.0,15724000000.0,0.0,4980000000.0,4948000000.0,4948000000.0,0.0,0.0,0.087,45319000000.0,11756000000.0,6105000000.0,0.851,6.436,16.941,29.834,36816000000.0,32000000.0,54.0,1.469,2.581,6560000000.0,1371000000.0,57075000000.0,57075000000.0,0.0,0.09,0.383,0.175,0.196,0.0,0.0,1.0,1552276989.0,2728000000,2759000000.0,20.922,55144000000.0,0.0,3475000000.0,2476000000.0,20.214,-1449000000.0
23,VZ,MRY,1997-12-31,1997-12-31,1997-12-31,2021-08-25,-553300000.0,53964100000.0,53662600000.0,9000800000.0,44963300000.0,0.563,8.24,-6632000000.0,322800000.0,322800000.0,0.0,2455000000.0,0.659,3.22,19608000000.0,6342800000.0,13265200000.0,19608000000.0,0.0,5865000000.0,0.0,0.033,1.485,5214000000.0,11079000000.0,0.367,11079000000.0,5214000000.0,3984000000.0,1.58,1.56,1.58,12789100000.0,12882750000.0,12789100000.0,,,,2227000000.0,1.435,1.0,30194000000.0,1.0,0.0,1230000000.0,59585100000.0,60258550000.0,550300000.0,5864800000.0,720600000.0,5144200000.0,41175000000.0,13664200000.0,27510800000.0,70662138274.0,73000000.0,-195000000.0,-209000000.0,1046000000.0,-2340000000.0,-1447000000.0,-7339000000.0,-334000000.0,8859000000.0,0.0,2455000000.0,2455000000.0,2455000000.0,0.0,0.0,0.081,24853000000.0,5341000000.0,5966400000.0,0.94,5.525,28.783,28.797,35039400000.0,0.0,45.5,2.34,2.339,6340800000.0,1261600000.0,30194000000.0,30194000000.0,0.0,0.046,0.191,0.087,0.173,0.0,0.0,1.0,1553014028.0,1552000000,1571000000.0,19.455,53964100000.0,0.0,1529000000.0,2356900000.0,34.771,-4663400000.0
24,VZ,MRY,1996-12-31,1996-12-31,1996-12-31,2021-08-25,-319400000.0,53361100000.0,,8456800000.0,44904300000.0,,8.39,-6379300000.0,249400000.0,249400000.0,0.0,3402000000.0,0.817,3.112,18170200000.0,2884200000.0,15286000000.0,18170200000.0,0.0,5379000000.0,0.0,0.044,1.43,6266300000.0,11645300000.0,0.399,11645300000.0,6266300000.0,5184300000.0,2.2,2.18,2.2,12976400000.0,,12976400000.0,,,,2401500000.0,1.553,1.0,29155200000.0,1.0,0.0,1082000000.0,60932000000.0,,478400000.0,5222700000.0,300500000.0,4922200000.0,40384700000.0,10349900000.0,30034800000.0,,-213500000.0,-953400000.0,210000000.0,-114000000.0,-2204100000.0,-1420300000.0,-7574000000.0,27600000.0,8780800000.0,0.0,3402000000.0,3402000000.0,3402000000.0,0.0,0.0,0.117,23076600000.0,6078600000.0,6160600000.0,0.65,,,14.716,36134800000.0,0.0,32.375,,1.717,6168900000.0,1279800000.0,29155200000.0,29155200000.0,0.0,,,,0.215,0.0,0.0,1.0,,1546600000,1560200000.0,18.851,53361100000.0,0.0,1782300000.0,2135700000.0,34.502,-1893100000.0
25,VZ,MRY,1995-12-31,1995-12-31,1995-12-31,2021-08-25,,,,,,,,-6299800000.0,,,0.0,-96800000.0,,,,,,,,5326100000.0,,0.042,1.395,2876700000.0,8202800000.0,0.294,8202800000.0,2876700000.0,1612100000.0,-0.03,-0.03,-0.03,,,,,,,1594600000.0,0.522,1.0,27926800000.0,1.0,,1264600000.0,,,,,,,,,,,182500000.0,-380500000.0,288400000.0,-277800000.0,-2117400000.0,-1147800000.0,-6564100000.0,445400000.0,7894400000.0,0.0,-96800000.0,-96800000.0,-96800000.0,0.0,0.0,-0.003,22509400000.0,5417400000.0,,-46.5,,,-1114.5,,0.0,33.435,,3.66,,,27926800000.0,27926800000.0,0.0,,,,0.103,0.0,0.0,1.0,,3057400000,3073000000.0,9.134,,,1708900000.0,,,
0,VZ,MRQ,2021-06-30,2021-06-30,2021-06-30,2021-08-25,-234000000.0,349190000000.0,,35626000000.0,313564000000.0,,17.794,-4222000000.0,4657000000.0,4657000000.0,14255000000.0,5949000000.0,0.889,3.72,179158000000.0,10904000000.0,168254000000.0,179158000000.0,0.0,4020000000.0,0.0,0.045,0.627,8519000000.0,12539000000.0,0.371,12539000000.0,8519000000.0,7675000000.0,1.4,1.4,1.4,73684000000.0,,73684000000.0,401566989477.0,13.0,8.526,6522000000.0,1.575,1.0,19509000000.0,0.578,129951000000.0,844000000.0,353662000000.0,,1421000000.0,560000000.0,0.0,560000000.0,274078000000.0,40078000000.0,234000000000.0,231967989477.0,-5410000000.0,-50000000.0,0.0,-7762000000.0,-2597000000.0,-11406000000.0,-4748000000.0,0.0,10744000000.0,0.0,5800000000.0,5800000000.0,5800000000.0,0.0,149000000.0,0.172,11344000000.0,8165000000.0,17328000000.0,0.448,3.148,11.604,11.6,122382000000.0,0.0,56.03,1.746,1.746,21257000000.0,66310000000.0,33764000000.0,33764000000.0,0.0,,,,,0.0,7324000000.0,1.0,4140067633.0,4141000000,4143000000.0,8.154,219239000000.0,0.0,1875000000.0,37534000000.0,52.943,-4452000000.0
1,VZ,MRQ,2021-03-31,2021-03-31,2021-03-31,2021-08-25,640000000.0,345573000000.0,,39647000000.0,305926000000.0,,17.202,-4494000000.0,10205000000.0,10205000000.0,13522000000.0,5378000000.0,1.024,3.831,179804000000.0,12338000000.0,167466000000.0,179804000000.0,0.0,4174000000.0,0.0,0.043,0.627,8046000000.0,12220000000.0,0.372,12220000000.0,8046000000.0,6945000000.0,1.27,1.27,1.27,71232000000.0,,71232000000.0,369009340392.0,13.0,8.043,5200000000.0,1.256,1.0,19345000000.0,0.589,132153000000.0,1101000000.0,344289000000.0,,1303000000.0,555000000.0,0.0,555000000.0,272890000000.0,38730000000.0,234160000000.0,240633340392.0,-12003000000.0,-408000000.0,0.0,31349000000.0,-2601000000.0,27956000000.0,-49653000000.0,0.0,9694000000.0,0.0,5245000000.0,5245000000.0,5245000000.0,0.0,133000000.0,0.16,11575000000.0,7770000000.0,17219000000.0,0.494,3.378,12.739,12.724,117191000000.0,0.0,58.15,1.857,1.859,22507000000.0,63107000000.0,32867000000.0,32867000000.0,0.0,,,,,0.0,7401000000.0,1.0,4138148588.0,4141000000,4142000000.0,7.937,213420000000.0,0.0,1700000000.0,36747000000.0,51.538,917000000.0
2,VZ,MRQ,2020-12-31,2020-12-31,2020-12-31,2021-08-25,-71000000.0,316481000000.0,,54594000000.0,261887000000.0,,16.375,-4024000000.0,22171000000.0,22171000000.0,14822000000.0,4718000000.0,1.377,3.644,150547000000.0,9374000000.0,141173000000.0,150547000000.0,0.0,4197000000.0,0.0,0.042,0.627,7203000000.0,11400000000.0,0.329,11400000000.0,7203000000.0,6123000000.0,1.11,1.11,1.11,67842000000.0,,67842000000.0,371339044061.0,13.0,8.366,5272000000.0,1.273,1.0,19870000000.0,0.573,130283000000.0,1080000000.0,274914000000.0,,1796000000.0,589000000.0,0.0,589000000.0,247209000000.0,39660000000.0,207549000000.0,243113044061.0,13315000000.0,-13000000.0,0.0,13022000000.0,-2596000000.0,9062000000.0,-5043000000.0,0.0,9296000000.0,0.0,4588000000.0,4588000000.0,4588000000.0,0.0,130000000.0,0.132,12690000000.0,7180000000.0,20658000000.0,0.565,3.584,13.657,13.663,117364000000.0,0.0,58.75,1.895,1.896,23917000000.0,60464000000.0,34692000000.0,34692000000.0,0.0,,,,,0.0,8493000000.0,1.0,4138094367.0,4143000000,4145000000.0,8.374,186198000000.0,0.0,1535000000.0,35711000000.0,44.943,14934000000.0
3,VZ,MRQ,2020-09-30,2020-09-30,2020-09-30,2021-08-25,-812000000.0,296994000000.0,,38572000000.0,258422000000.0,,15.717,-4318000000.0,8983000000.0,8983000000.0,12334000000.0,4504000000.0,1.066,3.542,137209000000.0,9264000000.0,127945000000.0,137209000000.0,0.0,4192000000.0,0.0,0.041,0.615,6748000000.0,10940000000.0,0.347,10940000000.0,6748000000.0,5704000000.0,1.05,1.05,1.05,65069000000.0,,65069000000.0,372559824726.0,15.0,8.904,4602000000.0,1.112,1.0,19209000000.0,0.609,130356000000.0,1044000000.0,258679000000.0,,1457000000.0,535000000.0,0.0,535000000.0,230464000000.0,36185000000.0,194279000000.0,246172824726.0,1070000000.0,-108000000.0,0.0,2243000000.0,-2546000000.0,-1505000000.0,-6345000000.0,0.0,8920000000.0,0.0,4357000000.0,4357000000.0,4357000000.0,0.0,147000000.0,0.138,11531000000.0,7678000000.0,17391000000.0,0.586,3.783,13.446,13.429,115862000000.0,0.0,59.49,1.918,1.919,22617000000.0,58473000000.0,31543000000.0,31543000000.0,0.0,,,,,0.0,7339000000.0,1.0,4138053870.0,4140000000,4142000000.0,7.619,166638000000.0,0.0,1347000000.0,34567000000.0,40.251,2387000000.0
4,VZ,MRQ,2020-06-30,2020-06-30,2020-06-30,2021-08-25,-1274000000.0,293259000000.0,,37333000000.0,255926000000.0,,15.148,-4576000000.0,7882000000.0,7882000000.0,11749000000.0,4839000000.0,0.96,3.655,134269000000.0,9921000000.0,124348000000.0,134269000000.0,0.0,4181000000.0,0.0,0.044,0.615,7137000000.0,11318000000.0,0.372,11318000000.0,7137000000.0,6048000000.0,1.14,1.13,1.14,62697000000.0,,62697000000.0,360264686678.0,14.0,8.39,10152000000.0,2.453,1.0,18698000000.0,0.614,130034000000.0,1089000000.0,250726000000.0,,1289000000.0,529000000.0,0.0,529000000.0,229146000000.0,38886000000.0,190260000000.0,228127686678.0,789000000.0,-399000000.0,0.0,-5759000000.0,-2543000000.0,-8795000000.0,-5144000000.0,0.0,14728000000.0,0.0,4700000000.0,4700000000.0,4700000000.0,0.0,139000000.0,0.154,11337000000.0,7361000000.0,19297000000.0,0.539,3.639,11.916,11.881,115185000000.0,0.0,55.13,1.759,1.759,22672000000.0,56746000000.0,30447000000.0,30447000000.0,0.0,,,,,0.0,7156000000.0,1.0,4137995405.0,4139000000,4141000000.0,7.356,163225000000.0,0.0,1348000000.0,33798000000.0,39.436,-1553000000.0
5,VZ,MRQ,2020-03-31,2020-03-31,2020-03-31,2021-08-25,-1502000000.0,294500000000.0,,40705000000.0,253795000000.0,,14.547,-5274000000.0,7047000000.0,7047000000.0,12296000000.0,4287000000.0,0.991,3.867,139184000000.0,14506000000.0,124678000000.0,139184000000.0,0.0,4150000000.0,0.0,0.045,0.615,6579000000.0,10729000000.0,0.339,10729000000.0,6579000000.0,5545000000.0,1.0,1.0,1.0,60210000000.0,,60210000000.0,352768960792.0,14.0,8.35,3550000000.0,0.858,1.0,19314000000.0,0.611,126224000000.0,1034000000.0,259356000000.0,,1633000000.0,543000000.0,0.0,543000000.0,232847000000.0,41057000000.0,191790000000.0,222219960792.0,4407000000.0,0.0,0.0,4763000000.0,-2547000000.0,2563000000.0,-6980000000.0,0.0,8824000000.0,0.0,4156000000.0,4156000000.0,4156000000.0,0.0,131000000.0,0.131,12735000000.0,6579000000.0,17419000000.0,0.615,3.691,12.084,12.074,114649000000.0,0.0,53.73,1.692,1.693,23797000000.0,54557000000.0,31610000000.0,31610000000.0,0.0,,,,,0.0,8585000000.0,1.0,4135863778.0,4139000000,4141000000.0,7.637,168276000000.0,0.0,1389000000.0,33709000000.0,40.656,-352000000.0
6,VZ,MRQ,2019-12-31,2019-12-31,2019-12-31,2021-08-25,998000000.0,291727000000.0,,37473000000.0,254254000000.0,,14.837,-5607000000.0,2594000000.0,2594000000.0,15631000000.0,5217000000.0,0.835,3.728,133143000000.0,14038000000.0,119105000000.0,133143000000.0,0.0,4105000000.0,0.0,0.039,0.615,4749000000.0,8854000000.0,0.255,8854000000.0,4749000000.0,3590000000.0,1.24,1.23,1.24,61395000000.0,,61395000000.0,381689150433.0,14.0,8.75,3391000000.0,0.819,1.0,19144000000.0,0.551,128946000000.0,1159000000.0,248462000000.0,,1422000000.0,558000000.0,0.0,558000000.0,228892000000.0,44868000000.0,184024000000.0,253937150433.0,-289000000.0,1000000.0,0.0,186000000.0,-2542000000.0,-3863000000.0,-5424000000.0,0.0,8998000000.0,0.0,5095000000.0,5095000000.0,5095000000.0,0.0,122000000.0,0.147,12505000000.0,6639000000.0,21806000000.0,0.496,4.136,13.181,13.176,114609000000.0,0.0,61.4,1.926,1.927,25429000000.0,53147000000.0,34775000000.0,34775000000.0,0.0,,,,,0.0,8214000000.0,1.0,4135784209.0,4138000000,4140000000.0,8.404,162781000000.0,0.0,-1505000000.0,34703000000.0,39.338,-7395000000.0
7,VZ,MRQ,2019-09-30,2019-09-30,2019-09-30,2021-08-25,1104000000.0,284875000000.0,,34895000000.0,249980000000.0,,14.239,-4365000000.0,3020000000.0,3020000000.0,13384000000.0,5337000000.0,0.89,3.811,130772000000.0,10789000000.0,119983000000.0,130772000000.0,0.0,4114000000.0,0.0,0.04,0.603,7926000000.0,12040000000.0,0.366,12040000000.0,7926000000.0,6780000000.0,1.26,1.25,1.26,58921000000.0,,58921000000.0,382464763871.0,16.0,9.203,6547000000.0,1.582,1.0,19510000000.0,0.593,128267000000.0,1146000000.0,245151000000.0,,1538000000.0,628000000.0,0.0,628000000.0,224563000000.0,39209000000.0,185354000000.0,249634763871.0,1086000000.0,26000000.0,0.0,-3189000000.0,-2493000000.0,-6258000000.0,-3568000000.0,0.0,10912000000.0,0.0,5194000000.0,5194000000.0,5194000000.0,0.0,143000000.0,0.158,11330000000.0,8180000000.0,19566000000.0,0.479,4.237,15.497,15.477,111067000000.0,0.0,60.36,1.9,1.901,24713000000.0,50595000000.0,32894000000.0,32894000000.0,0.0,,,,,0.0,7216000000.0,1.0,4135764809.0,4138000000,4140000000.0,7.949,156608000000.0,0.0,1586000000.0,34592000000.0,37.846,-4314000000.0
8,VZ,MRQ,2019-06-30,2019-06-30,2019-06-30,2021-08-25,1447000000.0,283108000000.0,,33308000000.0,249800000000.0,,13.674,-3699000000.0,1949000000.0,1949000000.0,12721000000.0,4074000000.0,0.872,3.979,134779000000.0,11927000000.0,122852000000.0,134779000000.0,0.0,4232000000.0,0.0,0.042,0.603,6395000000.0,10627000000.0,0.331,10627000000.0,6395000000.0,5180000000.0,0.95,0.95,0.95,56582000000.0,,56582000000.0,369577920686.0,15.0,8.874,5056000000.0,1.222,1.0,19350000000.0,0.603,128439000000.0,1215000000.0,249285000000.0,,1167000000.0,650000000.0,0.0,650000000.0,225161000000.0,38214000000.0,186947000000.0,236272920686.0,-417000000.0,-3000000.0,0.0,-1700000000.0,-2492000000.0,-5386000000.0,-3786000000.0,0.0,8755000000.0,0.0,3944000000.0,3944000000.0,3944000000.0,0.0,130000000.0,0.123,11500000000.0,7850000000.0,17633000000.0,0.635,4.176,14.917,14.916,110285000000.0,0.0,57.13,1.802,1.803,24926000000.0,47945000000.0,32071000000.0,32071000000.0,0.0,,,,,0.0,7268000000.0,1.0,4135706646.0,4138000000,4139000000.0,7.75,154669000000.0,0.0,1236000000.0,34225000000.0,37.378,-4906000000.0
9,VZ,MRQ,2019-03-31,2019-03-31,2019-03-31,2021-08-25,2216000000.0,283947000000.0,,33397000000.0,250550000000.0,,13.498,-4268000000.0,2322000000.0,2322000000.0,12990000000.0,5160000000.0,0.865,4.055,135627000000.0,11611000000.0,124016000000.0,135627000000.0,0.0,4231000000.0,0.0,0.04,0.603,7870000000.0,12101000000.0,0.377,12101000000.0,7870000000.0,6660000000.0,1.22,1.22,1.22,55856000000.0,,55856000000.0,354645873062.0,14.0,8.446,2813000000.0,0.68,1.0,19138000000.0,0.596,128480000000.0,1210000000.0,250165000000.0,,1417000000.0,674000000.0,0.0,674000000.0,226487000000.0,38607000000.0,187880000000.0,244327873062.0,-379000000.0,-25000000.0,0.0,-528000000.0,-2489000000.0,-2657000000.0,-4803000000.0,0.0,7081000000.0,0.0,5032000000.0,5032000000.0,5032000000.0,0.0,128000000.0,0.157,11429000000.0,7709000000.0,18664000000.0,0.494,4.374,15.256,15.24,110954000000.0,0.0,59.13,1.862,1.865,24469000000.0,46493000000.0,32128000000.0,32128000000.0,0.0,,,,,0.0,7198000000.0,1.0,4132045883.0,4138000000,4140000000.0,7.764,155467000000.0,0.0,1628000000.0,34344000000.0,37.571,-5210000000.0
10,VZ,MRQ,2018-12-31,2018-12-31,2018-12-31,2021-08-25,2370000000.0,264829000000.0,,34636000000.0,230193000000.0,,12.846,-4632000000.0,2745000000.0,2745000000.0,15291000000.0,2065000000.0,0.913,3.954,113063000000.0,7190000000.0,105873000000.0,113063000000.0,0.0,4352000000.0,0.0,0.042,0.603,2440000000.0,6792000000.0,0.198,6792000000.0,2440000000.0,1241000000.0,0.47,0.47,0.47,53145000000.0,,53145000000.0,342705888978.0,14.0,8.288,3463000000.0,0.837,1.0,18990000000.0,0.554,128519000000.0,1199000000.0,208698000000.0,,1336000000.0,671000000.0,0.0,671000000.0,210119000000.0,37930000000.0,172189000000.0,232301888978.0,341000000.0,-191000000.0,0.0,-238000000.0,-2489000000.0,-2956000000.0,-4798000000.0,0.0,8095000000.0,0.0,1939000000.0,1939000000.0,1939000000.0,0.0,126000000.0,0.057,18353000000.0,637000000.0,22501000000.0,1.283,4.371,14.96,14.952,89286000000.0,0.0,56.22,1.775,1.773,25102000000.0,43542000000.0,34281000000.0,34281000000.0,0.0,,,,,0.0,9410000000.0,1.0,4132015101.0,4137000000,4141000000.0,8.286,136310000000.0,0.0,-698000000.0,33795000000.0,32.949,-3294000000.0
11,VZ,MRQ,2018-09-30,2018-09-30,2018-09-30,2021-08-25,3201000000.0,265562000000.0,,33154000000.0,232408000000.0,,13.176,-4188000000.0,2538000000.0,2538000000.0,13331000000.0,5062000000.0,0.97,3.844,112942000000.0,6502000000.0,106440000000.0,112942000000.0,0.0,4377000000.0,0.0,0.044,0.59,7748000000.0,12125000000.0,0.372,12125000000.0,7748000000.0,6537000000.0,1.19,1.19,1.19,54495000000.0,,54495000000.0,333494042004.0,13.0,7.746,5623000000.0,1.36,1.0,19276000000.0,0.591,132937000000.0,1211000000.0,208862000000.0,,1270000000.0,732000000.0,0.0,732000000.0,209475000000.0,34167000000.0,175308000000.0,220604042004.0,847000000.0,-1000000.0,0.0,-1275000000.0,-2438000000.0,-4556000000.0,-4408000000.0,0.0,9811000000.0,0.0,4924000000.0,4924000000.0,4924000000.0,0.0,138000000.0,0.151,11601000000.0,7675000000.0,19342000000.0,0.496,4.048,6.839,6.784,87464000000.0,0.0,53.39,1.69,1.692,24012000000.0,44091000000.0,32607000000.0,32607000000.0,0.0,,,,,0.0,7224000000.0,1.0,4131935606.0,4136000000,4140000000.0,7.884,132625000000.0,0.0,1613000000.0,35712000000.0,32.066,-1013000000.0
12,VZ,MRQ,2018-06-30,2018-06-30,2018-06-30,2021-08-25,3205000000.0,263303000000.0,,30876000000.0,232427000000.0,,12.581,-3286000000.0,1750000000.0,1750000000.0,13631000000.0,4246000000.0,0.955,4.031,114640000000.0,5466000000.0,109174000000.0,114640000000.0,0.0,4350000000.0,0.0,0.047,0.59,6623000000.0,10973000000.0,0.341,10973000000.0,6623000000.0,5401000000.0,1.0,1.0,1.0,52024000000.0,,52024000000.0,325009713317.0,13.0,7.783,6499000000.0,1.572,1.0,18572000000.0,0.577,132916000000.0,1222000000.0,210948000000.0,,1102000000.0,787000000.0,0.0,787000000.0,209728000000.0,32329000000.0,177399000000.0,207875713317.0,-207000000.0,-6000000.0,0.0,-2418000000.0,-2438000000.0,-6549000000.0,-3443000000.0,0.0,9785000000.0,0.0,4120000000.0,4120000000.0,4120000000.0,0.0,126000000.0,0.128,11955000000.0,6617000000.0,18560000000.0,0.59,3.996,6.716,6.646,87781000000.0,0.0,50.31,1.603,1.605,23099000000.0,41657000000.0,32203000000.0,32203000000.0,0.0,,,,,0.0,7605000000.0,1.0,4131896508.0,4135000000,4139000000.0,7.788,130387000000.0,0.0,1281000000.0,35069000000.0,31.533,-1453000000.0
13,VZ,MRQ,2018-03-31,2018-03-31,2018-03-31,2021-08-25,3705000000.0,264516000000.0,,31025000000.0,233491000000.0,,12.374,-4552000000.0,1923000000.0,1923000000.0,13255000000.0,4666000000.0,0.981,4.178,119057000000.0,6323000000.0,112734000000.0,119057000000.0,0.0,4324000000.0,0.0,0.049,0.59,7134000000.0,11458000000.0,0.361,11458000000.0,7134000000.0,5933000000.0,1.11,1.11,1.11,50781000000.0,,50781000000.0,310097027836.0,12.0,7.208,2096000000.0,0.511,1.0,18517000000.0,0.583,132812000000.0,1201000000.0,217223000000.0,,1285000000.0,994000000.0,0.0,994000000.0,212171000000.0,31615000000.0,180556000000.0,195081027836.0,47000000.0,-32000000.0,0.0,150000000.0,-2407000000.0,-1316000000.0,-5285000000.0,0.0,6648000000.0,0.0,4545000000.0,4545000000.0,4545000000.0,0.0,121000000.0,0.143,11168000000.0,7349000000.0,17052000000.0,0.532,3.842,6.253,6.259,87922000000.0,0.0,47.82,1.524,1.533,22595000000.0,39974000000.0,31772000000.0,31772000000.0,0.0,,,,,0.0,6844000000.0,1.0,4079486153.0,4104000000,4107000000.0,7.742,131704000000.0,0.0,1388000000.0,34414000000.0,32.092,-590000000.0
14,VZ,MRQ,2017-12-31,2017-12-31,2017-12-31,2021-08-25,2659000000.0,257143000000.0,,29913000000.0,227230000000.0,,10.545,-5965000000.0,2079000000.0,2079000000.0,15558000000.0,18783000000.0,0.905,4.93,117095000000.0,3453000000.0,113642000000.0,117095000000.0,0.0,4456000000.0,0.0,0.044,0.59,4039000000.0,8495000000.0,0.25,8495000000.0,4039000000.0,2820000000.0,4.57,4.56,4.57,43096000000.0,,43096000000.0,328934803449.0,13.0,7.863,1878000000.0,0.46,1.0,18397000000.0,0.542,127836000000.0,1219000000.0,211286000000.0,,1034000000.0,1039000000.0,0.0,1039000000.0,212456000000.0,33037000000.0,179419000000.0,215924803449.0,-2180000000.0,367000000.0,0.0,-576000000.0,-2405000000.0,-4554000000.0,-5469000000.0,0.0,7843000000.0,0.0,18669000000.0,18669000000.0,18669000000.0,0.0,114000000.0,0.55,12936000000.0,5461000000.0,21232000000.0,0.129,5.01,7.173,7.182,88568000000.0,0.0,52.93,1.713,1.715,23493000000.0,35635000000.0,33955000000.0,33955000000.0,0.0,,,,,0.0,8480000000.0,1.0,4079440836.0,4087000000,4092000000.0,8.308,129307000000.0,0.0,-15849000000.0,31232000000.0,31.639,-3124000000.0
15,VZ,MRQ,2017-09-30,2017-09-30,2017-09-30,2021-08-25,2683000000.0,254682000000.0,,30867000000.0,223815000000.0,,6.574,-4271000000.0,4487000000.0,4487000000.0,12974000000.0,3736000000.0,1.067,8.426,117497000000.0,2180000000.0,115317000000.0,117497000000.0,0.0,4272000000.0,0.0,0.047,0.577,6559000000.0,10831000000.0,0.341,10831000000.0,6559000000.0,5395000000.0,0.89,0.89,0.89,26848000000.0,,26848000000.0,314849899742.0,11.0,6.95,2898000000.0,0.71,1.0,18743000000.0,0.591,127601000000.0,1164000000.0,211161000000.0,,1276000000.0,1054000000.0,0.0,1054000000.0,226231000000.0,28930000000.0,197301000000.0,201889899742.0,-56000000.0,86000000.0,0.0,-105000000.0,-2357000000.0,-3497000000.0,-3728000000.0,0.0,7169000000.0,0.0,3620000000.0,3620000000.0,3620000000.0,0.0,116000000.0,0.114,11755000000.0,6988000000.0,18434000000.0,0.648,7.52,12.676,12.657,86622000000.0,0.0,49.49,1.623,1.624,21549000000.0,19373000000.0,31717000000.0,31717000000.0,0.0,,,,,0.0,7483000000.0,1.0,4079407956.0,4084000000,4089000000.0,7.766,127081000000.0,0.0,1775000000.0,48345000000.0,31.117,1937000000.0
16,VZ,MRQ,2017-06-30,2017-06-30,2017-06-30,2021-08-25,2284000000.0,252978000000.0,,28823000000.0,224155000000.0,,6.171,-3944000000.0,4583000000.0,4583000000.0,12484000000.0,4478000000.0,1.038,8.981,117543000000.0,1153000000.0,116390000000.0,117543000000.0,0.0,4167000000.0,0.0,0.051,0.577,8069000000.0,12236000000.0,0.401,12236000000.0,8069000000.0,6851000000.0,1.07,1.07,1.07,25189000000.0,,25189000000.0,294423635930.0,10.0,6.557,3986000000.0,0.976,1.0,18064000000.0,0.591,127674000000.0,1218000000.0,210506000000.0,,1116000000.0,1075000000.0,0.0,1075000000.0,226217000000.0,27758000000.0,198459000000.0,182184635930.0,456000000.0,-973000000.0,0.0,-252000000.0,-2356000000.0,-2765000000.0,-4709000000.0,0.0,7930000000.0,0.0,4362000000.0,4362000000.0,4362000000.0,0.0,116000000.0,0.143,10050000000.0,8014000000.0,17825000000.0,0.539,7.233,11.439,11.422,86521000000.0,0.0,44.66,1.474,1.474,19771000000.0,18159000000.0,30548000000.0,30548000000.0,0.0,,,,,0.0,5883000000.0,1.0,4079369367.0,4082000000,4087000000.0,7.484,125304000000.0,0.0,2489000000.0,47506000000.0,30.697,1065000000.0
17,VZ,MRQ,2017-03-31,2017-03-31,2017-03-31,2021-08-25,2609000000.0,246731000000.0,,27158000000.0,219573000000.0,,5.755,-3067000000.0,4307000000.0,4307000000.0,12047000000.0,3553000000.0,1.019,9.437,116546000000.0,3707000000.0,112839000000.0,116546000000.0,0.0,4059000000.0,0.0,0.047,0.577,6211000000.0,10270000000.0,0.344,10270000000.0,6211000000.0,5079000000.0,0.85,0.84,0.85,23493000000.0,,23493000000.0,303938672910.0,13.0,7.748,-1691000000.0,-0.414,1.0,17767000000.0,0.596,124296000000.0,1132000000.0,208010000000.0,,1194000000.0,1080000000.0,0.0,1080000000.0,221694000000.0,26664000000.0,195030000000.0,198740672910.0,1491000000.0,-1746000000.0,0.0,8693000000.0,-2354000000.0,4665000000.0,-4550000000.0,0.0,1376000000.0,0.0,3450000000.0,3450000000.0,3450000000.0,0.0,103000000.0,0.116,10805000000.0,6962000000.0,14826000000.0,0.679,8.46,16.201,16.196,85213000000.0,0.0,48.75,1.608,1.61,16863000000.0,16153000000.0,29814000000.0,29814000000.0,0.0,,,,,0.0,6746000000.0,1.0,4076731752.0,4082000000,4087000000.0,7.304,122435000000.0,0.0,1629000000.0,47847000000.0,29.994,494000000.0
18,VZ,MRQ,2016-12-31,2016-12-31,2016-12-31,2021-08-25,2673000000.0,244180000000.0,,26395000000.0,217785000000.0,,5.521,-5661000000.0,2880000000.0,2880000000.0,15639000000.0,4600000000.0,0.87,9.774,108078000000.0,2645000000.0,105433000000.0,108078000000.0,0.0,3987000000.0,0.0,0.043,0.578,7981000000.0,11968000000.0,0.37,11968000000.0,7981000000.0,6844000000.0,1.1,1.1,1.1,22524000000.0,,22524000000.0,317760720358.0,13.0,7.787,-1696000000.0,-0.416,1.0,16701000000.0,0.516,122775000000.0,1137000000.0,196263000000.0,,1202000000.0,1110000000.0,0.0,1110000000.0,220148000000.0,30340000000.0,189808000000.0,217610720358.0,-3532000000.0,-2802000000.0,0.0,2675000000.0,-2354000000.0,-162000000.0,-7335000000.0,0.0,3965000000.0,0.0,4495000000.0,4495000000.0,4495000000.0,0.0,105000000.0,0.139,6488000000.0,10213000000.0,19593000000.0,0.525,9.661,16.577,16.578,84751000000.0,0.0,53.38,1.727,1.729,17513000000.0,15059000000.0,32340000000.0,32340000000.0,0.0,,,,,0.0,2501000000.0,1.0,4076633952.0,4080000000,4086000000.0,7.926,121405000000.0,0.0,2349000000.0,45964000000.0,29.756,-3945000000.0
19,VZ,MRQ,2016-09-30,2016-09-30,2016-09-30,2021-08-25,2758000000.0,239498000000.0,,25621000000.0,213877000000.0,,5.016,-4125000000.0,6441000000.0,6441000000.0,12229000000.0,3747000000.0,0.846,10.631,106591000000.0,3852000000.0,102739000000.0,106591000000.0,0.0,3942000000.0,0.0,0.043,0.565,6487000000.0,10429000000.0,0.337,10429000000.0,6487000000.0,5449000000.0,0.89,0.89,0.89,20460000000.0,,20460000000.0,308754169279.0,12.0,7.262,691000000.0,0.169,1.0,18708000000.0,0.605,121069000000.0,1038000000.0,188281000000.0,,1318000000.0,1119000000.0,0.0,1119000000.0,217515000000.0,30298000000.0,187217000000.0,211886169279.0,3584000000.0,-785000000.0,0.0,6806000000.0,-2303000000.0,3960000000.0,-5192000000.0,0.0,4816000000.0,0.0,3620000000.0,3620000000.0,3620000000.0,0.0,127000000.0,0.117,12168000000.0,6540000000.0,18002000000.0,0.635,10.356,15.11,15.067,83414000000.0,0.0,51.98,1.657,1.658,14832000000.0,12918000000.0,30937000000.0,30937000000.0,0.0,,,,,0.0,8226000000.0,1.0,4076301833.0,4079000000,4086000000.0,7.584,118429000000.0,0.0,1829000000.0,44617000000.0,29.034,-4677000000.0
20,VZ,MRQ,2016-06-30,2016-06-30,2016-06-30,2021-08-25,2847000000.0,231870000000.0,,20844000000.0,211026000000.0,,4.718,-3886000000.0,2857000000.0,2857000000.0,12221000000.0,831000000.0,0.606,10.971,99725000000.0,6803000000.0,92922000000.0,99725000000.0,0.0,3982000000.0,0.0,0.04,0.565,2579000000.0,6561000000.0,0.215,6561000000.0,2579000000.0,1566000000.0,0.17,0.17,0.17,19244000000.0,,19244000000.0,331653924991.0,12.0,7.619,1525000000.0,0.374,1.0,18311000000.0,0.6,119797000000.0,1013000000.0,174533000000.0,,931000000.0,822000000.0,0.0,822000000.0,211126000000.0,34408000000.0,176718000000.0,227619924991.0,-2989000000.0,9865000000.0,0.0,-10274000000.0,-2303000000.0,-14489000000.0,6089000000.0,0.0,5411000000.0,0.0,702000000.0,702000000.0,702000000.0,0.0,129000000.0,0.023,13757000000.0,4554000000.0,19090000000.0,3.324,11.828,15.762,15.73,83172000000.0,0.0,55.84,1.749,1.751,13294000000.0,11652000000.0,30532000000.0,30532000000.0,0.0,,,,,0.0,9775000000.0,1.0,4076288055.0,4079000000,4085000000.0,7.485,112073000000.0,0.0,864000000.0,43825000000.0,27.476,-13564000000.0
21,VZ,MRQ,2016-03-31,2016-03-31,2016-03-31,2021-08-25,459000000.0,244587000000.0,,23615000000.0,220972000000.0,,4.569,-3387000000.0,5846000000.0,5846000000.0,12612000000.0,4430000000.0,0.709,12.042,109880000000.0,6265000000.0,103615000000.0,109880000000.0,0.0,4017000000.0,0.0,0.041,0.565,7834000000.0,11851000000.0,0.368,11851000000.0,7834000000.0,6646000000.0,1.06,1.06,1.06,18641000000.0,,18641000000.0,326037318522.0,10.0,6.7,4110000000.0,1.007,1.0,19559000000.0,0.608,120410000000.0,1188000000.0,194899000000.0,,1142000000.0,821000000.0,0.0,821000000.0,224484000000.0,33312000000.0,191172000000.0,220313318522.0,1376000000.0,-161000000.0,0.0,-416000000.0,-2302000000.0,-2685000000.0,-3436000000.0,0.0,7497000000.0,0.0,4310000000.0,4310000000.0,4310000000.0,0.0,120000000.0,0.134,11617000000.0,7942000000.0,18118000000.0,0.533,11.819,12.26,12.235,83011000000.0,0.0,54.08,1.671,1.674,12485000000.0,13253000000.0,32171000000.0,32171000000.0,0.0,,,,,0.0,7600000000.0,1.0,4073840949.0,4080000000,4085000000.0,7.885,124177000000.0,0.0,2336000000.0,45568000000.0,30.436,-9697000000.0
22,VZ,MRQ,2015-12-31,2015-12-31,2015-12-31,2021-08-25,550000000.0,244175000000.0,,22355000000.0,221820000000.0,,4.033,-5235000000.0,4470000000.0,4470000000.0,14707000000.0,5513000000.0,0.638,13.777,109729000000.0,6489000000.0,103240000000.0,109729000000.0,0.0,4039000000.0,0.0,0.06,0.565,9634000000.0,13673000000.0,0.399,13673000000.0,9634000000.0,8456000000.0,1.33,1.32,1.33,16428000000.0,,16428000000.0,296512316392.0,9.0,6.091,5366000000.0,1.317,1.0,19547000000.0,0.571,119498000000.0,1178000000.0,194884000000.0,,1252000000.0,1146000000.0,350000000.0,796000000.0,226333000000.0,35052000000.0,191281000000.0,188063316392.0,595000000.0,-292000000.0,-31000000.0,-2041000000.0,-2165000000.0,-4559000000.0,-5447000000.0,0.0,10601000000.0,0.0,5391000000.0,5391000000.0,5391000000.0,0.0,122000000.0,0.157,9803000000.0,9744000000.0,19362000000.0,0.425,11.448,10.519,10.553,83541000000.0,0.0,46.22,1.429,1.434,13457000000.0,11246000000.0,34254000000.0,34254000000.0,0.0,,,,,0.0,5764000000.0,1.0,4068873137.0,4073000000,4087000000.0,8.41,124677000000.0,0.0,3065000000.0,45484000000.0,30.611,-12697000000.0
23,VZ,MRQ,2015-09-30,2015-09-30,2015-09-30,2021-08-25,600000000.0,242073000000.0,,21768000000.0,220305000000.0,,3.226,-4387000000.0,3875000000.0,3875000000.0,13305000000.0,4171000000.0,0.631,17.319,112324000000.0,7264000000.0,105060000000.0,112324000000.0,0.0,4009000000.0,0.0,0.063,0.55,7435000000.0,11444000000.0,0.345,11444000000.0,7435000000.0,6233000000.0,0.99,0.99,0.99,13138000000.0,,13138000000.0,287561235773.0,14.0,7.902,5133000000.0,1.261,1.0,19853000000.0,0.599,119777000000.0,1202000000.0,196253000000.0,,1319000000.0,1085000000.0,306000000.0,779000000.0,227531000000.0,34492000000.0,193039000000.0,176898235773.0,867000000.0,20000000.0,-29000000.0,-1570000000.0,-2107000000.0,-4228000000.0,-4425000000.0,0.0,9520000000.0,0.0,4038000000.0,4038000000.0,4038000000.0,0.0,133000000.0,0.122,12318000000.0,7535000000.0,17721000000.0,0.556,13.465,17.247,17.759,82562000000.0,0.0,43.51,1.355,1.357,13105000000.0,8156000000.0,33158000000.0,33158000000.0,0.0,,,,,0.0,8309000000.0,1.0,4065691468.0,4072000000,4078000000.0,8.143,122296000000.0,0.0,2195000000.0,42896000000.0,30.033,-12724000000.0
24,VZ,MRQ,2015-06-30,2015-06-30,2015-06-30,2021-08-25,821000000.0,240753000000.0,,21502000000.0,219251000000.0,,2.798,-4488000000.0,3008000000.0,3008000000.0,12449000000.0,4353000000.0,0.702,19.963,113671000000.0,4206000000.0,109465000000.0,113671000000.0,0.0,3980000000.0,0.0,0.059,0.55,7713000000.0,11693000000.0,0.363,11693000000.0,7713000000.0,6505000000.0,1.04,1.04,1.04,11415000000.0,,11415000000.0,299100282566.0,15.0,8.325,4249000000.0,1.042,1.0,19775000000.0,0.614,119733000000.0,1208000000.0,201038000000.0,,1149000000.0,1103000000.0,309000000.0,794000000.0,227879000000.0,30645000000.0,197234000000.0,190098282566.0,-1378000000.0,-3223000000.0,-74000000.0,-809000000.0,-2113000000.0,-3120000000.0,-6995000000.0,0.0,8737000000.0,0.0,4231000000.0,4231000000.0,4231000000.0,0.0,122000000.0,0.131,11954000000.0,7821000000.0,16953000000.0,0.529,16.653,19.175,19.834,82532000000.0,0.0,46.61,1.474,1.474,13444000000.0,6418000000.0,32224000000.0,32224000000.0,0.0,,,,,0.0,7974000000.0,1.0,4078487075.0,4079000000,4085000000.0,7.9,121020000000.0,0.0,2274000000.0,42945000000.0,29.669,-9143000000.0
25,VZ,MRQ,2015-03-31,2015-03-31,2015-03-31,2021-08-25,916000000.0,235790000000.0,,22836000000.0,212954000000.0,,2.269,-3665000000.0,4386000000.0,4386000000.0,12096000000.0,4338000000.0,0.795,24.096,113388000000.0,4439000000.0,108949000000.0,113388000000.0,0.0,3989000000.0,0.0,0.056,1.1,7882000000.0,11871000000.0,0.371,11871000000.0,7882000000.0,6550000000.0,1.03,1.02,1.03,9339000000.0,,9339000000.0,304750501155.0,16.0,8.467,6504000000.0,1.58,1.0,19888000000.0,0.622,104775000000.0,1332000000.0,211304000000.0,,1076000000.0,1309000000.0,547000000.0,762000000.0,225031000000.0,28713000000.0,196318000000.0,202077501155.0,-6212000000.0,-2000000.0,-5000000000.0,1403000000.0,-2153000000.0,-3205000000.0,-13176000000.0,0.0,10169000000.0,0.0,4219000000.0,4219000000.0,4219000000.0,0.0,119000000.0,0.132,11928000000.0,7960000000.0,15189000000.0,1.068,21.638,20.418,20.871,81642000000.0,0.0,48.63,1.576,1.561,12698000000.0,4422000000.0,31984000000.0,31984000000.0,0.0,,,,,0.0,7939000000.0,1.0,4155408208.0,4116000000,4121000000.0,7.771,131015000000.0,0.0,2331000000.0,42330000000.0,31.831,-5877000000.0
26,VZ,MRQ,2014-12-31,2014-12-31,2014-12-31,2021-08-25,1111000000.0,232616000000.0,,29499000000.0,203117000000.0,,2.956,-4567000000.0,10598000000.0,10598000000.0,14403000000.0,-2148000000.0,1.054,17.803,113271000000.0,2735000000.0,110536000000.0,113271000000.0,0.0,4068000000.0,0.0,0.046,0.55,-2687000000.0,1381000000.0,0.042,1381000000.0,-2687000000.0,-3969000000.0,-0.61,-0.61,-0.61,12298000000.0,,12298000000.0,296136074967.0,17.0,8.612,2907000000.0,0.699,1.0,18789000000.0,0.566,105708000000.0,1282000000.0,201594000000.0,,1153000000.0,1357000000.0,555000000.0,802000000.0,218940000000.0,27987000000.0,190953000000.0,194124074967.0,3380000000.0,-2000000.0,0.0,4268000000.0,-2150000000.0,1332000000.0,-5426000000.0,0.0,7474000000.0,0.0,-2231000000.0,-2231000000.0,-2231000000.0,0.0,83000000.0,-0.067,20925000000.0,-2136000000.0,16680000000.0,-0.902,15.785,20.169,19.331,89947000000.0,0.0,46.78,1.528,1.463,13993000000.0,2447000000.0,33192000000.0,33192000000.0,0.0,,,,,0.0,16857000000.0,1.0,4149723706.0,4160000000,4167000000.0,7.979,126908000000.0,0.0,-1738000000.0,41563000000.0,30.507,1512000000.0
27,VZ,MRQ,2014-09-30,2014-09-30,2014-09-30,2021-08-25,1175000000.0,226293000000.0,,24773000000.0,201520000000.0,,3.993,-4130000000.0,7218000000.0,7218000000.0,12252000000.0,3794000000.0,0.921,12.567,109230000000.0,1603000000.0,107627000000.0,109230000000.0,0.0,4167000000.0,0.0,0.042,0.53,6814000000.0,10981000000.0,0.348,10981000000.0,6814000000.0,5559000000.0,0.89,0.89,0.89,16577000000.0,,16577000000.0,311423154329.0,11.0,6.746,4223000000.0,1.017,1.0,19334000000.0,0.612,105658000000.0,1255000000.0,195758000000.0,,1206000000.0,1453000000.0,635000000.0,818000000.0,208325000000.0,26889000000.0,181436000000.0,207220154329.0,1442000000.0,119000000.0,0.0,-652000000.0,-2070000000.0,-2827000000.0,-4084000000.0,0.0,8353000000.0,0.0,3695000000.0,3695000000.0,3695000000.0,0.0,99000000.0,0.117,12444000000.0,6890000000.0,17055000000.0,0.596,12.5,12.245,10.35,89932000000.0,0.0,49.99,1.658,1.661,13283000000.0,6964000000.0,31586000000.0,31586000000.0,0.0,,,,,0.0,8277000000.0,1.0,4145232133.0,4152000000,4159000000.0,7.607,120635000000.0,0.0,1864000000.0,42289000000.0,29.055,-2116000000.0
28,VZ,MRQ,2014-06-30,2014-06-30,2014-06-30,2021-08-25,1188000000.0,224427000000.0,,22887000000.0,201540000000.0,,3.593,-4344000000.0,5776000000.0,5776000000.0,12087000000.0,4324000000.0,0.864,13.987,109979000000.0,2283000000.0,107696000000.0,109979000000.0,0.0,4161000000.0,0.0,0.043,0.53,7598000000.0,11759000000.0,0.374,11759000000.0,7598000000.0,6434000000.0,1.02,1.01,1.02,14901000000.0,,14901000000.0,309488419396.0,12.0,7.172,3321000000.0,0.801,1.0,19396000000.0,0.616,105714000000.0,1164000000.0,196423000000.0,,1073000000.0,1500000000.0,648000000.0,852000000.0,208415000000.0,26493000000.0,181922000000.0,202626419396.0,2869000000.0,-22000000.0,0.0,-46000000.0,-2066000000.0,-2981000000.0,-1815000000.0,0.0,7665000000.0,0.0,4214000000.0,4214000000.0,4214000000.0,0.0,110000000.0,0.134,11711000000.0,7685000000.0,16521000000.0,0.52,13.598,13.106,10.367,89712000000.0,0.0,48.93,1.639,1.641,12966000000.0,5551000000.0,31483000000.0,31483000000.0,0.0,,,,,0.0,7550000000.0,1.0,4141148976.0,4147000000,4153000000.0,7.592,118713000000.0,0.0,2220000000.0,42027000000.0,28.626,-3606000000.0
29,VZ,MRQ,2014-03-31,2014-03-31,2014-03-31,2021-08-25,1290000000.0,221562000000.0,,23272000000.0,198290000000.0,,3.711,-4150000000.0,2907000000.0,2907000000.0,11189000000.0,5986000000.0,0.918,16.341,109769000000.0,2152000000.0,107617000000.0,109769000000.0,0.0,4137000000.0,0.0,0.044,0.53,6129000000.0,10266000000.0,0.333,10266000000.0,6129000000.0,4915000000.0,1.15,1.15,1.15,12711000000.0,,12711000000.0,237057065430.0,10.0,6.033,2989000000.0,0.873,1.0,19629000000.0,0.637,103199000000.0,1214000000.0,199872000000.0,,881000000.0,1526000000.0,637000000.0,889000000.0,207711000000.0,25353000000.0,182358000000.0,196994065430.0,-50621000000.0,-157000000.0,34000000.0,9253000000.0,-1517000000.0,-53229000000.0,-4531000000.0,0.0,7139000000.0,0.0,3947000000.0,3947000000.0,3947000000.0,0.0,2039000000.0,0.128,12469000000.0,7160000000.0,14984000000.0,0.461,15.498,14.601,10.618,89056000000.0,0.0,47.57,1.615,1.336,12131000000.0,3534000000.0,30818000000.0,30818000000.0,0.0,,,,,0.0,8332000000.0,1.0,4141140749.0,3425000000,3430000000.0,8.998,118363000000.0,0.0,968000000.0,41597000000.0,34.559,-2081000000.0
30,VZ,MRQ,2013-12-31,2013-12-31,2013-12-31,2021-08-25,2358000000.0,274098000000.0,,70994000000.0,203104000000.0,,13.551,-4797000000.0,53528000000.0,53528000000.0,11962000000.0,7916000000.0,2.625,4.601,93591000000.0,3933000000.0,89658000000.0,93591000000.0,0.0,4183000000.0,0.0,0.042,0.53,8972000000.0,13155000000.0,0.423,13155000000.0,8972000000.0,7911000000.0,1.77,1.76,1.77,38836000000.0,,38836000000.0,183056432445.0,9.0,5.015,5634000000.0,1.966,1.0,19103000000.0,0.615,106181000000.0,1061000000.0,180930000000.0,,1020000000.0,4033000000.0,601000000.0,3432000000.0,178682000000.0,27050000000.0,151632000000.0,140626432445.0,-3182000000.0,-413000000.0,9000000.0,-5589000000.0,-1516000000.0,-8803000000.0,-4810000000.0,0.0,10431000000.0,0.0,5067000000.0,5067000000.0,5067000000.0,0.0,2849000000.0,0.163,7040000000.0,12063000000.0,16453000000.0,0.299,3.621,12.232,12.254,88956000000.0,0.0,49.14,1.167,1.168,12439000000.0,1782000000.0,31065000000.0,31065000000.0,0.0,,,,,0.0,2857000000.0,1.0,2861750762.0,2866000000,2874000000.0,10.839,167917000000.0,0.0,2844000000.0,28639000000.0,58.589,43944000000.0
31,VZ,MRQ,2013-09-30,2013-09-30,2013-09-30,2021-08-25,2118000000.0,276675000000.0,,73705000000.0,202970000000.0,,12.207,-4191000000.0,56710000000.0,56710000000.0,10960000000.0,5578000000.0,2.433,5.328,99140000000.0,8202000000.0,90938000000.0,99140000000.0,0.0,4154000000.0,0.0,0.044,0.515,3821000000.0,7975000000.0,0.263,7975000000.0,3821000000.0,3266000000.0,0.78,0.78,0.78,34985000000.0,,34985000000.0,181531338905.0,41.0,8.637,7048000000.0,2.459,1.0,19319000000.0,0.638,106574000000.0,555000000.0,182240000000.0,,1193000000.0,4054000000.0,631000000.0,3423000000.0,186410000000.0,30291000000.0,156119000000.0,133567338905.0,54922000000.0,-5000000.0,2000000.0,48713000000.0,-1474000000.0,45871000000.0,-2188000000.0,0.0,11239000000.0,0.0,2232000000.0,2232000000.0,2232000000.0,0.0,3346000000.0,0.074,12191000000.0,7128000000.0,15622000000.0,0.66,3.818,60.685,61.414,88527000000.0,0.0,46.675,1.117,1.119,12111000000.0,-1768000000.0,30279000000.0,30279000000.0,0.0,,,,,0.0,8037000000.0,1.0,2861646254.0,2866000000,2874000000.0,10.565,170101000000.0,0.0,1034000000.0,25821000000.0,59.351,43414000000.0
32,VZ,MRQ,2013-06-30,2013-06-30,2013-06-30,2021-08-25,1994000000.0,223346000000.0,,21957000000.0,201389000000.0,,11.889,-4014000000.0,1788000000.0,1788000000.0,11033000000.0,5198000000.0,0.752,3.998,49752000000.0,7961000000.0,41791000000.0,49752000000.0,0.0,4151000000.0,0.0,0.041,0.515,3748000000.0,7899000000.0,0.265,7899000000.0,3748000000.0,3234000000.0,0.78,0.78,0.78,34061000000.0,,34061000000.0,191434650621.0,55.0,9.54,5603000000.0,1.956,1.0,18753000000.0,0.63,105937000000.0,514000000.0,136182000000.0,,1040000000.0,3937000000.0,618000000.0,3319000000.0,136190000000.0,29191000000.0,106999000000.0,144028650621.0,-3687000000.0,-55000000.0,18000000.0,-3271000000.0,-1474000000.0,-9068000000.0,-4236000000.0,0.0,9617000000.0,0.0,2246000000.0,2246000000.0,2246000000.0,0.0,2952000000.0,0.075,12198000000.0,6555000000.0,14671000000.0,0.66,4.229,92.208,93.222,88332000000.0,0.0,50.34,1.218,1.22,12216000000.0,-2483000000.0,29786000000.0,29786000000.0,0.0,,,,,0.0,8047000000.0,1.0,2861117414.0,2865000000,2872000000.0,10.397,117409000000.0,0.0,988000000.0,25696000000.0,40.98,-7234000000.0
33,VZ,MRQ,2013-03-31,2013-03-31,2013-03-31,2021-08-25,2056000000.0,226186000000.0,,25258000000.0,200928000000.0,,11.622,-3602000000.0,5475000000.0,5475000000.0,10932000000.0,4855000000.0,0.802,4.161,52881000000.0,10888000000.0,41993000000.0,52881000000.0,0.0,4118000000.0,0.0,0.041,0.515,3353000000.0,7471000000.0,0.254,7471000000.0,3353000000.0,2816000000.0,0.68,0.68,0.68,33310000000.0,,33310000000.0,189378236746.0,62.0,9.666,3929000000.0,1.371,1.0,18488000000.0,0.628,105604000000.0,537000000.0,136499000000.0,,798000000.0,3981000000.0,660000000.0,3321000000.0,138598000000.0,31489000000.0,107109000000.0,140484236746.0,2382000000.0,-21000000.0,-97000000.0,1008000000.0,-1472000000.0,-1550000000.0,-3599000000.0,0.0,7531000000.0,0.0,1952000000.0,1952000000.0,1952000000.0,0.0,2903000000.0,0.066,12266000000.0,6222000000.0,14030000000.0,0.757,4.217,123.124,122.875,88181000000.0,0.0,49.15,1.2,1.204,11814000000.0,-3255000000.0,29420000000.0,29420000000.0,0.0,,,,,0.0,8148000000.0,1.0,2858275417.0,2866000000,2872000000.0,10.265,120582000000.0,0.0,864000000.0,24993000000.0,42.073,-6231000000.0
34,VZ,MRQ,2012-12-31,2012-12-31,2012-12-31,2021-08-25,2235000000.0,225222000000.0,,21235000000.0,203987000000.0,,11.585,-4860000000.0,3093000000.0,3093000000.0,13069000000.0,-1926000000.0,0.788,4.213,51987000000.0,4369000000.0,47618000000.0,51987000000.0,0.0,4137000000.0,0.0,0.047,0.515,-6464000000.0,-2327000000.0,-0.077,-2327000000.0,-6464000000.0,-7039000000.0,-1.48,-1.48,-1.48,33157000000.0,,33157000000.0,166577107280.0,60.0,8.655,1868000000.0,0.653,1.0,16976000000.0,0.565,107816000000.0,575000000.0,139344000000.0,,1075000000.0,3871000000.0,470000000.0,3401000000.0,139689000000.0,26956000000.0,112733000000.0,123489107280.0,-6621000000.0,-75000000.0,37000000.0,-848000000.0,-1343000000.0,-8272000000.0,-5077000000.0,-28000000.0,6728000000.0,0.0,-4229000000.0,-4229000000.0,-4229000000.0,0.0,2303000000.0,-0.141,20145000000.0,-3169000000.0,16182000000.0,-0.348,3.724,141.13,139.581,88642000000.0,0.0,43.27,1.066,1.066,12576000000.0,-3734000000.0,30045000000.0,30045000000.0,0.0,,,,,0.0,16008000000.0,1.0,2853919743.0,2862000000,2871000000.0,10.498,117406000000.0,0.0,-2810000000.0,24677000000.0,41.022,-5721000000.0
35,VZ,MRQ,2012-09-30,2012-09-30,2012-09-30,2021-08-25,1257000000.0,231082000000.0,,27663000000.0,203419000000.0,,13.176,-3885000000.0,9714000000.0,9714000000.0,10991000000.0,4292000000.0,0.962,3.678,52802000000.0,6335000000.0,46467000000.0,52802000000.0,0.0,4167000000.0,0.0,0.044,0.5,2856000000.0,7023000000.0,0.242,7023000000.0,2856000000.0,2224000000.0,0.56,0.56,0.56,37645000000.0,,37645000000.0,172213319194.0,27.0,7.539,5602000000.0,1.961,1.0,18016000000.0,0.621,107469000000.0,632000000.0,137931000000.0,,1223000000.0,4218000000.0,593000000.0,3625000000.0,138454000000.0,28770000000.0,109684000000.0,129823319194.0,-287000000.0,-635000000.0,68000000.0,275000000.0,-1300000000.0,-1933000000.0,-7841000000.0,7000000.0,9487000000.0,0.0,1593000000.0,1593000000.0,1593000000.0,0.0,2699000000.0,0.055,12533000000.0,5483000000.0,16003000000.0,0.893,3.449,42.137,42.194,87810000000.0,0.0,45.57,1.136,1.14,12030000000.0,1968000000.0,29007000000.0,29007000000.0,0.0,,,,,0.0,8366000000.0,1.0,2848876875.0,2857000000,2866000000.0,10.153,123613000000.0,0.0,631000000.0,26474000000.0,43.267,-1107000000.0
36,VZ,MRQ,2012-06-30,2012-06-30,2012-06-30,2021-08-25,1147000000.0,226072000000.0,,27130000000.0,198942000000.0,,13.04,-3865000000.0,10001000000.0,10001000000.0,10896000000.0,4285000000.0,1.029,3.651,52391000000.0,5912000000.0,46479000000.0,52391000000.0,0.0,4128000000.0,0.0,0.045,0.5,3297000000.0,7425000000.0,0.26,7425000000.0,3297000000.0,2618000000.0,0.64,0.64,0.64,37150000000.0,,37150000000.0,171943489011.0,28.0,7.597,5449000000.0,1.913,1.0,17656000000.0,0.618,102507000000.0,679000000.0,139602000000.0,,856000000.0,4316000000.0,777000000.0,3539000000.0,135644000000.0,26353000000.0,109291000000.0,126255489011.0,4092000000.0,-63000000.0,141000000.0,784000000.0,-1296000000.0,-1311000000.0,-3911000000.0,5000000.0,9314000000.0,0.0,1825000000.0,1825000000.0,1825000000.0,0.0,2460000000.0,0.064,12005000000.0,5651000000.0,13973000000.0,0.781,3.399,44.037,44.0,87895000000.0,0.0,44.44,1.116,1.119,11595000000.0,1845000000.0,28552000000.0,28552000000.0,0.0,,,,,0.0,7877000000.0,1.0,2841032606.0,2849000000,2858000000.0,10.022,123565000000.0,0.0,793000000.0,25649000000.0,43.371,777000000.0
37,VZ,MRQ,2012-03-31,2012-03-31,2012-03-31,2021-08-25,1398000000.0,222921000000.0,,23512000000.0,199409000000.0,,12.903,-3565000000.0,5909000000.0,5909000000.0,11319000000.0,3906000000.0,1.026,3.668,51597000000.0,3121000000.0,48476000000.0,51597000000.0,0.0,4028000000.0,0.0,0.052,0.5,3097000000.0,7125000000.0,0.252,7125000000.0,3097000000.0,2412000000.0,0.59,0.59,0.59,36671000000.0,,36671000000.0,150192088522.0,26.0,6.721,2392000000.0,0.842,1.0,16923000000.0,0.599,102503000000.0,685000000.0,143193000000.0,,1063000000.0,4189000000.0,623000000.0,3566000000.0,134500000000.0,22913000000.0,111587000000.0,108402088522.0,-7453000000.0,-140000000.0,69000000.0,-3562000000.0,-1291000000.0,-9737000000.0,-3673000000.0,16000000.0,5957000000.0,0.0,1686000000.0,1686000000.0,1686000000.0,0.0,2220000000.0,0.06,11728000000.0,5195000000.0,13231000000.0,0.847,2.956,40.891,40.67,88186000000.0,0.0,38.23,0.967,0.969,11234000000.0,1444000000.0,28242000000.0,28242000000.0,0.0,,,,,0.0,7700000000.0,1.0,2835524157.0,2842000000,2849000000.0,9.937,120418000000.0,0.0,726000000.0,25610000000.0,42.371,599000000.0
38,VZ,MRQ,2011-12-31,2011-12-31,2011-12-31,2021-08-25,1269000000.0,230461000000.0,,30939000000.0,199522000000.0,,12.683,-3698000000.0,13362000000.0,13362000000.0,12090000000.0,-212000000.0,1.006,4.019,55152000000.0,4849000000.0,50303000000.0,55152000000.0,0.0,4180000000.0,0.0,0.049,0.5,-2910000000.0,1270000000.0,0.045,1270000000.0,-2910000000.0,-3613000000.0,-0.71,-0.71,-0.71,35970000000.0,,35970000000.0,158174357119.0,29.0,7.186,4570000000.0,1.611,1.0,16346000000.0,0.575,102485000000.0,703000000.0,139005000000.0,,940000000.0,4040000000.0,592000000.0,3448000000.0,144553000000.0,30761000000.0,113792000000.0,113583357119.0,3038000000.0,-119000000.0,102000000.0,276000000.0,-1416000000.0,-1392000000.0,-3838000000.0,-8000000.0,8268000000.0,0.0,-2023000000.0,-2023000000.0,-2023000000.0,0.0,1811000000.0,-0.071,17458000000.0,-1112000000.0,14689000000.0,-0.704,3.158,47.248,47.2,88434000000.0,0.0,40.12,1.024,1.025,11776000000.0,1179000000.0,28436000000.0,28436000000.0,0.0,,,,,0.0,13278000000.0,1.0,2831090656.0,2836000000,2842000000.0,10.027,127976000000.0,0.0,-1590000000.0,25060000000.0,45.126,178000000.0
39,VZ,MRQ,2011-09-30,2011-09-30,2011-09-30,2021-08-25,1037000000.0,228032000000.0,,27770000000.0,200262000000.0,,13.779,-3628000000.0,10324000000.0,10324000000.0,11398000000.0,3542000000.0,0.802,3.598,54915000000.0,8630000000.0,46285000000.0,54915000000.0,0.0,4179000000.0,0.0,0.053,0.487,2633000000.0,6812000000.0,0.244,6812000000.0,2633000000.0,1935000000.0,0.49,0.49,0.49,39051000000.0,,39051000000.0,151907376016.0,12.0,5.17,5092000000.0,1.797,1.0,16515000000.0,0.592,102659000000.0,698000000.0,135328000000.0,,1153000000.0,3995000000.0,534000000.0,3461000000.0,140517000000.0,34636000000.0,105881000000.0,104165376016.0,4084000000.0,-10000000.0,17000000.0,811000000.0,-1380000000.0,-1096000000.0,-3540000000.0,-4000000.0,8720000000.0,0.0,1379000000.0,1379000000.0,1379000000.0,0.0,2163000000.0,0.049,11868000000.0,4647000000.0,14486000000.0,0.994,2.667,14.742,14.72,88843000000.0,0.0,36.8,0.957,0.958,11648000000.0,4619000000.0,27913000000.0,27913000000.0,0.0,,,,,0.0,7689000000.0,1.0,2830580870.0,2834000000,2839000000.0,9.849,125373000000.0,0.0,556000000.0,26412000000.0,44.239,-6866000000.0
40,VZ,MRQ,2011-06-30,2011-06-30,2011-06-30,2021-08-25,1354000000.0,223756000000.0,,22472000000.0,201284000000.0,,13.894,-4555000000.0,6240000000.0,6240000000.0,11158000000.0,3604000000.0,0.821,3.381,53982000000.0,6055000000.0,47927000000.0,53982000000.0,0.0,4113000000.0,0.0,0.052,0.487,3028000000.0,7141000000.0,0.259,7141000000.0,3028000000.0,2311000000.0,0.57,0.57,0.57,39348000000.0,,39348000000.0,152516582354.0,13.0,5.442,3202000000.0,1.131,1.0,16378000000.0,0.595,102576000000.0,717000000.0,141548000000.0,,1270000000.0,4496000000.0,588000000.0,3908000000.0,133044000000.0,27374000000.0,105670000000.0,105326582354.0,-7767000000.0,-1564000000.0,52000000.0,-8176000000.0,-1380000000.0,-10027000000.0,-5497000000.0,23000000.0,7757000000.0,0.0,1609000000.0,1609000000.0,1609000000.0,0.0,1995000000.0,0.058,11486000000.0,4892000000.0,14238000000.0,0.854,2.677,16.597,16.621,89397000000.0,0.0,37.23,0.981,0.982,11483000000.0,4656000000.0,27536000000.0,27536000000.0,0.0,,,,,0.0,7373000000.0,1.0,2829078226.0,2832000000,2838000000.0,9.723,121180000000.0,0.0,702000000.0,24603000000.0,42.79,-4902000000.0
41,VZ,MRQ,2011-03-31,2011-03-31,2011-03-31,2021-08-25,1293000000.0,228108000000.0,,29923000000.0,198185000000.0,,13.777,-4363000000.0,14007000000.0,14007000000.0,11229000000.0,3264000000.0,0.914,3.571,61197000000.0,11823000000.0,49374000000.0,61197000000.0,0.0,4024000000.0,0.0,0.05,0.487,2765000000.0,6789000000.0,0.252,6789000000.0,2765000000.0,2056000000.0,0.51,0.51,0.51,38988000000.0,,38988000000.0,155119906943.0,21.0,6.5,672000000.0,0.237,1.0,15761000000.0,0.584,100697000000.0,709000000.0,141854000000.0,,1245000000.0,4455000000.0,723000000.0,3732000000.0,139244000000.0,32747000000.0,106497000000.0,108993906943.0,7339000000.0,-104000000.0,70000000.0,8272000000.0,-1379000000.0,6679000000.0,-4375000000.0,24000000.0,5035000000.0,0.0,1439000000.0,1439000000.0,1439000000.0,0.0,1825000000.0,0.053,11308000000.0,4453000000.0,13810000000.0,0.955,2.796,30.746,30.832,88245000000.0,0.0,38.54,1.022,1.023,11028000000.0,4427000000.0,26990000000.0,26990000000.0,0.0,,,,,0.0,7284000000.0,1.0,2828072313.0,2830000000,2834000000.0,9.537,127411000000.0,0.0,617000000.0,23578000000.0,45.022,-2824000000.0
42,VZ,MRQ,2010-12-31,2010-12-31,2010-12-31,2021-08-25,1049000000.0,220005000000.0,,22348000000.0,197657000000.0,,13.629,-4714000000.0,6668000000.0,6668000000.0,10610000000.0,4648000000.0,0.73,3.451,52794000000.0,7542000000.0,45252000000.0,52794000000.0,0.0,4083000000.0,0.0,0.053,0.487,4558000000.0,8641000000.0,0.327,8641000000.0,4558000000.0,3991000000.0,0.93,0.93,0.93,38569000000.0,,38569000000.0,148918282537.0,20.0,6.219,3535000000.0,1.249,1.0,15785000000.0,0.598,100814000000.0,567000000.0,134720000000.0,,1131000000.0,4042000000.0,545000000.0,3497000000.0,133093000000.0,30597000000.0,102496000000.0,101142282537.0,1274000000.0,375000000.0,0.0,-195000000.0,-1378000000.0,-1981000000.0,-4994000000.0,31000000.0,8249000000.0,0.0,2639000000.0,2639000000.0,2639000000.0,0.0,2009000000.0,0.1,9374000000.0,6411000000.0,15702000000.0,0.524,2.622,39.679,39.756,87711000000.0,0.0,35.78,0.949,0.95,11781000000.0,4368000000.0,26395000000.0,26395000000.0,0.0,,,,,0.0,5291000000.0,1.0,2826782631.0,2830000000,2842000000.0,9.327,119191000000.0,0.0,1352000000.0,22818000000.0,42.117,-8249000000.0
43,VZ,MRQ,2010-09-30,2010-09-30,2010-09-30,2021-08-25,-9835000000.0,220852000000.0,,21341000000.0,199511000000.0,,13.403,-4125000000.0,5394000000.0,5394000000.0,10671000000.0,2698000000.0,0.742,3.593,53170000000.0,5810000000.0,47360000000.0,53170000000.0,0.0,4023000000.0,0.0,0.058,0.475,1434000000.0,5457000000.0,0.206,5457000000.0,1434000000.0,837000000.0,0.23,0.23,0.23,37917000000.0,,37917000000.0,144830511645.0,34.0,6.957,4182000000.0,1.478,1.0,15813000000.0,0.597,100567000000.0,597000000.0,139294000000.0,,1010000000.0,4413000000.0,581000000.0,3832000000.0,136228000000.0,28767000000.0,107461000000.0,92123511645.0,633000000.0,-489000000.0,0.0,-4347000000.0,-1344000000.0,-3157000000.0,-4517000000.0,-17000000.0,8307000000.0,0.0,659000000.0,659000000.0,659000000.0,0.0,2039000000.0,0.025,12430000000.0,3383000000.0,16092000000.0,2.065,2.43,184.247,181.056,87430000000.0,0.0,32.59,0.859,0.86,11973000000.0,14621000000.0,26484000000.0,26484000000.0,0.0,,,,,0.0,8407000000.0,1.0,2826741689.0,2829000000,2830000000.0,9.362,120285000000.0,0.0,178000000.0,21772000000.0,42.519,-7426000000.0
44,VZ,MRQ,2010-06-30,2010-06-30,2010-06-30,2021-08-25,-11140000000.0,226251000000.0,,21061000000.0,205190000000.0,,13.885,-4196000000.0,4761000000.0,4761000000.0,12216000000.0,553000000.0,0.662,3.612,57468000000.0,7874000000.0,49594000000.0,57468000000.0,0.0,4177000000.0,0.0,0.067,0.475,-1198000000.0,2979000000.0,0.111,2979000000.0,-1198000000.0,-1877000000.0,-0.42,-0.42,-0.42,39254000000.0,,39254000000.0,137721042913.0,26.0,6.264,5527000000.0,1.955,1.0,14557000000.0,0.544,101226000000.0,679000000.0,145898000000.0,,985000000.0,4261000000.0,464000000.0,3797000000.0,141778000000.0,31834000000.0,109944000000.0,79205042913.0,1724000000.0,2330000000.0,0.0,-4075000000.0,-1343000000.0,-6079000000.0,-1920000000.0,23000000.0,9723000000.0,0.0,-1192000000.0,-1192000000.0,-1192000000.0,0.0,1745000000.0,-0.045,14147000000.0,410000000.0,16905000000.0,-1.131,2.018,77.881,77.833,92101000000.0,0.0,28.02,0.733,0.733,12058000000.0,15117000000.0,26773000000.0,26773000000.0,0.0,,,,,0.0,9970000000.0,1.0,2826732438.0,2827000000,2827000000.0,9.47,125025000000.0,0.0,-685000000.0,21324000000.0,44.225,-10773000000.0
45,VZ,MRQ,2010-03-31,2010-03-31,2010-03-31,2021-08-25,-11442000000.0,227347000000.0,,22405000000.0,204942000000.0,,14.267,-3423000000.0,3037000000.0,3037000000.0,10652000000.0,2318000000.0,0.798,3.527,61553000000.0,7129000000.0,54424000000.0,61553000000.0,0.0,4122000000.0,0.0,0.06,0.475,2745000000.0,6867000000.0,0.255,6867000000.0,2745000000.0,2065000000.0,0.16,0.16,0.16,40462000000.0,,40462000000.0,148211248779.0,16.0,5.705,3661000000.0,1.291,1.0,16261000000.0,0.604,101238000000.0,680000000.0,156562000000.0,,1113000000.0,4205000000.0,520000000.0,3685000000.0,142695000000.0,28063000000.0,114632000000.0,87964248779.0,1028000000.0,-274000000.0,0.0,-616000000.0,-1347000000.0,-2433000000.0,-3623000000.0,-40000000.0,7084000000.0,0.0,443000000.0,443000000.0,443000000.0,0.0,1875000000.0,0.016,11820000000.0,4441000000.0,14569000000.0,2.969,2.174,23.826,23.862,91834000000.0,0.0,31.02,0.814,0.814,11969000000.0,16658000000.0,26913000000.0,26913000000.0,0.0,,,,,0.0,7698000000.0,1.0,2835726911.0,2836000000,2837000000.0,9.49,126109000000.0,0.0,1622000000.0,21665000000.0,44.467,-5658000000.0
46,VZ,MRQ,2009-12-31,2009-12-31,2009-12-31,2021-08-25,-1372000000.0,226907000000.0,,21745000000.0,205162000000.0,,14.566,-4422000000.0,2009000000.0,2009000000.0,12794000000.0,2344000000.0,0.746,3.45,62256000000.0,7205000000.0,55051000000.0,62256000000.0,0.0,4243000000.0,0.0,0.056,0.475,1271000000.0,5514000000.0,0.204,5514000000.0,1271000000.0,585000000.0,0.21,0.21,0.21,41382000000.0,,41382000000.0,155711671089.0,16.0,5.887,3850000000.0,1.355,1.0,14297000000.0,0.528,101303000000.0,686000000.0,156715000000.0,,1426000000.0,3608000000.0,490000000.0,3118000000.0,142764000000.0,29136000000.0,113628000000.0,94110671089.0,793000000.0,-331000000.0,0.0,-492000000.0,-1351000000.0,-2271000000.0,-5208000000.0,6000000.0,8272000000.0,0.0,590000000.0,590000000.0,590000000.0,0.0,1754000000.0,0.022,11417000000.0,2880000000.0,15223000000.0,2.262,2.274,19.23,19.262,91985000000.0,0.0,33.13,0.873,0.873,12573000000.0,7260000000.0,27091000000.0,27091000000.0,0.0,,,,,0.0,7174000000.0,1.0,2840648086.0,2841000000,2841000000.0,9.536,125604000000.0,0.0,-5000000.0,19190000000.0,44.211,-7391000000.0
47,VZ,MRQ,2009-09-30,2009-09-30,2009-09-30,2021-08-25,-12058000000.0,226404000000.0,,22023000000.0,204381000000.0,,15.201,-4356000000.0,1216000000.0,1216000000.0,10996000000.0,2887000000.0,0.807,3.284,62817000000.0,5443000000.0,57374000000.0,62817000000.0,0.0,4172000000.0,0.0,0.061,0.46,2454000000.0,6626000000.0,0.243,6626000000.0,2454000000.0,1750000000.0,0.41,0.41,0.41,43186000000.0,,43186000000.0,150074369343.0,-45.0,11.759,4625000000.0,1.628,1.0,16269000000.0,0.597,101037000000.0,704000000.0,159663000000.0,,2554000000.0,4282000000.0,474000000.0,3808000000.0,141822000000.0,27305000000.0,114517000000.0,85985369343.0,396000000.0,-260000000.0,0.0,-2144000000.0,-1306000000.0,-3915000000.0,-4670000000.0,-41000000.0,8981000000.0,0.0,1176000000.0,1176000000.0,1176000000.0,0.0,1711000000.0,0.043,12283000000.0,3986000000.0,14643000000.0,1.122,1.991,-27.899,-28.028,90834000000.0,0.0,30.27,0.816,0.816,12489000000.0,19591000000.0,27265000000.0,27265000000.0,0.0,,,,,0.0,8111000000.0,1.0,2840613457.0,2841000000,2841000000.0,9.597,125367000000.0,0.0,574000000.0,18652000000.0,44.128,-5282000000.0
48,VZ,MRQ,2009-06-30,2009-06-30,2009-06-30,2021-08-25,-12742000000.0,224999000000.0,,21464000000.0,203535000000.0,,15.02,-4387000000.0,820000000.0,820000000.0,10481000000.0,3160000000.0,0.814,3.332,64909000000.0,5440000000.0,59469000000.0,64909000000.0,0.0,4091000000.0,0.0,0.059,0.46,2880000000.0,6971000000.0,0.26,6971000000.0,2880000000.0,2093000000.0,0.52,0.52,0.52,42672000000.0,,42672000000.0,152444836531.0,-54.0,11.958,3128000000.0,1.101,1.0,16380000000.0,0.61,101129000000.0,787000000.0,161591000000.0,,2775000000.0,3873000000.0,360000000.0,3513000000.0,142178000000.0,26368000000.0,115810000000.0,87290836531.0,-3159000000.0,-249000000.0,0.0,-4331000000.0,-1307000000.0,-6155000000.0,-4519000000.0,39000000.0,7515000000.0,0.0,1483000000.0,1483000000.0,1483000000.0,0.0,1677000000.0,0.055,11962000000.0,4418000000.0,14685000000.0,0.885,2.046,-33.716,-34.144,90302000000.0,0.0,30.73,0.849,0.849,12170000000.0,19765000000.0,26861000000.0,26861000000.0,0.0,,,,,0.0,7871000000.0,1.0,2840573919.0,2841000000,2841000000.0,9.455,123870000000.0,0.0,610000000.0,17737000000.0,43.601,-4904000000.0
49,VZ,MRQ,2009-03-31,2009-03-31,2009-03-31,2021-08-25,-13387000000.0,226851000000.0,,21878000000.0,204973000000.0,,14.731,-3707000000.0,3979000000.0,3979000000.0,10308000000.0,3210000000.0,0.624,3.496,69133000000.0,13459000000.0,55674000000.0,69133000000.0,0.0,4028000000.0,0.0,0.065,0.46,3310000000.0,7338000000.0,0.276,7338000000.0,3310000000.0,2385000000.0,0.58,0.58,0.58,41851000000.0,,41851000000.0,127955200712.0,-53.0,10.133,2915000000.0,1.026,1.0,16283000000.0,0.612,100703000000.0,925000000.0,156233000000.0,,2195000000.0,3946000000.0,372000000.0,3574000000.0,146297000000.0,35069000000.0,111228000000.0,85785200712.0,-5803000000.0,-5118000000.0,0.0,-1905000000.0,-1307000000.0,-3666000000.0,-8759000000.0,80000000.0,6622000000.0,0.0,1645000000.0,1645000000.0,1645000000.0,0.0,1565000000.0,0.062,11589000000.0,4694000000.0,14403000000.0,0.793,2.05,-39.171,-39.737,89855000000.0,0.0,30.2,0.857,0.857,11989000000.0,19588000000.0,26591000000.0,26591000000.0,0.0,,,,,0.0,7561000000.0,1.0,2840569560.0,2841000000,2841000000.0,9.36,126148000000.0,0.0,740000000.0,16998000000.0,44.403,-13191000000.0
50,VZ,MRQ,2008-12-31,2008-12-31,2008-12-31,2021-08-25,-13372000000.0,202352000000.0,,26075000000.0,176277000000.0,,14.685,-4558000000.0,9782000000.0,9782000000.0,9584000000.0,-5690000000.0,1.007,2.96,51952000000.0,4993000000.0,46959000000.0,51952000000.0,0.0,3792000000.0,0.0,0.057,0.46,-11964000000.0,-8172000000.0,-0.332,-8172000000.0,-11964000000.0,-12481000000.0,-2.59,-2.59,-2.59,41706000000.0,,41706000000.0,140371417465.0,-52.0,11.779,2960000000.0,1.042,1.0,15061000000.0,0.611,73208000000.0,517000000.0,145408000000.0,,2092000000.0,8683000000.0,509000000.0,8174000000.0,123447000000.0,25906000000.0,97541000000.0,96292417465.0,9086000000.0,74000000.0,1000000.0,6555000000.0,-1307000000.0,5160000000.0,-3592000000.0,439000000.0,7518000000.0,0.0,-7386000000.0,-7386000000.0,-7386000000.0,0.0,1696000000.0,-0.3,25501000000.0,-10440000000.0,13814000000.0,-0.178,2.309,-43.909,-44.026,86546000000.0,0.0,33.9,0.989,0.992,11703000000.0,19250000000.0,24645000000.0,24645000000.0,0.0,,,,,0.0,21709000000.0,1.0,2840484291.0,2840000000,2834000000.0,8.678,129144000000.0,0.0,-5095000000.0,11769000000.0,45.473,169000000.0
51,VZ,MRQ,2008-09-30,2008-09-30,2008-09-30,2021-08-25,-4199000000.0,204861000000.0,,19131000000.0,185730000000.0,,17.916,-4178000000.0,696000000.0,696000000.0,10048000000.0,3199000000.0,0.677,3.021,44775000000.0,7297000000.0,37478000000.0,44775000000.0,0.0,3652000000.0,0.0,0.059,0.43,2959000000.0,6611000000.0,0.267,6611000000.0,2959000000.0,2519000000.0,0.59,0.59,0.59,50954000000.0,,50954000000.0,133910710189.0,12.0,5.145,3121000000.0,1.097,1.0,14704000000.0,0.594,72812000000.0,440000000.0,147853000000.0,,2485000000.0,8935000000.0,978000000.0,7957000000.0,153907000000.0,28275000000.0,125632000000.0,91383710189.0,114000000.0,-1485000000.0,-251000000.0,62000000.0,-1223000000.0,-1571000000.0,-5614000000.0,502000000.0,7299000000.0,0.0,1669000000.0,1669000000.0,1669000000.0,0.0,1530000000.0,0.067,10531000000.0,4173000000.0,13715000000.0,0.729,1.793,14.586,14.586,85689000000.0,0.0,32.09,0.947,0.945,11724000000.0,19322000000.0,24752000000.0,24752000000.0,0.0,,,,,0.0,6879000000.0,1.0,2847731698.0,2844000000,2845000000.0,8.703,132049000000.0,0.0,850000000.0,17409000000.0,46.431,-9144000000.0
52,VZ,MRQ,2008-06-30,2008-06-30,2008-06-30,2021-08-25,-4150000000.0,200646000000.0,,17996000000.0,182650000000.0,,17.855,-4177000000.0,582000000.0,582000000.0,9466000000.0,3404000000.0,0.602,2.943,43109000000.0,9331000000.0,33778000000.0,43109000000.0,0.0,3584000000.0,0.0,0.053,0.6,3266000000.0,6850000000.0,0.284,6850000000.0,3266000000.0,2863000000.0,0.66,0.66,0.66,50887000000.0,,50887000000.0,131273242103.0,11.0,5.024,3068000000.0,1.076,1.0,14658000000.0,0.608,70615000000.0,403000000.0,142658000000.0,,2216000000.0,9428000000.0,1492000000.0,7936000000.0,149759000000.0,29900000000.0,119859000000.0,100912242103.0,-4903000000.0,-13562000000.0,-110000000.0,7283000000.0,-1227000000.0,5302000000.0,-17450000000.0,495000000.0,7245000000.0,0.0,1882000000.0,1882000000.0,1882000000.0,0.0,1522000000.0,0.078,10112000000.0,4546000000.0,13299000000.0,0.909,1.983,17.2,17.268,85155000000.0,0.0,35.4,1.056,1.056,11584000000.0,18958000000.0,24124000000.0,24124000000.0,0.0,,,,,0.0,6528000000.0,1.0,2850628308.0,2850000000,2851000000.0,8.465,130031000000.0,0.0,981000000.0,16346000000.0,45.625,-11904000000.0
53,VZ,MRQ,2008-03-31,2008-03-31,2008-03-31,2021-08-25,-4207000000.0,191293000000.0,,22448000000.0,168845000000.0,,17.562,-4220000000.0,5485000000.0,5485000000.0,9517000000.0,3049000000.0,0.907,2.805,35846000000.0,3712000000.0,32134000000.0,35846000000.0,0.0,3582000000.0,0.0,0.046,0.43,3046000000.0,6628000000.0,0.278,6628000000.0,3046000000.0,2587000000.0,0.57,0.57,0.57,50280000000.0,,50280000000.0,134650314926.0,12.0,5.19,1170000000.0,0.409,1.0,14316000000.0,0.601,60933000000.0,459000000.0,135977000000.0,,1672000000.0,5610000000.0,1957000000.0,3653000000.0,141013000000.0,24744000000.0,116269000000.0,104646314926.0,4332000000.0,-931000000.0,-992000000.0,5941000000.0,-1237000000.0,3760000000.0,-4818000000.0,241000000.0,5390000000.0,0.0,1642000000.0,1642000000.0,1642000000.0,0.0,1407000000.0,0.069,9983000000.0,4333000000.0,13661000000.0,0.754,2.081,18.463,18.503,84484000000.0,0.0,36.45,1.105,1.102,11048000000.0,18301000000.0,23833000000.0,23833000000.0,0.0,,,,,0.0,6401000000.0,1.0,2870955142.0,2863000000,2865000000.0,8.324,130360000000.0,0.0,945000000.0,15468000000.0,45.533,-2296000000.0
54,VZ,MRQ,2007-12-31,2007-12-31,2007-12-31,2021-08-25,-4506000000.0,186959000000.0,,18698000000.0,168261000000.0,,17.526,-4746000000.0,1153000000.0,1153000000.0,9796000000.0,6125000000.0,0.756,2.696,31157000000.0,2954000000.0,28203000000.0,31157000000.0,0.0,3666000000.0,0.0,0.038,0.43,2270000000.0,5936000000.0,0.249,5936000000.0,2270000000.0,1831000000.0,0.38,0.37,0.38,50581000000.0,,50581000000.0,157010398295.0,14.0,6.107,4644000000.0,1.609,1.0,14044000000.0,0.589,61029000000.0,439000000.0,131193000000.0,,1729000000.0,5616000000.0,2244000000.0,3372000000.0,136378000000.0,24741000000.0,111637000000.0,126278398295.0,438000000.0,-66000000.0,-629000000.0,-323000000.0,-1244000000.0,-3328000000.0,-5624000000.0,-1098000000.0,9390000000.0,0.0,1072000000.0,1072000000.0,1072000000.0,0.0,5053000000.0,0.045,10621000000.0,3423000000.0,14462000000.0,1.132,2.497,22.872,22.874,85294000000.0,0.0,43.69,1.351,1.355,11736000000.0,17884000000.0,23840000000.0,23840000000.0,0.0,,,,,0.0,6955000000.0,1.0,2890327267.0,2886000000,2890000000.0,8.261,125930000000.0,0.0,759000000.0,14784000000.0,43.635,-6043000000.0
55,VZ,MRQ,2007-09-30,2007-09-30,2007-09-30,2021-08-25,-6216000000.0,185619000000.0,,17037000000.0,168582000000.0,,17.158,-4277000000.0,715000000.0,715000000.0,9608000000.0,1271000000.0,0.705,2.736,31447000000.0,2064000000.0,29383000000.0,31447000000.0,0.0,3605000000.0,0.0,0.037,0.405,3108000000.0,6713000000.0,0.282,6713000000.0,3108000000.0,2658000000.0,0.44,0.44,0.44,49689000000.0,,49689000000.0,160394488779.0,14.0,6.237,2180000000.0,0.753,1.0,14164000000.0,0.596,61275000000.0,450000000.0,130918000000.0,,1786000000.0,6647000000.0,1194000000.0,5453000000.0,135930000000.0,24158000000.0,111772000000.0,128524488779.0,59000000.0,-68000000.0,-541000000.0,-1124000000.0,-1186000000.0,-2791000000.0,-3607000000.0,519000000.0,6457000000.0,0.0,1271000000.0,1271000000.0,1271000000.0,0.0,0.0,0.053,9954000000.0,4210000000.0,14244000000.0,0.92,2.587,23.449,23.429,84329000000.0,0.0,44.28,1.393,1.39,11509000000.0,18049000000.0,23772000000.0,23772000000.0,0.0,,,,,0.0,6349000000.0,1.0,2902540397.0,2896000000,2900000000.0,8.209,124344000000.0,0.0,1387000000.0,14118000000.0,42.936,-7121000000.0
56,VZ,MRQ,2007-06-30,2007-06-30,2007-06-30,2021-08-25,-6532000000.0,184760000000.0,,17028000000.0,167732000000.0,,17.165,-4352000000.0,656000000.0,656000000.0,9231000000.0,1683000000.0,0.696,2.708,32526000000.0,3152000000.0,29374000000.0,32526000000.0,0.0,3573000000.0,0.0,0.039,0.405,3093000000.0,6666000000.0,0.286,6666000000.0,3093000000.0,2638000000.0,0.58,0.58,0.58,49831000000.0,,49831000000.0,152907483529.0,13.0,5.922,2123000000.0,0.731,1.0,14042000000.0,0.603,60910000000.0,455000000.0,131268000000.0,,1793000000.0,6771000000.0,1700000000.0,5071000000.0,134929000000.0,24452000000.0,110477000000.0,119531483529.0,-645000000.0,-505000000.0,-82000000.0,-2157000000.0,-1164000000.0,-3430000000.0,-3690000000.0,466000000.0,6475000000.0,0.0,1683000000.0,1683000000.0,1683000000.0,0.0,0.0,0.072,9893000000.0,4149000000.0,13542000000.0,0.698,2.399,19.493,19.512,83729000000.0,0.0,41.17,1.315,1.314,10689000000.0,18020000000.0,23273000000.0,23273000000.0,0.0,,,,,0.0,6320000000.0,1.0,2903363700.0,2903000000,2907000000.0,8.017,123850000000.0,0.0,955000000.0,13710000000.0,42.663,-7424000000.0
57,VZ,MRQ,2007-03-31,2007-03-31,2007-03-31,2021-08-25,-7136000000.0,184284000000.0,,17894000000.0,166390000000.0,,16.769,-4163000000.0,1301000000.0,1301000000.0,8912000000.0,1495000000.0,0.641,2.778,34677000000.0,6604000000.0,28073000000.0,34677000000.0,0.0,3533000000.0,0.0,0.043,0.405,2861000000.0,6394000000.0,0.283,6394000000.0,2861000000.0,2376000000.0,0.51,0.51,0.51,48782000000.0,,48782000000.0,143485166336.0,13.0,5.611,354000000.0,0.122,1.0,13672000000.0,0.605,61008000000.0,485000000.0,128746000000.0,,1780000000.0,7047000000.0,2149000000.0,4898000000.0,135502000000.0,27906000000.0,107596000000.0,110343166336.0,-1918000000.0,-124000000.0,-317000000.0,-1749000000.0,-1179000000.0,-3248000000.0,-3187000000.0,282000000.0,4517000000.0,0.0,1495000000.0,1495000000.0,1495000000.0,-142000000.0,0.0,0.066,9876000000.0,3796000000.0,13309000000.0,0.794,2.262,18.208,18.231,82978000000.0,0.0,37.92,1.232,1.232,10177000000.0,17485000000.0,22584000000.0,22584000000.0,0.0,,,,,0.0,6343000000.0,1.0,2909893627.0,2909000000,2911000000.0,7.763,123276000000.0,0.0,881000000.0,13518000000.0,42.377,-10012000000.0
58,VZ,MRQ,2006-12-31,2006-12-31,2006-12-31,2021-08-25,-7530000000.0,188804000000.0,,22538000000.0,166266000000.0,,16.65,-4823000000.0,3219000000.0,3219000000.0,9152000000.0,1032000000.0,0.698,2.89,36361000000.0,7715000000.0,28646000000.0,36361000000.0,0.0,3665000000.0,0.0,0.044,0.405,2277000000.0,5942000000.0,0.263,5942000000.0,2277000000.0,1726000000.0,0.36,0.36,0.36,48535000000.0,,48535000000.0,148559749511.0,13.0,5.766,1017000000.0,0.349,1.0,13454000000.0,0.595,61754000000.0,551000000.0,127912000000.0,,1514000000.0,7302000000.0,2434000000.0,4868000000.0,140269000000.0,32280000000.0,107989000000.0,108722749511.0,1374000000.0,-2475000000.0,-293000000.0,3611000000.0,-1182000000.0,1828000000.0,-6294000000.0,-1216000000.0,5840000000.0,0.0,1032000000.0,1032000000.0,1032000000.0,358000000.0,0.0,0.046,10010000000.0,3444000000.0,14320000000.0,1.125,2.24,17.544,17.484,82356000000.0,0.0,37.24,1.233,1.23,10891000000.0,17324000000.0,22606000000.0,22606000000.0,0.0,,,,,0.0,6345000000.0,1.0,2919515293.0,2915000000,2917000000.0,7.755,127050000000.0,0.0,694000000.0,16270000000.0,43.585,-9742000000.0
59,VZ,MRQ,2006-09-30,2006-09-30,2006-09-30,2021-08-25,-1516000000.0,185679000000.0,,21615000000.0,164064000000.0,,15.92,-3993000000.0,1846000000.0,1846000000.0,8932000000.0,1922000000.0,0.612,3.012,41683000000.0,11529000000.0,30154000000.0,41683000000.0,0.0,3606000000.0,0.0,0.044,0.405,3214000000.0,6820000000.0,0.304,6820000000.0,3214000000.0,2642000000.0,0.66,0.66,0.66,46279000000.0,,46279000000.0,148799601476.0,13.0,5.849,2720000000.0,0.936,1.0,13527000000.0,0.602,59247000000.0,572000000.0,130956000000.0,,1650000000.0,6067000000.0,1589000000.0,4478000000.0,139400000000.0,35313000000.0,104087000000.0,107629601476.0,659000000.0,-418000000.0,-293000000.0,-784000000.0,-1172000000.0,-2218000000.0,-3836000000.0,488000000.0,6713000000.0,0.0,1922000000.0,1922000000.0,1922000000.0,-377000000.0,0.0,0.086,9990000000.0,3537000000.0,14501000000.0,0.614,2.326,15.775,15.667,81402000000.0,0.0,37.13,1.331,1.335,10834000000.0,17471000000.0,22459000000.0,22459000000.0,0.0,,,,,0.0,6384000000.0,1.0,2898723444.0,2907000000,2923000000.0,7.726,126432000000.0,0.0,720000000.0,21905000000.0,43.492,-13698000000.0
60,VZ,MRQ,2006-06-30,2006-06-30,2006-06-30,2021-08-25,-1497000000.0,183843000000.0,,21276000000.0,162567000000.0,,15.388,-4264000000.0,1186000000.0,1186000000.0,8709000000.0,1611000000.0,0.62,3.106,42356000000.0,10326000000.0,32030000000.0,42356000000.0,0.0,3607000000.0,0.0,0.048,0.405,2810000000.0,6417000000.0,0.293,6417000000.0,2810000000.0,2220000000.0,0.55,0.55,0.55,44779000000.0,,44779000000.0,139498764546.0,13.0,5.547,1223000000.0,0.42,1.0,13177000000.0,0.602,58927000000.0,590000000.0,131747000000.0,,1698000000.0,6281000000.0,2075000000.0,4206000000.0,139064000000.0,34339000000.0,104725000000.0,97697764546.0,-62000000.0,-55000000.0,-606000000.0,11000000.0,-1180000000.0,-1811000000.0,-3738000000.0,585000000.0,5487000000.0,0.0,1611000000.0,1611000000.0,1611000000.0,-348000000.0,0.0,0.074,9960000000.0,3217000000.0,14335000000.0,0.736,2.182,14.431,14.013,80997000000.0,0.0,33.49,1.27,1.267,10451000000.0,16729000000.0,21886000000.0,21886000000.0,0.0,,,,,0.0,6353000000.0,1.0,2917221993.0,2910000000,2949000000.0,7.521,124916000000.0,0.0,609000000.0,20943000000.0,42.926,-13063000000.0
61,VZ,MRQ,2006-03-31,2006-03-31,2006-03-31,2021-08-25,-1655000000.0,182814000000.0,,18629000000.0,164185000000.0,,15.359,-4021000000.0,1249000000.0,1249000000.0,8516000000.0,1632000000.0,0.603,3.083,43050000000.0,8436000000.0,34614000000.0,43050000000.0,0.0,3667000000.0,0.0,0.048,0.405,2919000000.0,6586000000.0,0.31,6586000000.0,2919000000.0,2283000000.0,0.56,0.56,0.56,44771000000.0,,44771000000.0,137921598771.0,12.0,5.381,2045000000.0,0.702,1.0,12715000000.0,0.599,59458000000.0,636000000.0,134245000000.0,,1647000000.0,6596000000.0,2678000000.0,3918000000.0,138043000000.0,30912000000.0,107131000000.0,99687598771.0,488000000.0,1526000000.0,-334000000.0,-2144000000.0,-1185000000.0,-3830000000.0,-1748000000.0,433000000.0,6066000000.0,0.0,1632000000.0,1632000000.0,1632000000.0,-392000000.0,0.0,0.077,9540000000.0,3175000000.0,14442000000.0,0.723,2.227,13.708,13.1,82270000000.0,0.0,34.06,1.364,1.359,10617000000.0,16290000000.0,21231000000.0,21231000000.0,0.0,,,,,0.0,5873000000.0,1.0,2926823217.0,2915000000,2963000000.0,7.283,123356000000.0,0.0,651000000.0,20926000000.0,42.318,-12283000000.0
62,VZ,MRQ,2005-12-31,2005-12-31,2005-12-31,2021-08-25,-1783000000.0,168130000000.0,,19320000000.0,148810000000.0,,14.361,-3601000000.0,760000000.0,760000000.0,6019000000.0,1658000000.0,0.724,3.237,38257000000.0,6688000000.0,31569000000.0,38257000000.0,0.0,3396000000.0,0.0,0.053,0.405,2221000000.0,5617000000.0,0.367,5617000000.0,2221000000.0,1693000000.0,0.6,0.6,0.6,39680000000.0,,39680000000.0,122104091487.0,10.0,4.777,3149000000.0,1.14,1.0,9278000000.0,0.607,52164000000.0,528000000.0,126763000000.0,,1522000000.0,6748000000.0,2146000000.0,4602000000.0,128450000000.0,26700000000.0,101750000000.0,83281091487.0,173000000.0,-54000000.0,-50000000.0,-464000000.0,-1119000000.0,-1710000000.0,-4867000000.0,-1284000000.0,6750000000.0,0.0,1658000000.0,1658000000.0,1658000000.0,-1178000000.0,0.0,0.108,7457000000.0,1821000000.0,11747000000.0,0.675,2.099,11.259,11.281,72987000000.0,0.0,30.12,1.198,1.198,8534000000.0,15905000000.0,15297000000.0,15297000000.0,0.0,,,,,0.0,4061000000.0,1.0,2764976477.0,2763000000,2814000000.0,5.536,115966000000.0,0.0,35000000.0,22831000000.0,41.971,-7380000000.0
63,VZ,MRQ,2005-09-30,2005-09-30,2005-09-30,2021-08-25,-1710000000.0,168301000000.0,,15272000000.0,153029000000.0,,14.186,-3825000000.0,616000000.0,616000000.0,6361000000.0,1869000000.0,0.646,3.291,39439000000.0,5048000000.0,34391000000.0,39439000000.0,0.0,3433000000.0,0.0,0.048,0.405,3096000000.0,6529000000.0,0.353,6529000000.0,3096000000.0,2571000000.0,0.68,0.67,0.68,39223000000.0,,39223000000.0,130746369138.0,10.0,4.893,1538000000.0,0.556,1.0,12125000000.0,0.656,52924000000.0,525000000.0,130561000000.0,,1503000000.0,6962000000.0,1208000000.0,5754000000.0,129078000000.0,23639000000.0,105439000000.0,90394369138.0,-789000000.0,-192000000.0,-22000000.0,-2234000000.0,-1120000000.0,-3449000000.0,-2703000000.0,404000000.0,5363000000.0,0.0,1869000000.0,1869000000.0,1869000000.0,-77000000.0,0.0,0.101,8628000000.0,3497000000.0,12760000000.0,0.596,2.305,10.298,10.312,75192000000.0,0.0,32.69,1.34,1.34,9337000000.0,15365000000.0,18486000000.0,18486000000.0,0.0,,,,,0.0,5195000000.0,1.0,2765199423.0,2765000000,2817000000.0,6.686,115377000000.0,0.0,702000000.0,22527000000.0,41.728,-8367000000.0
64,VZ,MRQ,2005-06-30,2005-06-30,2005-06-30,2021-08-25,-1613000000.0,169377000000.0,,16669000000.0,152708000000.0,,13.939,-3944000000.0,1405000000.0,1405000000.0,6077000000.0,2113000000.0,0.607,3.393,41757000000.0,8687000000.0,33070000000.0,41757000000.0,0.0,3326000000.0,0.0,0.045,0.405,3574000000.0,6900000000.0,0.382,6900000000.0,3574000000.0,3046000000.0,0.76,0.75,0.76,38554000000.0,,38554000000.0,134100590793.0,10.0,4.994,2032000000.0,0.735,1.0,11976000000.0,0.663,52838000000.0,528000000.0,129449000000.0,,1373000000.0,7205000000.0,1596000000.0,5609000000.0,130823000000.0,27442000000.0,103381000000.0,95605590793.0,713000000.0,-1934000000.0,-69000000.0,2500000000.0,-1122000000.0,1347000000.0,-6610000000.0,297000000.0,5976000000.0,0.0,2113000000.0,2113000000.0,2113000000.0,-44000000.0,0.0,0.117,7990000000.0,3986000000.0,12767000000.0,0.533,2.48,10.983,11.003,75133000000.0,0.0,34.55,1.423,1.423,9566000000.0,14615000000.0,18053000000.0,18053000000.0,0.0,,,,,0.0,5110000000.0,1.0,2767166159.0,2766000000,2818000000.0,6.527,116539000000.0,0.0,933000000.0,22896000000.0,42.133,-10773000000.0
65,VZ,MRQ,2005-03-31,2005-03-31,2005-03-31,2021-08-25,-1222000000.0,164882000000.0,,17011000000.0,147871000000.0,,13.716,-3594000000.0,692000000.0,692000000.0,6123000000.0,1757000000.0,0.735,3.341,39187000000.0,3716000000.0,35471000000.0,39187000000.0,0.0,3460000000.0,0.0,0.043,0.385,3097000000.0,6557000000.0,0.361,6557000000.0,3097000000.0,2536000000.0,0.63,0.63,0.63,37980000000.0,,37980000000.0,135310755725.0,10.0,5.08,342000000.0,0.124,1.0,12056000000.0,0.663,47986000000.0,561000000.0,132232000000.0,,1460000000.0,7836000000.0,2019000000.0,5817000000.0,126902000000.0,23159000000.0,103743000000.0,98333755725.0,-1598000000.0,-1178000000.0,-93000000.0,-42000000.0,-1066000000.0,-1222000000.0,-4312000000.0,237000000.0,3936000000.0,0.0,1757000000.0,1757000000.0,1757000000.0,0.0,0.0,0.097,8674000000.0,3382000000.0,13202000000.0,0.611,2.589,11.722,11.716,74371000000.0,0.0,35.5,1.47,1.47,9285000000.0,13621000000.0,18179000000.0,18179000000.0,0.0,,,,,0.0,5214000000.0,1.0,2769964950.0,2769000000,2821000000.0,6.565,116896000000.0,0.0,779000000.0,21811000000.0,42.216,-6148000000.0
66,VZ,MRQ,2004-12-31,2004-12-31,2004-12-31,2021-08-25,-1053000000.0,165958000000.0,,19479000000.0,146479000000.0,,13.545,-3717000000.0,2290000000.0,2290000000.0,4928000000.0,3039000000.0,0.842,3.418,39267000000.0,3593000000.0,35674000000.0,39267000000.0,0.0,3158000000.0,0.0,0.038,0.385,3579000000.0,6737000000.0,0.529,6737000000.0,3579000000.0,3052000000.0,1.1,1.08,1.1,37560000000.0,,37560000000.0,152077502596.0,12.0,5.906,2580000000.0,0.93,1.0,7803000000.0,0.613,47448000000.0,527000000.0,132358000000.0,,1535000000.0,8112000000.0,2257000000.0,5855000000.0,128398000000.0,23129000000.0,105269000000.0,112170502596.0,1645000000.0,-896000000.0,-13000000.0,-957000000.0,-1064000000.0,-2134000000.0,-2518000000.0,-1264000000.0,6297000000.0,0.0,3039000000.0,3039000000.0,3039000000.0,-1884000000.0,0.0,0.239,6697000000.0,1106000000.0,13177000000.0,0.35,2.986,14.324,14.314,74124000000.0,0.0,40.51,1.706,1.707,9801000000.0,12984000000.0,12731000000.0,12731000000.0,0.0,,,,,0.0,3539000000.0,1.0,2768958346.0,2773000000,2825000000.0,4.591,118510000000.0,0.0,13000000.0,22532000000.0,42.737,-3650000000.0
67,VZ,MRQ,2004-09-30,2004-09-30,2004-09-30,2021-08-25,-1372000000.0,162897000000.0,,17741000000.0,145156000000.0,,12.703,-3253000000.0,616000000.0,616000000.0,5994000000.0,1796000000.0,0.767,3.631,40523000000.0,3271000000.0,37252000000.0,40523000000.0,0.0,3483000000.0,0.0,0.039,0.385,3174000000.0,6657000000.0,0.366,6657000000.0,3174000000.0,2597000000.0,0.65,0.64,0.65,35174000000.0,,35174000000.0,150302271140.0,22.0,7.282,2348000000.0,0.848,1.0,12212000000.0,0.671,46357000000.0,577000000.0,133323000000.0,,1389000000.0,6975000000.0,986000000.0,5989000000.0,127723000000.0,23124000000.0,104599000000.0,109022271140.0,33000000.0,-245000000.0,-42000000.0,-1433000000.0,-1067000000.0,-2499000000.0,-3069000000.0,415000000.0,5601000000.0,0.0,1796000000.0,1796000000.0,1796000000.0,-17000000.0,0.0,0.099,8615000000.0,3597000000.0,13291000000.0,0.592,3.1,32.7,32.817,73486000000.0,0.0,39.38,1.553,1.553,9919000000.0,11005000000.0,18206000000.0,18206000000.0,0.0,,,,,0.0,5132000000.0,1.0,2768468033.0,2769000000,2820000000.0,6.575,116540000000.0,0.0,801000000.0,22129000000.0,42.087,-5383000000.0
68,VZ,MRQ,2004-06-30,2004-06-30,2004-06-30,2021-08-25,-1669000000.0,162438000000.0,,17395000000.0,145043000000.0,,12.31,-3183000000.0,608000000.0,608000000.0,5620000000.0,1797000000.0,0.744,3.764,41888000000.0,4439000000.0,37449000000.0,41888000000.0,0.0,3437000000.0,0.0,0.043,0.385,3250000000.0,6687000000.0,0.377,6687000000.0,3250000000.0,2656000000.0,0.65,0.64,0.65,34099000000.0,,34099000000.0,144109577057.0,21.0,6.986,2668000000.0,0.963,1.0,12138000000.0,0.684,46917000000.0,594000000.0,133428000000.0,,1362000000.0,7069000000.0,1390000000.0,5679000000.0,128339000000.0,23373000000.0,104966000000.0,100257577057.0,8000000.0,-21000000.0,-75000000.0,-2034000000.0,-1066000000.0,-3175000000.0,-2668000000.0,477000000.0,5851000000.0,0.0,1797000000.0,1797000000.0,1797000000.0,-15000000.0,0.0,0.101,8437000000.0,3701000000.0,12491000000.0,0.592,2.94,30.116,30.158,73541000000.0,0.0,36.19,1.451,1.451,9618000000.0,10275000000.0,17758000000.0,17758000000.0,0.0,,,,,0.0,5000000000.0,1.0,2770311607.0,2770000000,2834000000.0,6.411,115521000000.0,0.0,859000000.0,21876000000.0,41.704,-5978000000.0
69,VZ,MRQ,2004-03-31,2004-03-31,2004-03-31,2021-08-25,-1528000000.0,163421000000.0,,17194000000.0,146227000000.0,,12.092,-2641000000.0,600000000.0,600000000.0,5490000000.0,1199000000.0,0.689,3.879,44452000000.0,6320000000.0,38132000000.0,44452000000.0,0.0,3425000000.0,0.0,0.042,0.385,2242000000.0,5667000000.0,0.332,5667000000.0,2242000000.0,1604000000.0,0.43,0.43,0.43,33495000000.0,,33495000000.0,145875329608.0,28.0,7.707,1401000000.0,0.506,1.0,11566000000.0,0.678,46855000000.0,638000000.0,135462000000.0,,1309000000.0,7662000000.0,1892000000.0,5770000000.0,129926000000.0,24956000000.0,104970000000.0,101194329608.0,-94000000.0,83000000.0,80000000.0,-977000000.0,-1065000000.0,-2048000000.0,-2088000000.0,282000000.0,4042000000.0,0.0,1199000000.0,1199000000.0,1199000000.0,-16000000.0,0.0,0.07,9100000000.0,2466000000.0,12701000000.0,0.895,3.021,54.115,54.537,74616000000.0,0.0,36.54,1.485,1.485,9499000000.0,9542000000.0,17056000000.0,17056000000.0,0.0,,,,,0.0,5675000000.0,1.0,2769412414.0,2770000000,2847000000.0,6.157,116566000000.0,0.0,405000000.0,21827000000.0,42.082,-7762000000.0
70,VZ,MRQ,2003-12-31,2003-12-31,2003-12-31,2021-08-25,-1250000000.0,165968000000.0,,18895000000.0,147073000000.0,,12.103,-3740000000.0,669000000.0,669000000.0,5852000000.0,-1458000000.0,0.711,3.959,45380000000.0,5967000000.0,39413000000.0,45380000000.0,0.0,3445000000.0,0.0,0.044,0.385,-1816000000.0,1629000000.0,0.095,1629000000.0,-1816000000.0,-2481000000.0,-0.53,-0.51,-0.53,33466000000.0,,33466000000.0,141589187120.0,20.0,6.842,2471000000.0,0.894,1.0,11346000000.0,0.66,46444000000.0,665000000.0,137655000000.0,,1262000000.0,7961000000.0,2172000000.0,5789000000.0,132502000000.0,26580000000.0,105922000000.0,96875187120.0,-35000000.0,-65000000.0,222000000.0,-123000000.0,-1064000000.0,-920000000.0,-5326000000.0,-1803000000.0,6211000000.0,0.0,-1458000000.0,-1458000000.0,-1458000000.0,-13000000.0,0.0,-0.085,13516000000.0,-2170000000.0,14652000000.0,-0.726,2.895,31.484,31.321,75302000000.0,0.0,35.08,1.436,1.433,9854000000.0,9409000000.0,17198000000.0,17198000000.0,0.0,,,,,0.0,10071000000.0,1.0,2761550374.0,2765000000,2970000000.0,6.22,119524000000.0,0.0,-1023000000.0,21704000000.0,43.227,-7685000000.0
71,VZ,MRQ,2003-09-30,2003-09-30,2003-09-30,2021-08-25,-1801000000.0,165006000000.0,,16565000000.0,148441000000.0,,12.735,-2840000000.0,746000000.0,746000000.0,5706000000.0,1791000000.0,0.64,3.696,45460000000.0,7499000000.0,37961000000.0,45460000000.0,0.0,3411000000.0,0.0,0.047,0.385,3234000000.0,6645000000.0,0.389,6645000000.0,3234000000.0,2549000000.0,0.65,0.64,0.65,35136000000.0,,35136000000.0,137522881021.0,12.0,5.525,2447000000.0,0.887,1.0,11357000000.0,0.666,46942000000.0,685000000.0,136910000000.0,,1280000000.0,5933000000.0,366000000.0,5567000000.0,129870000000.0,25868000000.0,104002000000.0,89413881021.0,-91000000.0,165000000.0,146000000.0,-2664000000.0,-1060000000.0,-3552000000.0,-1826000000.0,538000000.0,5287000000.0,0.0,1791000000.0,1791000000.0,1791000000.0,-5000000.0,0.0,0.105,8166000000.0,3191000000.0,12664000000.0,0.592,2.545,13.101,13.081,75098000000.0,0.0,32.44,1.329,1.33,10049000000.0,11931000000.0,17063000000.0,17063000000.0,0.0,,,,,0.0,4891000000.0,1.0,2756284865.0,2759000000,2791000000.0,6.184,118064000000.0,0.0,758000000.0,22374000000.0,42.792,-9303000000.0
72,VZ,MRQ,2003-06-30,2003-06-30,2003-06-30,2021-08-25,-1757000000.0,167626000000.0,,18531000000.0,149095000000.0,,12.427,-2828000000.0,820000000.0,820000000.0,5042000000.0,338000000.0,0.632,3.898,48929000000.0,10083000000.0,38846000000.0,48929000000.0,0.0,3384000000.0,0.0,0.039,0.385,1603000000.0,4987000000.0,0.296,4987000000.0,1603000000.0,911000000.0,0.12,0.12,0.12,34225000000.0,,34225000000.0,158443366997.0,11.0,5.733,2339000000.0,0.849,1.0,11787000000.0,0.7,47026000000.0,692000000.0,139377000000.0,,1245000000.0,6310000000.0,906000000.0,5404000000.0,133401000000.0,29332000000.0,104069000000.0,108497366997.0,-3311000000.0,-864000000.0,215000000.0,-4591000000.0,-1059000000.0,-5487000000.0,-2991000000.0,627000000.0,5167000000.0,0.0,338000000.0,338000000.0,338000000.0,928000000.0,0.0,0.02,9057000000.0,2730000000.0,12573000000.0,3.208,3.17,11.495,11.468,75771000000.0,0.0,39.45,1.611,1.613,10077000000.0,11200000000.0,16829000000.0,16829000000.0,0.0,,,,,0.0,5673000000.0,1.0,2750250114.0,2754000000,2786000000.0,6.111,120600000000.0,0.0,573000000.0,21821000000.0,43.791,-10801000000.0
73,VZ,MRQ,2003-03-31,2003-03-31,2003-03-31,2021-08-25,-2138000000.0,172053000000.0,,22291000000.0,149762000000.0,,13.018,-2466000000.0,4135000000.0,4135000000.0,5124000000.0,2406000000.0,0.784,3.81,54081000000.0,10619000000.0,43462000000.0,54081000000.0,0.0,3367000000.0,0.0,0.044,0.385,4085000000.0,7452000000.0,0.452,7452000000.0,4085000000.0,3330000000.0,0.88,0.87,0.88,35773000000.0,,35773000000.0,149704423359.0,13.0,6.008,3336000000.0,1.214,1.0,11366000000.0,0.689,46661000000.0,755000000.0,146906000000.0,,1536000000.0,6721000000.0,1479000000.0,5242000000.0,136280000000.0,28432000000.0,107848000000.0,97063423359.0,2709000000.0,-169000000.0,256000000.0,-58000000.0,-1056000000.0,-1000000000.0,-2093000000.0,518000000.0,5802000000.0,0.0,2406000000.0,2406000000.0,2406000000.0,7000000.0,0.0,0.146,7659000000.0,3707000000.0,12767000000.0,0.438,2.713,13.894,13.917,77120000000.0,0.0,35.35,1.443,1.444,11462000000.0,13424000000.0,16490000000.0,16490000000.0,0.0,,,,,0.0,4292000000.0,1.0,2745782839.0,2748000000,2780000000.0,6.001,125392000000.0,0.0,924000000.0,21333000000.0,45.63,-6141000000.0
74,VZ,MRQ,2002-12-31,2002-12-31,2002-12-31,2021-08-25,-2110000000.0,167468000000.0,,22093000000.0,145375000000.0,,11.912,-4258000000.0,1422000000.0,1422000000.0,4971000000.0,2290000000.0,0.791,4.135,53270000000.0,9267000000.0,44003000000.0,53270000000.0,0.0,3387000000.0,0.0,0.04,0.385,2420000000.0,5807000000.0,0.343,5807000000.0,2420000000.0,1622000000.0,0.83,0.84,0.83,32616000000.0,,32616000000.0,157810800362.0,18.0,7.163,1726000000.0,0.63,1.0,11935000000.0,0.706,46339000000.0,798000000.0,145048000000.0,,1497000000.0,7028000000.0,2042000000.0,4986000000.0,134852000000.0,27929000000.0,106923000000.0,106010800362.0,-4229000000.0,-76000000.0,262000000.0,-3566000000.0,-1053000000.0,-4365000000.0,-5848000000.0,-1849000000.0,5984000000.0,0.0,2290000000.0,2290000000.0,2290000000.0,-43000000.0,0.0,0.135,9270000000.0,2665000000.0,12642000000.0,0.464,3.25,25.989,26.007,73758000000.0,0.0,38.75,1.581,1.577,12496000000.0,10536000000.0,16906000000.0,16906000000.0,0.0,,,,,0.0,5883000000.0,1.0,2735762590.0,2738000000,2945000000.0,6.175,121129000000.0,0.0,-668000000.0,19467000000.0,44.24,-5836000000.0
75,VZ,MRQ,2002-09-30,2002-09-30,2002-09-30,2021-08-25,-1336000000.0,169099000000.0,,23466000000.0,145633000000.0,,11.656,-2814000000.0,5651000000.0,5651000000.0,5135000000.0,4405000000.0,0.757,4.31,57451000000.0,11422000000.0,46029000000.0,57451000000.0,0.0,3287000000.0,0.0,0.056,0.385,6106000000.0,9393000000.0,0.549,9393000000.0,6106000000.0,5330000000.0,1.61,1.6,1.61,31845000000.0,,31845000000.0,133513896140.0,27.0,7.308,3189000000.0,1.167,1.0,11978000000.0,0.7,46761000000.0,776000000.0,143154000000.0,,1612000000.0,5196000000.0,246000000.0,4950000000.0,137254000000.0,30984000000.0,106270000000.0,74867896140.0,2702000000.0,3849000000.0,229000000.0,-5040000000.0,-1051000000.0,-5849000000.0,2548000000.0,529000000.0,6003000000.0,0.0,4405000000.0,4405000000.0,4405000000.0,10000000.0,0.0,0.257,5964000000.0,6014000000.0,14242000000.0,0.239,2.351,-301.887,-249.455,74137000000.0,0.0,27.44,1.12,1.122,12956000000.0,9223000000.0,17113000000.0,17113000000.0,0.0,,,,,0.0,5204000000.0,1.0,2728421871.0,2732000000,2749000000.0,6.264,122338000000.0,0.0,925000000.0,18802000000.0,44.78,-7518000000.0
76,VZ,MRQ,2002-06-30,2002-06-30,2002-06-30,2021-08-25,-924000000.0,168293000000.0,,23141000000.0,145152000000.0,,10.507,-3390000000.0,2962000000.0,2962000000.0,4951000000.0,-2115000000.0,0.649,4.876,61608000000.0,16969000000.0,44639000000.0,61608000000.0,0.0,3288000000.0,0.0,0.038,0.385,-1023000000.0,2265000000.0,0.135,2265000000.0,-1023000000.0,-1792000000.0,-0.78,-0.78,-0.78,28642000000.0,,28642000000.0,171238155998.0,67.0,10.747,2227000000.0,0.817,1.0,11801000000.0,0.704,45231000000.0,769000000.0,146028000000.0,,1843000000.0,6650000000.0,769000000.0,5881000000.0,139651000000.0,35680000000.0,103971000000.0,109329155998.0,1973000000.0,-21000000.0,202000000.0,-1360000000.0,-1045000000.0,-2173000000.0,-1471000000.0,572000000.0,5617000000.0,0.0,-2115000000.0,-2115000000.0,-2115000000.0,38000000.0,0.0,-0.126,9115000000.0,2686000000.0,13130000000.0,-0.494,3.817,-39.355,-38.981,74384000000.0,0.0,40.15,1.639,1.64,13068000000.0,5842000000.0,16752000000.0,16752000000.0,0.0,,,,,0.0,5793000000.0,1.0,2723017584.0,2726000000,2726000000.0,6.145,123062000000.0,0.0,323000000.0,18824000000.0,45.144,-12539000000.0
77,VZ,MRQ,2002-03-31,2002-03-31,2002-03-31,2021-08-25,-1455000000.0,171325000000.0,,24172000000.0,147153000000.0,,11.404,-2590000000.0,1015000000.0,1015000000.0,4874000000.0,-501000000.0,0.688,4.525,62924000000.0,16344000000.0,46580000000.0,62924000000.0,0.0,3320000000.0,0.0,0.033,0.385,1276000000.0,4596000000.0,0.28,4596000000.0,1276000000.0,462000000.0,-0.18,-0.18,-0.18,31007000000.0,,31007000000.0,188609869982.0,53.0,11.047,1888000000.0,0.694,1.0,11556000000.0,0.703,45127000000.0,814000000.0,152997000000.0,,1770000000.0,8979000000.0,1364000000.0,7615000000.0,140318000000.0,35110000000.0,105208000000.0,125262869982.0,36000000.0,-202000000.0,222000000.0,-1629000000.0,-1051000000.0,-2422000000.0,-2020000000.0,532000000.0,4478000000.0,0.0,-501000000.0,-501000000.0,-501000000.0,0.0,0.0,-0.03,8045000000.0,3511000000.0,13120000000.0,-2.139,4.04,-74.384,-73.175,74321000000.0,0.0,46.1,1.873,1.874,15412000000.0,9065000000.0,16430000000.0,16430000000.0,0.0,,,,,0.0,4945000000.0,1.0,2717198915.0,2719000000,2719000000.0,6.043,126198000000.0,0.0,963000000.0,18375000000.0,46.413,-10938000000.0
78,VZ,MRQ,2001-12-31,2001-12-31,2001-12-31,2021-08-25,-1187000000.0,170795000000.0,,23187000000.0,147608000000.0,,11.98,-5892000000.0,979000000.0,979000000.0,20538000000.0,-2037000000.0,0.61,4.249,64326000000.0,18669000000.0,45657000000.0,64326000000.0,0.0,3361000000.0,0.0,0.032,0.385,-1346000000.0,2015000000.0,0.122,2015000000.0,-1346000000.0,-1995000000.0,-0.76,-0.75,-0.76,32539000000.0,,32539000000.0,191352977585.0,33.0,9.897,538000000.0,0.198,1.0,-4004000000.0,-0.242,44262000000.0,649000000.0,151860000000.0,,1968000000.0,12193000000.0,1991000000.0,10202000000.0,138256000000.0,38020000000.0,100236000000.0,128827977585.0,-433000000.0,148000000.0,65000000.0,266000000.0,-1049000000.0,-696000000.0,-6167000000.0,-1720000000.0,6430000000.0,0.0,-2037000000.0,-2037000000.0,-2037000000.0,13000000.0,0.0,-0.123,-4392000000.0,388000000.0,13947000000.0,-0.507,3.959,331.177,339.0,74419000000.0,0.0,47.46,1.931,1.928,14254000000.0,10704000000.0,16534000000.0,16534000000.0,0.0,,,,,0.0,20829000000.0,1.0,2714453805.0,2716000000,2733000000.0,6.088,126533000000.0,0.0,42000000.0,16543000000.0,46.588,-14833000000.0
79,VZ,MRQ,2001-09-30,2001-09-30,2001-09-30,2021-08-25,-1832000000.0,169503000000.0,,21832000000.0,147671000000.0,,12.845,-3314000000.0,1365000000.0,1365000000.0,0.0,1875000000.0,0.602,3.866,63890000000.0,18847000000.0,45043000000.0,63890000000.0,0.0,3402000000.0,0.0,0.028,0.385,3656000000.0,7058000000.0,0.415,7058000000.0,3656000000.0,2859000000.0,0.69,0.69,0.69,34836000000.0,,34836000000.0,208859025959.0,19.0,8.63,2124000000.0,0.783,1.0,17004000000.0,1.0,44080000000.0,797000000.0,151706000000.0,,2259000000.0,11532000000.0,248000000.0,11284000000.0,134667000000.0,36242000000.0,98425000000.0,146604025959.0,-1251000000.0,-593000000.0,194000000.0,-1504000000.0,-1040000000.0,-2407000000.0,-4282000000.0,328000000.0,5438000000.0,0.0,1875000000.0,1875000000.0,1875000000.0,0.0,0.0,0.11,13327000000.0,3677000000.0,11945000000.0,0.558,4.208,33.811,34.031,72897000000.0,0.0,54.11,2.186,2.189,13726000000.0,13968000000.0,17004000000.0,17004000000.0,0.0,,,,,0.0,0.0,1.0,2709370282.0,2712000000,2735000000.0,6.27,125423000000.0,0.0,984000000.0,16129000000.0,46.247,-14410000000.0
80,VZ,MRQ,2001-06-30,2001-06-30,2001-06-30,2021-08-25,-692000000.0,170173000000.0,,23260000000.0,146913000000.0,,12.896,-4685000000.0,2616000000.0,2616000000.0,0.0,-1021000000.0,0.616,3.875,64871000000.0,20591000000.0,44280000000.0,64871000000.0,0.0,3400000000.0,0.0,0.029,0.385,5000000.0,3405000000.0,0.201,3405000000.0,5000000.0,-904000000.0,-0.38,-0.38,-0.38,34909000000.0,,34909000000.0,205834141497.0,15.0,7.692,-129000000.0,-0.048,1.0,16909000000.0,1.0,43627000000.0,909000000.0,151037000000.0,,2047000000.0,12647000000.0,797000000.0,11850000000.0,135264000000.0,37764000000.0,97500000000.0,144700141497.0,1927000000.0,-113000000.0,165000000.0,2921000000.0,-1039000000.0,1792000000.0,-4421000000.0,433000000.0,4556000000.0,0.0,-1021000000.0,-1021000000.0,-1021000000.0,0.0,0.0,-0.06,13108000000.0,3801000000.0,11740000000.0,-1.013,4.145,24.414,24.541,73542000000.0,0.0,53.5,2.173,2.175,13777000000.0,13137000000.0,16909000000.0,16909000000.0,0.0,,,,,0.0,0.0,1.0,2704675542.0,2707000000,2707000000.0,6.246,126546000000.0,0.0,117000000.0,15689000000.0,46.748,-14504000000.0
81,VZ,MRQ,2001-03-31,2001-03-31,2001-03-31,2021-08-25,-2737000000.0,167798000000.0,,21977000000.0,145821000000.0,,12.832,-4478000000.0,689000000.0,689000000.0,0.0,1572000000.0,0.621,3.836,61823000000.0,17429000000.0,44394000000.0,61823000000.0,0.0,3360000000.0,0.0,0.031,0.385,3497000000.0,6857000000.0,0.422,6857000000.0,3497000000.0,2576000000.0,0.58,0.58,0.58,34698000000.0,,34698000000.0,189857505535.0,8.0,5.335,-1376000000.0,-0.509,1.0,16266000000.0,1.0,44083000000.0,921000000.0,149434000000.0,,2049000000.0,13379000000.0,1010000000.0,12369000000.0,133100000000.0,35415000000.0,97685000000.0,133285505535.0,-68000000.0,-2099000000.0,77000000.0,4348000000.0,-1040000000.0,3284000000.0,-6454000000.0,577000000.0,3102000000.0,0.0,1572000000.0,1572000000.0,1572000000.0,0.0,0.0,0.097,12659000000.0,3607000000.0,12610000000.0,0.664,3.841,11.246,11.307,71369000000.0,0.0,49.3,2.006,2.006,13988000000.0,15200000000.0,16266000000.0,16266000000.0,0.0,,,,,0.0,0.0,1.0,2703559950.0,2704000000,2725000000.0,6.016,123715000000.0,0.0,1004000000.0,15559000000.0,45.753,-13438000000.0
82,VZ,MRQ,2000-12-31,2000-12-31,2000-12-31,2021-08-25,-2176000000.0,164735000000.0,,22121000000.0,142614000000.0,,12.802,-5753000000.0,757000000.0,757000000.0,0.0,1912000000.0,0.646,3.764,57329000000.0,14838000000.0,42491000000.0,57329000000.0,0.0,3231000000.0,0.0,0.031,0.385,3651000000.0,6882000000.0,0.408,6882000000.0,3651000000.0,2764000000.0,0.7,0.71,0.7,34578000000.0,,34578000000.0,186190710753.0,8.0,5.388,-1971000000.0,-0.73,1.0,16873000000.0,1.0,41990000000.0,887000000.0,145081000000.0,,1910000000.0,14728000000.0,1613000000.0,13115000000.0,130157000000.0,34236000000.0,95921000000.0,135305710753.0,-71000000.0,133000000.0,130000000.0,4843000000.0,-1032000000.0,4073000000.0,-7926000000.0,-154000000.0,3782000000.0,0.0,1912000000.0,1910000000.0,1910000000.0,0.0,0.0,0.113,13494000000.0,3379000000.0,13965000000.0,0.55,3.913,11.479,11.551,69504000000.0,2000000.0,50.13,2.091,2.102,14010000000.0,14667000000.0,16873000000.0,16873000000.0,0.0,,,,,0.0,0.0,1.0,2699096564.0,2701000000,2722000000.0,6.247,122745000000.0,0.0,852000000.0,15260000000.0,45.444,-12115000000.0
83,VZ,MRQ,2000-09-30,2000-09-30,2000-09-30,2021-08-25,-1202000000.0,157528000000.0,,20094000000.0,137434000000.0,,12.733,-4248000000.0,828000000.0,828000000.0,0.0,3466000000.0,0.515,3.568,51713000000.0,18888000000.0,32825000000.0,51713000000.0,0.0,3213000000.0,0.0,0.032,0.385,6402000000.0,9615000000.0,0.582,9615000000.0,6402000000.0,5488000000.0,1.28,1.27,1.28,34482000000.0,,34482000000.0,183659722171.0,8.0,5.442,-532000000.0,-0.196,1.0,16533000000.0,1.0,41586000000.0,914000000.0,127819000000.0,,1487000000.0,14467000000.0,114000000.0,14353000000.0,123046000000.0,39008000000.0,84038000000.0,131659722171.0,-518000000.0,3647000000.0,-846000000.0,-1474000000.0,-1290000000.0,-3700000000.0,-534000000.0,429000000.0,3716000000.0,0.0,3466000000.0,3466000000.0,3466000000.0,0.0,0.0,0.21,11591000000.0,4942000000.0,14927000000.0,0.301,3.818,11.335,11.344,66305000000.0,0.0,48.44,2.087,2.079,14180000000.0,13891000000.0,16533000000.0,16533000000.0,0.0,,,,,0.0,0.0,1.0,2717995916.0,2708000000,2722000000.0,6.105,115942000000.0,0.0,2022000000.0,15304000000.0,42.815,-18914000000.0
84,VZ,MRQ,2000-06-30,2000-06-30,2000-06-30,2021-08-25,92000000.0,157013000000.0,,20136000000.0,136877000000.0,,12.574,-4483000000.0,1346000000.0,1346000000.0,0.0,4904000000.0,0.528,3.594,53346000000.0,20060000000.0,33286000000.0,53346000000.0,0.0,3226000000.0,0.0,0.03,0.385,9007000000.0,12233000000.0,0.73,12233000000.0,9007000000.0,8092000000.0,1.8,1.79,1.8,34176000000.0,,34176000000.0,104135801582.0,5.0,3.331,-628000000.0,-0.231,1.0,16769000000.0,1.0,40954000000.0,915000000.0,129942000000.0,,1385000000.0,16260000000.0,355000000.0,15905000000.0,122837000000.0,38117000000.0,84720000000.0,78534801582.0,642000000.0,2742000000.0,-78000000.0,293000000.0,-1046000000.0,-685000000.0,-2528000000.0,-704000000.0,3855000000.0,0.0,4904000000.0,4904000000.0,4904000000.0,0.0,0.0,0.292,12160000000.0,4609000000.0,13275000000.0,0.214,2.298,7.349,12.995,64774000000.0,0.0,50.81,1.283,2.256,12360000000.0,11512000000.0,16769000000.0,16769000000.0,0.0,,,,,0.0,0.0,1.0,1545656398.0,2718000000,2747000000.0,6.17,116059000000.0,0.0,3188000000.0,14572000000.0,42.7,-17981000000.0
85,VZ,MRQ,2000-03-31,2000-03-31,2000-03-31,2021-08-25,1348000000.0,66052000000.0,,9860000000.0,56192000000.0,,6.103,-3149000000.0,360000000.0,360000000.0,0.0,1515000000.0,0.689,2.971,25961000000.0,5812000000.0,20149000000.0,25961000000.0,0.0,2591000000.0,0.0,0.025,0.385,3236000000.0,5827000000.0,0.401,5827000000.0,3236000000.0,2462000000.0,0.55,0.55,0.55,16632000000.0,,16632000000.0,117612806310.0,7.0,4.226,1325000000.0,0.486,1.0,14532000000.0,1.0,0.0,774000000.0,77352000000.0,,589000000.0,8835000000.0,628000000.0,8207000000.0,49420000000.0,14301000000.0,35119000000.0,94791806310.0,-1329000000.0,-1975000000.0,-924000000.0,1396000000.0,-1053000000.0,-736000000.0,-5067000000.0,208000000.0,4474000000.0,0.0,1515000000.0,1507000000.0,1507000000.0,0.0,0.0,0.104,10704000000.0,3828000000.0,7000000000.0,0.7,5.699,10.99,21.601,39749000000.0,8000000.0,61.13,1.464,2.572,7085000000.0,2895000000.0,14532000000.0,14532000000.0,0.0,,,,,0.0,0.0,1.0,1550659354.0,2725000000,2756000000.0,5.333,66052000000.0,0.0,947000000.0,4609000000.0,24.239,-4441000000.0
86,VZ,MRQ,1999-12-31,1999-12-31,1999-12-31,2021-08-25,75000000.0,112830000000.0,,19995000000.0,92835000000.0,,9.64,-3893000000.0,2033000000.0,2033000000.0,0.0,1738000000.0,0.672,3.278,47482000000.0,15063000000.0,32419000000.0,47482000000.0,0.0,2607000000.0,0.0,0.025,0.385,3468000000.0,6075000000.0,0.398,6075000000.0,3468000000.0,2764000000.0,0.64,0.62,0.64,26376000000.0,,26376000000.0,116074502343.0,7.0,4.527,1317000000.0,0.481,1.0,15265000000.0,1.0,8645000000.0,704000000.0,119884000000.0,,1366000000.0,11212000000.0,1035000000.0,10177000000.0,86454000000.0,29750000000.0,56704000000.0,95589502343.0,-1785000000.0,-3533000000.0,-772000000.0,4025000000.0,-1059000000.0,2249000000.0,-9244000000.0,-983000000.0,5210000000.0,0.0,1738000000.0,1738000000.0,1738000000.0,0.0,0.0,0.114,11232000000.0,4033000000.0,10878000000.0,0.602,3.624,11.573,20.384,62173000000.0,0.0,61.56,1.643,2.897,11998000000.0,7428000000.0,15265000000.0,15265000000.0,0.0,,,,,0.0,0.0,1.0,1552785938.0,2736000000,2774000000.0,5.579,104185000000.0,0.0,1026000000.0,7288000000.0,38.079,-9755000000.0
87,VZ,MRQ,1999-09-30,1999-09-30,1999-09-30,2021-08-25,174000000.0,59022000000.0,,8897000000.0,50125000000.0,,5.648,-3348000000.0,264000000.0,264000000.0,0.0,2538000000.0,0.783,2.806,20749000000.0,3286000000.0,17463000000.0,20749000000.0,0.0,2455000000.0,0.0,0.023,0.385,4670000000.0,7125000000.0,0.486,7125000000.0,4670000000.0,4034000000.0,0.92,0.91,0.92,15509000000.0,,15509000000.0,125221176403.0,7.0,3.958,893000000.0,0.325,1.0,14655000000.0,1.0,0.0,636000000.0,68138000000.0,,624000000.0,5954000000.0,35000000.0,5919000000.0,43513000000.0,11369000000.0,32144000000.0,104514176403.0,3137000000.0,925000000.0,-286000000.0,2086000000.0,-1056000000.0,913000000.0,-2017000000.0,885000000.0,4241000000.0,0.0,2538000000.0,2538000000.0,2538000000.0,0.0,0.0,0.173,10133000000.0,4522000000.0,6550000000.0,0.418,6.739,10.926,22.74,38359000000.0,0.0,67.31,1.366,2.416,6929000000.0,2757000000.0,14655000000.0,14655000000.0,0.0,,,,,0.0,0.0,1.0,1552728813.0,2746000000,2786000000.0,5.337,59022000000.0,0.0,1496000000.0,3672000000.0,21.494,-2472000000.0
88,VZ,MRQ,1999-06-30,1999-06-30,1999-06-30,2021-08-25,160000000.0,57873000000.0,,8738000000.0,49135000000.0,,5.454,-4061000000.0,232000000.0,232000000.0,0.0,2842000000.0,0.795,2.876,20939000000.0,3558000000.0,17381000000.0,20939000000.0,0.0,3324000000.0,0.0,0.024,0.385,5479000000.0,8803000000.0,0.433,8803000000.0,5479000000.0,4518000000.0,0.72,0.72,0.72,14932000000.0,,14932000000.0,121097867835.0,8.0,4.537,1019000000.0,0.372,1.0,20307000000.0,1.0,0.0,961000000.0,67588000000.0,,584000000.0,6209000000.0,280000000.0,5929000000.0,42941000000.0,10992000000.0,31949000000.0,101472867835.0,-154000000.0,-1304000000.0,244000000.0,1563000000.0,-1514000000.0,-73000000.0,-5161000000.0,-245000000.0,5080000000.0,0.0,2842000000.0,2842000000.0,2842000000.0,0.0,0.0,0.14,14987000000.0,5320000000.0,5955000000.0,0.535,6.796,14.455,32.202,37786000000.0,0.0,65.37,1.454,2.565,6722000000.0,2294000000.0,20307000000.0,20307000000.0,0.0,,,,,0.0,0.0,1.0,1552284960.0,2738000000,2774000000.0,7.417,57873000000.0,0.0,1676000000.0,3444000000.0,21.137,-2254000000.0
89,VZ,MRQ,1999-03-31,1999-03-31,1999-03-31,2021-08-25,-729000000.0,54975000000.0,,8901000000.0,46074000000.0,,8.692,-1711000000.0,368000000.0,368000000.0,0.0,1142000000.0,0.9,3.073,19993000000.0,2286000000.0,17707000000.0,19993000000.0,0.0,1504000000.0,0.0,0.03,0.385,2131000000.0,3635000000.0,0.456,3635000000.0,2131000000.0,1816000000.0,0.74,0.72,0.74,13499000000.0,,13499000000.0,100684847579.0,9.0,4.728,775000000.0,0.499,1.0,7967000000.0,1.0,0.0,315000000.0,64711000000.0,,555000000.0,4238000000.0,539000000.0,3699000000.0,41476000000.0,9889000000.0,31587000000.0,80287947579.0,131000000.0,506000000.0,-57000000.0,-1082000000.0,-598000000.0,-1357000000.0,-998000000.0,245000000.0,2486000000.0,0.0,1142000000.0,1142000000.0,1142000000.0,0.0,0.0,0.143,5889000000.0,2078000000.0,6233000000.0,0.52,5.948,15.443,26.239,37291000000.0,0.0,51.69,1.399,1.399,6535000000.0,1844000000.0,7967000000.0,7967000000.0,0.0,,,,,0.0,0.0,1.0,1553258804.0,1553000000,1582000000.0,5.13,54975000000.0,0.0,674000000.0,2647000000.0,35.399,-988000000.0
90,VZ,MRQ,1998-12-31,1998-12-31,1998-12-31,2021-08-25,-714000000.0,55144000000.0,,9082000000.0,46062000000.0,,4.775,-7399000000.0,237000000.0,237000000.0,0.0,3074000000.0,0.862,3.234,20634000000.0,2988000000.0,17646000000.0,20634000000.0,0.0,5319000000.0,0.0,0.029,0.385,6752000000.0,12071000000.0,0.359,12071000000.0,6752000000.0,5079000000.0,0.58,0.58,0.58,13025000000.0,,13025000000.0,103327357406.0,9.0,4.966,975000000.0,0.357,1.0,33586000000.0,1.0,0.0,1673000000.0,65010000000.0,,566000000.0,5062000000.0,786000000.0,4276000000.0,42119000000.0,10531000000.0,31588000000.0,83822957406.0,-468000000.0,570000000.0,364000000.0,2220000000.0,-2402000000.0,-1294000000.0,-7548000000.0,-620000000.0,8374000000.0,0.0,3074000000.0,3044000000.0,3044000000.0,0.0,0.0,0.091,39298300000.0,-5712300000.0,6105000000.0,0.664,6.436,16.941,29.834,36816000000.0,30000000.0,54.0,1.469,2.581,6560000000.0,1371000000.0,33586000000.0,33586000000.0,0.0,,,,,0.0,0.0,1.0,1552276989.0,2728000000,2759000000.0,12.312,55144000000.0,0.0,2005000000.0,2476000000.0,20.214,-1449000000.0
91,VZ,MRQ,1998-09-30,1998-09-30,1998-09-30,2021-08-25,-719800000.0,54998300000.0,,8907100000.0,46091200000.0,,8.116,-1937000000.0,620800000.0,620800000.0,0.0,-8000000.0,0.93,3.364,20125200000.0,1924300000.0,18200900000.0,20125200000.0,0.0,1470000000.0,0.0,0.032,0.385,713000000.0,2183000000.0,0.276,2183000000.0,713000000.0,354000000.0,-0.01,-0.01,-0.01,12604100000.0,,12604100000.0,94803166512.0,15.0,7.978,540000000.0,0.348,1.0,7910000000.0,1.0,0.0,359000000.0,64925000000.0,,571200000.0,5010200000.0,163700000.0,4846500000.0,42394200000.0,9577700000.0,32816500000.0,75250266512.0,318000000.0,-99000000.0,-80000000.0,228000000.0,-596000000.0,-317000000.0,-1842000000.0,260000000.0,2477000000.0,0.0,-8000000.0,-8000000.0,-8000000.0,0.0,0.0,-0.001,6780000000.0,1130000000.0,6254100000.0,-38.5,5.97,26.458,26.615,36227300000.0,0.0,48.44,2.413,2.412,6424100000.0,1064000000.0,7910000000.0,7910000000.0,0.0,,,,,0.0,0.0,1.0,1553473710.0,1553000000,1553000000.0,5.093,54998300000.0,0.0,362000000.0,2349400000.0,35.414,-670600000.0
92,VZ,MRQ,1998-06-30,1998-06-30,1998-06-30,2021-08-25,-789400000.0,54715700000.0,,9002800000.0,45712900000.0,,8.48,-1825000000.0,303100000.0,303100000.0,0.0,1021000000.0,0.762,3.155,19856000000.0,4352800000.0,15503200000.0,19856000000.0,0.0,1445000000.0,0.0,0.033,0.385,1963000000.0,3408000000.0,0.43,3408000000.0,1963000000.0,1600000000.0,0.66,0.65,0.66,13170200000.0,,13170200000.0,90661957076.0,16.0,7.742,845000000.0,0.544,1.0,7928000000.0,1.0,0.0,363000000.0,62449500000.0,,604900000.0,5648200000.0,423400000.0,5224800000.0,41545500000.0,11819100000.0,29726400000.0,70835157076.0,-101000000.0,-285000000.0,0.0,-308000000.0,-594000000.0,-920000000.0,-1851000000.0,267000000.0,2670000000.0,0.0,1021000000.0,1021000000.0,1021000000.0,0.0,0.0,0.129,5975000000.0,1953000000.0,6103400000.0,0.583,5.378,25.554,25.635,35801800000.0,0.0,45.63,2.311,2.312,6467300000.0,1698200000.0,7928000000.0,7928000000.0,0.0,,,,,0.0,0.0,1.0,1552381264.0,1553000000,1577000000.0,5.105,54715700000.0,0.0,579000000.0,2495800000.0,35.232,-2816300000.0
93,VZ,MRQ,1998-03-31,1998-03-31,1998-03-31,2021-08-25,-648700000.0,54314300000.0,,9246000000.0,45068300000.0,,8.266,-1659000000.0,403900000.0,403900000.0,0.0,893000000.0,0.805,3.231,20230700000.0,4551800000.0,15678900000.0,20230700000.0,0.0,1411000000.0,0.0,0.03,0.385,1732000000.0,3143000000.0,0.411,3143000000.0,1732000000.0,1422000000.0,0.57,0.56,0.57,12837700000.0,,12837700000.0,,,,544000000.0,0.35,1.0,7651000000.0,1.0,0.0,310000000.0,62661000000.0,,544500000.0,5852800000.0,746100000.0,5106700000.0,41476600000.0,11480100000.0,29996500000.0,79397842182.0,81000000.0,-124000000.0,-280000000.0,467000000.0,-594000000.0,-407000000.0,-1715000000.0,33000000.0,2203000000.0,0.0,893000000.0,891000000.0,891000000.0,0.0,0.0,0.116,5939000000.0,1712000000.0,5628000000.0,0.675,6.185,29.986,30.074,35346500000.0,2000000.0,51.125,2.609,2.609,6277600000.0,1325500000.0,7651000000.0,7651000000.0,0.0,,,,,0.0,0.0,1.0,1553014028.0,1553000000,1579000000.0,4.927,54314300000.0,0.0,529000000.0,2388800000.0,34.974,-2234100000.0
94,VZ,MRQ,1997-12-31,1997-12-31,1997-12-31,2021-08-25,-553300000.0,53964100000.0,,9000800000.0,44963300000.0,,8.24,-1750500000.0,322800000.0,322800000.0,0.0,940100000.0,0.659,3.22,19608000000.0,6342800000.0,13265200000.0,19608000000.0,0.0,1405900000.0,0.0,0.033,0.385,1743000000.0,3148900000.0,0.409,3148900000.0,1743000000.0,1431700000.0,0.6,0.59,0.6,12789100000.0,,12789100000.0,,,,1108000000.0,0.714,1.0,7695800000.0,1.0,0.0,311300000.0,59585100000.0,,550300000.0,5864800000.0,720600000.0,5144200000.0,41175000000.0,13664200000.0,27510800000.0,70662138274.0,6600000.0,-95900000.0,-129000000.0,427900000.0,-571700000.0,-206700000.0,-2645200000.0,-572700000.0,2858500000.0,0.0,940100000.0,940100000.0,940100000.0,0.0,0.0,0.122,18750600000.0,-11054800000.0,5966400000.0,0.642,5.525,28.783,28.797,35039400000.0,0.0,45.5,2.34,2.339,6340800000.0,1261600000.0,7695800000.0,7695800000.0,0.0,,,,,0.0,0.0,1.0,1553014028.0,1552000000,1571000000.0,4.959,53964100000.0,0.0,491600000.0,2356900000.0,34.771,-4663400000.0
95,VZ,MRQ,1997-09-30,1997-09-30,1997-09-30,2021-08-25,,,,,,,,-1831900000.0,,,0.0,-80100000.0,,,,,,,,1724000000.0,,0.036,0.37,286500000.0,2010500000.0,0.273,2010500000.0,286500000.0,-11600000.0,-0.05,-0.05,-0.05,,,,,,,352500000.0,0.227,1.0,7373900000.0,1.0,,298100000.0,,,,,,,,,,,129900000.0,-65200000.0,100000.0,122100000.0,-609700000.0,-487500000.0,-1567000000.0,113900000.0,2184400000.0,0.0,-80100000.0,-80100000.0,-80100000.0,0.0,0.0,-0.011,6952900000.0,421000000.0,,-7.4,,,,,0.0,40.22,,,,,7373900000.0,7373900000.0,0.0,,,,,0.0,0.0,1.0,,1552800000,1552800000.0,4.749,,,68500000.0,,,
96,VZ,MRQ,1997-06-30,1997-06-30,1997-06-30,2021-08-25,,,,,,,,-1601900000.0,,,0.0,896800000.0,,,,,,,,1363800000.0,,0.038,0.37,1751100000.0,3114900000.0,0.404,3114900000.0,1751100000.0,1460000000.0,0.58,0.57,0.58,,,,,,,250700000.0,0.162,1.0,7707800000.0,1.0,,291100000.0,,,,,,,,,,,-71800000.0,109600000.0,-40900000.0,124300000.0,-583700000.0,-491500000.0,-1432900000.0,135900000.0,1852600000.0,0.0,896800000.0,896800000.0,896800000.0,0.0,0.0,0.116,5859900000.0,1847900000.0,,0.638,,,,,0.0,37.935,,,,,7707800000.0,7707800000.0,0.0,,,,,0.0,0.0,1.0,,1551300000,1568200000.0,4.969,,,563200000.0,,,
97,VZ,MRQ,1997-03-31,1997-03-31,1997-03-31,2021-08-25,,,,,,,,-1447700000.0,,,0.0,698200000.0,,,,,,,,1371300000.0,,0.047,0.36,1433400000.0,2804700000.0,0.378,2804700000.0,1433400000.0,1103900000.0,0.45,0.45,0.45,,,,,,,515800000.0,0.332,1.0,7416500000.0,1.0,,329500000.0,,,,,,,,,,,8300000.0,-143500000.0,-39200000.0,371700000.0,-574900000.0,-261300000.0,-1693900000.0,-11100000.0,1963500000.0,0.0,698200000.0,698200000.0,698200000.0,0.0,0.0,0.094,5958000000.0,1458500000.0,,0.8,,,,,0.0,30.375,,,,,7416500000.0,7416500000.0,0.0,,,,,0.0,0.0,1.0,,1551500000,1565200000.0,4.78,,,405700000.0,,,
98,VZ,MRQ,1996-12-31,1996-12-31,1996-12-31,2021-08-25,-319400000.0,53361100000.0,,8456800000.0,44904300000.0,,8.39,,249400000.0,249400000.0,,,0.817,3.112,18170200000.0,2884200000.0,15286000000.0,18170200000.0,0.0,,0.0,0.044,0.36,,,,,,,,,,12976400000.0,,12976400000.0,,,,,,1.0,,,0.0,,60932000000.0,,478400000.0,5222700000.0,300500000.0,4922200000.0,40384700000.0,10349900000.0,30034800000.0,,,,,,,,,,,,,,,,,,,,6160600000.0,,,,14.716,36134800000.0,,32.375,,1.717,6168900000.0,1279800000.0,,,,,,,,,,1.0,,1546600000,,,53361100000.0,0.0,,2135700000.0,34.502,-1893100000.0
0,VZ,MRT,2021-06-30,2021-06-30,2021-06-30,2021-08-25,-234000000.0,349190000000.0,327059500000.0,35626000000.0,313564000000.0,0.406,17.794,-17058000000.0,4657000000.0,4657000000.0,54933000000.0,20549000000.0,0.889,3.72,179158000000.0,10904000000.0,168254000000.0,179158000000.0,0.0,16583000000.0,0.0,0.045,2.497,30516000000.0,47099000000.0,0.354,47099000000.0,30516000000.0,26447000000.0,4.83,4.83,4.83,73684000000.0,69456750000.0,73684000000.0,401566989477.0,13.0,8.526,21596000000.0,5.215,1.0,77933000000.0,0.587,129951000000.0,4069000000.0,353662000000.0,307886000000.0,1421000000.0,560000000.0,0.0,560000000.0,274078000000.0,40078000000.0,234000000000.0,231967989477.0,-3028000000.0,-579000000.0,0.0,38852000000.0,-10340000000.0,24107000000.0,-65789000000.0,0.0,38654000000.0,0.0,19990000000.0,19990000000.0,19990000000.0,0.0,559000000.0,0.15,47140000000.0,30793000000.0,17328000000.0,0.517,3.148,11.604,11.6,122382000000.0,0.0,56.03,1.746,1.746,21257000000.0,66310000000.0,132866000000.0,132866000000.0,0.0,0.061,0.288,0.099,0.23,0.0,30557000000.0,1.0,4140067633.0,4141000000,4143000000.0,32.085,219239000000.0,0.0,6457000000.0,37534000000.0,52.943,-4452000000.0
1,VZ,MRT,2021-03-31,2021-03-31,2021-03-31,2021-08-25,640000000.0,345573000000.0,313076750000.0,39647000000.0,305926000000.0,0.414,17.202,-17412000000.0,10205000000.0,10205000000.0,52427000000.0,19439000000.0,1.024,3.831,179804000000.0,12338000000.0,167466000000.0,179804000000.0,0.0,16744000000.0,0.0,0.043,2.485,29134000000.0,45878000000.0,0.354,45878000000.0,29134000000.0,24820000000.0,4.57,4.56,4.57,71232000000.0,66710000000.0,71232000000.0,369009340392.0,13.0,8.043,25226000000.0,6.092,1.0,77122000000.0,0.595,132153000000.0,4314000000.0,344289000000.0,282152000000.0,1303000000.0,555000000.0,0.0,555000000.0,272890000000.0,38730000000.0,234160000000.0,240633340392.0,3171000000.0,-928000000.0,0.0,40855000000.0,-10286000000.0,26718000000.0,-66185000000.0,0.0,42638000000.0,0.0,18890000000.0,18890000000.0,18890000000.0,0.0,549000000.0,0.146,47133000000.0,29989000000.0,17219000000.0,0.544,3.378,12.739,12.724,117191000000.0,0.0,58.15,1.857,1.859,22507000000.0,63107000000.0,129549000000.0,129549000000.0,0.0,0.06,0.283,0.103,0.225,0.0,30389000000.0,1.0,4138148588.0,4141000000,4142000000.0,31.284,213420000000.0,0.0,5930000000.0,36747000000.0,51.538,917000000.0
2,VZ,MRT,2020-12-31,2020-12-31,2020-12-31,2021-08-25,-71000000.0,316481000000.0,300308500000.0,54594000000.0,261887000000.0,0.427,16.387,-18192000000.0,22171000000.0,22171000000.0,51201000000.0,18348000000.0,1.377,3.644,150547000000.0,9374000000.0,141173000000.0,150547000000.0,0.0,16720000000.0,0.0,0.042,2.473,27667000000.0,44387000000.0,0.346,44387000000.0,27667000000.0,23420000000.0,4.3,4.3,4.3,67842000000.0,63954500000.0,67842000000.0,371339044061.0,13.0,8.366,23576000000.0,5.695,1.0,77091000000.0,0.601,130283000000.0,4247000000.0,274914000000.0,260918750000.0,1796000000.0,589000000.0,0.0,589000000.0,247209000000.0,39660000000.0,207549000000.0,243113044061.0,19581000000.0,-520000000.0,0.0,14269000000.0,-10232000000.0,1325000000.0,-23512000000.0,0.0,41768000000.0,0.0,17801000000.0,17801000000.0,17801000000.0,0.0,547000000.0,0.139,48293000000.0,28798000000.0,20658000000.0,0.575,3.584,13.657,13.663,117364000000.0,0.0,58.75,1.895,1.896,23917000000.0,60464000000.0,128292000000.0,128292000000.0,0.0,0.059,0.278,0.106,0.216,0.0,31573000000.0,1.0,4138094367.0,4140000000,4142000000.0,30.988,186198000000.0,0.0,5619000000.0,35711000000.0,44.975,14934000000.0
3,VZ,MRT,2020-09-30,2020-09-30,2020-09-30,2021-08-25,-812000000.0,296994000000.0,294120000000.0,38572000000.0,258422000000.0,0.436,15.717,-19775000000.0,8983000000.0,8983000000.0,52010000000.0,18847000000.0,1.066,3.542,137209000000.0,9264000000.0,127945000000.0,137209000000.0,0.0,16628000000.0,0.0,0.041,2.46,25213000000.0,41841000000.0,0.326,41841000000.0,25213000000.0,20887000000.0,4.43,4.41,4.43,65069000000.0,62342750000.0,65069000000.0,372559824726.0,15.0,8.904,21695000000.0,5.24,1.0,76365000000.0,0.595,130356000000.0,4326000000.0,258679000000.0,254305750000.0,1457000000.0,535000000.0,0.0,535000000.0,230464000000.0,36185000000.0,194279000000.0,246172824726.0,5977000000.0,-506000000.0,0.0,1433000000.0,-10178000000.0,-11600000000.0,-23893000000.0,0.0,41470000000.0,0.0,18308000000.0,18308000000.0,18308000000.0,0.0,539000000.0,0.143,48108000000.0,28257000000.0,17391000000.0,0.555,3.783,13.446,13.429,115862000000.0,0.0,59.49,1.918,1.919,22617000000.0,58473000000.0,128375000000.0,128375000000.0,0.0,0.062,0.294,0.099,0.196,0.0,31294000000.0,1.0,4138053870.0,4140000000,4142000000.0,31.008,166638000000.0,0.0,2579000000.0,34567000000.0,40.251,2387000000.0
4,VZ,MRT,2020-06-30,2020-06-30,2020-06-30,2021-08-25,-1274000000.0,293259000000.0,291090250000.0,37333000000.0,255926000000.0,0.446,15.148,-19822000000.0,7882000000.0,7882000000.0,53060000000.0,19680000000.0,0.96,3.655,134269000000.0,9921000000.0,124348000000.0,134269000000.0,0.0,16550000000.0,0.0,0.044,2.448,26391000000.0,42941000000.0,0.331,42941000000.0,26391000000.0,21963000000.0,4.64,4.61,4.64,62697000000.0,60805750000.0,62697000000.0,360264686678.0,14.0,8.39,23640000000.0,5.712,1.0,76666000000.0,0.591,130034000000.0,4428000000.0,250726000000.0,250923750000.0,1289000000.0,529000000.0,0.0,529000000.0,229146000000.0,38886000000.0,190260000000.0,228127686678.0,5993000000.0,-372000000.0,0.0,-3999000000.0,-10125000000.0,-16353000000.0,-21116000000.0,0.0,43462000000.0,0.0,19145000000.0,19145000000.0,19145000000.0,0.0,535000000.0,0.148,47907000000.0,28759000000.0,19297000000.0,0.528,3.639,11.916,11.881,115185000000.0,0.0,55.13,1.759,1.759,22672000000.0,56746000000.0,129726000000.0,129726000000.0,0.0,0.066,0.315,0.105,0.203,0.0,31171000000.0,1.0,4137995405.0,4139000000,4141000000.0,31.342,163225000000.0,0.0,2818000000.0,33798000000.0,39.436,-1553000000.0
5,VZ,MRT,2020-03-31,2020-03-31,2020-03-31,2021-08-25,-1502000000.0,294500000000.0,288552500000.0,40705000000.0,253795000000.0,0.455,14.547,-18945000000.0,7047000000.0,7047000000.0,54032000000.0,18915000000.0,0.991,3.867,139184000000.0,14506000000.0,124678000000.0,139184000000.0,0.0,16601000000.0,0.0,0.045,2.435,25649000000.0,42250000000.0,0.322,42250000000.0,25649000000.0,21095000000.0,4.45,4.43,4.45,60210000000.0,59277000000.0,60210000000.0,352768960792.0,14.0,8.35,18544000000.0,4.48,1.0,77318000000.0,0.589,126224000000.0,4554000000.0,259356000000.0,250563500000.0,1633000000.0,543000000.0,0.0,543000000.0,232847000000.0,41057000000.0,191790000000.0,222219960792.0,4787000000.0,24000000.0,0.0,60000000.0,-10074000000.0,-12944000000.0,-19758000000.0,0.0,37489000000.0,0.0,18389000000.0,18389000000.0,18389000000.0,0.0,526000000.0,0.14,48070000000.0,29248000000.0,17419000000.0,0.547,3.691,12.084,12.074,114649000000.0,0.0,53.73,1.692,1.693,23797000000.0,54557000000.0,131350000000.0,131350000000.0,0.0,0.064,0.31,0.102,0.195,0.0,31283000000.0,1.0,4135863778.0,4139000000,4141000000.0,31.735,168276000000.0,0.0,2706000000.0,33709000000.0,40.656,-352000000.0
6,VZ,MRT,2019-12-31,2019-12-31,2019-12-31,2021-08-25,998000000.0,291727000000.0,285914250000.0,37473000000.0,254254000000.0,0.461,14.837,-17939000000.0,2594000000.0,2594000000.0,54726000000.0,19788000000.0,0.835,3.728,133143000000.0,14038000000.0,119105000000.0,133143000000.0,0.0,16682000000.0,0.0,0.039,2.423,26940000000.0,43622000000.0,0.331,43622000000.0,26940000000.0,22210000000.0,4.66,4.65,4.66,61395000000.0,58188500000.0,61395000000.0,381689150433.0,14.0,8.75,17807000000.0,4.303,1.0,77142000000.0,0.585,128946000000.0,4730000000.0,248462000000.0,248265750000.0,1422000000.0,558000000.0,0.0,558000000.0,228892000000.0,44868000000.0,184024000000.0,253937150433.0,1000000.0,-1000000.0,0.0,-5231000000.0,-10016000000.0,-18164000000.0,-17581000000.0,0.0,35746000000.0,0.0,19265000000.0,19265000000.0,19265000000.0,0.0,523000000.0,0.146,46764000000.0,30378000000.0,21806000000.0,0.52,4.136,13.181,13.176,114609000000.0,0.0,61.4,1.926,1.927,25429000000.0,53147000000.0,131868000000.0,131868000000.0,0.0,0.067,0.331,0.109,0.204,0.0,29896000000.0,1.0,4135784209.0,4138000000,4140000000.0,31.868,162781000000.0,0.0,2945000000.0,34703000000.0,39.338,-7395000000.0
7,VZ,MRT,2019-09-30,2019-09-30,2019-09-30,2021-08-25,1104000000.0,284875000000.0,279189750000.0,34895000000.0,249980000000.0,0.471,14.239,-16964000000.0,3020000000.0,3020000000.0,54386000000.0,16636000000.0,0.89,3.811,130772000000.0,10789000000.0,119983000000.0,130772000000.0,0.0,16929000000.0,0.0,0.04,2.41,24631000000.0,41560000000.0,0.316,41560000000.0,24631000000.0,19861000000.0,3.9,3.89,3.9,58921000000.0,56126000000.0,58921000000.0,382464763871.0,16.0,9.203,17879000000.0,4.321,1.0,76988000000.0,0.586,128267000000.0,4770000000.0,245151000000.0,238324750000.0,1538000000.0,628000000.0,0.0,628000000.0,224563000000.0,39209000000.0,185354000000.0,249634763871.0,631000000.0,-193000000.0,0.0,-5655000000.0,-9963000000.0,-17257000000.0,-16955000000.0,0.0,34843000000.0,0.0,16109000000.0,16109000000.0,16109000000.0,0.0,527000000.0,0.123,52612000000.0,24376000000.0,19566000000.0,0.618,4.237,15.497,15.477,111067000000.0,0.0,60.36,1.9,1.901,24713000000.0,50595000000.0,131374000000.0,131374000000.0,0.0,0.058,0.287,0.103,0.187,0.0,31092000000.0,1.0,4135764809.0,4138000000,4140000000.0,31.748,156608000000.0,0.0,3752000000.0,34592000000.0,37.846,-4314000000.0
8,VZ,MRT,2019-06-30,2019-06-30,2019-06-30,2021-08-25,1447000000.0,283108000000.0,274361500000.0,33308000000.0,249800000000.0,0.478,13.674,-16787000000.0,1949000000.0,1949000000.0,54333000000.0,16361000000.0,0.872,3.979,134779000000.0,11927000000.0,122852000000.0,134779000000.0,0.0,17192000000.0,0.0,0.042,2.397,24453000000.0,41645000000.0,0.318,41645000000.0,24453000000.0,19618000000.0,3.83,3.83,3.83,56582000000.0,55019500000.0,56582000000.0,369577920686.0,15.0,8.874,16955000000.0,4.097,1.0,76754000000.0,0.586,128439000000.0,4835000000.0,249285000000.0,229252500000.0,1167000000.0,650000000.0,0.0,650000000.0,225161000000.0,38214000000.0,186947000000.0,236272920686.0,392000000.0,-220000000.0,0.0,-3741000000.0,-9908000000.0,-15555000000.0,-17795000000.0,0.0,33742000000.0,0.0,15839000000.0,15839000000.0,15839000000.0,0.0,522000000.0,0.121,52883000000.0,23871000000.0,17633000000.0,0.626,4.176,14.917,14.916,110285000000.0,0.0,57.13,1.802,1.803,24926000000.0,47945000000.0,131087000000.0,131087000000.0,0.0,0.058,0.288,0.107,0.187,0.0,31100000000.0,1.0,4135706646.0,4138000000,4139000000.0,31.679,154669000000.0,0.0,3779000000.0,34225000000.0,37.378,-4906000000.0
9,VZ,MRT,2019-03-31,2019-03-31,2019-03-31,2021-08-25,2216000000.0,283947000000.0,269410250000.0,33397000000.0,250550000000.0,0.487,13.498,-16374000000.0,2322000000.0,2322000000.0,55243000000.0,16533000000.0,0.865,4.055,135627000000.0,11611000000.0,124016000000.0,135627000000.0,0.0,17310000000.0,0.0,0.04,2.385,24681000000.0,41991000000.0,0.32,41991000000.0,24681000000.0,19839000000.0,3.88,3.88,3.88,55856000000.0,53880000000.0,55856000000.0,354645873062.0,14.0,8.446,18398000000.0,4.446,1.0,75976000000.0,0.579,128480000000.0,4842000000.0,250165000000.0,219668250000.0,1417000000.0,674000000.0,0.0,674000000.0,226487000000.0,38607000000.0,187880000000.0,244327873062.0,602000000.0,-223000000.0,0.0,-4459000000.0,-9854000000.0,-16718000000.0,-17452000000.0,0.0,34772000000.0,0.0,16015000000.0,16015000000.0,16015000000.0,0.0,518000000.0,0.122,53338000000.0,22638000000.0,18664000000.0,0.615,4.374,15.256,15.24,110954000000.0,0.0,59.13,1.862,1.865,24469000000.0,46493000000.0,131219000000.0,131219000000.0,0.0,0.059,0.297,0.112,0.188,0.0,31437000000.0,1.0,4132045883.0,4138000000,4140000000.0,31.711,155467000000.0,0.0,3824000000.0,34344000000.0,37.571,-5210000000.0
10,VZ,MRT,2018-12-31,2018-12-31,2018-12-31,2021-08-25,2370000000.0,264829000000.0,264552500000.0,34636000000.0,230193000000.0,0.495,12.874,-16658000000.0,2745000000.0,2745000000.0,55508000000.0,16039000000.0,0.913,3.954,113063000000.0,7190000000.0,105873000000.0,113063000000.0,0.0,17403000000.0,0.0,0.042,2.372,23945000000.0,41348000000.0,0.316,41348000000.0,23945000000.0,19112000000.0,3.76,3.76,3.76,53145000000.0,52611250000.0,53145000000.0,342705888978.0,14.0,8.288,17681000000.0,4.283,1.0,75355000000.0,0.576,128519000000.0,4833000000.0,208698000000.0,211432750000.0,1336000000.0,671000000.0,0.0,671000000.0,210119000000.0,37930000000.0,172189000000.0,232301888978.0,1028000000.0,-230000000.0,0.0,-3781000000.0,-9772000000.0,-15377000000.0,-17934000000.0,0.0,34339000000.0,0.0,15528000000.0,15528000000.0,15528000000.0,0.0,511000000.0,0.119,53077000000.0,22278000000.0,22501000000.0,0.631,4.371,14.96,14.952,89286000000.0,0.0,56.22,1.775,1.773,25102000000.0,43542000000.0,130863000000.0,130863000000.0,0.0,0.059,0.295,0.113,0.183,0.0,31083000000.0,1.0,4132015101.0,4128000000,4132000000.0,31.701,136310000000.0,0.0,3584000000.0,33795000000.0,33.021,-3294000000.0
11,VZ,MRT,2018-09-30,2018-09-30,2018-09-30,2021-08-25,3201000000.0,265562000000.0,262631000000.0,33154000000.0,232408000000.0,0.497,13.176,-17991000000.0,2538000000.0,2538000000.0,55775000000.0,32757000000.0,0.97,3.844,112942000000.0,6502000000.0,106440000000.0,112942000000.0,0.0,17507000000.0,0.0,0.044,2.36,25544000000.0,43051000000.0,0.33,43051000000.0,25544000000.0,20691000000.0,7.87,7.86,7.87,54495000000.0,50099000000.0,54495000000.0,333494042004.0,13.0,7.746,16096000000.0,3.892,1.0,74762000000.0,0.573,132937000000.0,4853000000.0,208862000000.0,212079750000.0,1270000000.0,732000000.0,0.0,732000000.0,209475000000.0,34167000000.0,175308000000.0,220604042004.0,-1493000000.0,328000000.0,0.0,-4119000000.0,-9688000000.0,-16975000000.0,-18605000000.0,0.0,34087000000.0,0.0,32258000000.0,32258000000.0,32258000000.0,0.0,499000000.0,0.247,47660000000.0,27102000000.0,19342000000.0,0.3,4.048,6.839,6.784,87464000000.0,0.0,53.39,1.69,1.692,24012000000.0,44091000000.0,130537000000.0,130537000000.0,0.0,0.123,0.644,0.12,0.196,0.0,30153000000.0,1.0,4131935606.0,4136000000,4140000000.0,31.561,132625000000.0,0.0,-11567000000.0,35712000000.0,32.066,-1013000000.0
12,VZ,MRT,2018-06-30,2018-06-30,2018-06-30,2021-08-25,3205000000.0,263303000000.0,259911000000.0,30876000000.0,232427000000.0,0.499,12.581,-18074000000.0,1750000000.0,1750000000.0,55418000000.0,31431000000.0,0.955,4.031,114640000000.0,5466000000.0,109174000000.0,114640000000.0,0.0,17402000000.0,0.0,0.047,2.347,24355000000.0,41757000000.0,0.322,41757000000.0,24355000000.0,19549000000.0,7.57,7.56,7.57,52024000000.0,43187250000.0,52024000000.0,325009713317.0,13.0,7.783,13371000000.0,3.234,1.0,74229000000.0,0.573,132916000000.0,4806000000.0,210948000000.0,212654500000.0,1102000000.0,787000000.0,0.0,787000000.0,209728000000.0,32329000000.0,177399000000.0,207875713317.0,-2396000000.0,415000000.0,0.0,-2949000000.0,-9607000000.0,-15916000000.0,-17925000000.0,0.0,31445000000.0,0.0,30954000000.0,30954000000.0,30954000000.0,0.0,477000000.0,0.239,47814000000.0,26415000000.0,18560000000.0,0.31,3.996,6.716,6.646,87781000000.0,0.0,50.31,1.603,1.605,23099000000.0,41657000000.0,129647000000.0,129647000000.0,0.0,0.119,0.717,0.115,0.188,0.0,30412000000.0,1.0,4131896508.0,4135000000,4139000000.0,31.354,130387000000.0,0.0,-11405000000.0,35069000000.0,31.533,-1453000000.0
13,VZ,MRT,2018-03-31,2018-03-31,2018-03-31,2021-08-25,3705000000.0,264516000000.0,257329750000.0,31025000000.0,233491000000.0,0.497,12.374,-18732000000.0,1923000000.0,1923000000.0,54271000000.0,31663000000.0,0.981,4.178,119057000000.0,6323000000.0,112734000000.0,119057000000.0,0.0,17219000000.0,0.0,0.049,2.334,25801000000.0,43020000000.0,0.336,43020000000.0,25801000000.0,20999000000.0,7.64,7.63,7.64,50781000000.0,36478500000.0,50781000000.0,310097027836.0,12.0,7.208,10858000000.0,2.646,1.0,73721000000.0,0.576,132812000000.0,4802000000.0,217223000000.0,212544000000.0,1285000000.0,994000000.0,0.0,994000000.0,212171000000.0,31615000000.0,180556000000.0,195081027836.0,-1733000000.0,-552000000.0,0.0,-783000000.0,-9525000000.0,-12132000000.0,-19191000000.0,0.0,29590000000.0,0.0,31196000000.0,31196000000.0,31196000000.0,0.0,467000000.0,0.244,45909000000.0,27812000000.0,17052000000.0,0.305,3.842,6.253,6.259,87922000000.0,0.0,47.82,1.524,1.533,22595000000.0,39974000000.0,127992000000.0,127992000000.0,0.0,0.121,0.855,0.121,0.202,0.0,28690000000.0,1.0,4079486153.0,4104000000,4107000000.0,31.187,131704000000.0,0.0,-10197000000.0,34414000000.0,32.092,-590000000.0
14,VZ,MRT,2017-12-31,2017-12-31,2017-12-31,2021-08-25,2659000000.0,257143000000.0,252883500000.0,29913000000.0,227230000000.0,0.498,10.552,-17247000000.0,2079000000.0,2079000000.0,53063000000.0,30550000000.0,0.905,4.93,117095000000.0,3453000000.0,113642000000.0,117095000000.0,0.0,16954000000.0,0.0,0.044,2.321,24878000000.0,41832000000.0,0.332,41832000000.0,24878000000.0,20145000000.0,7.37,7.36,7.37,43096000000.0,29656500000.0,43096000000.0,328934803449.0,13.0,7.863,7071000000.0,1.731,1.0,72971000000.0,0.579,127836000000.0,4733000000.0,211286000000.0,210240750000.0,1034000000.0,1039000000.0,0.0,1039000000.0,212456000000.0,33037000000.0,179419000000.0,215924803449.0,-289000000.0,-2266000000.0,0.0,7760000000.0,-9472000000.0,-6151000000.0,-18456000000.0,0.0,24318000000.0,0.0,30101000000.0,30101000000.0,30101000000.0,0.0,449000000.0,0.239,45546000000.0,27425000000.0,21232000000.0,0.315,5.01,7.173,7.182,88568000000.0,0.0,52.93,1.713,1.715,23493000000.0,35635000000.0,126034000000.0,126034000000.0,0.0,0.119,1.015,0.118,0.197,0.0,28592000000.0,1.0,4079440836.0,4084000000,4089000000.0,30.86,129307000000.0,0.0,-9956000000.0,31232000000.0,31.662,-3124000000.0
15,VZ,MRT,2017-09-30,2017-09-30,2017-09-30,2021-08-25,2683000000.0,254682000000.0,249642750000.0,30867000000.0,223815000000.0,0.498,6.574,-16943000000.0,4487000000.0,4487000000.0,53144000000.0,16367000000.0,1.067,8.426,117497000000.0,2180000000.0,115317000000.0,117497000000.0,0.0,16485000000.0,0.0,0.047,2.308,28820000000.0,45305000000.0,0.364,45305000000.0,28820000000.0,24169000000.0,3.91,3.9,3.91,26848000000.0,24513500000.0,26848000000.0,314849899742.0,11.0,6.95,3497000000.0,0.856,1.0,71275000000.0,0.573,127601000000.0,4651000000.0,211161000000.0,206485000000.0,1276000000.0,1054000000.0,0.0,1054000000.0,226231000000.0,28930000000.0,197301000000.0,201889899742.0,-1641000000.0,-5435000000.0,0.0,11011000000.0,-9421000000.0,-1759000000.0,-20322000000.0,0.0,20440000000.0,0.0,15927000000.0,15927000000.0,15927000000.0,0.0,440000000.0,0.128,39098000000.0,32177000000.0,18434000000.0,0.59,7.52,12.676,12.657,86622000000.0,0.0,49.49,1.623,1.624,21549000000.0,19373000000.0,124419000000.0,124419000000.0,0.0,0.064,0.65,0.14,0.232,0.0,22613000000.0,1.0,4079407956.0,4084000000,4089000000.0,30.465,127081000000.0,0.0,8242000000.0,48345000000.0,31.117,1937000000.0
16,VZ,MRT,2017-06-30,2017-06-30,2017-06-30,2021-08-25,2284000000.0,252978000000.0,245846750000.0,28823000000.0,224155000000.0,0.503,6.171,-16797000000.0,4583000000.0,4583000000.0,52399000000.0,16378000000.0,1.038,8.981,117543000000.0,1153000000.0,116390000000.0,117543000000.0,0.0,16155000000.0,0.0,0.051,2.296,28748000000.0,44903000000.0,0.363,44903000000.0,28748000000.0,24223000000.0,3.91,3.9,3.91,25189000000.0,22916500000.0,25189000000.0,294423635930.0,10.0,6.557,1290000000.0,0.316,1.0,71240000000.0,0.576,127674000000.0,4525000000.0,210506000000.0,200765000000.0,1116000000.0,1075000000.0,0.0,1075000000.0,226217000000.0,27758000000.0,198459000000.0,182184635930.0,1999000000.0,-6306000000.0,0.0,17922000000.0,-9367000000.0,5698000000.0,-21786000000.0,0.0,18087000000.0,0.0,15927000000.0,15927000000.0,15927000000.0,0.0,451000000.0,0.129,39511000000.0,31729000000.0,17825000000.0,0.587,7.233,11.439,11.422,86521000000.0,0.0,44.66,1.474,1.474,19771000000.0,18159000000.0,123639000000.0,123639000000.0,0.0,0.065,0.695,0.143,0.233,0.0,23356000000.0,1.0,4079369367.0,4082000000,4087000000.0,30.289,125304000000.0,0.0,8296000000.0,47506000000.0,30.697,1065000000.0
17,VZ,MRT,2017-03-31,2017-03-31,2017-03-31,2021-08-25,2609000000.0,246731000000.0,240569750000.0,27158000000.0,219573000000.0,0.514,5.755,-16739000000.0,4307000000.0,4307000000.0,52136000000.0,12731000000.0,1.019,9.437,116546000000.0,3707000000.0,112839000000.0,116546000000.0,0.0,15970000000.0,0.0,0.047,2.284,23258000000.0,39228000000.0,0.317,39228000000.0,23258000000.0,18938000000.0,3.01,3.0,3.01,23493000000.0,21430250000.0,23493000000.0,303938672910.0,13.0,7.748,-1171000000.0,-0.287,1.0,71487000000.0,0.578,124296000000.0,4320000000.0,208010000000.0,191771750000.0,1194000000.0,1080000000.0,0.0,1080000000.0,221694000000.0,26664000000.0,195030000000.0,198740672910.0,-1446000000.0,4532000000.0,0.0,7900000000.0,-9314000000.0,-6026000000.0,-10988000000.0,0.0,15568000000.0,0.0,12267000000.0,12267000000.0,12267000000.0,0.0,464000000.0,0.099,43218000000.0,28269000000.0,14826000000.0,0.759,8.46,16.201,16.196,85213000000.0,0.0,48.75,1.608,1.61,16863000000.0,16153000000.0,123623000000.0,123623000000.0,0.0,0.051,0.572,0.121,0.188,0.0,27248000000.0,1.0,4076731752.0,4082000000,4087000000.0,30.285,122435000000.0,0.0,6671000000.0,47847000000.0,29.994,494000000.0
18,VZ,MRT,2016-12-31,2016-12-31,2016-12-31,2021-08-25,2673000000.0,244180000000.0,240033750000.0,26395000000.0,217785000000.0,0.525,5.521,-17059000000.0,2880000000.0,2880000000.0,52701000000.0,13608000000.0,0.87,9.774,108078000000.0,2645000000.0,105433000000.0,108078000000.0,0.0,15928000000.0,0.0,0.043,2.272,24881000000.0,40809000000.0,0.324,40809000000.0,24881000000.0,20505000000.0,3.22,3.21,3.22,22524000000.0,20217250000.0,22524000000.0,317760720358.0,13.0,7.787,4630000000.0,1.135,1.0,73279000000.0,0.582,122775000000.0,4376000000.0,196263000000.0,188494000000.0,1202000000.0,1110000000.0,0.0,1110000000.0,220148000000.0,30340000000.0,189808000000.0,217610720358.0,-1561000000.0,6117000000.0,0.0,-1209000000.0,-9262000000.0,-13376000000.0,-9874000000.0,0.0,21689000000.0,0.0,13127000000.0,13127000000.0,13127000000.0,0.0,481000000.0,0.104,44030000000.0,29249000000.0,19593000000.0,0.706,9.661,16.577,16.578,84751000000.0,0.0,53.38,1.727,1.729,17513000000.0,15059000000.0,125980000000.0,125980000000.0,0.0,0.055,0.649,0.132,0.197,0.0,28102000000.0,1.0,4076633952.0,4080000000,4086000000.0,30.877,121405000000.0,0.0,7378000000.0,45964000000.0,29.756,-3945000000.0
19,VZ,MRT,2016-09-30,2016-09-30,2016-09-30,2021-08-25,2758000000.0,239498000000.0,240032500000.0,25621000000.0,213877000000.0,0.533,5.016,-16633000000.0,6441000000.0,6441000000.0,51769000000.0,14521000000.0,0.846,10.631,106591000000.0,3852000000.0,102739000000.0,106591000000.0,0.0,15980000000.0,0.0,0.043,2.26,26534000000.0,42514000000.0,0.332,42514000000.0,26534000000.0,22117000000.0,3.45,3.44,3.45,20460000000.0,18693250000.0,20460000000.0,308754169279.0,12.0,7.262,11692000000.0,2.866,1.0,76125000000.0,0.595,121069000000.0,4417000000.0,188281000000.0,188149250000.0,1318000000.0,1119000000.0,0.0,1119000000.0,217515000000.0,30298000000.0,187217000000.0,211886169279.0,2566000000.0,8627000000.0,-31000000.0,-5925000000.0,-9073000000.0,-17773000000.0,-7986000000.0,0.0,28325000000.0,0.0,14023000000.0,14023000000.0,14023000000.0,0.0,498000000.0,0.11,47345000000.0,28780000000.0,18002000000.0,0.655,10.356,15.11,15.067,83414000000.0,0.0,51.98,1.657,1.658,14832000000.0,12918000000.0,127894000000.0,127894000000.0,0.0,0.058,0.75,0.141,0.207,0.0,31365000000.0,1.0,4076301833.0,4079000000,4086000000.0,31.354,118429000000.0,0.0,8094000000.0,44617000000.0,29.034,-4677000000.0
20,VZ,MRT,2016-06-30,2016-06-30,2016-06-30,2021-08-25,2847000000.0,231870000000.0,240676250000.0,20844000000.0,211026000000.0,0.541,4.718,-16895000000.0,2857000000.0,2857000000.0,52845000000.0,14945000000.0,0.606,10.971,99725000000.0,6803000000.0,92922000000.0,99725000000.0,0.0,16047000000.0,0.0,0.04,2.245,27482000000.0,43529000000.0,0.335,43529000000.0,27482000000.0,22901000000.0,3.55,3.54,3.55,19244000000.0,16862750000.0,19244000000.0,331653924991.0,12.0,7.619,16134000000.0,3.955,1.0,77270000000.0,0.594,119797000000.0,4581000000.0,174533000000.0,190142250000.0,931000000.0,822000000.0,0.0,822000000.0,211126000000.0,34408000000.0,176718000000.0,227619924991.0,-151000000.0,9432000000.0,-60000000.0,-14301000000.0,-8877000000.0,-25961000000.0,-7219000000.0,0.0,33029000000.0,0.0,14441000000.0,14441000000.0,14441000000.0,0.0,504000000.0,0.111,47495000000.0,29775000000.0,19090000000.0,0.632,11.828,15.762,15.73,83172000000.0,0.0,55.84,1.749,1.751,13294000000.0,11652000000.0,130115000000.0,130115000000.0,0.0,0.06,0.856,0.145,0.211,0.0,31448000000.0,1.0,4076288055.0,4079000000,4085000000.0,31.899,112073000000.0,0.0,8460000000.0,43825000000.0,27.476,-13564000000.0
21,VZ,MRT,2016-03-31,2016-03-31,2016-03-31,2021-08-25,459000000.0,244587000000.0,242897000000.0,23615000000.0,220972000000.0,0.543,4.569,-17497000000.0,5846000000.0,5846000000.0,53073000000.0,18467000000.0,0.709,12.042,109880000000.0,6265000000.0,103615000000.0,109880000000.0,0.0,16045000000.0,0.0,0.041,2.23,32616000000.0,48661000000.0,0.369,48661000000.0,32616000000.0,27840000000.0,4.42,4.41,4.42,18641000000.0,14905500000.0,18641000000.0,326037318522.0,10.0,6.7,18858000000.0,4.622,1.0,78734000000.0,0.597,120410000000.0,4776000000.0,194899000000.0,196768500000.0,1142000000.0,821000000.0,0.0,821000000.0,224484000000.0,33312000000.0,191172000000.0,220313318522.0,1460000000.0,-3656000000.0,-134000000.0,-4836000000.0,-8687000000.0,-14592000000.0,-20303000000.0,0.0,36355000000.0,0.0,17970000000.0,17970000000.0,17970000000.0,0.0,497000000.0,0.136,45692000000.0,33042000000.0,18118000000.0,0.505,11.819,12.26,12.235,83011000000.0,0.0,54.08,1.671,1.674,12485000000.0,13253000000.0,131807000000.0,131807000000.0,0.0,0.074,1.206,0.166,0.247,0.0,29647000000.0,1.0,4073840949.0,4080000000,4085000000.0,32.306,124177000000.0,0.0,9870000000.0,45568000000.0,30.436,-9697000000.0
22,VZ,MRT,2015-12-31,2015-12-31,2015-12-31,2021-08-25,550000000.0,244175000000.0,240697750000.0,22355000000.0,221820000000.0,0.547,4.022,-17775000000.0,4470000000.0,4470000000.0,52557000000.0,18375000000.0,0.638,13.777,109729000000.0,6489000000.0,103240000000.0,109729000000.0,0.0,16017000000.0,0.0,0.06,2.765,32664000000.0,48681000000.0,0.37,48681000000.0,32664000000.0,27744000000.0,4.38,4.37,4.38,16428000000.0,12580000000.0,16428000000.0,296512316392.0,9.0,6.091,21252000000.0,5.202,1.0,79063000000.0,0.601,119498000000.0,4920000000.0,194884000000.0,200869750000.0,1252000000.0,1146000000.0,350000000.0,796000000.0,226333000000.0,35052000000.0,191281000000.0,188063316392.0,-6128000000.0,-3497000000.0,-5134000000.0,-3017000000.0,-8538000000.0,-15112000000.0,-30043000000.0,0.0,39027000000.0,0.0,17879000000.0,17879000000.0,17879000000.0,0.0,496000000.0,0.136,46003000000.0,33060000000.0,19362000000.0,0.631,11.448,10.519,10.553,83541000000.0,0.0,46.22,1.429,1.434,13457000000.0,11246000000.0,131620000000.0,131620000000.0,0.0,0.074,1.421,0.163,0.248,0.0,29986000000.0,1.0,4068873137.0,4085000000,4093000000.0,32.22,124677000000.0,0.0,9865000000.0,45484000000.0,30.521,-12697000000.0
23,VZ,MRT,2015-09-30,2015-09-30,2015-09-30,2021-08-25,600000000.0,242073000000.0,237808000000.0,21768000000.0,220305000000.0,0.549,3.226,-17107000000.0,3875000000.0,3875000000.0,52253000000.0,10714000000.0,0.631,17.319,112324000000.0,7264000000.0,105060000000.0,112324000000.0,0.0,16046000000.0,0.0,0.063,2.75,20343000000.0,36389000000.0,0.279,36389000000.0,20343000000.0,15319000000.0,2.45,2.44,2.45,13138000000.0,11547500000.0,13138000000.0,287561235773.0,14.0,7.902,18793000000.0,4.615,1.0,78305000000.0,0.6,119777000000.0,5024000000.0,196253000000.0,202547250000.0,1319000000.0,1085000000.0,306000000.0,779000000.0,227531000000.0,34492000000.0,193039000000.0,176898235773.0,-3343000000.0,-3207000000.0,-5103000000.0,3292000000.0,-8523000000.0,-9221000000.0,-30022000000.0,0.0,35900000000.0,0.0,10257000000.0,10257000000.0,10257000000.0,0.0,457000000.0,0.079,57125000000.0,21180000000.0,17721000000.0,1.122,13.465,17.247,17.759,82562000000.0,0.0,43.51,1.355,1.357,13105000000.0,8156000000.0,130558000000.0,130558000000.0,0.0,0.043,0.888,0.1,0.156,0.0,41079000000.0,1.0,4065691468.0,4072000000,4078000000.0,32.062,122296000000.0,0.0,5062000000.0,42896000000.0,30.033,-12724000000.0
24,VZ,MRT,2015-06-30,2015-06-30,2015-06-30,2021-08-25,821000000.0,240753000000.0,233863000000.0,21502000000.0,219251000000.0,0.552,2.798,-16850000000.0,3008000000.0,3008000000.0,51200000000.0,10337000000.0,0.702,19.963,113671000000.0,4206000000.0,109465000000.0,113671000000.0,0.0,16204000000.0,0.0,0.059,2.73,19722000000.0,35926000000.0,0.279,35926000000.0,19722000000.0,14645000000.0,2.35,2.34,2.35,11415000000.0,12407250000.0,11415000000.0,299100282566.0,15.0,8.325,17883000000.0,4.384,1.0,77786000000.0,0.603,119733000000.0,5077000000.0,201038000000.0,202423500000.0,1149000000.0,1103000000.0,309000000.0,794000000.0,227879000000.0,30645000000.0,197234000000.0,190098282566.0,-2768000000.0,-3108000000.0,-5074000000.0,4210000000.0,-8486000000.0,-7820000000.0,-29681000000.0,0.0,34733000000.0,0.0,9914000000.0,9914000000.0,9914000000.0,0.0,423000000.0,0.077,57251000000.0,20535000000.0,16953000000.0,1.162,16.653,19.175,19.834,82532000000.0,0.0,46.61,1.474,1.474,13444000000.0,6418000000.0,128986000000.0,128986000000.0,0.0,0.042,0.799,0.097,0.153,0.0,41047000000.0,1.0,4078487075.0,4079000000,4085000000.0,31.622,121020000000.0,0.0,4731000000.0,42945000000.0,29.669,-9143000000.0
25,VZ,MRT,2015-03-31,2015-03-31,2015-03-31,2021-08-25,916000000.0,235790000000.0,229781500000.0,22836000000.0,212954000000.0,0.558,2.269,-16706000000.0,4386000000.0,4386000000.0,50838000000.0,10308000000.0,0.795,24.096,113388000000.0,4439000000.0,108949000000.0,113388000000.0,0.0,16385000000.0,0.0,0.056,2.71,19607000000.0,35992000000.0,0.281,35992000000.0,19607000000.0,14574000000.0,2.33,2.31,2.33,9339000000.0,13278750000.0,9339000000.0,304750501155.0,16.0,8.467,16955000000.0,4.119,1.0,77407000000.0,0.604,104775000000.0,5033000000.0,211304000000.0,201269750000.0,1076000000.0,1309000000.0,547000000.0,762000000.0,225031000000.0,28713000000.0,196318000000.0,202077501155.0,1479000000.0,93000000.0,-5000000000.0,4973000000.0,-8439000000.0,-7681000000.0,-24501000000.0,0.0,33661000000.0,0.0,9897000000.0,9897000000.0,9897000000.0,0.0,411000000.0,0.077,57008000000.0,20399000000.0,15189000000.0,1.163,21.638,20.418,20.871,81642000000.0,0.0,48.63,1.576,1.561,12698000000.0,4422000000.0,128245000000.0,128245000000.0,0.0,0.043,0.745,0.097,0.153,0.0,40623000000.0,1.0,4155408208.0,4116000000,4121000000.0,31.158,131015000000.0,0.0,4677000000.0,42330000000.0,31.831,-5877000000.0
26,VZ,MRT,2014-12-31,2014-12-31,2014-12-31,2021-08-25,1111000000.0,232616000000.0,226224500000.0,29499000000.0,203117000000.0,0.562,3.095,-17191000000.0,10598000000.0,10598000000.0,49931000000.0,11956000000.0,1.054,17.803,113271000000.0,2735000000.0,110536000000.0,113271000000.0,0.0,16533000000.0,0.0,0.046,2.14,17854000000.0,34387000000.0,0.271,34387000000.0,17854000000.0,12939000000.0,2.42,2.42,2.42,12298000000.0,14121750000.0,12298000000.0,296136074967.0,17.0,8.612,13440000000.0,3.382,1.0,77148000000.0,0.607,105708000000.0,4915000000.0,201594000000.0,198411750000.0,1153000000.0,1357000000.0,555000000.0,802000000.0,218940000000.0,27987000000.0,190953000000.0,194124074967.0,-42930000000.0,-62000000.0,34000000.0,12823000000.0,-7803000000.0,-57705000000.0,-15856000000.0,0.0,30631000000.0,0.0,9625000000.0,9625000000.0,9625000000.0,0.0,2331000000.0,0.076,57549000000.0,19599000000.0,16680000000.0,0.884,15.785,20.169,19.331,89947000000.0,0.0,46.78,1.528,1.463,13993000000.0,2447000000.0,127079000000.0,127079000000.0,0.0,0.043,0.682,0.09,0.14,0.0,41016000000.0,1.0,4149723706.0,3974000000,3981000000.0,31.978,126908000000.0,0.0,3314000000.0,41563000000.0,31.935,1512000000.0
27,VZ,MRT,2014-09-30,2014-09-30,2014-09-30,2021-08-25,1175000000.0,226293000000.0,236595000000.0,24773000000.0,201520000000.0,0.528,3.993,-17421000000.0,7218000000.0,7218000000.0,47490000000.0,22020000000.0,0.921,12.567,109230000000.0,1603000000.0,107627000000.0,109230000000.0,0.0,16648000000.0,0.0,0.042,2.12,29513000000.0,46161000000.0,0.369,46161000000.0,29513000000.0,24819000000.0,4.83,4.81,4.83,16577000000.0,20756250000.0,16577000000.0,311423154329.0,11.0,6.746,16167000000.0,3.894,1.0,77462000000.0,0.62,105658000000.0,4694000000.0,195758000000.0,193245750000.0,1206000000.0,1453000000.0,635000000.0,818000000.0,208325000000.0,26889000000.0,181436000000.0,207220154329.0,-49492000000.0,-473000000.0,43000000.0,2966000000.0,-7169000000.0,-67840000000.0,-15240000000.0,0.0,33588000000.0,0.0,16923000000.0,16923000000.0,16923000000.0,0.0,5097000000.0,0.135,43664000000.0,33798000000.0,17055000000.0,0.439,12.5,12.245,10.35,89932000000.0,0.0,49.99,1.658,1.661,13283000000.0,6964000000.0,124952000000.0,124952000000.0,0.0,0.072,0.815,0.153,0.236,0.0,27016000000.0,1.0,4145232133.0,4152000000,4159000000.0,30.094,120635000000.0,0.0,7896000000.0,42289000000.0,29.055,-2116000000.0
28,VZ,MRT,2014-06-30,2014-06-30,2014-06-30,2021-08-25,1188000000.0,224427000000.0,249190500000.0,22887000000.0,201540000000.0,0.496,3.593,-17482000000.0,5776000000.0,5776000000.0,46198000000.0,23804000000.0,0.864,13.987,109979000000.0,2283000000.0,107696000000.0,109979000000.0,0.0,16635000000.0,0.0,0.043,2.105,26520000000.0,43155000000.0,0.349,43155000000.0,26520000000.0,22526000000.0,4.72,4.7,4.72,14901000000.0,25358250000.0,14901000000.0,309488419396.0,12.0,7.172,18992000000.0,4.58,1.0,77447000000.0,0.626,105714000000.0,3994000000.0,196423000000.0,189866250000.0,1073000000.0,1500000000.0,648000000.0,852000000.0,208415000000.0,26493000000.0,181922000000.0,202626419396.0,3988000000.0,-597000000.0,45000000.0,52331000000.0,-6573000000.0,-19142000000.0,-13344000000.0,0.0,36474000000.0,0.0,15460000000.0,15460000000.0,15460000000.0,0.0,8344000000.0,0.125,43411000000.0,34036000000.0,16521000000.0,0.446,13.598,13.106,10.367,89712000000.0,0.0,48.93,1.639,1.641,12966000000.0,5551000000.0,123645000000.0,123645000000.0,0.0,0.062,0.61,0.14,0.214,0.0,26776000000.0,1.0,4141148976.0,4147000000,4153000000.0,29.816,118713000000.0,0.0,7066000000.0,42027000000.0,28.626,-3606000000.0
29,VZ,MRT,2014-03-31,2014-03-31,2014-03-31,2021-08-25,1290000000.0,221562000000.0,248920250000.0,23272000000.0,198290000000.0,0.49,3.711,-17152000000.0,2907000000.0,2907000000.0,45144000000.0,24678000000.0,0.918,16.341,109769000000.0,2152000000.0,107617000000.0,109769000000.0,0.0,16625000000.0,0.0,0.044,2.09,22670000000.0,39295000000.0,0.322,39295000000.0,22670000000.0,19326000000.0,4.48,4.47,4.48,12711000000.0,30148250000.0,12711000000.0,237057065430.0,10.0,6.033,21274000000.0,6.211,1.0,76804000000.0,0.63,103199000000.0,3344000000.0,199872000000.0,174806000000.0,881000000.0,1526000000.0,637000000.0,889000000.0,207711000000.0,25353000000.0,182358000000.0,196994065430.0,-2568000000.0,-630000000.0,63000000.0,49106000000.0,-5981000000.0,-25229000000.0,-15765000000.0,0.0,38426000000.0,0.0,13492000000.0,13492000000.0,13492000000.0,0.0,11186000000.0,0.111,43898000000.0,32906000000.0,14984000000.0,0.467,15.498,14.601,10.618,89056000000.0,0.0,47.57,1.615,1.336,12131000000.0,3534000000.0,121948000000.0,121948000000.0,0.0,0.054,0.448,0.13,0.186,0.0,27273000000.0,1.0,4141140749.0,3425000000,3430000000.0,35.605,118363000000.0,0.0,5834000000.0,41597000000.0,34.559,-2081000000.0
30,VZ,MRT,2013-12-31,2013-12-31,2013-12-31,2021-08-25,2358000000.0,274098000000.0,250076250000.0,70994000000.0,203104000000.0,0.482,13.551,-16604000000.0,53528000000.0,53528000000.0,44887000000.0,23547000000.0,2.625,4.601,93591000000.0,3933000000.0,89658000000.0,93591000000.0,0.0,16606000000.0,0.0,0.042,2.075,19894000000.0,36500000000.0,0.303,36500000000.0,19894000000.0,17227000000.0,4.01,4.0,4.01,38836000000.0,35298000000.0,38836000000.0,183056432445.0,9.0,5.015,22214000000.0,7.751,1.0,75663000000.0,0.628,106181000000.0,2667000000.0,180930000000.0,158962750000.0,1020000000.0,4033000000.0,601000000.0,3432000000.0,178682000000.0,27050000000.0,151632000000.0,140626432445.0,50435000000.0,-494000000.0,-68000000.0,40861000000.0,-5936000000.0,26450000000.0,-14833000000.0,0.0,38818000000.0,0.0,11497000000.0,11497000000.0,11497000000.0,0.0,12050000000.0,0.095,43695000000.0,31968000000.0,16453000000.0,0.517,3.621,12.232,12.254,88956000000.0,0.0,49.14,1.167,1.168,12439000000.0,1782000000.0,120550000000.0,120550000000.0,0.0,0.046,0.326,0.125,0.165,0.0,27089000000.0,1.0,2861750762.0,2866000000,2874000000.0,42.062,167917000000.0,0.0,5730000000.0,28639000000.0,58.589,43944000000.0
31,VZ,MRT,2013-09-30,2013-09-30,2013-09-30,2021-08-25,2118000000.0,276675000000.0,237857250000.0,73705000000.0,202970000000.0,0.503,12.207,-16667000000.0,56710000000.0,56710000000.0,45994000000.0,13705000000.0,2.433,5.328,99140000000.0,8202000000.0,90938000000.0,99140000000.0,0.0,16560000000.0,0.0,0.044,2.06,4458000000.0,21018000000.0,0.176,21018000000.0,4458000000.0,2277000000.0,0.76,0.76,0.76,34985000000.0,33878250000.0,34985000000.0,181531338905.0,41.0,8.637,18448000000.0,6.437,1.0,73536000000.0,0.615,106574000000.0,2181000000.0,182240000000.0,148566250000.0,1193000000.0,4054000000.0,631000000.0,3423000000.0,186410000000.0,30291000000.0,156119000000.0,133567338905.0,46996000000.0,-156000000.0,-40000000.0,45602000000.0,-5763000000.0,26981000000.0,-15100000000.0,-28000000.0,35115000000.0,0.0,2201000000.0,2201000000.0,2201000000.0,0.0,11504000000.0,0.018,56800000000.0,16736000000.0,15622000000.0,2.711,3.818,60.685,61.414,88527000000.0,0.0,46.675,1.117,1.119,12111000000.0,-1768000000.0,119530000000.0,119530000000.0,0.0,0.009,0.065,0.03,0.037,0.0,40240000000.0,1.0,2861646254.0,2866000000,2874000000.0,41.706,170101000000.0,0.0,76000000.0,25821000000.0,59.351,43414000000.0
32,VZ,MRT,2013-06-30,2013-06-30,2013-06-30,2021-08-25,1994000000.0,223346000000.0,226459000000.0,21957000000.0,201389000000.0,0.522,11.889,-16361000000.0,1788000000.0,1788000000.0,46025000000.0,12419000000.0,0.752,3.998,49752000000.0,7961000000.0,41791000000.0,49752000000.0,0.0,16573000000.0,0.0,0.041,2.045,3493000000.0,20066000000.0,0.17,20066000000.0,3493000000.0,1235000000.0,0.54,0.54,0.54,34061000000.0,34543250000.0,34061000000.0,191434650621.0,55.0,9.54,17002000000.0,5.934,1.0,72233000000.0,0.611,105937000000.0,2258000000.0,136182000000.0,137489000000.0,1040000000.0,3937000000.0,618000000.0,3319000000.0,136190000000.0,29191000000.0,106999000000.0,144028650621.0,-8213000000.0,-786000000.0,26000000.0,-2836000000.0,-5589000000.0,-20823000000.0,-20753000000.0,-21000000.0,33363000000.0,0.0,1562000000.0,1562000000.0,1562000000.0,0.0,10857000000.0,0.013,57142000000.0,15091000000.0,14671000000.0,3.787,4.229,92.208,93.222,88332000000.0,0.0,50.34,1.218,1.22,12216000000.0,-2483000000.0,118258000000.0,118258000000.0,0.0,0.007,0.045,0.025,0.03,0.0,40569000000.0,1.0,2861117414.0,2865000000,2872000000.0,41.277,117409000000.0,0.0,-327000000.0,25696000000.0,40.98,-7234000000.0
33,VZ,MRT,2013-03-31,2013-03-31,2013-03-31,2021-08-25,2056000000.0,226186000000.0,227140500000.0,25258000000.0,200928000000.0,0.515,11.622,-16212000000.0,5475000000.0,5475000000.0,45888000000.0,11506000000.0,0.802,4.161,52881000000.0,10888000000.0,41993000000.0,52881000000.0,0.0,16550000000.0,0.0,0.041,2.03,3042000000.0,19592000000.0,0.167,19592000000.0,3042000000.0,619000000.0,0.4,0.4,0.4,33310000000.0,35315500000.0,33310000000.0,189378236746.0,62.0,9.666,16848000000.0,5.879,1.0,71136000000.0,0.608,105604000000.0,2423000000.0,136499000000.0,138344000000.0,798000000.0,3981000000.0,660000000.0,3321000000.0,138598000000.0,31489000000.0,107109000000.0,140484236746.0,-434000000.0,-794000000.0,149000000.0,1219000000.0,-5411000000.0,-13066000000.0,-20428000000.0,-16000000.0,33060000000.0,0.0,1141000000.0,1141000000.0,1141000000.0,0.0,10365000000.0,0.01,56949000000.0,14187000000.0,14030000000.0,5.075,4.217,123.124,122.875,88181000000.0,0.0,49.15,1.2,1.204,11814000000.0,-3255000000.0,117024000000.0,117024000000.0,0.0,0.005,0.032,0.022,0.026,0.0,40399000000.0,1.0,2858275417.0,2866000000,2872000000.0,40.832,120582000000.0,0.0,-522000000.0,24993000000.0,42.073,-6231000000.0
34,VZ,MRT,2012-12-31,2012-12-31,2012-12-31,2021-08-25,2235000000.0,225222000000.0,226324250000.0,21235000000.0,203987000000.0,0.512,11.622,-16175000000.0,3093000000.0,3093000000.0,46275000000.0,10557000000.0,0.788,4.213,51987000000.0,4369000000.0,47618000000.0,51987000000.0,0.0,16460000000.0,0.0,0.047,2.015,2786000000.0,19246000000.0,0.166,19246000000.0,2786000000.0,215000000.0,0.31,0.31,0.31,33157000000.0,36155750000.0,33157000000.0,166577107280.0,60.0,8.655,15311000000.0,5.367,1.0,69571000000.0,0.601,107816000000.0,2571000000.0,139344000000.0,140017500000.0,1075000000.0,3871000000.0,470000000.0,3401000000.0,139689000000.0,26956000000.0,112733000000.0,123489107280.0,-10269000000.0,-913000000.0,315000000.0,-3351000000.0,-5230000000.0,-21253000000.0,-20502000000.0,0.0,31486000000.0,0.0,875000000.0,875000000.0,875000000.0,0.0,9682000000.0,0.008,56411000000.0,13160000000.0,16182000000.0,6.5,3.724,141.13,139.581,88642000000.0,0.0,43.27,1.066,1.066,12576000000.0,-3734000000.0,115846000000.0,115846000000.0,0.0,0.004,0.024,0.02,0.024,0.0,39951000000.0,1.0,2853919743.0,2853000000,2862000000.0,40.605,117406000000.0,0.0,-660000000.0,24677000000.0,41.152,-5721000000.0
35,VZ,MRT,2012-09-30,2012-09-30,2012-09-30,2021-08-25,1257000000.0,231082000000.0,227634000000.0,27663000000.0,203419000000.0,0.502,13.176,-15013000000.0,9714000000.0,9714000000.0,45296000000.0,12271000000.0,0.962,3.678,52802000000.0,6335000000.0,46467000000.0,52802000000.0,0.0,16503000000.0,0.0,0.044,2.0,6340000000.0,22843000000.0,0.2,22843000000.0,6340000000.0,3641000000.0,1.08,1.08,1.08,37645000000.0,36859000000.0,37645000000.0,172213319194.0,27.0,7.539,18013000000.0,6.305,1.0,68941000000.0,0.603,107469000000.0,2699000000.0,137931000000.0,139932750000.0,1223000000.0,4218000000.0,593000000.0,3625000000.0,138454000000.0,28770000000.0,109684000000.0,129823319194.0,-610000000.0,-957000000.0,380000000.0,-2227000000.0,-5303000000.0,-14373000000.0,-19263000000.0,20000000.0,33026000000.0,0.0,3081000000.0,3081000000.0,3081000000.0,0.0,9190000000.0,0.027,53724000000.0,15217000000.0,16003000000.0,1.852,3.449,42.137,42.194,87810000000.0,0.0,45.57,1.136,1.14,12030000000.0,1968000000.0,114237000000.0,114237000000.0,0.0,0.014,0.084,0.045,0.055,0.0,37221000000.0,1.0,2848876875.0,2857000000,2866000000.0,39.985,123613000000.0,0.0,560000000.0,26474000000.0,43.267,-1107000000.0
36,VZ,MRT,2012-06-30,2012-06-30,2012-06-30,2021-08-25,1147000000.0,226072000000.0,226871500000.0,27130000000.0,198942000000.0,0.499,13.04,-14756000000.0,10001000000.0,10001000000.0,45703000000.0,11521000000.0,1.029,3.651,52391000000.0,5912000000.0,46479000000.0,52391000000.0,0.0,16515000000.0,0.0,0.045,1.988,6117000000.0,22632000000.0,0.2,22632000000.0,6117000000.0,3352000000.0,1.01,1.01,1.01,37150000000.0,37210500000.0,37150000000.0,171943489011.0,28.0,7.597,17503000000.0,6.144,1.0,67440000000.0,0.596,102507000000.0,2765000000.0,139602000000.0,139282000000.0,856000000.0,4316000000.0,777000000.0,3539000000.0,135644000000.0,26353000000.0,109291000000.0,126255489011.0,3761000000.0,-332000000.0,329000000.0,-1691000000.0,-5383000000.0,-13536000000.0,-14962000000.0,9000000.0,32259000000.0,0.0,2867000000.0,2867000000.0,2867000000.0,0.0,8654000000.0,0.025,53059000000.0,14381000000.0,13973000000.0,1.968,3.399,44.037,44.0,87895000000.0,0.0,44.44,1.116,1.119,11595000000.0,1845000000.0,113143000000.0,113143000000.0,0.0,0.013,0.077,0.044,0.054,0.0,36544000000.0,1.0,2841032606.0,2849000000,2858000000.0,39.713,123565000000.0,0.0,485000000.0,25649000000.0,43.371,777000000.0
37,VZ,MRT,2012-03-31,2012-03-31,2012-03-31,2021-08-25,1398000000.0,222921000000.0,226292500000.0,23512000000.0,199409000000.0,0.495,12.903,-15446000000.0,5909000000.0,5909000000.0,45965000000.0,10840000000.0,1.026,3.668,51597000000.0,3121000000.0,48476000000.0,51597000000.0,0.0,16500000000.0,0.0,0.052,1.975,5848000000.0,22348000000.0,0.199,22348000000.0,5848000000.0,3045000000.0,0.94,0.94,0.94,36671000000.0,37760000000.0,36671000000.0,150192088522.0,26.0,6.721,15256000000.0,5.368,1.0,66162000000.0,0.59,102503000000.0,2803000000.0,143193000000.0,139768500000.0,1063000000.0,4189000000.0,623000000.0,3566000000.0,134500000000.0,22913000000.0,111587000000.0,108402088522.0,-8098000000.0,-1833000000.0,240000000.0,-10651000000.0,-5467000000.0,-22252000000.0,-16548000000.0,27000000.0,30702000000.0,0.0,2651000000.0,2651000000.0,2651000000.0,0.0,8189000000.0,0.024,52540000000.0,13622000000.0,13231000000.0,2.101,2.956,40.891,40.67,88186000000.0,0.0,38.23,0.967,0.969,11234000000.0,1444000000.0,112127000000.0,112127000000.0,0.0,0.012,0.07,0.042,0.052,0.0,36040000000.0,1.0,2835524157.0,2842000000,2849000000.0,39.454,120418000000.0,0.0,394000000.0,25610000000.0,42.371,599000000.0
38,VZ,MRT,2011-12-31,2011-12-31,2011-12-31,2021-08-25,1269000000.0,230461000000.0,227589250000.0,30939000000.0,199522000000.0,0.487,12.697,-16244000000.0,13362000000.0,13362000000.0,45875000000.0,10198000000.0,1.006,4.019,55152000000.0,4849000000.0,50303000000.0,55152000000.0,0.0,16496000000.0,0.0,0.049,1.963,5516000000.0,22012000000.0,0.199,22012000000.0,5516000000.0,2689000000.0,0.85,0.85,0.85,35970000000.0,38339250000.0,35970000000.0,158174357119.0,29.0,7.186,13536000000.0,4.778,1.0,65000000000.0,0.586,102485000000.0,2827000000.0,139005000000.0,139433750000.0,940000000.0,4040000000.0,592000000.0,3448000000.0,144553000000.0,30761000000.0,113792000000.0,113583357119.0,6694000000.0,-1797000000.0,241000000.0,1183000000.0,-5555000000.0,-5836000000.0,-17250000000.0,35000000.0,29780000000.0,0.0,2404000000.0,2404000000.0,2404000000.0,0.0,7794000000.0,0.022,52120000000.0,12880000000.0,14689000000.0,2.309,3.158,47.248,47.2,88434000000.0,0.0,40.12,1.024,1.025,11776000000.0,1179000000.0,110875000000.0,110875000000.0,0.0,0.011,0.063,0.04,0.05,0.0,35624000000.0,1.0,2831090656.0,2833000000,2839000000.0,39.137,127976000000.0,0.0,285000000.0,25060000000.0,45.173,178000000.0
39,VZ,MRT,2011-09-30,2011-09-30,2011-09-30,2021-08-25,1037000000.0,228032000000.0,224975250000.0,27770000000.0,200262000000.0,0.484,13.779,-17260000000.0,10324000000.0,10324000000.0,44395000000.0,15058000000.0,0.802,3.598,54915000000.0,8630000000.0,46285000000.0,54915000000.0,0.0,16399000000.0,0.0,0.053,1.95,12984000000.0,29383000000.0,0.27,29383000000.0,12984000000.0,10293000000.0,2.5,2.5,2.5,39051000000.0,38989000000.0,39051000000.0,151907376016.0,12.0,5.17,12501000000.0,4.411,1.0,64439000000.0,0.592,102659000000.0,2691000000.0,135328000000.0,138362500000.0,1153000000.0,3995000000.0,534000000.0,3461000000.0,140517000000.0,34636000000.0,105881000000.0,104165376016.0,4930000000.0,-1303000000.0,139000000.0,712000000.0,-5517000000.0,-6425000000.0,-18406000000.0,74000000.0,29761000000.0,0.0,7066000000.0,7066000000.0,7066000000.0,0.0,7992000000.0,0.065,44036000000.0,20403000000.0,14486000000.0,0.78,2.667,14.742,14.72,88843000000.0,0.0,36.8,0.957,0.958,11648000000.0,4619000000.0,108834000000.0,108834000000.0,0.0,0.031,0.181,0.094,0.119,0.0,27637000000.0,1.0,2830580870.0,2834000000,2839000000.0,38.403,125373000000.0,0.0,3227000000.0,26412000000.0,44.239,-6866000000.0
40,VZ,MRT,2011-06-30,2011-06-30,2011-06-30,2021-08-25,1354000000.0,223756000000.0,223180250000.0,22472000000.0,201284000000.0,0.481,13.894,-17757000000.0,6240000000.0,6240000000.0,43668000000.0,14214000000.0,0.821,3.381,53982000000.0,6055000000.0,47927000000.0,53982000000.0,0.0,16243000000.0,0.0,0.052,1.938,11785000000.0,28028000000.0,0.261,28028000000.0,11785000000.0,9195000000.0,2.24,2.24,2.24,39348000000.0,38705500000.0,39348000000.0,152516582354.0,13.0,5.442,11591000000.0,4.093,1.0,63737000000.0,0.593,102576000000.0,2590000000.0,141548000000.0,139354000000.0,1270000000.0,4496000000.0,588000000.0,3908000000.0,133044000000.0,27374000000.0,105670000000.0,105326582354.0,1479000000.0,-1782000000.0,122000000.0,-4446000000.0,-5481000000.0,-8486000000.0,-19383000000.0,61000000.0,29348000000.0,0.0,6346000000.0,6346000000.0,6346000000.0,0.0,7868000000.0,0.059,44598000000.0,19139000000.0,14238000000.0,0.865,2.677,16.597,16.621,89397000000.0,0.0,37.23,0.981,0.982,11483000000.0,4656000000.0,107405000000.0,107405000000.0,0.0,0.028,0.164,0.085,0.11,0.0,28355000000.0,1.0,2829078226.0,2832000000,2838000000.0,37.925,121180000000.0,0.0,2849000000.0,24603000000.0,42.79,-4902000000.0
41,VZ,MRT,2011-03-31,2011-03-31,2011-03-31,2021-08-25,1293000000.0,228108000000.0,223804000000.0,29923000000.0,198185000000.0,0.476,13.777,-17398000000.0,14007000000.0,14007000000.0,44726000000.0,11163000000.0,0.914,3.571,61197000000.0,11823000000.0,49374000000.0,61197000000.0,0.0,16307000000.0,0.0,0.05,1.925,7559000000.0,23866000000.0,0.224,23866000000.0,7559000000.0,5007000000.0,1.25,1.25,1.25,38988000000.0,38682000000.0,38988000000.0,155119906943.0,21.0,6.5,13916000000.0,4.917,1.0,61916000000.0,0.581,100697000000.0,2552000000.0,141854000000.0,140441500000.0,1245000000.0,4455000000.0,723000000.0,3732000000.0,139244000000.0,32747000000.0,106497000000.0,108993906943.0,10970000000.0,2112000000.0,70000000.0,-345000000.0,-5444000000.0,-4538000000.0,-15806000000.0,61000000.0,31314000000.0,0.0,3545000000.0,3545000000.0,3545000000.0,0.0,7618000000.0,0.033,47259000000.0,14657000000.0,13810000000.0,1.54,2.796,30.746,30.832,88245000000.0,0.0,38.54,1.022,1.023,11028000000.0,4427000000.0,106642000000.0,106642000000.0,0.0,0.016,0.092,0.054,0.071,0.0,30952000000.0,1.0,2828072313.0,2830000000,2834000000.0,37.683,127411000000.0,0.0,1462000000.0,23578000000.0,45.022,-2824000000.0
42,VZ,MRT,2010-12-31,2010-12-31,2010-12-31,2021-08-25,1049000000.0,220005000000.0,223613750000.0,22348000000.0,197657000000.0,0.477,13.629,-16458000000.0,6668000000.0,6668000000.0,44149000000.0,10217000000.0,0.73,3.451,52794000000.0,7542000000.0,45252000000.0,52794000000.0,0.0,16405000000.0,0.0,0.053,1.913,7539000000.0,23944000000.0,0.225,23944000000.0,7539000000.0,5016000000.0,0.9,0.9,0.9,38569000000.0,39050500000.0,38569000000.0,148918282537.0,20.0,6.219,16905000000.0,5.973,1.0,62416000000.0,0.586,100814000000.0,2523000000.0,134720000000.0,144118500000.0,1131000000.0,4042000000.0,545000000.0,3497000000.0,133093000000.0,30597000000.0,102496000000.0,101142282537.0,4659000000.0,1942000000.0,0.0,-9233000000.0,-5412000000.0,-13650000000.0,-15054000000.0,-3000000.0,33363000000.0,0.0,2549000000.0,2549000000.0,2549000000.0,0.0,7668000000.0,0.024,47771000000.0,14645000000.0,15702000000.0,2.126,2.622,39.679,39.756,87711000000.0,0.0,35.78,0.949,0.95,11781000000.0,4368000000.0,106565000000.0,106565000000.0,0.0,0.011,0.065,0.052,0.071,0.0,31366000000.0,1.0,2826782631.0,2830000000,2833000000.0,37.655,119191000000.0,0.0,2467000000.0,22818000000.0,42.117,-8249000000.0
43,VZ,MRT,2010-09-30,2010-09-30,2010-09-30,2021-08-25,-9835000000.0,220852000000.0,225339250000.0,21341000000.0,199511000000.0,0.476,13.403,-16166000000.0,5394000000.0,5394000000.0,46333000000.0,7913000000.0,0.742,3.593,53170000000.0,5810000000.0,47360000000.0,53170000000.0,0.0,16565000000.0,0.0,0.058,1.9,4252000000.0,20817000000.0,0.194,20817000000.0,4252000000.0,1610000000.0,0.18,0.18,0.18,37917000000.0,39753750000.0,37917000000.0,144830511645.0,34.0,6.957,17220000000.0,6.087,1.0,60928000000.0,0.568,100567000000.0,2642000000.0,139294000000.0,149617250000.0,1010000000.0,4413000000.0,581000000.0,3832000000.0,136228000000.0,28767000000.0,107461000000.0,92123511645.0,4178000000.0,1236000000.0,0.0,-9530000000.0,-5385000000.0,-13940000000.0,-15268000000.0,-28000000.0,33386000000.0,0.0,500000000.0,500000000.0,500000000.0,0.0,7413000000.0,0.005,49814000000.0,11114000000.0,16092000000.0,10.556,2.43,184.247,181.056,87430000000.0,0.0,32.59,0.859,0.86,11973000000.0,14621000000.0,107261000000.0,107261000000.0,0.0,0.002,0.013,0.028,0.04,0.0,33249000000.0,1.0,2826741689.0,2829000000,2830000000.0,37.915,120285000000.0,0.0,1110000000.0,21772000000.0,42.519,-7426000000.0
44,VZ,MRT,2010-06-30,2010-06-30,2010-06-30,2021-08-25,-11140000000.0,226251000000.0,226727250000.0,21061000000.0,205190000000.0,0.477,13.885,-16397000000.0,4761000000.0,4761000000.0,46658000000.0,8102000000.0,0.662,3.612,57468000000.0,7874000000.0,49594000000.0,57468000000.0,0.0,16714000000.0,0.0,0.067,1.885,5272000000.0,21986000000.0,0.203,21986000000.0,5272000000.0,2523000000.0,0.36,0.36,0.36,39254000000.0,41071000000.0,39254000000.0,137721042913.0,26.0,6.264,17663000000.0,6.248,1.0,61384000000.0,0.568,101226000000.0,2749000000.0,145898000000.0,154709500000.0,985000000.0,4261000000.0,464000000.0,3797000000.0,141778000000.0,31834000000.0,109944000000.0,79205042913.0,3941000000.0,1465000000.0,0.0,-7327000000.0,-5347000000.0,-14698000000.0,-15421000000.0,-52000000.0,34060000000.0,0.0,1017000000.0,1017000000.0,1017000000.0,0.0,7085000000.0,0.009,49667000000.0,11717000000.0,16905000000.0,5.236,2.018,77.881,77.833,92101000000.0,0.0,28.02,0.733,0.733,12058000000.0,15117000000.0,108042000000.0,108042000000.0,0.0,0.004,0.025,0.034,0.049,0.0,32953000000.0,1.0,2826732438.0,2827000000,2827000000.0,38.218,125025000000.0,0.0,1506000000.0,21324000000.0,44.225,-10773000000.0
45,VZ,MRT,2010-03-31,2010-03-31,2010-03-31,2021-08-25,-11442000000.0,227347000000.0,226414250000.0,22405000000.0,204942000000.0,0.478,14.267,-16588000000.0,3037000000.0,3037000000.0,44923000000.0,10709000000.0,0.798,3.527,61553000000.0,7129000000.0,54424000000.0,61553000000.0,0.0,16628000000.0,0.0,0.06,1.87,9350000000.0,25978000000.0,0.24,25978000000.0,9350000000.0,6493000000.0,1.3,1.3,1.3,40462000000.0,41925500000.0,40462000000.0,148211248779.0,16.0,5.705,15264000000.0,5.382,1.0,63207000000.0,0.585,101238000000.0,2857000000.0,156562000000.0,158632750000.0,1113000000.0,4205000000.0,520000000.0,3685000000.0,142695000000.0,28063000000.0,114632000000.0,87964248779.0,-942000000.0,-1114000000.0,0.0,-7583000000.0,-5311000000.0,-14774000000.0,-18020000000.0,-36000000.0,31852000000.0,0.0,3692000000.0,3692000000.0,3692000000.0,0.0,7017000000.0,0.034,47482000000.0,15725000000.0,14569000000.0,1.438,2.174,23.826,23.862,91834000000.0,0.0,31.02,0.814,0.814,11969000000.0,16658000000.0,108130000000.0,108130000000.0,0.0,0.016,0.088,0.059,0.086,0.0,30854000000.0,1.0,2835726911.0,2836000000,2837000000.0,38.128,126109000000.0,0.0,2801000000.0,21665000000.0,44.467,-5658000000.0
46,VZ,MRT,2009-12-31,2009-12-31,2009-12-31,2021-08-25,-1372000000.0,226907000000.0,226290250000.0,21745000000.0,205162000000.0,0.476,14.566,-16872000000.0,2009000000.0,2009000000.0,44579000000.0,11601000000.0,0.746,3.45,62256000000.0,7205000000.0,55051000000.0,62256000000.0,0.0,16534000000.0,0.0,0.056,1.855,9915000000.0,26449000000.0,0.245,26449000000.0,9915000000.0,6813000000.0,1.72,1.72,1.72,41382000000.0,42272750000.0,41382000000.0,155711671089.0,16.0,5.887,14518000000.0,5.11,1.0,63229000000.0,0.586,101303000000.0,3102000000.0,156715000000.0,158550500000.0,1426000000.0,3608000000.0,490000000.0,3118000000.0,142764000000.0,29136000000.0,113628000000.0,94110671089.0,-7773000000.0,-5958000000.0,0.0,-8872000000.0,-5271000000.0,-16007000000.0,-23156000000.0,84000000.0,31390000000.0,0.0,4894000000.0,4894000000.0,4894000000.0,0.0,6707000000.0,0.045,47251000000.0,15978000000.0,15223000000.0,1.078,2.274,19.23,19.262,91985000000.0,0.0,33.13,0.873,0.873,12573000000.0,7260000000.0,107808000000.0,107808000000.0,0.0,0.022,0.116,0.063,0.092,0.0,30717000000.0,1.0,2840648086.0,2841000000,2841000000.0,37.947,125604000000.0,0.0,1919000000.0,19190000000.0,44.211,-7391000000.0
47,VZ,MRT,2009-09-30,2009-09-30,2009-09-30,2021-08-25,-12058000000.0,226404000000.0,220151500000.0,22023000000.0,204381000000.0,0.479,15.201,-17008000000.0,1216000000.0,1216000000.0,41369000000.0,3567000000.0,0.807,3.284,62817000000.0,5443000000.0,57374000000.0,62817000000.0,0.0,16083000000.0,0.0,0.061,1.84,-3320000000.0,12763000000.0,0.121,12763000000.0,-3320000000.0,-6253000000.0,-1.08,-1.08,-1.08,43186000000.0,42353750000.0,43186000000.0,150074369343.0,-45.0,11.759,13628000000.0,4.797,1.0,63993000000.0,0.607,101037000000.0,2933000000.0,159663000000.0,155723750000.0,2554000000.0,4282000000.0,474000000.0,3808000000.0,141822000000.0,27305000000.0,114517000000.0,85985369343.0,520000000.0,-5553000000.0,1000000.0,-1825000000.0,-5227000000.0,-8576000000.0,-21540000000.0,517000000.0,30636000000.0,0.0,-3082000000.0,-3082000000.0,-3082000000.0,0.0,6649000000.0,-0.029,61335000000.0,2658000000.0,14643000000.0,-1.704,1.991,-27.899,-28.028,90834000000.0,0.0,30.27,0.816,0.816,12489000000.0,19591000000.0,105362000000.0,105362000000.0,0.0,-0.014,-0.073,-0.021,-0.032,0.0,45252000000.0,1.0,2840613457.0,2841000000,2841000000.0,37.086,125367000000.0,0.0,-3171000000.0,18652000000.0,44.128,-5282000000.0
48,VZ,MRT,2009-06-30,2009-06-30,2009-06-30,2021-08-25,-12742000000.0,224999000000.0,214765750000.0,21464000000.0,203535000000.0,0.479,15.02,-16830000000.0,820000000.0,820000000.0,40421000000.0,3879000000.0,0.814,3.332,64909000000.0,5440000000.0,59469000000.0,64909000000.0,0.0,15563000000.0,0.0,0.059,1.81,-2815000000.0,12748000000.0,0.124,12748000000.0,-2815000000.0,-5484000000.0,-0.9,-0.9,-0.9,42672000000.0,44295750000.0,42672000000.0,152444836531.0,-54.0,11.958,12124000000.0,4.268,1.0,62428000000.0,0.607,101129000000.0,2669000000.0,161591000000.0,152771250000.0,2775000000.0,3873000000.0,360000000.0,3513000000.0,142178000000.0,26368000000.0,115810000000.0,87290836531.0,238000000.0,-6778000000.0,-250000000.0,381000000.0,-5144000000.0,-6232000000.0,-22484000000.0,1060000000.0,28954000000.0,0.0,-2589000000.0,-2589000000.0,-2589000000.0,0.0,6468000000.0,-0.025,59583000000.0,2845000000.0,14685000000.0,-2.011,2.046,-33.716,-34.144,90302000000.0,0.0,30.73,0.849,0.849,12170000000.0,19765000000.0,102849000000.0,102849000000.0,0.0,-0.012,-0.058,-0.018,-0.027,0.0,44020000000.0,1.0,2840573919.0,2841000000,2841000000.0,36.202,123870000000.0,0.0,-2895000000.0,17737000000.0,43.601,-4904000000.0
49,VZ,MRT,2009-03-31,2009-03-31,2009-03-31,2021-08-25,-13387000000.0,226851000000.0,208677500000.0,21878000000.0,204973000000.0,0.48,14.731,-16620000000.0,3979000000.0,3979000000.0,39406000000.0,4123000000.0,0.624,3.496,69133000000.0,13459000000.0,55674000000.0,69133000000.0,0.0,15056000000.0,0.0,0.065,1.95,-2429000000.0,12627000000.0,0.126,12627000000.0,-2429000000.0,-4714000000.0,-0.76,-0.76,-0.76,41851000000.0,46349500000.0,41851000000.0,127955200712.0,-53.0,10.133,12064000000.0,4.246,1.0,60706000000.0,0.606,100703000000.0,2285000000.0,156233000000.0,148038000000.0,2195000000.0,3946000000.0,372000000.0,3574000000.0,146297000000.0,35069000000.0,111228000000.0,85785200712.0,-1506000000.0,-20091000000.0,-360000000.0,11995000000.0,-5064000000.0,5225000000.0,-35415000000.0,1516000000.0,28684000000.0,0.0,-2190000000.0,-2190000000.0,-2190000000.0,0.0,6313000000.0,-0.022,57733000000.0,2973000000.0,14403000000.0,-2.566,2.05,-39.171,-39.737,89855000000.0,0.0,30.2,0.857,0.857,11989000000.0,19588000000.0,100112000000.0,100112000000.0,0.0,-0.01,-0.047,-0.016,-0.024,0.0,42677000000.0,1.0,2840569560.0,2841000000,2841000000.0,35.238,126148000000.0,0.0,-2524000000.0,16998000000.0,44.403,-13191000000.0
50,VZ,MRT,2008-12-31,2008-12-31,2008-12-31,2021-08-25,-13372000000.0,202352000000.0,199788000000.0,26075000000.0,176277000000.0,0.487,14.639,-17133000000.0,9782000000.0,9782000000.0,38615000000.0,3962000000.0,1.007,2.96,51952000000.0,4993000000.0,46959000000.0,51952000000.0,0.0,14610000000.0,0.0,0.057,1.92,-2693000000.0,11917000000.0,0.122,11917000000.0,-2693000000.0,-4512000000.0,-0.77,-0.77,-0.77,41706000000.0,48456750000.0,41706000000.0,140371417465.0,-52.0,11.779,10319000000.0,3.622,1.0,58739000000.0,0.603,73208000000.0,1819000000.0,145408000000.0,142974000000.0,2092000000.0,8683000000.0,509000000.0,8174000000.0,123447000000.0,25906000000.0,97541000000.0,96292417465.0,8629000000.0,-15904000000.0,-1352000000.0,19841000000.0,-4994000000.0,12651000000.0,-31474000000.0,1677000000.0,27452000000.0,0.0,-2193000000.0,-2193000000.0,-2193000000.0,0.0,6155000000.0,-0.023,56127000000.0,2612000000.0,13814000000.0,-2.494,2.309,-43.909,-44.026,86546000000.0,0.0,33.9,0.989,0.992,11703000000.0,19250000000.0,97354000000.0,97354000000.0,0.0,-0.011,-0.045,-0.019,-0.028,0.0,41517000000.0,1.0,2840484291.0,2849000000,2849000000.0,34.171,129144000000.0,0.0,-2319000000.0,11769000000.0,45.33,169000000.0
51,VZ,MRT,2008-09-30,2008-09-30,2008-09-30,2021-08-25,-4199000000.0,204861000000.0,195939750000.0,19131000000.0,185730000000.0,0.493,17.916,-17321000000.0,696000000.0,696000000.0,38827000000.0,15777000000.0,0.677,3.021,44775000000.0,7297000000.0,37478000000.0,44775000000.0,0.0,14484000000.0,0.0,0.059,1.89,11541000000.0,26025000000.0,0.27,26025000000.0,11541000000.0,9800000000.0,2.2,2.19,2.2,50954000000.0,50675500000.0,50954000000.0,133910710189.0,12.0,5.145,12003000000.0,4.22,1.0,57722000000.0,0.598,72812000000.0,1741000000.0,147853000000.0,139420250000.0,2485000000.0,8935000000.0,978000000.0,7957000000.0,153907000000.0,28275000000.0,125632000000.0,91383710189.0,-19000000.0,-16044000000.0,-1982000000.0,12963000000.0,-4931000000.0,4163000000.0,-33506000000.0,140000000.0,29324000000.0,0.0,6265000000.0,6265000000.0,6265000000.0,0.0,9512000000.0,0.065,41247000000.0,16475000000.0,13715000000.0,0.859,1.793,14.586,14.586,85689000000.0,0.0,32.09,0.947,0.945,11724000000.0,19322000000.0,96549000000.0,96549000000.0,0.0,0.032,0.124,0.083,0.12,0.0,26763000000.0,1.0,2847731698.0,2844000000,2845000000.0,33.948,132049000000.0,0.0,3535000000.0,17409000000.0,46.431,-9144000000.0
52,VZ,MRT,2008-06-30,2008-06-30,2008-06-30,2021-08-25,-4150000000.0,200646000000.0,191129250000.0,17996000000.0,182650000000.0,0.5,17.855,-17420000000.0,582000000.0,582000000.0,38387000000.0,13849000000.0,0.602,2.943,43109000000.0,9331000000.0,33778000000.0,43109000000.0,0.0,14437000000.0,0.0,0.053,1.865,11690000000.0,26127000000.0,0.273,26127000000.0,11690000000.0,9939000000.0,2.05,2.04,2.05,50887000000.0,50359250000.0,50887000000.0,131273242103.0,11.0,5.024,11062000000.0,3.881,1.0,57182000000.0,0.598,70615000000.0,1751000000.0,142658000000.0,135186500000.0,2216000000.0,9428000000.0,1492000000.0,7936000000.0,149759000000.0,29900000000.0,119859000000.0,100912242103.0,-74000000.0,-14627000000.0,-2272000000.0,11777000000.0,-4894000000.0,2943000000.0,-31499000000.0,157000000.0,28482000000.0,0.0,5867000000.0,5867000000.0,5867000000.0,0.0,7982000000.0,0.061,40670000000.0,16512000000.0,13299000000.0,0.91,1.983,17.2,17.268,85155000000.0,0.0,35.4,1.056,1.056,11584000000.0,18958000000.0,95569000000.0,95569000000.0,0.0,0.031,0.117,0.086,0.122,0.0,26233000000.0,1.0,2850628308.0,2850000000,2851000000.0,33.533,130031000000.0,0.0,4072000000.0,16346000000.0,45.625,-11904000000.0
53,VZ,MRT,2008-03-31,2008-03-31,2008-03-31,2021-08-25,-4207000000.0,191293000000.0,187157750000.0,22448000000.0,168845000000.0,0.506,17.562,-17595000000.0,5485000000.0,5485000000.0,38152000000.0,12128000000.0,0.907,2.805,35846000000.0,3712000000.0,32134000000.0,35846000000.0,0.0,14426000000.0,0.0,0.046,1.67,11517000000.0,25943000000.0,0.274,25943000000.0,11517000000.0,9714000000.0,1.97,1.96,1.97,50280000000.0,50095250000.0,50280000000.0,134650314926.0,12.0,5.19,10117000000.0,3.534,1.0,56566000000.0,0.597,60933000000.0,1803000000.0,135977000000.0,132339000000.0,1672000000.0,5610000000.0,1957000000.0,3653000000.0,141013000000.0,24744000000.0,116269000000.0,104646314926.0,4184000000.0,-1570000000.0,-2244000000.0,2337000000.0,-4831000000.0,-5789000000.0,-17739000000.0,128000000.0,27712000000.0,0.0,5668000000.0,5668000000.0,5668000000.0,0.0,6460000000.0,0.06,40451000000.0,16115000000.0,13661000000.0,0.848,2.081,18.463,18.503,84484000000.0,0.0,36.45,1.105,1.102,11048000000.0,18301000000.0,94718000000.0,94718000000.0,0.0,0.03,0.113,0.087,0.122,0.0,26025000000.0,1.0,2870955142.0,2863000000,2865000000.0,33.083,130360000000.0,0.0,4046000000.0,15468000000.0,45.533,-2296000000.0
54,VZ,MRT,2007-12-31,2007-12-31,2007-12-31,2021-08-25,-4506000000.0,186959000000.0,185405500000.0,18698000000.0,168261000000.0,0.504,17.454,-17538000000.0,1153000000.0,1153000000.0,37547000000.0,10574000000.0,0.756,2.696,31157000000.0,2954000000.0,28203000000.0,31157000000.0,0.0,14377000000.0,0.0,0.038,1.645,11332000000.0,25709000000.0,0.275,25709000000.0,11332000000.0,9503000000.0,1.91,1.9,1.91,50581000000.0,49720750000.0,50581000000.0,157010398295.0,14.0,6.107,9301000000.0,3.209,1.0,55922000000.0,0.598,61029000000.0,1829000000.0,131193000000.0,130531250000.0,1729000000.0,5616000000.0,2244000000.0,3372000000.0,136378000000.0,24741000000.0,111637000000.0,126278398295.0,-2066000000.0,-763000000.0,-1569000000.0,-5353000000.0,-4773000000.0,-12797000000.0,-16108000000.0,169000000.0,26839000000.0,0.0,5521000000.0,5521000000.0,5521000000.0,-142000000.0,5053000000.0,0.059,40344000000.0,15578000000.0,14462000000.0,0.861,2.497,22.872,22.874,85294000000.0,0.0,43.69,1.351,1.355,11736000000.0,17884000000.0,93469000000.0,93469000000.0,0.0,0.03,0.111,0.087,0.121,0.0,25967000000.0,1.0,2890327267.0,2898000000,2902000000.0,32.253,125930000000.0,0.0,3982000000.0,14784000000.0,43.454,-6043000000.0
55,VZ,MRT,2007-09-30,2007-09-30,2007-09-30,2021-08-25,-6216000000.0,185619000000.0,185866750000.0,17037000000.0,168582000000.0,0.496,17.158,-17615000000.0,715000000.0,715000000.0,36903000000.0,5481000000.0,0.705,2.736,31447000000.0,2064000000.0,29383000000.0,31447000000.0,0.0,14376000000.0,0.0,0.037,1.62,11339000000.0,25715000000.0,0.279,25715000000.0,11339000000.0,9398000000.0,1.89,1.89,1.89,49689000000.0,49209250000.0,49689000000.0,160394488779.0,14.0,6.237,5674000000.0,1.959,1.0,55332000000.0,0.6,61275000000.0,1941000000.0,130918000000.0,129711000000.0,1786000000.0,6647000000.0,1194000000.0,5453000000.0,135930000000.0,24158000000.0,111772000000.0,128524488779.0,-1130000000.0,-3172000000.0,-1233000000.0,-1419000000.0,-4711000000.0,-7641000000.0,-16778000000.0,51000000.0,23289000000.0,0.0,5481000000.0,5481000000.0,5481000000.0,216000000.0,0.0,0.059,39733000000.0,15599000000.0,14244000000.0,0.857,2.587,23.449,23.429,84329000000.0,0.0,44.28,1.393,1.39,11509000000.0,18049000000.0,92235000000.0,92235000000.0,0.0,0.029,0.111,0.087,0.123,0.0,25357000000.0,1.0,2902540397.0,2896000000,2900000000.0,31.849,124344000000.0,0.0,3917000000.0,14118000000.0,42.936,-7121000000.0
56,VZ,MRT,2007-06-30,2007-06-30,2007-06-30,2021-08-25,-6532000000.0,184760000000.0,185881750000.0,17028000000.0,167732000000.0,0.489,17.165,-17331000000.0,656000000.0,656000000.0,36227000000.0,6132000000.0,0.696,2.708,32526000000.0,3152000000.0,29374000000.0,32526000000.0,0.0,14377000000.0,0.0,0.039,1.62,11445000000.0,25822000000.0,0.284,25822000000.0,11445000000.0,9382000000.0,2.11,2.11,2.11,49831000000.0,48356750000.0,49831000000.0,152907483529.0,13.0,5.922,6214000000.0,2.141,1.0,54695000000.0,0.602,60910000000.0,2063000000.0,131268000000.0,129720500000.0,1793000000.0,6771000000.0,1700000000.0,5071000000.0,134929000000.0,24452000000.0,110477000000.0,119531483529.0,-530000000.0,-3522000000.0,-985000000.0,-1079000000.0,-4697000000.0,-7068000000.0,-17007000000.0,20000000.0,23545000000.0,0.0,6132000000.0,6132000000.0,6132000000.0,-161000000.0,0.0,0.067,39769000000.0,14926000000.0,13542000000.0,0.768,2.399,19.493,19.512,83729000000.0,0.0,41.17,1.315,1.314,10689000000.0,18020000000.0,90922000000.0,90922000000.0,0.0,0.033,0.127,0.088,0.126,0.0,25392000000.0,1.0,2903363700.0,2903000000,2907000000.0,31.32,123850000000.0,0.0,3250000000.0,13710000000.0,42.663,-7424000000.0
57,VZ,MRT,2007-03-31,2007-03-31,2007-03-31,2021-08-25,-7136000000.0,184284000000.0,185652500000.0,17894000000.0,166390000000.0,0.482,16.769,-17243000000.0,1301000000.0,1301000000.0,35705000000.0,6060000000.0,0.641,2.778,34677000000.0,6604000000.0,28073000000.0,34677000000.0,0.0,14411000000.0,0.0,0.043,1.62,11162000000.0,25573000000.0,0.286,25573000000.0,11162000000.0,8964000000.0,2.08,2.08,2.08,48782000000.0,47093750000.0,48782000000.0,143485166336.0,13.0,5.611,5314000000.0,1.827,1.0,53830000000.0,0.601,61008000000.0,2198000000.0,128746000000.0,129840250000.0,1780000000.0,7047000000.0,2149000000.0,4898000000.0,135502000000.0,27906000000.0,107596000000.0,110343166336.0,53000000.0,-3072000000.0,-1509000000.0,1089000000.0,-4713000000.0,-5449000000.0,-17055000000.0,139000000.0,22557000000.0,0.0,6060000000.0,6060000000.0,6060000000.0,-509000000.0,0.0,0.068,39836000000.0,13994000000.0,13309000000.0,0.779,2.262,18.208,18.231,82978000000.0,0.0,37.92,1.232,1.232,10177000000.0,17485000000.0,89535000000.0,89535000000.0,0.0,0.033,0.129,0.086,0.125,0.0,25425000000.0,1.0,2909893627.0,2909000000,2911000000.0,30.779,123276000000.0,0.0,2904000000.0,13518000000.0,42.377,-10012000000.0
58,VZ,MRT,2006-12-31,2006-12-31,2006-12-31,2021-08-25,-7530000000.0,188804000000.0,185285000000.0,22538000000.0,166266000000.0,0.476,16.667,-17101000000.0,3219000000.0,3219000000.0,35309000000.0,6197000000.0,0.698,2.89,36361000000.0,7715000000.0,28646000000.0,36361000000.0,0.0,14545000000.0,0.0,0.044,1.62,11220000000.0,25765000000.0,0.292,25765000000.0,11220000000.0,8871000000.0,2.13,2.12,2.13,48535000000.0,46091000000.0,48535000000.0,148559749511.0,13.0,5.766,7005000000.0,2.406,1.0,52873000000.0,0.6,61754000000.0,2349000000.0,127912000000.0,131215000000.0,1514000000.0,7302000000.0,2434000000.0,4868000000.0,140269000000.0,32280000000.0,107989000000.0,108722749511.0,2459000000.0,-1422000000.0,-1526000000.0,694000000.0,-4719000000.0,-6031000000.0,-15616000000.0,290000000.0,24106000000.0,0.0,6197000000.0,6197000000.0,6197000000.0,-759000000.0,0.0,0.07,39500000000.0,13373000000.0,14320000000.0,0.761,2.24,17.544,17.484,82356000000.0,0.0,37.24,1.233,1.23,10891000000.0,17324000000.0,88182000000.0,88182000000.0,0.0,0.033,0.134,0.086,0.127,0.0,24955000000.0,1.0,2919515293.0,2912000000,2938000000.0,30.282,127050000000.0,0.0,2674000000.0,16270000000.0,43.63,-9742000000.0
59,VZ,MRT,2006-09-30,2006-09-30,2006-09-30,2021-08-25,-1516000000.0,185679000000.0,180116500000.0,21615000000.0,164064000000.0,0.449,15.92,-15879000000.0,1846000000.0,1846000000.0,32176000000.0,6823000000.0,0.612,3.012,41683000000.0,11529000000.0,30154000000.0,41683000000.0,0.0,14276000000.0,0.0,0.044,1.62,11164000000.0,25440000000.0,0.315,25440000000.0,11164000000.0,8838000000.0,2.37,2.37,2.37,46279000000.0,43877250000.0,46279000000.0,148799601476.0,13.0,5.849,9137000000.0,3.143,1.0,48697000000.0,0.602,59247000000.0,2326000000.0,130956000000.0,130927750000.0,1650000000.0,6067000000.0,1589000000.0,4478000000.0,139400000000.0,35313000000.0,104087000000.0,107629601476.0,1258000000.0,999000000.0,-1283000000.0,-3381000000.0,-4656000000.0,-9569000000.0,-14189000000.0,222000000.0,25016000000.0,0.0,6823000000.0,6823000000.0,6823000000.0,-2295000000.0,0.0,0.084,36947000000.0,11750000000.0,14501000000.0,0.684,2.326,15.775,15.667,81402000000.0,0.0,37.13,1.331,1.335,10834000000.0,17471000000.0,80873000000.0,80873000000.0,0.0,0.038,0.156,0.085,0.138,0.0,22671000000.0,1.0,2898723444.0,2907000000,2923000000.0,27.82,126432000000.0,0.0,2015000000.0,21905000000.0,43.492,-13698000000.0
60,VZ,MRT,2006-06-30,2006-06-30,2006-06-30,2021-08-25,-1497000000.0,183843000000.0,175772000000.0,21276000000.0,162567000000.0,0.437,15.388,-15711000000.0,1186000000.0,1186000000.0,29605000000.0,6770000000.0,0.62,3.106,42356000000.0,10326000000.0,32030000000.0,42356000000.0,0.0,14103000000.0,0.0,0.048,1.62,11046000000.0,25149000000.0,0.327,25149000000.0,11046000000.0,8767000000.0,2.39,2.38,2.39,44779000000.0,42113250000.0,44779000000.0,139498764546.0,13.0,5.547,7955000000.0,2.734,1.0,47295000000.0,0.615,58927000000.0,2279000000.0,131747000000.0,130829000000.0,1698000000.0,6281000000.0,2075000000.0,4206000000.0,139064000000.0,34339000000.0,104725000000.0,97697764546.0,-190000000.0,1225000000.0,-1012000000.0,-4831000000.0,-4604000000.0,-10800000000.0,-13056000000.0,138000000.0,23666000000.0,0.0,6770000000.0,6770000000.0,6770000000.0,-1995000000.0,0.0,0.088,35585000000.0,11710000000.0,14335000000.0,0.678,2.182,14.431,14.013,80997000000.0,0.0,33.49,1.27,1.267,10451000000.0,16729000000.0,76900000000.0,76900000000.0,0.0,0.039,0.161,0.084,0.144,0.0,21482000000.0,1.0,2917221993.0,2910000000,2949000000.0,26.426,124916000000.0,0.0,1997000000.0,20943000000.0,42.926,-13063000000.0
61,VZ,MRT,2006-03-31,2006-03-31,2006-03-31,2021-08-25,-1655000000.0,182814000000.0,172155500000.0,18629000000.0,164185000000.0,0.424,15.359,-15391000000.0,1249000000.0,1249000000.0,26973000000.0,7272000000.0,0.603,3.083,43050000000.0,8436000000.0,34614000000.0,43050000000.0,0.0,13822000000.0,0.0,0.048,1.62,11810000000.0,25632000000.0,0.351,25632000000.0,11810000000.0,9593000000.0,2.6,2.58,2.6,44771000000.0,40557000000.0,44771000000.0,137921598771.0,12.0,5.381,8764000000.0,3.007,1.0,46094000000.0,0.631,59458000000.0,2217000000.0,134245000000.0,130254500000.0,1647000000.0,6596000000.0,2678000000.0,3918000000.0,138043000000.0,30912000000.0,107131000000.0,99687598771.0,585000000.0,-654000000.0,-475000000.0,-2342000000.0,-4546000000.0,-7642000000.0,-15928000000.0,-150000000.0,24155000000.0,0.0,7272000000.0,7272000000.0,7272000000.0,-1691000000.0,0.0,0.1,33615000000.0,12479000000.0,14442000000.0,0.623,2.227,13.708,13.1,82270000000.0,0.0,34.06,1.364,1.359,10617000000.0,16290000000.0,73067000000.0,73067000000.0,0.0,0.042,0.179,0.091,0.162,0.0,20239000000.0,1.0,2926823217.0,2915000000,2963000000.0,25.066,123356000000.0,0.0,2321000000.0,20926000000.0,42.318,-12283000000.0
62,VZ,MRT,2005-12-31,2005-12-31,2005-12-31,2021-08-25,-1783000000.0,168130000000.0,167672500000.0,19320000000.0,148810000000.0,0.415,14.346,-14964000000.0,760000000.0,760000000.0,24409000000.0,7397000000.0,0.724,3.237,38257000000.0,6688000000.0,31569000000.0,38257000000.0,0.0,13615000000.0,0.0,0.053,1.6,11947000000.0,25562000000.0,0.368,25562000000.0,11947000000.0,9818000000.0,2.67,2.65,2.67,39680000000.0,38859250000.0,39680000000.0,122104091487.0,10.0,4.777,7061000000.0,2.553,1.0,45109000000.0,0.649,52164000000.0,2129000000.0,126763000000.0,129751250000.0,1522000000.0,6748000000.0,2146000000.0,4602000000.0,128450000000.0,26700000000.0,101750000000.0,83281091487.0,-1501000000.0,-3358000000.0,-234000000.0,-240000000.0,-4427000000.0,-5034000000.0,-18492000000.0,-346000000.0,22025000000.0,0.0,7397000000.0,7397000000.0,7397000000.0,-1370000000.0,0.0,0.106,32528000000.0,12581000000.0,11747000000.0,0.599,2.099,11.259,11.281,72987000000.0,0.0,30.12,1.198,1.198,8534000000.0,15905000000.0,69518000000.0,69518000000.0,0.0,0.044,0.19,0.092,0.172,0.0,19443000000.0,1.0,2764976477.0,2766000000,2817000000.0,25.133,115966000000.0,0.0,2421000000.0,22831000000.0,41.926,-7380000000.0
63,VZ,MRT,2005-09-30,2005-09-30,2005-09-30,2021-08-25,-1710000000.0,168301000000.0,167129500000.0,15272000000.0,153029000000.0,0.404,14.186,-15080000000.0,616000000.0,616000000.0,23489000000.0,8778000000.0,0.646,3.291,39439000000.0,5048000000.0,34391000000.0,39439000000.0,0.0,13377000000.0,0.0,0.048,1.58,13346000000.0,26723000000.0,0.396,26723000000.0,13346000000.0,11205000000.0,3.17,3.13,3.17,39223000000.0,38329250000.0,39223000000.0,130746369138.0,10.0,4.893,6492000000.0,2.348,1.0,43960000000.0,0.652,52924000000.0,2141000000.0,130561000000.0,131150000000.0,1503000000.0,6962000000.0,1208000000.0,5754000000.0,129078000000.0,23639000000.0,105439000000.0,90394369138.0,-29000000.0,-4200000000.0,-197000000.0,-733000000.0,-4372000000.0,-5458000000.0,-16143000000.0,-326000000.0,21572000000.0,0.0,8778000000.0,8778000000.0,8778000000.0,-2005000000.0,0.0,0.13,31989000000.0,11971000000.0,12760000000.0,0.498,2.305,10.298,10.312,75192000000.0,0.0,32.69,1.34,1.34,9337000000.0,15365000000.0,67449000000.0,67449000000.0,0.0,0.053,0.229,0.102,0.198,0.0,19058000000.0,1.0,2765199423.0,2765000000,2817000000.0,24.394,115377000000.0,0.0,2427000000.0,22527000000.0,41.728,-8367000000.0
64,VZ,MRT,2005-06-30,2005-06-30,2005-06-30,2021-08-25,-1613000000.0,169377000000.0,165778500000.0,16669000000.0,152708000000.0,0.405,13.939,-14508000000.0,1405000000.0,1405000000.0,23122000000.0,8705000000.0,0.607,3.393,41757000000.0,8687000000.0,33070000000.0,41757000000.0,0.0,13427000000.0,0.0,0.045,1.56,13424000000.0,26851000000.0,0.4,26851000000.0,13424000000.0,11231000000.0,3.14,3.1,3.14,38554000000.0,37317000000.0,38554000000.0,134100590793.0,10.0,4.994,7302000000.0,2.64,1.0,44047000000.0,0.656,52838000000.0,2193000000.0,129449000000.0,131840500000.0,1373000000.0,7205000000.0,1596000000.0,5609000000.0,130823000000.0,27442000000.0,103381000000.0,95605590793.0,793000000.0,-4253000000.0,-217000000.0,68000000.0,-4319000000.0,-4508000000.0,-16509000000.0,-315000000.0,21810000000.0,0.0,8705000000.0,8705000000.0,8705000000.0,-1945000000.0,0.0,0.13,31976000000.0,12071000000.0,12767000000.0,0.497,2.48,10.983,11.003,75133000000.0,0.0,34.55,1.423,1.423,9566000000.0,14615000000.0,67169000000.0,67169000000.0,0.0,0.053,0.233,0.102,0.2,0.0,18995000000.0,1.0,2767166159.0,2766000000,2818000000.0,24.284,116539000000.0,0.0,2526000000.0,22896000000.0,42.133,-10773000000.0
65,VZ,MRT,2005-03-31,2005-03-31,2005-03-31,2021-08-25,-1222000000.0,164882000000.0,164043750000.0,17011000000.0,147871000000.0,0.408,13.716,-13747000000.0,692000000.0,692000000.0,22665000000.0,8389000000.0,0.735,3.341,39187000000.0,3716000000.0,35471000000.0,39187000000.0,0.0,13538000000.0,0.0,0.043,1.54,13100000000.0,26638000000.0,0.398,26638000000.0,13100000000.0,10841000000.0,3.03,2.99,3.03,37980000000.0,36203250000.0,37980000000.0,135310755725.0,10.0,5.08,7938000000.0,2.867,1.0,44209000000.0,0.661,47986000000.0,2259000000.0,132232000000.0,132835250000.0,1460000000.0,7836000000.0,2019000000.0,5817000000.0,126902000000.0,23159000000.0,103743000000.0,98333755725.0,88000000.0,-2340000000.0,-223000000.0,-4466000000.0,-4263000000.0,-9030000000.0,-12567000000.0,-135000000.0,21685000000.0,0.0,8389000000.0,8389000000.0,8389000000.0,-1916000000.0,0.0,0.125,32423000000.0,11786000000.0,13202000000.0,0.508,2.589,11.722,11.716,74371000000.0,0.0,35.5,1.47,1.47,9285000000.0,13621000000.0,66874000000.0,66874000000.0,0.0,0.051,0.232,0.099,0.196,0.0,18885000000.0,1.0,2769964950.0,2769000000,2821000000.0,24.151,116896000000.0,0.0,2452000000.0,21811000000.0,42.216,-6148000000.0
66,VZ,MRT,2004-12-31,2004-12-31,2004-12-31,2021-08-25,-1053000000.0,165958000000.0,163678500000.0,19479000000.0,146479000000.0,0.402,13.56,-12794000000.0,2290000000.0,2290000000.0,22032000000.0,7831000000.0,0.842,3.418,39267000000.0,3593000000.0,35674000000.0,39267000000.0,0.0,13503000000.0,0.0,0.038,1.54,12245000000.0,25748000000.0,0.392,25748000000.0,12245000000.0,9909000000.0,2.83,2.79,2.83,37560000000.0,35082000000.0,37560000000.0,152077502596.0,12.0,5.906,8997000000.0,3.248,1.0,43719000000.0,0.665,47448000000.0,2336000000.0,132358000000.0,133642750000.0,1535000000.0,8112000000.0,2257000000.0,5855000000.0,128398000000.0,23129000000.0,105269000000.0,112170502596.0,1592000000.0,-1079000000.0,-50000000.0,-5401000000.0,-4262000000.0,-9856000000.0,-10343000000.0,-90000000.0,21791000000.0,0.0,7831000000.0,7831000000.0,7831000000.0,-1932000000.0,0.0,0.119,32849000000.0,10870000000.0,13177000000.0,0.544,2.986,14.324,14.314,74124000000.0,0.0,40.51,1.706,1.707,9801000000.0,12984000000.0,65751000000.0,65751000000.0,0.0,0.048,0.223,0.092,0.186,0.0,19346000000.0,1.0,2768958346.0,2770000000,2831000000.0,23.737,118510000000.0,0.0,2078000000.0,22532000000.0,42.783,-3650000000.0
67,VZ,MRT,2004-09-30,2004-09-30,2004-09-30,2021-08-25,-1372000000.0,162897000000.0,163681000000.0,17741000000.0,145156000000.0,0.429,12.703,-12817000000.0,616000000.0,616000000.0,22956000000.0,3334000000.0,0.767,3.631,40523000000.0,3271000000.0,37252000000.0,40523000000.0,0.0,13790000000.0,0.0,0.039,1.54,6850000000.0,20640000000.0,0.294,20640000000.0,6850000000.0,4376000000.0,1.2,1.2,1.2,35174000000.0,34058500000.0,35174000000.0,150302271140.0,22.0,7.282,8888000000.0,3.21,1.0,47262000000.0,0.673,46357000000.0,2474000000.0,133323000000.0,134967000000.0,1389000000.0,6975000000.0,986000000.0,5989000000.0,127723000000.0,23124000000.0,104599000000.0,109022271140.0,-88000000.0,-248000000.0,185000000.0,-4567000000.0,-4262000000.0,-8642000000.0,-13151000000.0,-629000000.0,21705000000.0,0.0,3334000000.0,3334000000.0,3334000000.0,-61000000.0,0.0,0.047,39668000000.0,7594000000.0,13291000000.0,1.283,3.1,32.7,32.817,73486000000.0,0.0,39.38,1.553,1.553,9919000000.0,11005000000.0,70218000000.0,70218000000.0,0.0,0.02,0.098,0.051,0.098,0.0,25878000000.0,1.0,2768468033.0,2769000000,2820000000.0,25.359,116540000000.0,0.0,1042000000.0,22129000000.0,42.087,-5383000000.0
68,VZ,MRT,2004-06-30,2004-06-30,2004-06-30,2021-08-25,-1669000000.0,162438000000.0,164208250000.0,17395000000.0,145043000000.0,0.421,12.31,-12404000000.0,608000000.0,608000000.0,22668000000.0,3329000000.0,0.744,3.764,41888000000.0,4439000000.0,37449000000.0,41888000000.0,0.0,13718000000.0,0.0,0.043,1.54,6910000000.0,20628000000.0,0.299,20628000000.0,6910000000.0,4328000000.0,1.2,1.2,1.2,34099000000.0,34049000000.0,34099000000.0,144109577057.0,21.0,6.986,8987000000.0,3.244,1.0,46407000000.0,0.672,46917000000.0,2582000000.0,133428000000.0,135863750000.0,1362000000.0,7069000000.0,1390000000.0,5679000000.0,128339000000.0,23373000000.0,104966000000.0,100257577057.0,-212000000.0,162000000.0,373000000.0,-5798000000.0,-4255000000.0,-9695000000.0,-11908000000.0,-506000000.0,21391000000.0,0.0,3329000000.0,3329000000.0,3329000000.0,-49000000.0,0.0,0.048,39219000000.0,7188000000.0,12491000000.0,1.283,2.94,30.116,30.158,73541000000.0,0.0,36.19,1.451,1.451,9618000000.0,10275000000.0,69075000000.0,69075000000.0,0.0,0.02,0.098,0.051,0.1,0.0,25637000000.0,1.0,2770311607.0,2770000000,2834000000.0,24.937,115521000000.0,0.0,999000000.0,21876000000.0,41.704,-5978000000.0
69,VZ,MRT,2004-03-31,2004-03-31,2004-03-31,2021-08-25,-1528000000.0,163421000000.0,165505250000.0,17194000000.0,146227000000.0,0.412,12.092,-12049000000.0,600000000.0,600000000.0,22090000000.0,1870000000.0,0.689,3.879,44452000000.0,6320000000.0,38132000000.0,44452000000.0,0.0,13665000000.0,0.0,0.042,1.54,5263000000.0,18928000000.0,0.278,18928000000.0,5263000000.0,2583000000.0,0.67,0.68,0.67,33495000000.0,34080500000.0,33495000000.0,145875329608.0,28.0,7.707,8658000000.0,3.126,1.0,46056000000.0,0.676,46855000000.0,2680000000.0,135462000000.0,137351000000.0,1309000000.0,7662000000.0,1892000000.0,5770000000.0,129926000000.0,24956000000.0,104970000000.0,101194329608.0,-3531000000.0,-681000000.0,663000000.0,-8355000000.0,-4248000000.0,-12007000000.0,-12231000000.0,-356000000.0,20707000000.0,0.0,1870000000.0,1870000000.0,1870000000.0,894000000.0,0.0,0.027,39839000000.0,6217000000.0,12701000000.0,2.299,3.021,54.115,54.537,74616000000.0,0.0,36.54,1.485,1.485,9499000000.0,9542000000.0,68146000000.0,68146000000.0,0.0,0.011,0.055,0.038,0.077,0.0,26310000000.0,1.0,2769412414.0,2770000000,2847000000.0,24.601,116566000000.0,0.0,713000000.0,21827000000.0,42.082,-7762000000.0
70,VZ,MRT,2003-12-31,2003-12-31,2003-12-31,2021-08-25,-1250000000.0,165968000000.0,167663250000.0,18895000000.0,147073000000.0,0.402,12.143,-11874000000.0,669000000.0,669000000.0,21701000000.0,3077000000.0,0.711,3.959,45380000000.0,5967000000.0,39413000000.0,45380000000.0,0.0,13607000000.0,0.0,0.044,1.54,7087000000.0,20694000000.0,0.307,20694000000.0,7087000000.0,4290000000.0,1.12,1.12,1.12,33466000000.0,34650000000.0,33466000000.0,141589187120.0,20.0,6.842,10593000000.0,3.844,1.0,45767000000.0,0.678,46444000000.0,2797000000.0,137655000000.0,140212000000.0,1262000000.0,7961000000.0,2172000000.0,5789000000.0,132502000000.0,26580000000.0,105922000000.0,96875187120.0,-728000000.0,-933000000.0,839000000.0,-7436000000.0,-4239000000.0,-10959000000.0,-12236000000.0,-120000000.0,22467000000.0,0.0,3077000000.0,3077000000.0,3077000000.0,886000000.0,0.0,0.046,38360000000.0,7407000000.0,14652000000.0,1.375,2.895,31.484,31.321,75302000000.0,0.0,35.08,1.436,1.433,9854000000.0,9409000000.0,67468000000.0,67468000000.0,0.0,0.018,0.089,0.051,0.105,0.0,24894000000.0,1.0,2761550374.0,2756000000,2832000000.0,24.48,119524000000.0,0.0,1213000000.0,21704000000.0,43.369,-7685000000.0
71,VZ,MRT,2003-09-30,2003-09-30,2003-09-30,2021-08-25,-1801000000.0,165006000000.0,168038250000.0,16565000000.0,148441000000.0,0.4,12.735,-12392000000.0,746000000.0,746000000.0,20843000000.0,6825000000.0,0.64,3.696,45460000000.0,7499000000.0,37961000000.0,45460000000.0,0.0,13549000000.0,0.0,0.047,1.54,11342000000.0,24891000000.0,0.37,24891000000.0,11342000000.0,8412000000.0,2.48,2.47,2.48,35136000000.0,34437500000.0,35136000000.0,137522881021.0,12.0,5.525,9848000000.0,3.569,1.0,46445000000.0,0.69,46942000000.0,2930000000.0,136910000000.0,142060250000.0,1280000000.0,5933000000.0,366000000.0,5567000000.0,129870000000.0,25868000000.0,104002000000.0,89413881021.0,-4922000000.0,-944000000.0,879000000.0,-10879000000.0,-4228000000.0,-14404000000.0,-12758000000.0,-166000000.0,22240000000.0,0.0,6825000000.0,6825000000.0,6825000000.0,887000000.0,0.0,0.101,34152000000.0,12293000000.0,12664000000.0,0.621,2.545,13.101,13.081,75098000000.0,0.0,32.44,1.329,1.33,10049000000.0,11931000000.0,67288000000.0,67288000000.0,0.0,0.041,0.198,0.08,0.169,0.0,20739000000.0,1.0,2756284865.0,2759000000,2791000000.0,24.389,118064000000.0,0.0,1587000000.0,22374000000.0,42.792,-9303000000.0
72,VZ,MRT,2003-06-30,2003-06-30,2003-06-30,2021-08-25,-1757000000.0,167626000000.0,169061500000.0,18531000000.0,149095000000.0,0.398,12.427,-12366000000.0,820000000.0,820000000.0,20272000000.0,9439000000.0,0.632,3.898,48929000000.0,10083000000.0,38846000000.0,48929000000.0,0.0,13425000000.0,0.0,0.039,1.54,14214000000.0,27639000000.0,0.41,27639000000.0,14214000000.0,11193000000.0,3.44,3.43,3.44,34225000000.0,33614750000.0,34225000000.0,158443366997.0,11.0,5.733,10590000000.0,3.845,1.0,47066000000.0,0.699,47026000000.0,3021000000.0,139377000000.0,143621250000.0,1245000000.0,6310000000.0,906000000.0,5404000000.0,133401000000.0,29332000000.0,104069000000.0,108497366997.0,-2129000000.0,2740000000.0,962000000.0,-13255000000.0,-4219000000.0,-16701000000.0,-8384000000.0,-175000000.0,22956000000.0,0.0,9439000000.0,9439000000.0,9439000000.0,902000000.0,0.0,0.14,31950000000.0,15116000000.0,12573000000.0,0.448,3.17,11.495,11.468,75771000000.0,0.0,39.45,1.611,1.613,10077000000.0,11200000000.0,67338000000.0,67338000000.0,0.0,0.056,0.281,0.099,0.211,0.0,21052000000.0,1.0,2750250114.0,2754000000,2786000000.0,24.451,120600000000.0,0.0,1754000000.0,21821000000.0,43.791,-10801000000.0
73,VZ,MRT,2003-03-31,2003-03-31,2003-03-31,2021-08-25,-2138000000.0,172053000000.0,169228250000.0,22291000000.0,149762000000.0,0.397,13.018,-12928000000.0,4135000000.0,4135000000.0,20181000000.0,6986000000.0,0.784,3.81,54081000000.0,10619000000.0,43462000000.0,54081000000.0,0.0,13329000000.0,0.0,0.044,1.54,11588000000.0,24917000000.0,0.37,24917000000.0,11588000000.0,8490000000.0,2.54,2.53,2.54,35773000000.0,32219000000.0,35773000000.0,149704423359.0,13.0,6.008,10478000000.0,3.813,1.0,47080000000.0,0.7,46661000000.0,3098000000.0,146906000000.0,145284000000.0,1536000000.0,6721000000.0,1479000000.0,5242000000.0,136280000000.0,28432000000.0,107848000000.0,97063423359.0,3155000000.0,3583000000.0,949000000.0,-10024000000.0,-4205000000.0,-13387000000.0,-6864000000.0,-230000000.0,23406000000.0,0.0,6986000000.0,6986000000.0,6986000000.0,12000000.0,0.0,0.104,32008000000.0,15072000000.0,12767000000.0,0.606,2.713,13.894,13.917,77120000000.0,0.0,35.35,1.443,1.444,11462000000.0,13424000000.0,67261000000.0,67261000000.0,0.0,0.041,0.217,0.08,0.172,0.0,21172000000.0,1.0,2745782839.0,2748000000,2780000000.0,24.476,125392000000.0,0.0,1504000000.0,21333000000.0,45.63,-6141000000.0
74,VZ,MRT,2002-12-31,2002-12-31,2002-12-31,2021-08-25,-2110000000.0,167468000000.0,169046250000.0,22093000000.0,145375000000.0,0.397,11.952,-13052000000.0,1422000000.0,1422000000.0,19866000000.0,4079000000.0,0.791,4.135,53270000000.0,9267000000.0,44003000000.0,53270000000.0,0.0,13282000000.0,0.0,0.04,1.54,8748000000.0,22030000000.0,0.329,22030000000.0,8748000000.0,5618000000.0,1.49,1.49,1.49,32616000000.0,31027500000.0,32616000000.0,157810800362.0,18.0,7.163,9030000000.0,3.309,1.0,47190000000.0,0.704,46339000000.0,3130000000.0,145048000000.0,146806750000.0,1497000000.0,7028000000.0,2042000000.0,4986000000.0,134852000000.0,27929000000.0,106923000000.0,106010800362.0,482000000.0,3550000000.0,915000000.0,-11595000000.0,-4200000000.0,-14809000000.0,-6791000000.0,-216000000.0,22082000000.0,0.0,4079000000.0,4079000000.0,4079000000.0,16000000.0,0.0,0.061,32313000000.0,14877000000.0,12642000000.0,1.034,3.25,25.989,26.007,73758000000.0,0.0,38.75,1.581,1.577,12496000000.0,10536000000.0,67056000000.0,67056000000.0,0.0,0.024,0.131,0.06,0.13,0.0,21778000000.0,1.0,2735762590.0,2729000000,2789000000.0,24.572,121129000000.0,0.0,1539000000.0,19467000000.0,44.386,-5836000000.0
75,VZ,MRT,2002-09-30,2002-09-30,2002-09-30,2021-08-25,-1336000000.0,169099000000.0,169878000000.0,23466000000.0,145633000000.0,0.393,11.656,-14686000000.0,5651000000.0,5651000000.0,35498000000.0,-248000000.0,0.757,4.31,57451000000.0,11422000000.0,46029000000.0,57451000000.0,0.0,13256000000.0,0.0,0.056,1.54,5013000000.0,18269000000.0,0.273,18269000000.0,5013000000.0,2005000000.0,-0.11,-0.11,-0.11,31845000000.0,31008250000.0,31845000000.0,133513896140.0,27.0,7.308,7842000000.0,2.87,1.0,31331000000.0,0.469,46761000000.0,3008000000.0,143154000000.0,148509750000.0,1612000000.0,5196000000.0,246000000.0,4950000000.0,137254000000.0,30984000000.0,106270000000.0,74867896140.0,4278000000.0,3774000000.0,718000000.0,-7763000000.0,-4196000000.0,-11140000000.0,-7110000000.0,-87000000.0,22528000000.0,0.0,-248000000.0,-248000000.0,-248000000.0,61000000.0,0.0,-0.004,18732000000.0,12599000000.0,14242000000.0,-14.0,2.351,-301.887,-249.455,74137000000.0,0.0,27.44,1.12,1.122,12956000000.0,9223000000.0,66829000000.0,66829000000.0,0.0,-0.001,-0.008,0.034,0.075,0.0,36771000000.0,1.0,2728421871.0,2732000000,2749000000.0,24.462,122338000000.0,0.0,2253000000.0,18802000000.0,44.78,-7518000000.0
76,VZ,MRT,2002-06-30,2002-06-30,2002-06-30,2021-08-25,-924000000.0,168293000000.0,169979000000.0,23141000000.0,145152000000.0,0.393,10.507,-15186000000.0,2962000000.0,2962000000.0,30363000000.0,-2778000000.0,0.649,4.876,61608000000.0,16969000000.0,44639000000.0,61608000000.0,0.0,13371000000.0,0.0,0.038,1.54,2563000000.0,15934000000.0,0.239,15934000000.0,2563000000.0,-466000000.0,-1.03,-1.02,-1.03,28642000000.0,31756000000.0,28642000000.0,171238155998.0,67.0,10.747,6777000000.0,2.486,1.0,36357000000.0,0.545,45231000000.0,3029000000.0,146028000000.0,150647750000.0,1843000000.0,6650000000.0,769000000.0,5881000000.0,139651000000.0,35680000000.0,103971000000.0,109329155998.0,325000000.0,-668000000.0,683000000.0,-4227000000.0,-4185000000.0,-7698000000.0,-13940000000.0,-288000000.0,21963000000.0,0.0,-2778000000.0,-2778000000.0,-2778000000.0,51000000.0,0.0,-0.042,26095000000.0,10262000000.0,13130000000.0,-1.495,3.817,-39.355,-38.981,74384000000.0,0.0,40.15,1.639,1.64,13068000000.0,5842000000.0,66720000000.0,66720000000.0,0.0,-0.016,-0.087,0.017,0.038,0.0,31567000000.0,1.0,2723017584.0,2726000000,2726000000.0,24.475,123062000000.0,0.0,2312000000.0,18824000000.0,45.144,-12539000000.0
77,VZ,MRT,2002-03-31,2002-03-31,2002-03-31,2021-08-25,-1455000000.0,171325000000.0,170449000000.0,24172000000.0,147153000000.0,0.392,11.404,-16481000000.0,1015000000.0,1015000000.0,25412000000.0,-1684000000.0,0.688,4.525,62924000000.0,16344000000.0,46580000000.0,62924000000.0,0.0,13483000000.0,0.0,0.033,1.54,3591000000.0,17074000000.0,0.255,17074000000.0,3591000000.0,422000000.0,-0.63,-0.62,-0.63,31007000000.0,33322750000.0,31007000000.0,188609869982.0,53.0,11.047,4421000000.0,1.626,1.0,41465000000.0,0.62,45127000000.0,3169000000.0,152997000000.0,151900000000.0,1770000000.0,8979000000.0,1364000000.0,7615000000.0,140318000000.0,35110000000.0,105208000000.0,125262869982.0,279000000.0,-760000000.0,646000000.0,54000000.0,-4179000000.0,-3733000000.0,-16890000000.0,-427000000.0,20902000000.0,0.0,-1684000000.0,-1684000000.0,-1684000000.0,13000000.0,0.0,-0.025,30088000000.0,11377000000.0,13120000000.0,-2.444,4.04,-74.384,-73.175,74321000000.0,0.0,46.1,1.873,1.874,15412000000.0,9065000000.0,66877000000.0,66877000000.0,0.0,-0.01,-0.051,0.024,0.054,0.0,25774000000.0,1.0,2717198915.0,2719000000,2719000000.0,24.596,126198000000.0,0.0,2106000000.0,18375000000.0,46.413,-10938000000.0
78,VZ,MRT,2001-12-31,2001-12-31,2001-12-31,2021-08-25,-1187000000.0,170795000000.0,169567250000.0,23187000000.0,147608000000.0,0.393,12.007,-18369000000.0,979000000.0,979000000.0,20538000000.0,389000000.0,0.61,4.249,64326000000.0,18669000000.0,45657000000.0,64326000000.0,0.0,13523000000.0,0.0,0.032,1.54,5812000000.0,19335000000.0,0.29,19335000000.0,5812000000.0,2536000000.0,0.14,0.14,0.14,32539000000.0,34245500000.0,32539000000.0,191352977585.0,33.0,9.897,1157000000.0,0.427,1.0,46175000000.0,0.692,44262000000.0,3276000000.0,151860000000.0,151009250000.0,1968000000.0,12193000000.0,1991000000.0,10202000000.0,138256000000.0,38020000000.0,100236000000.0,128827977585.0,175000000.0,-2657000000.0,501000000.0,6031000000.0,-4168000000.0,1973000000.0,-21324000000.0,-382000000.0,19526000000.0,0.0,389000000.0,389000000.0,389000000.0,13000000.0,0.0,0.006,34702000000.0,11473000000.0,13947000000.0,11.0,3.959,331.177,339.0,74419000000.0,0.0,47.46,1.931,1.928,14254000000.0,10704000000.0,66713000000.0,66713000000.0,0.0,0.002,0.011,0.038,0.087,0.0,20829000000.0,1.0,2714453805.0,2710000000,2730000000.0,24.617,126533000000.0,0.0,2147000000.0,16543000000.0,46.691,-14833000000.0
79,VZ,MRT,2001-09-30,2001-09-30,2001-09-30,2021-08-25,-1832000000.0,169503000000.0,168052250000.0,21832000000.0,147671000000.0,0.399,12.845,-18230000000.0,1365000000.0,1365000000.0,0.0,4338000000.0,0.602,3.866,63890000000.0,18847000000.0,45043000000.0,63890000000.0,0.0,13393000000.0,0.0,0.028,1.54,10809000000.0,24202000000.0,0.361,24202000000.0,10809000000.0,7295000000.0,1.59,1.6,1.59,34836000000.0,34755250000.0,34836000000.0,208859025959.0,19.0,8.63,-1352000000.0,-0.499,1.0,67052000000.0,1.0,44080000000.0,3514000000.0,151706000000.0,149314500000.0,2259000000.0,11532000000.0,248000000.0,11284000000.0,134667000000.0,36242000000.0,98425000000.0,146604025959.0,537000000.0,-2672000000.0,566000000.0,10608000000.0,-4151000000.0,6742000000.0,-23083000000.0,1184000000.0,16878000000.0,0.0,4338000000.0,4336000000.0,4336000000.0,0.0,0.0,0.065,52588000000.0,14464000000.0,11945000000.0,0.969,4.208,33.811,34.031,72897000000.0,2000000.0,54.11,2.186,2.189,13726000000.0,13968000000.0,67052000000.0,67052000000.0,0.0,0.026,0.125,0.072,0.161,0.0,0.0,1.0,2709370282.0,2712000000,2735000000.0,24.724,125423000000.0,0.0,2957000000.0,16129000000.0,46.247,-14410000000.0
80,VZ,MRT,2001-06-30,2001-06-30,2001-06-30,2021-08-25,-692000000.0,170173000000.0,165058500000.0,23260000000.0,146913000000.0,0.403,12.896,-19164000000.0,2616000000.0,2616000000.0,0.0,5929000000.0,0.616,3.875,64871000000.0,20591000000.0,44280000000.0,64871000000.0,0.0,13204000000.0,0.0,0.029,1.54,13555000000.0,26759000000.0,0.402,26759000000.0,13555000000.0,9924000000.0,2.18,2.18,2.18,34909000000.0,34666750000.0,34909000000.0,205834141497.0,15.0,7.692,-4008000000.0,-1.481,1.0,66581000000.0,1.0,43627000000.0,3631000000.0,151037000000.0,143342750000.0,2047000000.0,12647000000.0,797000000.0,11850000000.0,135264000000.0,37764000000.0,97500000000.0,144700141497.0,1270000000.0,1568000000.0,-474000000.0,10638000000.0,-4401000000.0,5449000000.0,-19335000000.0,1285000000.0,15156000000.0,0.0,5929000000.0,5927000000.0,5927000000.0,0.0,0.0,0.089,50852000000.0,15729000000.0,11740000000.0,0.706,4.145,24.414,24.541,73542000000.0,2000000.0,53.5,2.173,2.175,13777000000.0,13137000000.0,66581000000.0,66581000000.0,0.0,0.036,0.171,0.095,0.204,0.0,0.0,1.0,2704675542.0,2707000000,2707000000.0,24.596,126546000000.0,0.0,3995000000.0,15689000000.0,46.748,-14504000000.0
81,VZ,MRT,2001-03-31,2001-03-31,2001-03-31,2021-08-25,-2737000000.0,167798000000.0,161768500000.0,21977000000.0,145821000000.0,0.411,12.832,-18962000000.0,689000000.0,689000000.0,0.0,11854000000.0,0.621,3.836,61823000000.0,17429000000.0,44394000000.0,61823000000.0,0.0,13030000000.0,0.0,0.031,1.54,22557000000.0,35587000000.0,0.536,35587000000.0,22557000000.0,18920000000.0,4.36,4.35,4.36,34698000000.0,34483500000.0,34698000000.0,189857505535.0,8.0,5.335,-4507000000.0,-1.667,1.0,66441000000.0,1.0,44083000000.0,3637000000.0,149434000000.0,138069000000.0,2049000000.0,13379000000.0,1010000000.0,12369000000.0,133100000000.0,35415000000.0,97685000000.0,133285505535.0,-15000000.0,4423000000.0,-717000000.0,8010000000.0,-4408000000.0,2972000000.0,-17442000000.0,148000000.0,14455000000.0,0.0,11854000000.0,11852000000.0,11852000000.0,0.0,0.0,0.178,49904000000.0,16537000000.0,12610000000.0,0.353,3.841,11.246,11.307,71369000000.0,2000000.0,49.3,2.006,2.006,13988000000.0,15200000000.0,66441000000.0,66441000000.0,0.0,0.073,0.344,0.163,0.34,0.0,0.0,1.0,2703559950.0,2704000000,2725000000.0,24.571,123715000000.0,0.0,7066000000.0,15559000000.0,45.753,-13438000000.0
82,VZ,MRT,2000-12-31,2000-12-31,2000-12-31,2021-08-25,-2176000000.0,164735000000.0,136332000000.0,22121000000.0,142614000000.0,0.475,12.745,-17633000000.0,757000000.0,757000000.0,0.0,11797000000.0,0.646,3.764,57329000000.0,14838000000.0,42491000000.0,57329000000.0,0.0,12261000000.0,0.0,0.031,1.54,22296000000.0,34557000000.0,0.534,34557000000.0,22296000000.0,18806000000.0,4.34,4.31,4.34,34578000000.0,29967000000.0,34578000000.0,186190710753.0,8.0,5.388,-1806000000.0,-0.666,1.0,64707000000.0,1.0,41990000000.0,3490000000.0,145081000000.0,120048500000.0,1910000000.0,14728000000.0,1613000000.0,13115000000.0,130157000000.0,34236000000.0,95921000000.0,135305710753.0,-1276000000.0,4547000000.0,-1718000000.0,5058000000.0,-4421000000.0,-1048000000.0,-16055000000.0,-221000000.0,15827000000.0,0.0,11797000000.0,11787000000.0,11787000000.0,0.0,0.0,0.182,47949000000.0,16758000000.0,13965000000.0,0.355,3.913,11.479,11.551,69504000000.0,10000000.0,50.13,2.091,2.102,14010000000.0,14667000000.0,64707000000.0,64707000000.0,0.0,0.086,0.393,0.186,0.345,0.0,0.0,1.0,2699096564.0,2713000000,2737000000.0,23.851,122745000000.0,0.0,7009000000.0,15260000000.0,45.243,-12115000000.0
83,VZ,MRT,2000-09-30,2000-09-30,2000-09-30,2021-08-25,-1202000000.0,157528000000.0,123355750000.0,20094000000.0,137434000000.0,0.512,12.733,-15773000000.0,828000000.0,828000000.0,0.0,11623000000.0,0.515,3.568,51713000000.0,18888000000.0,32825000000.0,51713000000.0,0.0,11637000000.0,0.0,0.032,1.54,22113000000.0,33750000000.0,0.535,33750000000.0,22113000000.0,18806000000.0,4.27,4.23,4.27,34482000000.0,27916500000.0,34482000000.0,183659722171.0,8.0,5.442,1482000000.0,0.547,1.0,63099000000.0,1.0,41586000000.0,3307000000.0,127819000000.0,113749250000.0,1487000000.0,14467000000.0,114000000.0,14353000000.0,123046000000.0,39008000000.0,84038000000.0,131659722171.0,-2990000000.0,881000000.0,-2620000000.0,4240000000.0,-4448000000.0,-2872000000.0,-17373000000.0,-1050000000.0,17255000000.0,0.0,11623000000.0,11615000000.0,11615000000.0,0.0,0.0,0.184,45687000000.0,17412000000.0,14927000000.0,0.361,3.818,11.335,11.344,66305000000.0,8000000.0,48.44,2.087,2.079,14180000000.0,13891000000.0,63099000000.0,63099000000.0,0.0,0.094,0.416,0.194,0.35,0.0,0.0,1.0,2717995916.0,2708000000,2722000000.0,23.301,115942000000.0,0.0,7183000000.0,15304000000.0,42.815,-18914000000.0
84,VZ,MRT,2000-06-30,2000-06-30,2000-06-30,2021-08-25,92000000.0,157013000000.0,98729250000.0,20136000000.0,136877000000.0,0.62,12.574,-14873000000.0,1346000000.0,1346000000.0,0.0,10695000000.0,0.528,3.594,53346000000.0,20060000000.0,33286000000.0,53346000000.0,0.0,10879000000.0,0.0,0.03,1.54,20381000000.0,31260000000.0,0.511,31260000000.0,20381000000.0,17352000000.0,3.91,3.87,3.91,34176000000.0,23173250000.0,34176000000.0,104135801582.0,5.0,3.331,2907000000.0,1.07,1.0,61221000000.0,1.0,40954000000.0,3029000000.0,129942000000.0,98829000000.0,1385000000.0,16260000000.0,355000000.0,15905000000.0,122837000000.0,38117000000.0,84720000000.0,78534801582.0,665000000.0,-1841000000.0,-2060000000.0,7800000000.0,-4214000000.0,1741000000.0,-18856000000.0,-594000000.0,17780000000.0,0.0,10695000000.0,10687000000.0,10687000000.0,0.0,0.0,0.175,44229000000.0,16992000000.0,13275000000.0,0.394,2.298,7.349,12.995,64774000000.0,8000000.0,50.81,1.283,2.256,12360000000.0,11512000000.0,61221000000.0,61221000000.0,0.0,0.108,0.461,0.206,0.333,0.0,0.0,1.0,1545656398.0,2718000000,2747000000.0,22.524,116059000000.0,0.0,6657000000.0,14572000000.0,42.7,-17981000000.0
85,VZ,MRT,2000-03-31,2000-03-31,2000-03-31,2021-08-25,1348000000.0,66052000000.0,73944250000.0,9860000000.0,56192000000.0,0.876,6.103,-14451000000.0,360000000.0,360000000.0,0.0,8633000000.0,0.689,2.971,25961000000.0,5812000000.0,20149000000.0,25961000000.0,0.0,10977000000.0,0.0,0.025,1.54,16853000000.0,27830000000.0,0.43,27830000000.0,16853000000.0,13778000000.0,2.83,2.8,2.83,16632000000.0,18362250000.0,16632000000.0,117612806310.0,7.0,4.226,4554000000.0,1.671,1.0,64759000000.0,1.0,0.0,3075000000.0,77352000000.0,83240500000.0,589000000.0,8835000000.0,628000000.0,8207000000.0,49420000000.0,14301000000.0,35119000000.0,94791806310.0,-131000000.0,-5887000000.0,-1738000000.0,9070000000.0,-4682000000.0,2353000000.0,-21489000000.0,-135000000.0,19005000000.0,0.0,8633000000.0,8625000000.0,8625000000.0,0.0,0.0,0.133,47056000000.0,17703000000.0,7000000000.0,0.544,5.699,10.99,21.601,39749000000.0,8000000.0,61.13,1.464,2.572,7085000000.0,2895000000.0,64759000000.0,64759000000.0,0.0,0.117,0.47,0.202,0.26,0.0,0.0,1.0,1550659354.0,2725000000,2756000000.0,23.765,66052000000.0,0.0,5145000000.0,4609000000.0,24.239,-4441000000.0
86,VZ,MRT,1999-12-31,1999-12-31,1999-12-31,2021-08-25,75000000.0,112830000000.0,71175000000.0,19995000000.0,92835000000.0,0.818,9.63,-13013000000.0,2033000000.0,2033000000.0,0.0,8260000000.0,0.672,3.278,47482000000.0,15063000000.0,32419000000.0,47482000000.0,0.0,9890000000.0,0.0,0.025,1.54,15748000000.0,25638000000.0,0.441,25638000000.0,15748000000.0,13132000000.0,3.02,2.97,3.02,26376000000.0,17579000000.0,26376000000.0,116074502343.0,7.0,4.527,4004000000.0,1.462,1.0,58194000000.0,1.0,8645000000.0,2616000000.0,119884000000.0,80080250000.0,1366000000.0,11212000000.0,1035000000.0,10177000000.0,86454000000.0,29750000000.0,56704000000.0,95589502343.0,1329000000.0,-3406000000.0,-871000000.0,6592000000.0,-4227000000.0,1732000000.0,-17420000000.0,-98000000.0,17017000000.0,0.0,8260000000.0,8260000000.0,8260000000.0,0.0,0.0,0.142,42241000000.0,15953000000.0,10878000000.0,0.51,3.624,11.573,20.384,62173000000.0,0.0,61.56,1.643,2.897,11998000000.0,7428000000.0,58194000000.0,58194000000.0,0.0,0.116,0.47,0.197,0.271,0.0,0.0,1.0,1552785938.0,2739000000,2777000000.0,21.246,104185000000.0,0.0,4872000000.0,7288000000.0,38.038,-9755000000.0
87,VZ,MRT,1999-09-30,1999-09-30,1999-09-30,2021-08-25,174000000.0,59022000000.0,56753500000.0,8897000000.0,50125000000.0,1.348,5.648,-16519000000.0,264000000.0,264000000.0,0.0,9596000000.0,0.783,2.806,20749000000.0,3286000000.0,17463000000.0,20749000000.0,0.0,12602000000.0,0.0,0.023,1.54,19032000000.0,31634000000.0,0.413,31634000000.0,19032000000.0,15447000000.0,2.96,2.93,2.96,15509000000.0,14241250000.0,15509000000.0,125221176403.0,7.0,3.958,3662000000.0,1.334,1.0,76515000000.0,1.0,0.0,3585000000.0,68138000000.0,66361750000.0,624000000.0,5954000000.0,35000000.0,5919000000.0,43513000000.0,11369000000.0,32144000000.0,104514176403.0,2646000000.0,697000000.0,265000000.0,4787000000.0,-5570000000.0,-1811000000.0,-15724000000.0,265000000.0,20181000000.0,0.0,9596000000.0,9566000000.0,9566000000.0,0.0,0.0,0.125,70307300000.0,6207700000.0,6550000000.0,0.52,6.739,10.926,22.74,38359000000.0,30000000.0,67.31,1.366,2.416,6929000000.0,2757000000.0,76515000000.0,76515000000.0,0.0,0.169,0.672,0.287,0.249,0.0,0.0,1.0,1552728813.0,2746000000,2786000000.0,27.864,59022000000.0,0.0,5851000000.0,3672000000.0,21.494,-2472000000.0
88,VZ,MRT,1999-06-30,1999-06-30,1999-06-30,2021-08-25,160000000.0,57873000000.0,55747575000.0,8738000000.0,49135000000.0,1.252,5.454,-15108000000.0,232000000.0,232000000.0,0.0,7050000000.0,0.795,2.876,20939000000.0,3558000000.0,17381000000.0,20939000000.0,0.0,11617000000.0,0.0,0.024,1.54,15075000000.0,26692000000.0,0.383,26692000000.0,15075000000.0,11767000000.0,2.03,2.01,2.03,14932000000.0,13515025000.0,14932000000.0,121097867835.0,8.0,4.537,3309000000.0,1.209,1.0,69770000000.0,1.0,0.0,3308000000.0,67588000000.0,65558500000.0,584000000.0,6209000000.0,280000000.0,5929000000.0,42941000000.0,10992000000.0,31949000000.0,101472867835.0,-173000000.0,-327000000.0,471000000.0,2929000000.0,-5110000000.0,-3041000000.0,-15549000000.0,-360000000.0,18417000000.0,0.0,7050000000.0,7020000000.0,7020000000.0,0.0,0.0,0.101,66954300000.0,2815700000.0,5955000000.0,0.759,6.796,14.455,32.202,37786000000.0,30000000.0,65.37,1.454,2.565,6722000000.0,2294000000.0,69770000000.0,69770000000.0,0.0,0.126,0.519,0.23,0.216,0.0,0.0,1.0,1552284960.0,2738000000,2774000000.0,25.482,57873000000.0,0.0,4717000000.0,3444000000.0,21.137,-2254000000.0
89,VZ,MRT,1999-03-31,1999-03-31,1999-03-31,2021-08-25,-729000000.0,54975000000.0,54958250000.0,8901000000.0,46074000000.0,1.044,8.692,-12872000000.0,368000000.0,368000000.0,0.0,5229000000.0,0.9,3.073,19993000000.0,2286000000.0,17707000000.0,19993000000.0,0.0,9738000000.0,0.0,0.03,1.54,11559000000.0,21297000000.0,0.371,21297000000.0,11559000000.0,8849000000.0,1.97,1.94,1.97,13499000000.0,13074575000.0,13499000000.0,100684847579.0,9.0,4.728,3135000000.0,2.019,1.0,57391000000.0,1.0,0.0,2710000000.0,64711000000.0,64273875000.0,555000000.0,4238000000.0,539000000.0,3699000000.0,41476000000.0,9889000000.0,31587000000.0,80287947579.0,-120000000.0,692000000.0,227000000.0,1058000000.0,-4190000000.0,-3888000000.0,-12239000000.0,152000000.0,16007000000.0,0.0,5229000000.0,5199000000.0,5199000000.0,0.0,0.0,0.091,57942300000.0,-551300000.0,6233000000.0,0.782,5.948,15.443,26.239,37291000000.0,30000000.0,51.69,1.399,1.399,6535000000.0,1844000000.0,57391000000.0,57391000000.0,0.0,0.095,0.398,0.18,0.201,0.0,0.0,1.0,1553258804.0,1553000000,1582000000.0,36.955,54975000000.0,0.0,3620000000.0,2647000000.0,35.399,-988000000.0
90,VZ,MRT,1998-12-31,1998-12-31,1998-12-31,2021-08-25,-714000000.0,55144000000.0,54793075000.0,9082000000.0,46062000000.0,1.042,4.775,-12820000000.0,237000000.0,237000000.0,0.0,4980000000.0,0.862,3.234,20634000000.0,2988000000.0,17646000000.0,20634000000.0,0.0,9645000000.0,0.0,0.029,1.54,11160000000.0,20805000000.0,0.365,20805000000.0,11160000000.0,8455000000.0,1.81,1.79,1.81,13025000000.0,12909250000.0,13025000000.0,103327357406.0,9.0,4.966,2904000000.0,1.065,1.0,57075000000.0,1.0,0.0,2705000000.0,65010000000.0,63761375000.0,566000000.0,5062000000.0,786000000.0,4276000000.0,42119000000.0,10531000000.0,31588000000.0,83822957406.0,-170000000.0,62000000.0,4000000.0,2607000000.0,-4186000000.0,-2938000000.0,-12956000000.0,-60000000.0,15724000000.0,0.0,4980000000.0,4948000000.0,4948000000.0,0.0,0.0,0.087,45319000000.0,11756000000.0,6105000000.0,0.851,6.436,16.941,29.834,36816000000.0,32000000.0,54.0,1.469,2.581,6560000000.0,1371000000.0,57075000000.0,57075000000.0,0.0,0.09,0.383,0.175,0.196,0.0,0.0,1.0,1552276989.0,2728000000,2759000000.0,20.922,55144000000.0,0.0,3475000000.0,2476000000.0,20.214,-1449000000.0
91,VZ,MRT,1998-09-30,1998-09-30,1998-09-30,2021-08-25,-719800000.0,54998300000.0,54498100000.0,8907100000.0,46091200000.0,0.572,8.116,-7171500000.0,620800000.0,620800000.0,0.0,2846100000.0,0.93,3.364,20125200000.0,1924300000.0,18200900000.0,20125200000.0,0.0,5731900000.0,0.0,0.032,1.54,6151000000.0,11882900000.0,0.381,11882900000.0,6151000000.0,4807700000.0,1.82,1.79,1.82,12604100000.0,12850275000.0,12604100000.0,94803166512.0,15.0,7.978,3037000000.0,1.956,1.0,31184800000.0,1.0,0.0,1343300000.0,64925000000.0,62405150000.0,571200000.0,5010200000.0,163700000.0,4846500000.0,42394200000.0,9577700000.0,32816500000.0,75250266512.0,304600000.0,-603900000.0,-489000000.0,814900000.0,-2355700000.0,-1850700000.0,-8053200000.0,-12700000.0,10208500000.0,0.0,2846100000.0,2844100000.0,2844100000.0,0.0,0.0,0.091,37444600000.0,-6259800000.0,6254100000.0,0.846,5.97,26.458,26.615,36227300000.0,2000000.0,48.44,2.413,2.412,6424100000.0,1064000000.0,31184800000.0,31184800000.0,0.0,0.052,0.221,0.099,0.197,0.0,0.0,1.0,1553473710.0,1553000000,1553000000.0,20.08,54998300000.0,0.0,1961600000.0,2349400000.0,35.414,-670600000.0
92,VZ,MRT,1998-06-30,1998-06-30,1998-06-30,2021-08-25,-789400000.0,54715700000.0,,9002800000.0,45712900000.0,,8.48,-7066400000.0,303100000.0,303100000.0,0.0,2774000000.0,0.762,3.155,19856000000.0,4352800000.0,15503200000.0,19856000000.0,0.0,5985900000.0,0.0,0.033,1.525,5724500000.0,11710400000.0,0.382,11710400000.0,5724500000.0,4442100000.0,1.78,1.75,1.78,13170200000.0,,13170200000.0,90661957076.0,16.0,7.742,2849500000.0,1.835,1.0,30648700000.0,1.0,0.0,1282400000.0,62449500000.0,,604900000.0,5648200000.0,423400000.0,5224800000.0,41545500000.0,11819100000.0,29726400000.0,70835157076.0,116500000.0,-570100000.0,-408900000.0,709000000.0,-2369400000.0,-2021200000.0,-7778200000.0,-158800000.0,9915900000.0,0.0,2774000000.0,2772000000.0,2772000000.0,0.0,0.0,0.09,37617500000.0,-6968800000.0,6103400000.0,0.857,5.378,25.554,25.635,35801800000.0,2000000.0,45.63,2.311,2.312,6467300000.0,1698200000.0,30648700000.0,30648700000.0,0.0,,,,0.187,0.0,0.0,1.0,1552381264.0,1553000000,1577000000.0,19.735,54715700000.0,0.0,1668100000.0,2495800000.0,35.232,-2816300000.0
93,VZ,MRT,1998-03-31,1998-03-31,1998-03-31,2021-08-25,-648700000.0,54314300000.0,,9246000000.0,45068300000.0,,8.266,-6843300000.0,403900000.0,403900000.0,0.0,2649800000.0,0.805,3.231,20230700000.0,4551800000.0,15678900000.0,20230700000.0,0.0,5904700000.0,0.0,0.03,1.51,5512600000.0,11417300000.0,0.375,11417300000.0,5512600000.0,4302100000.0,1.7,1.67,1.7,12837700000.0,,12837700000.0,,,,2255200000.0,1.452,1.0,30428500000.0,1.0,0.0,1210500000.0,62661000000.0,,544500000.0,5852800000.0,746100000.0,5106700000.0,41476600000.0,11480100000.0,29996500000.0,79397842182.0,145700000.0,-175500000.0,-449800000.0,1141300000.0,-2359100000.0,-1592700000.0,-7360100000.0,-289900000.0,9098500000.0,0.0,2649800000.0,2647800000.0,2647800000.0,0.0,0.0,0.087,37502400000.0,-7073900000.0,5628000000.0,0.888,6.185,29.986,30.074,35346500000.0,2000000.0,51.125,2.609,2.609,6277600000.0,1325500000.0,30428500000.0,30428500000.0,0.0,,,,0.181,0.0,0.0,1.0,1553014028.0,1553000000,1579000000.0,19.593,54314300000.0,0.0,1652300000.0,2388800000.0,34.974,-2234100000.0
94,VZ,MRT,1997-12-31,1997-12-31,1997-12-31,2021-08-25,-553300000.0,53964100000.0,53662600000.0,9000800000.0,44963300000.0,0.563,8.24,-6632000000.0,322800000.0,322800000.0,0.0,2455000000.0,0.659,3.22,19608000000.0,6342800000.0,13265200000.0,19608000000.0,0.0,5865000000.0,0.0,0.033,1.485,5214000000.0,11079000000.0,0.367,11079000000.0,5214000000.0,3984000000.0,1.58,1.56,1.58,12789100000.0,12882750000.0,12789100000.0,,,,2227000000.0,1.435,1.0,30194000000.0,1.0,0.0,1230000000.0,59585100000.0,60258550000.0,550300000.0,5864800000.0,720600000.0,5144200000.0,41175000000.0,13664200000.0,27510800000.0,70662138274.0,73000000.0,-195000000.0,-209000000.0,1046000000.0,-2340000000.0,-1447000000.0,-7339000000.0,-334000000.0,8859000000.0,0.0,2455000000.0,2455000000.0,2455000000.0,0.0,0.0,0.081,24853000000.0,5341000000.0,5966400000.0,0.94,5.525,28.783,28.797,35039400000.0,0.0,45.5,2.34,2.339,6340800000.0,1261600000.0,30194000000.0,30194000000.0,0.0,0.046,0.191,0.087,0.173,0.0,0.0,1.0,1553014028.0,1552000000,1571000000.0,19.455,53964100000.0,0.0,1529000000.0,2356900000.0,34.771,-4663400000.0
95,VZ,MRT,1997-09-30,1997-09-30,1997-09-30,2021-08-25,,,,,,,,,,,,,,,,,,,,,,0.036,1.46,,,,,,,,,,,,,,,,,,1.0,,,,,,,,,,,,,,,,,,,,,,,,,,,,,,,,,,,,,,,,40.22,,,,,,,,,,,,,,1.0,,1552800000,,,,,,,,
96,VZ,MRT,1997-06-30,1997-06-30,1997-06-30,2021-08-25,,,,,,,,,,,,,,,,,,,,,,0.038,1.45,,,,,,,,,,,,,,,,,,1.0,,,,,,,,,,,,,,,,,,,,,,,,,,,,,,,,,,,,,,,,37.935,,,,,,,,,,,,,,1.0,,1551300000,,,,,,,,
97,VZ,MRT,1997-03-31,1997-03-31,1997-03-31,2021-08-25,,,,,,,,,,,,,,,,,,,,,,0.047,1.44,,,,,,,,,,,,,,,,,,1.0,,,,,,,,,,,,,,,,,,,,,,,,,,,,,,,,,,,,,,,,30.375,,,,,,,,,,,,,,1.0,,1551500000,,,,,,,,
98,VZ,MRT,1996-12-31,1996-12-31,1996-12-31,2021-08-25,-319400000.0,53361100000.0,,8456800000.0,44904300000.0,,8.39,-6379300000.0,249400000.0,249400000.0,0.0,3402000000.0,0.817,3.112,18170200000.0,2884200000.0,15286000000.0,18170200000.0,0.0,5379000000.0,0.0,0.044,1.43,6266300000.0,11645300000.0,0.399,11645300000.0,6266300000.0,5184300000.0,2.2,2.18,2.2,12976400000.0,,12976400000.0,,,,2401500000.0,1.553,1.0,29155200000.0,1.0,0.0,1082000000.0,60932000000.0,,478400000.0,5222700000.0,300500000.0,4922200000.0,40384700000.0,10349900000.0,30034800000.0,,-213500000.0,-953400000.0,210000000.0,-114000000.0,-2204100000.0,-1420300000.0,-7574000000.0,27600000.0,8780800000.0,0.0,3402000000.0,3402000000.0,3402000000.0,0.0,0.0,0.117,23076600000.0,6078600000.0,6160600000.0,0.65,,,14.716,36134800000.0,0.0,32.375,,1.717,6168900000.0,1279800000.0,29155200000.0,29155200000.0,0.0,,,,0.215,0.0,0.0,1.0,,1546600000,1560200000.0,18.851,53361100000.0,0.0,1782300000.0,2135700000.0,34.502,-1893100000.0
99,VZ,MRT,1995-12-31,1995-12-31,1995-12-31,2021-08-25,,,,,,,,-6299800000.0,,,0.0,-96800000.0,,,,,,,,5326100000.0,,0.042,1.395,2876700000.0,8202800000.0,0.294,8202800000.0,2876700000.0,1612100000.0,-0.03,-0.03,-0.03,,,,,,,1594600000.0,0.522,1.0,27926800000.0,1.0,,1264600000.0,,,,,,,,,,,182500000.0,-380500000.0,288400000.0,-277800000.0,-2117400000.0,-1147800000.0,-6564100000.0,445400000.0,7894400000.0,0.0,-96800000.0,-96800000.0,-96800000.0,0.0,0.0,-0.003,22509400000.0,5417400000.0,,-46.5,,,-1114.5,,0.0,33.435,,3.66,,,27926800000.0,27926800000.0,0.0,,,,0.103,0.0,0.0,1.0,,3057400000,3073000000.0,9.134,,,1708900000.0,,,
