None,ticker,dimension,calendardate,datekey,reportperiod,lastupdated,accoci,assets,assetsavg,assetsc,assetsnc,assetturnover,bvps,capex,cashneq,cashnequsd,cor,consolinc,currentratio,de,debt,debtc,debtnc,debtusd,deferredrev,depamor,deposits,divyield,dps,ebit,ebitda,ebitdamargin,ebitdausd,ebitusd,ebt,eps,epsdil,epsusd,equity,equityavg,equityusd,ev,evebit,evebitda,fcf,fcfps,fxusd,gp,grossmargin,intangibles,intexp,invcap,invcapavg,inventory,investments,investmentsc,investmentsnc,liabilities,liabilitiesc,liabilitiesnc,marketcap,ncf,ncfbus,ncfcommon,ncfdebt,ncfdiv,ncff,ncfi,ncfinv,ncfo,ncfx,netinc,netinccmn,netinccmnusd,netincdis,netincnci,netmargin,opex,opinc,payables,payoutratio,pb,pe,pe1,ppnenet,prefdivis,price,ps,ps1,receivables,retearn,revenue,revenueusd,rnd,roa,roe,roic,ros,sbcomp,sgna,sharefactor,sharesbas,shareswa,shareswadil,sps,tangibles,taxassets,taxexp,taxliabilities,tbvps,workingcapital
0,SNI,MRY,2017-12-31,2017-12-31,2017-12-31,2020-10-26,-13809000.0,6521680000.0,6429313750.0,1748520000.0,4773160000.0,0.554,21.335,-75641000.0,130357000.0,130357000.0,1253994000.0,814351000.0,3.05,1.228,2522005000.0,0.0,2522005000.0,2522005000.0,148134000.0,151865000.0,0.0,0.014,1.2,1213953000.0,1365818000.0,0.383,1365818000.0,1213953000.0,1120794000.0,4.79,4.76,4.79,2778189000.0,2530020250.0,2778189000.0,13643333977.0,11.0,9.989,980153000.0,7.527,1.0,2307813000.0,0.648,4038667000.0,93159000.0,4301391000.0,4576662500.0,0.0,740810000.0,0.0,740810000.0,3410492000.0,573270000.0,2837222000.0,11092195977.0,7420000.0,-10320000.0,23662000.0,-685000000.0,-156684000.0,-1003083000.0,-65016000.0,30168000.0,1055794000.0,19725000.0,623935000.0,623935000.0,623935000.0,0.0,190416000.0,0.175,1033400000.0,1274413000.0,48149000.0,0.251,3.993,17.778,17.825,333068000.0,0.0,85.38,3.114,3.121,914812000.0,1341974000.0,3561807000.0,3561807000.0,0.0,0.097,0.247,0.265,0.341,40219000.0,881030000.0,1.0,129915624.0,130217000.0,131063000.0,27.353,2483013000.0,104859000.0,496859000.0,0.0,19.068,1175250000.0
1,SNI,MRY,2016-12-31,2016-12-31,2016-12-31,2020-10-26,-363701000.0,6200294000.0,6499776750.0,1658099000.0,4542195000.0,0.523,14.667,-74406000.0,122937000.0,122937000.0,1193228000.0,847448000.0,2.314,2.091,3202386000.0,249932000.0,2952454000.0,3202386000.0,77987000.0,195001000.0,0.0,0.014,1.0,1233366000.0,1428367000.0,0.42,1428367000.0,1233366000.0,1103925000.0,5.2,5.18,5.2,1899769000.0,1914366750.0,1899769000.0,12467571969.0,10.0,8.729,874420000.0,6.751,1.0,2208207000.0,0.649,3826251000.0,129441000.0,4736961000.0,4702716000.0,0.0,699481000.0,0.0,699481000.0,3971866000.0,716531000.0,3255335000.0,9214426969.0,-100507000.0,-450000.0,15110000.0,-795648000.0,-129725000.0,-1175443000.0,140731000.0,214641000.0,948826000.0,-14621000.0,673595000.0,673595000.0,673595000.0,0.0,173853000.0,0.198,1059612000.0,1148595000.0,42223000.0,0.192,4.85,13.679,13.725,286399000.0,0.0,71.37,2.709,2.718,808133000.0,871766000.0,3401435000.0,3401435000.0,0.0,0.104,0.352,0.262,0.363,35198000.0,806733000.0,1.0,129107846.0,129529000.0,130104000.0,26.26,2374043000.0,175291000.0,430330000.0,0.0,18.328,941568000.0
2,SNI,MRY,2015-12-31,2015-12-31,2015-12-31,2020-10-26,-130233000.0,6672314000.0,5762548750.0,1727881000.0,4944433000.0,0.524,11.753,-52480000.0,223444000.0,223444000.0,987357000.0,778473000.0,1.773,3.108,4010272000.0,499174000.0,3511098000.0,4010272000.0,96040000.0,141759000.0,0.0,0.017,0.92,1058266000.0,1200025000.0,0.398,1200025000.0,1058266000.0,950219000.0,4.68,4.66,4.68,1523931000.0,1390794250.0,1523931000.0,11000744310.0,10.0,9.167,760504000.0,5.865,1.0,2030870000.0,0.673,4179310000.0,108047000.0,5305183000.0,4822123500.0,0.0,807630000.0,0.0,807630000.0,4736138000.0,974649000.0,3761489000.0,7098172310.0,-654720000.0,-539309000.0,-279295000.0,584169000.0,-118857000.0,-875743000.0,-604500000.0,-46368000.0,812984000.0,12539000.0,606828000.0,606828000.0,606828000.0,0.0,171645000.0,0.201,926938000.0,1103932000.0,35308000.0,0.197,4.658,11.697,11.797,293230000.0,0.0,55.21,2.352,2.372,816679000.0,305386000.0,3018227000.0,3018227000.0,0.0,0.105,0.436,0.219,0.351,29568000.0,785179000.0,1.0,128566787.0,129665000.0,130255000.0,23.277,2493004000.0,91954000.0,343391000.0,0.0,19.226,753232000.0
3,SNI,MRY,2014-12-31,2014-12-31,2014-12-31,2020-10-26,-57891000.0,4657481000.0,4226286500.0,2096330000.0,2561151000.0,0.631,9.784,-53775000.0,878164000.0,878164000.0,778896000.0,726808000.0,1.812,2.081,2369254000.0,883895000.0,1485359000.0,2369254000.0,47929000.0,129452000.0,0.0,0.011,0.8,899005000.0,1028457000.0,0.386,1028457000.0,899005000.0,846318000.0,3.86,3.83,3.86,1382447000.0,1721441750.0,1382447000.0,11547827767.0,13.0,11.228,736038000.0,5.209,1.0,1886560000.0,0.708,2115658000.0,52687000.0,2876058000.0,2152797250.0,0.0,463344000.0,0.0,463344000.0,2876643000.0,1156855000.0,1719788000.0,10320420767.0,191793000.0,0.0,-1159357000.0,985529000.0,-112943000.0,-517231000.0,-78337000.0,-12561000.0,789813000.0,-2452000.0,545275000.0,545275000.0,545275000.0,0.0,181533000.0,0.205,894251000.0,992309000.0,21499000.0,0.207,7.465,18.927,19.5,226246000.0,0.0,75.27,3.872,3.99,629775000.0,79994000.0,2665456000.0,2665456000.0,0.0,0.129,0.317,0.418,0.337,35474000.0,764799000.0,1.0,137112007.0,141297000.0,142193000.0,18.864,2541823000.0,79096000.0,301043000.0,0.0,17.989,939475000.0
4,SNI,MRY,2013-12-31,2013-12-31,2013-12-31,2020-10-26,-12529000.0,4438447000.0,4207990500.0,1861310000.0,2577137000.0,0.601,14.247,-72990000.0,686371000.0,686371000.0,699294000.0,683028000.0,6.679,0.899,1384488000.0,0.0,1384488000.0,1384488000.0,70427000.0,117580000.0,0.0,0.007,0.6,861403000.0,978983000.0,0.387,978983000.0,861403000.0,812693000.0,3.43,3.4,3.43,2099003000.0,1911147000.0,2099003000.0,13450113388.0,16.0,13.739,804204000.0,5.459,1.0,1831515000.0,0.724,2066597000.0,48710000.0,2791268000.0,2777783000.0,0.0,488198000.0,0.0,488198000.0,1886555000.0,278699000.0,1607856000.0,12622267388.0,248846000.0,-64412000.0,-210227000.0,0.0,-88400000.0,-460882000.0,-167973000.0,12939000.0,877194000.0,507000.0,505070000.0,505070000.0,505070000.0,0.0,177958000.0,0.2,873039000.0,958476000.0,18278000.0,0.175,6.013,24.991,25.192,246350000.0,0.0,86.41,4.987,5.03,619619000.0,662574000.0,2530809000.0,2530809000.0,0.0,0.12,0.264,0.31,0.34,36845000.0,729055000.0,1.0,146074151.0,147326000.0,148502000.0,17.178,2371850000.0,80215000.0,307623000.0,0.0,16.099,1582611000.0
5,SNI,MRY,2012-12-31,2012-12-31,2012-12-31,2020-10-26,-38862000.0,4138798000.0,3895698500.0,1484276000.0,2654522000.0,0.592,11.966,-63416000.0,437525000.0,437525000.0,610836000.0,849656000.0,5.875,1.029,1384216000.0,0.0,1384216000.0,1384216000.0,44903000.0,107591000.0,0.0,0.008,0.48,820399000.0,927990000.0,0.402,927990000.0,820399000.0,769585000.0,4.48,4.44,4.48,1820924000.0,1620290000.0,1820924000.0,9624420492.0,12.0,10.371,551267000.0,3.622,1.0,1696346000.0,0.735,1997194000.0,50814000.0,2835666000.0,2701176250.0,0.0,489703000.0,0.0,489703000.0,1874247000.0,252629000.0,1621618000.0,8679510492.0,-322567000.0,-119036000.0,-478620000.0,0.0,-73109000.0,-711405000.0,-225280000.0,-4825000.0,614683000.0,-565000.0,681478000.0,681478000.0,681478000.0,0.0,168178000.0,0.295,781973000.0,914373000.0,12633000.0,0.107,4.767,12.736,12.929,237308000.0,0.0,57.92,3.762,3.82,565298000.0,452598000.0,2307182000.0,2307182000.0,0.0,0.175,0.421,0.304,0.356,39492000.0,655473000.0,1.0,149853427.0,152180000.0,153327000.0,15.161,2141604000.0,174839000.0,88107000.0,0.0,14.073,1231647000.0
6,SNI,MRY,2011-12-31,2011-12-31,2011-12-31,2020-10-26,-33347000.0,3961670000.0,3574454250.0,1715968000.0,2245702000.0,0.58,10.195,-54113000.0,760092000.0,760092000.0,526865000.0,575396000.0,7.368,1.111,1383945000.0,0.0,1383945000.0,1383945000.0,52814000.0,90080000.0,0.0,0.009,0.375,694131000.0,784211000.0,0.378,784211000.0,694131000.0,658010000.0,2.5,2.49,2.5,1678726000.0,1731642500.0,1678726000.0,7432933166.0,11.0,9.478,674802000.0,4.098,1.0,1545183000.0,0.746,1701973000.0,36121000.0,2650651000.0,2035970250.0,0.0,455267000.0,0.0,455267000.0,1865275000.0,232899000.0,1632376000.0,6763728166.0,210195000.0,0.0,-475557000.0,499390000.0,-61788000.0,-65726000.0,-453371000.0,-542925000.0,728915000.0,377000.0,411558000.0,411558000.0,411558000.0,61252000.0,163838000.0,0.199,658585000.0,886598000.0,12482000.0,0.15,4.029,16.434,16.968,219845000.0,0.0,42.42,3.264,3.371,553022000.0,364073000.0,2072048000.0,2072048000.0,0.0,0.115,0.238,0.341,0.335,26920000.0,567902000.0,1.0,159446680.0,164657000.0,165572000.0,12.584,2259697000.0,1799000.0,246452000.0,100002000.0,13.724,1483069000.0
7,SNI,MRY,2010-12-31,2010-12-31,2010-12-31,2020-10-26,-11525000.0,3388432000.0,3175135000.0,1670875000.0,1717557000.0,0.593,10.649,-54785000.0,549897000.0,549897000.0,492066000.0,529009000.0,7.457,0.736,884395000.0,0.0,884395000.0,884395000.0,27125000.0,91351000.0,0.0,0.006,0.3,665566000.0,756917000.0,0.402,756917000.0,665566000.0,630399000.0,2.46,2.45,2.46,1776173000.0,1597858750.0,1776173000.0,9100073478.0,14.0,12.023,432711000.0,2.594,1.0,1390627000.0,0.739,1632290000.0,35167000.0,1866565000.0,1631886750.0,0.0,48536000.0,0.0,48536000.0,1308138000.0,224075000.0,1084063000.0,8632511478.0,295527000.0,0.0,65230000.0,0.0,-50080000.0,-101282000.0,-91177000.0,-15625000.0,487496000.0,490000.0,410972000.0,410972000.0,410972000.0,-12775000.0,118037000.0,0.218,648349000.0,742278000.0,9672000.0,0.122,4.86,21.005,21.037,214131000.0,0.0,51.75,4.585,4.585,505392000.0,414972000.0,1882693000.0,1882693000.0,0.0,0.129,0.257,0.408,0.354,23556000.0,555487000.0,1.0,166811816.0,166800000.0,168009000.0,11.287,1756142000.0,0.0,219427000.0,81960000.0,10.528,1446800000.0
8,SNI,MRY,2009-12-31,2009-12-31,2009-12-31,2020-10-26,-3004000.0,2963062000.0,2084537500.0,982269000.0,1980793000.0,0.656,8.39,-69329000.0,254370000.0,254370000.0,328688000.0,384874000.0,4.662,0.95,884239000.0,0.0,884239000.0,884239000.0,16865000.0,40608000.0,0.0,0.007,0.3,472869000.0,513477000.0,0.376,513477000.0,472869000.0,470059000.0,1.81,1.81,1.81,1383716000.0,1295843250.0,1383716000.0,6862452085.0,15.0,13.365,453010000.0,2.747,1.0,1038640000.0,0.76,1879418000.0,2810000.0,1502805000.0,862139250.0,0.0,46395000.0,0.0,46395000.0,1314124000.0,210708000.0,1103416000.0,6873572085.0,244400000.0,-877500000.0,27735000.0,804239000.0,-49507000.0,684176000.0,-960117000.0,-171000.0,522339000.0,-1998000.0,299326000.0,299326000.0,299326000.0,-24415000.0,85548000.0,0.219,509090000.0,529550000.0,27538000.0,0.166,4.967,22.963,22.928,239644000.0,0.0,41.5,5.027,5.006,430410000.0,113853000.0,1367328000.0,1367328000.0,0.0,0.144,0.231,0.548,0.346,20198000.0,269507000.0,1.0,165628243.0,164921000.0,165381000.0,8.291,1083644000.0,0.0,170733000.0,119515000.0,6.571,771561000.0
9,SNI,MRY,2008-12-31,2008-12-31,2008-12-31,2020-10-26,31487000.0,1773208000.0,1895517500.0,655304000.0,1117904000.0,0.818,6.936,-74630000.0,9970000.0,9970000.0,279767000.0,115948000.0,3.886,0.428,80000000.0,0.0,80000000.0,80000000.0,11045000.0,66337000.0,0.0,0.007,0.15,232474000.0,298811000.0,0.193,298811000.0,232474000.0,218267000.0,0.14,0.14,0.14,1132281000.0,1072784500.0,1132281000.0,3712591744.0,16.0,12.425,475478000.0,2.913,1.0,1270932000.0,0.82,1002127000.0,14207000.0,672459000.0,883760500.0,0.0,42982000.0,2703000.0,40279000.0,484794000.0,168652000.0,316142000.0,3602507744.0,-2562000.0,-9034000.0,5873000.0,-448820000.0,-24554000.0,-456885000.0,-91826000.0,-6668000.0,550108000.0,-3959000.0,23557000.0,23557000.0,23557000.0,-353000.0,92391000.0,0.015,936342000.0,334590000.0,13231000.0,1.071,3.182,152.927,157.143,191414000.0,0.0,22.0,2.323,2.316,368593000.0,-120774000.0,1550699000.0,1550699000.0,0.0,0.012,0.022,0.263,0.15,16443000.0,429085000.0,1.0,163750352.0,163245000.0,164131000.0,9.499,771081000.0,0.0,194710000.0,131903000.0,4.723,486652000.0
10,SNI,MRY,2007-12-31,2007-12-31,2007-12-31,2020-10-26,41399000.0,2017827000.0,2201389500.0,602757000.0,1415070000.0,0.638,6.199,-60329000.0,12532000.0,12532000.0,239343000.0,-43873000.0,4.169,0.855,503361000.0,0.0,503361000.0,503361000.0,15018000.0,66113000.0,0.0,,0.0,76750000.0,142863000.0,0.102,142863000.0,76750000.0,39981000.0,-0.77,-0.77,-0.77,1013288000.0,1099433000.0,1013288000.0,,,,306711000.0,1.876,1.0,1165444000.0,0.83,1269014000.0,36769000.0,1095062000.0,1209416500.0,0.0,38444000.0,0.0,38444000.0,866041000.0,144580000.0,721461000.0,,-6429000.0,-29880000.0,0.0,-261282000.0,0.0,-327807000.0,-42809000.0,0.0,367040000.0,-2853000.0,-126407000.0,-126407000.0,-126407000.0,394441000.0,82534000.0,-0.09,632828000.0,532616000.0,8010000.0,0.0,,,,173255000.0,0.0,,,,364824000.0,,1404787000.0,1404787000.0,0.0,-0.057,-0.115,0.063,0.055,13437000.0,389250000.0,1.0,,163466000.0,163466000.0,8.594,748813000.0,0.0,166388000.0,115474000.0,4.581,458177000.0
11,SNI,MRY,2006-12-31,2006-12-31,2006-12-31,2020-10-26,43923000.0,2384952000.0,,604074000.0,1780878000.0,,7.253,-40417000.0,18961000.0,18961000.0,196052000.0,191924000.0,3.515,0.911,764956000.0,0.0,764956000.0,764956000.0,13669000.0,70705000.0,0.0,,0.0,366846000.0,437551000.0,0.331,437551000.0,366846000.0,312801000.0,1.17,1.17,1.17,1185578000.0,,1185578000.0,,,,227317000.0,1.391,1.0,1127417000.0,0.852,1635300000.0,54045000.0,1323771000.0,,0.0,22483000.0,0.0,22483000.0,1080442000.0,171876000.0,908566000.0,,13001000.0,-372157000.0,0.0,-59611000.0,0.0,38749000.0,-292045000.0,0.0,267734000.0,-1437000.0,191924000.0,191924000.0,191924000.0,41856000.0,0.0,0.145,659993000.0,467424000.0,8864000.0,0.0,,,,132789000.0,0.0,,,,331864000.0,,1323469000.0,1323469000.0,0.0,,,,0.277,13345000.0,417251000.0,1.0,,163466000.0,163466000.0,8.096,749652000.0,0.0,120877000.0,86200000.0,4.586,432198000.0
12,SNI,MRY,2005-12-31,2005-12-31,2005-12-31,2020-10-26,,,,,,,,-29026000.0,,,173823000.0,58848000.0,,,,,,,,37213000.0,,,0.0,208155000.0,245368000.0,0.245,245368000.0,208155000.0,171194000.0,,,,,,,,,,125706000.0,,1.0,828638000.0,0.827,,36961000.0,,,,,,,,,,,5549000.0,-522786000.0,0.0,293959000.0,0.0,413151000.0,-562343000.0,0.0,154732000.0,9000.0,58848000.0,58848000.0,58848000.0,117032000.0,0.0,0.059,459847000.0,368791000.0,,,,,,,0.0,,,,,,1002461000.0,1002461000.0,0.0,,,,0.208,5905000.0,286706000.0,1.0,,,,,,,112346000.0,,,
0,SNI,MRQ,2017-12-31,2017-12-31,2017-12-31,2020-10-26,-13809000.0,6521680000.0,,1748520000.0,4773160000.0,,21.306,-15491000.0,130357000.0,130357000.0,356812000.0,115776000.0,3.05,1.228,2522005000.0,0.0,2522005000.0,2522005000.0,148134000.0,41854000.0,0.0,0.014,0.3,297650000.0,339504000.0,0.355,339504000.0,297650000.0,276038000.0,0.5,0.5,0.5,2778189000.0,,2778189000.0,13643333977.0,11.0,9.989,206938000.0,1.587,1.0,599304000.0,0.627,4038667000.0,21612000.0,4301391000.0,,0.0,740810000.0,0.0,740810000.0,3410492000.0,573270000.0,2837222000.0,11092195977.0,15628000.0,-4662000.0,4991000.0,-145000000.0,-39210000.0,-185962000.0,-17160000.0,-5721000.0,222429000.0,-3679000.0,65872000.0,65872000.0,65872000.0,0.0,49904000.0,0.069,279430000.0,319874000.0,48149000.0,0.6,3.993,17.778,17.825,333068000.0,0.0,85.38,3.114,3.121,914812000.0,1341974000.0,956116000.0,956116000.0,0.0,,,,,5943000.0,237071000.0,1.0,129915624.0,130394000.0,131405000.0,7.333,2483013000.0,104859000.0,210166000.0,0.0,19.042,1175250000.0
1,SNI,MRQ,2017-09-30,2017-09-30,2017-09-30,2020-10-26,-86000000.0,6476414000.0,,1656409000.0,4820005000.0,,20.486,-15995000.0,114729000.0,114729000.0,318292000.0,163083000.0,3.185,1.313,2665867000.0,0.0,2665867000.0,2665867000.0,150247000.0,32136000.0,0.0,0.013,0.3,217634000.0,249770000.0,0.303,249770000.0,217634000.0,194542000.0,0.95,0.95,0.95,2669573000.0,,2669573000.0,13997787981.0,13.0,11.074,315120000.0,2.418,1.0,507233000.0,0.614,4027467000.0,23092000.0,4480036000.0,,0.0,730562000.0,0.0,730562000.0,3504457000.0,520049000.0,2984408000.0,11149615981.0,-16828000.0,4662000.0,6079000.0,-315000000.0,-39207000.0,-350964000.0,-9146000.0,3830000.0,331115000.0,12167000.0,124088000.0,124088000.0,124088000.0,0.0,38995000.0,0.15,256328000.0,250905000.0,40797000.0,0.316,4.177,18.273,18.313,318875000.0,0.0,85.89,3.191,3.203,815116000.0,1315549000.0,825525000.0,825525000.0,0.0,,,,,6678000.0,224192000.0,1.0,129812737.0,130313000.0,131262000.0,6.335,2448947000.0,208543000.0,70454000.0,0.0,18.793,1136360000.0
2,SNI,MRQ,2017-06-30,2017-06-30,2017-06-30,2020-10-26,-143353000.0,6516569000.0,,1753411000.0,4763158000.0,,19.306,-19328000.0,131557000.0,131557000.0,299851000.0,285677000.0,4.152,1.48,2979729000.0,0.0,2979729000.0,2979729000.0,119977000.0,38718000.0,0.0,0.016,0.3,373377000.0,412095000.0,0.445,412095000.0,373377000.0,349174000.0,1.8,1.79,1.8,2514224000.0,,2514224000.0,11809548416.0,10.0,8.98,181659000.0,1.395,1.0,625195000.0,0.676,4020704000.0,24203000.0,4921706000.0,,0.0,723740000.0,0.0,723740000.0,3721796000.0,422331000.0,3299465000.0,8863662416.0,23884000.0,-10320000.0,207000.0,-75000000.0,-39171000.0,-172711000.0,-13059000.0,33097000.0,200987000.0,8667000.0,234075000.0,234075000.0,234075000.0,0.0,51602000.0,0.253,251115000.0,374080000.0,25728000.0,0.167,3.525,14.023,14.027,315543000.0,0.0,68.31,2.553,2.562,912018000.0,1230668000.0,925046000.0,925046000.0,0.0,,,,,7485000.0,212397000.0,1.0,129756440.0,130233000.0,130884000.0,7.103,2495865000.0,192753000.0,115099000.0,0.0,19.165,1331080000.0
3,SNI,MRQ,2017-03-31,2017-03-31,2017-03-31,2020-10-26,-296371000.0,6202592000.0,,1575846000.0,4626746000.0,,16.611,-24827000.0,107673000.0,107673000.0,279039000.0,249815000.0,2.387,1.75,3053559000.0,249967000.0,2803592000.0,3053559000.0,68731000.0,39157000.0,0.0,0.013,0.3,325292000.0,364449000.0,0.426,364449000.0,325292000.0,301040000.0,1.54,1.53,1.54,2158095000.0,,2158095000.0,13219064773.0,12.0,10.485,276436000.0,2.128,1.0,576081000.0,0.674,3884710000.0,24252000.0,4603517000.0,,0.0,734482000.0,0.0,734482000.0,3777430000.0,660251000.0,3117179000.0,10139615773.0,-15264000.0,0.0,12385000.0,-150000000.0,-39096000.0,-293446000.0,-25651000.0,-1038000.0,301263000.0,2570000.0,199900000.0,199900000.0,199900000.0,0.0,49915000.0,0.234,246527000.0,329554000.0,30316000.0,0.195,4.698,17.404,17.454,302042000.0,0.0,78.37,2.948,2.96,784514000.0,1035764000.0,855120000.0,855120000.0,0.0,,,,,20113000.0,207370000.0,1.0,129381342.0,129921000.0,130743000.0,6.582,2317882000.0,176446000.0,101140000.0,0.0,17.841,915595000.0
4,SNI,MRQ,2016-12-31,2016-12-31,2016-12-31,2020-10-26,-363701000.0,6200294000.0,,1658099000.0,4542195000.0,,14.652,-26497000.0,122937000.0,122937000.0,328355000.0,92309000.0,2.314,2.091,3202386000.0,249932000.0,2952454000.0,3202386000.0,77987000.0,58758000.0,0.0,0.014,0.25,178942000.0,237700000.0,0.267,237700000.0,178942000.0,149030000.0,0.4,0.4,0.4,1899769000.0,,1899769000.0,12467571969.0,10.0,8.729,199661000.0,1.54,1.0,560346000.0,0.631,3826251000.0,29912000.0,4736961000.0,,0.0,699481000.0,0.0,699481000.0,3971866000.0,716531000.0,3255335000.0,9214426969.0,-206636000.0,0.0,8210000.0,-352784000.0,-32633000.0,-395047000.0,-24929000.0,-4766000.0,226158000.0,-12818000.0,52093000.0,52093000.0,52093000.0,0.0,40216000.0,0.059,332595000.0,227751000.0,42223000.0,0.625,4.85,13.679,13.725,286399000.0,0.0,71.37,2.709,2.718,808133000.0,871766000.0,888701000.0,888701000.0,0.0,,,,,5846000.0,215959000.0,1.0,129107846.0,129661000.0,130350000.0,6.854,2374043000.0,175291000.0,96937000.0,0.0,18.31,941568000.0
5,SNI,MRQ,2016-09-30,2016-09-30,2016-09-30,2020-10-26,-178573000.0,6647774000.0,,1800086000.0,4847688000.0,,15.647,-23612000.0,329573000.0,329573000.0,298207000.0,181841000.0,1.499,2.127,3582718000.0,749747000.0,2832971000.0,3582718000.0,102733000.0,46141000.0,0.0,0.015,0.25,254649000.0,300790000.0,0.375,300790000.0,254649000.0,222040000.0,1.13,1.12,1.13,2027681000.0,,2027681000.0,11634231315.0,9.0,7.728,249249000.0,1.923,1.0,504878000.0,0.629,4132882000.0,32609000.0,4567141000.0,,0.0,746066000.0,0.0,746066000.0,4313627000.0,1200896000.0,3112731000.0,8193216315.0,143650000.0,-450000.0,654000.0,-52864000.0,-32397000.0,-109097000.0,-24890000.0,-4501000.0,272861000.0,4776000.0,145997000.0,145997000.0,145997000.0,0.0,35844000.0,0.182,246961000.0,257917000.0,28092000.0,0.221,4.041,10.421,10.46,286392000.0,0.0,63.49,2.435,2.445,777794000.0,826795000.0,803085000.0,803085000.0,0.0,,,,,4673000.0,200820000.0,1.0,129047351.0,129586000.0,130124000.0,6.197,2514892000.0,148692000.0,76043000.0,0.0,19.407,599190000.0
6,SNI,MRQ,2016-06-30,2016-06-30,2016-06-30,2020-10-26,-210334000.0,6512715000.0,,1692942000.0,4819773000.0,,14.546,-12952000.0,185923000.0,185923000.0,286999000.0,233352000.0,1.41,2.305,3626938000.0,749487000.0,2877451000.0,3626938000.0,101408000.0,41743000.0,0.0,0.015,0.25,316086000.0,357829000.0,0.401,357829000.0,316086000.0,282911000.0,1.42,1.42,1.42,1884554000.0,,1884554000.0,11513450872.0,9.0,7.696,114188000.0,0.881,1.0,605772000.0,0.679,4106199000.0,33175000.0,4647170000.0,,0.0,743974000.0,0.0,743974000.0,4344687000.0,1200361000.0,3144326000.0,8030055872.0,-30875000.0,0.0,1341000.0,-65000000.0,-32407000.0,-115214000.0,-29093000.0,-5863000.0,127140000.0,-13708000.0,184608000.0,184608000.0,184608000.0,0.0,48744000.0,0.207,232876000.0,372896000.0,61464000.0,0.176,4.261,10.5,10.554,279620000.0,0.0,62.27,2.406,2.417,835644000.0,718292000.0,892771000.0,892771000.0,0.0,,,,,6970000.0,191133000.0,1.0,128955450.0,129562000.0,130141000.0,6.891,2406516000.0,142563000.0,98303000.0,0.0,18.574,492581000.0
7,SNI,MRQ,2016-03-31,2016-03-31,2016-03-31,2020-10-26,-88749000.0,6638324000.0,,1653775000.0,4984549000.0,,14.273,-11345000.0,216798000.0,216798000.0,279667000.0,339946000.0,1.572,2.45,3700193000.0,499399000.0,3200794000.0,3700193000.0,86489000.0,48359000.0,0.0,0.014,0.25,483689000.0,532048000.0,0.651,532048000.0,483689000.0,449944000.0,2.25,2.24,2.25,1845463000.0,,1845463000.0,12217597031.0,9.0,8.17,311322000.0,2.408,1.0,537211000.0,0.658,4210253000.0,33745000.0,4859592000.0,,0.0,812337000.0,0.0,812337000.0,4521774000.0,1051874000.0,3469900000.0,8430769031.0,-6646000.0,0.0,4905000.0,-325000000.0,-32288000.0,-556085000.0,219643000.0,229771000.0,322667000.0,7129000.0,290897000.0,290897000.0,290897000.0,0.0,49049000.0,0.356,247180000.0,290031000.0,48042000.0,0.111,4.568,10.894,10.953,288908000.0,0.0,65.5,2.654,2.666,763283000.0,566621000.0,816878000.0,816878000.0,0.0,,,,,17709000.0,198821000.0,1.0,128714031.0,129295000.0,129790000.0,6.318,2428071000.0,124341000.0,159047000.0,0.0,18.779,601901000.0
8,SNI,MRQ,2015-12-31,2015-12-31,2015-12-31,2020-10-26,-130233000.0,6672314000.0,,1727881000.0,4944433000.0,,11.794,-20389000.0,223444000.0,223444000.0,322973000.0,202902000.0,1.773,3.108,4010272000.0,499174000.0,3511098000.0,4010272000.0,96040000.0,45440000.0,0.0,0.017,0.23,269279000.0,314719000.0,0.369,314719000.0,269279000.0,241414000.0,1.27,1.27,1.27,1523931000.0,,1523931000.0,11000744310.0,10.0,9.167,134697000.0,1.042,1.0,528780000.0,0.621,4179310000.0,27865000.0,5305183000.0,,0.0,807630000.0,0.0,807630000.0,4736138000.0,974649000.0,3761489000.0,7098172310.0,-23908000.0,0.0,1134000.0,-103285000.0,-29713000.0,-185179000.0,-14983000.0,-64587000.0,155086000.0,21168000.0,164708000.0,164708000.0,164708000.0,0.0,38194000.0,0.193,253689000.0,275091000.0,35308000.0,0.181,4.658,11.697,11.797,293230000.0,0.0,55.21,2.352,2.372,816679000.0,305386000.0,851753000.0,851753000.0,0.0,,,,,125000.0,210849000.0,1.0,128566787.0,129209000.0,129718000.0,6.592,2493004000.0,91954000.0,76706000.0,0.0,19.294,753232000.0
9,SNI,MRQ,2015-09-30,2015-09-30,2015-09-30,2020-10-26,-62732000.0,6731655000.0,,1684478000.0,5047177000.0,,11.457,-13613000.0,247352000.0,247352000.0,270150000.0,163333000.0,3.312,3.293,4149924000.0,16864000.0,4133060000.0,4149924000.0,92096000.0,41291000.0,0.0,0.018,0.23,250108000.0,291399000.0,0.375,291399000.0,250108000.0,199669000.0,0.96,0.96,0.96,1479952000.0,,1479952000.0,7974075410.0,8.0,7.112,258843000.0,2.004,1.0,505972000.0,0.652,4209186000.0,50439000.0,5916460000.0,,0.0,855503000.0,0.0,855503000.0,4873636000.0,508581000.0,4365055000.0,6321831410.0,-893462000.0,-539309000.0,179000.0,-373310000.0,-29717000.0,-1254497000.0,94417000.0,-1122000.0,272456000.0,-5838000.0,124559000.0,124559000.0,124559000.0,0.0,38774000.0,0.16,234976000.0,270996000.0,56113000.0,0.24,4.272,11.014,11.282,292448000.0,0.0,49.19,2.229,2.241,773173000.0,187104000.0,776122000.0,776122000.0,0.0,,,,,5188000.0,193645000.0,1.0,128518630.0,129177000.0,129704000.0,6.008,2522469000.0,79712000.0,75110000.0,0.0,19.527,1175897000.0
10,SNI,MRQ,2015-06-30,2015-06-30,2015-06-30,2020-10-26,-53624000.0,5710602000.0,,3114012000.0,2596590000.0,,10.696,-9079000.0,1788410000.0,1788410000.0,195087000.0,246168000.0,10.487,2.872,3440654000.0,0.0,3440654000.0,3440654000.0,78137000.0,26438000.0,0.0,0.013,0.23,330879000.0,357317000.0,0.488,357317000.0,330879000.0,314044000.0,1.5,1.49,1.5,1382248000.0,,1382248000.0,10085792518.0,10.0,9.331,101610000.0,0.786,1.0,537015000.0,0.734,2163529000.0,16835000.0,4902390000.0,,0.0,495626000.0,0.0,495626000.0,3969781000.0,296927000.0,3672854000.0,8395955518.0,986029000.0,0.0,3324000.0,1595764000.0,-29711000.0,1513771000.0,-637021000.0,34220000.0,110689000.0,-1410000.0,193718000.0,193718000.0,193718000.0,0.0,52450000.0,0.265,204980000.0,332035000.0,35281000.0,0.153,6.074,14.457,15.097,208968000.0,0.0,65.37,3.105,3.124,723322000.0,92262000.0,732102000.0,732102000.0,0.0,,,,,7121000.0,178498000.0,1.0,128437441.0,129225000.0,129868000.0,5.665,3547073000.0,77278000.0,120326000.0,0.0,27.449,2817085000.0
11,SNI,MRQ,2015-03-31,2015-03-31,2015-03-31,2020-10-26,-83962000.0,3935624000.0,,1406067000.0,2529557000.0,,8.967,-9399000.0,154785000.0,154785000.0,199147000.0,166070000.0,4.297,2.049,1844622000.0,0.0,1844622000.0,1844622000.0,56146000.0,28590000.0,0.0,0.012,0.23,208059000.0,236649000.0,0.36,236649000.0,208059000.0,195092000.0,0.94,0.94,0.94,1177046000.0,,1177046000.0,10528062313.0,12.0,10.36,265354000.0,2.022,1.0,459103000.0,0.697,2133745000.0,12967000.0,3164461000.0,,0.0,439240000.0,0.0,439240000.0,2411570000.0,327255000.0,2084315000.0,9026821313.0,-723379000.0,0.0,-283932000.0,-535000000.0,-29716000.0,-949838000.0,-46913000.0,-14879000.0,274753000.0,-1381000.0,123843000.0,123843000.0,123843000.0,0.0,42227000.0,0.188,230777000.0,228326000.0,20075000.0,0.245,7.669,16.691,17.535,214779000.0,0.0,68.56,3.368,3.358,630322000.0,-71745000.0,658250000.0,658250000.0,0.0,,,,,17134000.0,202187000.0,1.0,131663088.0,131259000.0,131942000.0,5.015,1801879000.0,106039000.0,71249000.0,0.0,13.728,1078812000.0
12,SNI,MRQ,2014-12-31,2014-12-31,2014-12-31,2020-10-26,-57891000.0,4657481000.0,,2096330000.0,2561151000.0,,10.103,-11991000.0,878164000.0,878164000.0,200478000.0,178049000.0,1.812,2.081,2369254000.0,883895000.0,1485359000.0,2369254000.0,47929000.0,32368000.0,0.0,0.011,0.2,203503000.0,235871000.0,0.352,235871000.0,203503000.0,187714000.0,0.96,0.95,0.96,1382447000.0,,1382447000.0,11547827767.0,13.0,11.228,197644000.0,1.444,1.0,468674000.0,0.7,2115658000.0,15789000.0,2876058000.0,,0.0,463344000.0,0.0,463344000.0,2876643000.0,1156855000.0,1719788000.0,10320420767.0,720879000.0,0.0,-394413000.0,985529000.0,-27579000.0,530350000.0,-17789000.0,705000.0,209635000.0,-1317000.0,131846000.0,131846000.0,131846000.0,0.0,46203000.0,0.197,238216000.0,230458000.0,21499000.0,0.208,7.465,18.927,19.5,226246000.0,0.0,75.27,3.872,3.99,629775000.0,79994000.0,669152000.0,669152000.0,0.0,,,,,5815000.0,206895000.0,1.0,137112007.0,136830000.0,137663000.0,4.89,2541823000.0,79096000.0,55868000.0,0.0,18.577,939475000.0
13,SNI,MRQ,2014-09-30,2014-09-30,2014-09-30,2020-10-26,-24068000.0,3921558000.0,,1314681000.0,2606877000.0,,11.951,-15901000.0,157285000.0,157285000.0,207099000.0,170301000.0,1.167,1.098,1384692000.0,884956000.0,499736000.0,1384692000.0,47336000.0,31617000.0,0.0,0.01,0.2,219484000.0,251101000.0,0.39,251101000.0,219484000.0,207249000.0,0.93,0.93,0.93,1681917000.0,,1681917000.0,12124772296.0,14.0,11.904,248420000.0,1.765,1.0,437324000.0,0.679,2126401000.0,12235000.0,1895911000.0,,0.0,488628000.0,0.0,488628000.0,1846440000.0,1126653000.0,719787000.0,10942153296.0,-44720000.0,0.0,-243504000.0,0.0,-27873000.0,-296236000.0,-11635000.0,258000.0,264321000.0,-1170000.0,131339000.0,131339000.0,131339000.0,0.0,38962000.0,0.204,198530000.0,238794000.0,16661000.0,0.215,6.506,20.964,21.512,232240000.0,0.0,78.09,4.128,4.146,590154000.0,299783000.0,644423000.0,644423000.0,0.0,,,,,5958000.0,167361000.0,1.0,140122337.0,140738000.0,141628000.0,4.579,1795157000.0,121134000.0,75910000.0,0.0,12.755,188028000.0
14,SNI,MRQ,2014-06-30,2014-06-30,2014-06-30,2020-10-26,-6371000.0,4069277000.0,,1448916000.0,2620361000.0,,12.877,-16688000.0,202005000.0,202005000.0,190181000.0,205669000.0,1.27,1.014,1384624000.0,884919000.0,499705000.0,1384624000.0,49097000.0,34173000.0,0.0,0.009,0.2,258385000.0,292558000.0,0.413,292558000.0,258385000.0,246153000.0,1.08,1.07,1.08,1832884000.0,,1832884000.0,12472104481.0,14.0,12.441,80883000.0,0.568,1.0,517951000.0,0.731,2129753000.0,12232000.0,1981559000.0,,0.0,504802000.0,0.0,504802000.0,1858506000.0,1140584000.0,717922000.0,11596685481.0,-307132000.0,0.0,-293720000.0,0.0,-28168000.0,-366248000.0,-38323000.0,-11607000.0,97571000.0,-132000.0,153794000.0,153794000.0,153794000.0,0.0,51875000.0,0.217,234486000.0,283465000.0,17725000.0,0.185,6.327,22.318,22.665,237359000.0,0.0,81.14,4.421,4.403,656176000.0,412434000.0,708132000.0,708132000.0,0.0,,,,,8618000.0,198666000.0,1.0,142921931.0,142342000.0,143224000.0,4.975,1939524000.0,106605000.0,92359000.0,0.0,13.626,308332000.0
15,SNI,MRQ,2014-03-31,2014-03-31,2014-03-31,2020-10-26,-8828000.0,4256830000.0,,1644898000.0,2611932000.0,,13.59,-9195000.0,509137000.0,509137000.0,181138000.0,172789000.0,1.409,0.954,1384556000.0,884881000.0,499675000.0,1384556000.0,51558000.0,31294000.0,0.0,0.009,0.2,217633000.0,248927000.0,0.387,248927000.0,217633000.0,205202000.0,0.88,0.87,0.88,1988519000.0,,1988519000.0,11803059447.0,13.0,11.715,209091000.0,1.429,1.0,462611000.0,0.719,2106902000.0,12431000.0,1857661000.0,,0.0,501542000.0,0.0,501542000.0,1896572000.0,1167686000.0,728886000.0,11104942447.0,-177234000.0,0.0,-227720000.0,0.0,-29323000.0,-385097000.0,-10590000.0,-1917000.0,218286000.0,167000.0,128296000.0,128296000.0,128296000.0,0.0,44493000.0,0.199,223019000.0,239592000.0,24594000.0,0.227,5.585,21.13,21.145,242812000.0,0.0,75.91,4.304,4.305,592205000.0,543724000.0,643749000.0,643749000.0,0.0,,,,,15083000.0,191877000.0,1.0,146290903.0,146322000.0,147440000.0,4.4,2149928000.0,105961000.0,76906000.0,0.0,14.693,477212000.0
16,SNI,MRQ,2013-12-31,2013-12-31,2013-12-31,2020-10-26,-12529000.0,4438447000.0,,1861310000.0,2577137000.0,,14.298,-25596000.0,686371000.0,686371000.0,188645000.0,151028000.0,6.679,0.899,1384488000.0,0.0,1384488000.0,1384488000.0,70427000.0,31812000.0,0.0,0.007,0.15,194171000.0,225983000.0,0.345,225983000.0,194171000.0,182140000.0,0.74,0.73,0.74,2099003000.0,,2099003000.0,13450113388.0,16.0,13.739,168235000.0,1.146,1.0,465750000.0,0.712,2066597000.0,12031000.0,2791268000.0,,0.0,488198000.0,0.0,488198000.0,1886555000.0,278699000.0,1607856000.0,12622267388.0,129797000.0,0.0,6476000.0,0.0,-22033000.0,-28626000.0,-35733000.0,1421000.0,193831000.0,325000.0,108519000.0,108519000.0,108519000.0,0.0,42509000.0,0.166,249127000.0,216623000.0,18278000.0,0.203,6.013,24.991,25.192,246350000.0,0.0,86.41,4.987,5.03,619619000.0,662574000.0,654395000.0,654395000.0,0.0,,,,,-1779000.0,192481000.0,1.0,146074151.0,146807000.0,148070000.0,4.458,2371850000.0,80215000.0,73621000.0,0.0,16.156,1582611000.0
17,SNI,MRQ,2013-09-30,2013-09-30,2013-09-30,2020-10-26,-37999000.0,4285660000.0,,1651002000.0,2634658000.0,,13.415,-11322000.0,556574000.0,556574000.0,178221000.0,170470000.0,6.256,0.96,1384420000.0,0.0,1384420000.0,1384420000.0,68275000.0,29514000.0,0.0,0.007,0.15,205514000.0,235028000.0,0.381,235028000.0,205514000.0,193177000.0,0.88,0.87,0.88,1966408000.0,,1966408000.0,12431247004.0,14.0,12.728,243983000.0,1.665,1.0,438680000.0,0.711,2099503000.0,12337000.0,2750096000.0,,0.0,486571000.0,0.0,486571000.0,1886955000.0,263907000.0,1623048000.0,11394356004.0,209113000.0,-500000.0,3668000.0,0.0,-21988000.0,-37100000.0,-10206000.0,2461000.0,255305000.0,1114000.0,129003000.0,129003000.0,129003000.0,0.0,41467000.0,0.209,206253000.0,232427000.0,14993000.0,0.17,5.795,16.223,16.584,238403000.0,0.0,78.11,4.593,4.615,575041000.0,568155000.0,616901000.0,616901000.0,0.0,,,,,8185000.0,176644000.0,1.0,145875765.0,146578000.0,147802000.0,4.209,2186157000.0,107428000.0,64174000.0,0.0,14.915,1387095000.0
18,SNI,MRQ,2013-06-30,2013-06-30,2013-06-30,2020-10-26,-62272000.0,4076492000.0,,1480232000.0,2596260000.0,,12.401,-18567000.0,347461000.0,347461000.0,168677000.0,210343000.0,6.957,1.009,1384352000.0,0.0,1384352000.0,1384352000.0,49822000.0,29554000.0,0.0,0.008,0.15,268067000.0,297621000.0,0.447,297621000.0,268067000.0,255870000.0,1.09,1.08,1.09,1824517000.0,,1824517000.0,10749586716.0,13.0,11.114,141422000.0,0.961,1.0,496451000.0,0.746,2071903000.0,12197000.0,2828699000.0,,0.0,470303000.0,0.0,470303000.0,1841764000.0,212781000.0,1628983000.0,9786526716.0,-73763000.0,-63912000.0,-88395000.0,0.0,-22049000.0,-146656000.0,-87282000.0,5356000.0,159989000.0,186000.0,159729000.0,159729000.0,159729000.0,0.0,50614000.0,0.24,206823000.0,289628000.0,17167000.0,0.138,5.364,14.147,14.45,242622000.0,0.0,66.76,4.027,4.042,614753000.0,463801000.0,665128000.0,665128000.0,0.0,,,,,10044000.0,176770000.0,1.0,146592671.0,147132000.0,148259000.0,4.521,2004589000.0,91253000.0,96141000.0,0.0,13.624,1267451000.0
19,SNI,MRQ,2013-03-31,2013-03-31,2013-03-31,2020-10-26,-66918000.0,4031363000.0,,1486754000.0,2544609000.0,,11.791,-17505000.0,421224000.0,421224000.0,163751000.0,151187000.0,5.852,1.071,1384284000.0,0.0,1384284000.0,1384284000.0,48353000.0,26700000.0,0.0,0.008,0.15,193651000.0,220351000.0,0.371,220351000.0,193651000.0,181506000.0,0.72,0.72,0.72,1754660000.0,,1754660000.0,10493543327.0,13.0,11.282,250564000.0,1.684,1.0,430634000.0,0.725,1999283000.0,12145000.0,2741069000.0,,0.0,464324000.0,0.0,464324000.0,1879654000.0,254071000.0,1625583000.0,9546852327.0,-16301000.0,0.0,-131976000.0,0.0,-22330000.0,-248500000.0,-34752000.0,3701000.0,268069000.0,-1118000.0,107819000.0,107819000.0,107819000.0,0.0,43368000.0,0.181,210836000.0,219798000.0,31003000.0,0.208,5.441,14.156,14.394,240031000.0,0.0,64.34,4.035,4.046,569945000.0,411436000.0,594385000.0,594385000.0,0.0,,,,,20395000.0,183160000.0,1.0,148381292.0,148813000.0,149901000.0,3.994,2032080000.0,116462000.0,73687000.0,0.0,13.655,1232683000.0
20,SNI,MRQ,2012-12-31,2012-12-31,2012-12-31,2020-10-26,-38862000.0,4138798000.0,,1484276000.0,2654522000.0,,11.966,-29358000.0,437525000.0,437525000.0,165855000.0,344474000.0,5.875,1.029,1384216000.0,0.0,1384216000.0,1384216000.0,44903000.0,28159000.0,0.0,0.008,0.12,195500000.0,223659000.0,0.37,223659000.0,195500000.0,182631000.0,2.02,2.0,2.02,1820924000.0,,1820924000.0,9624420492.0,12.0,10.371,151728000.0,0.997,1.0,438810000.0,0.726,1997194000.0,12869000.0,2835666000.0,,0.0,489703000.0,0.0,489703000.0,1874247000.0,252629000.0,1621618000.0,8679510492.0,-1713000.0,0.0,-67388000.0,0.0,-18077000.0,-102150000.0,-80022000.0,-18438000.0,181086000.0,-627000.0,305801000.0,305801000.0,305801000.0,0.0,38673000.0,0.506,219885000.0,218925000.0,12633000.0,0.059,4.767,12.736,12.929,237308000.0,0.0,57.92,3.762,3.82,565298000.0,452598000.0,604665000.0,604665000.0,0.0,,,,,8654000.0,172919000.0,1.0,149853427.0,152180000.0,,3.973,2141604000.0,174839000.0,-123170000.0,0.0,14.073,1231647000.0
21,SNI,MRQ,2012-09-30,2012-09-30,2012-09-30,2020-10-26,-24701000.0,3899973000.0,,1432760000.0,2467213000.0,,10.946,-14968000.0,439238000.0,439238000.0,156297000.0,156808000.0,6.825,1.147,1384148000.0,0.0,1384148000.0,1384148000.0,38276000.0,28978000.0,0.0,0.008,0.12,196581000.0,225559000.0,0.398,225559000.0,196581000.0,184063000.0,0.79,0.78,0.79,1630909000.0,,1630909000.0,10245127837.0,12.0,10.849,172334000.0,1.157,1.0,409889000.0,0.724,1981508000.0,12518000.0,2653459000.0,,0.0,477551000.0,0.0,477551000.0,1869963000.0,209916000.0,1660047000.0,9122819837.0,177465000.0,0.0,26874000.0,0.0,-18029000.0,-2350000.0,-7487000.0,7583000.0,187302000.0,0.0,118410000.0,118410000.0,118410000.0,0.0,38398000.0,0.209,187817000.0,222072000.0,9422000.0,0.152,5.594,17.864,18.498,223205000.0,0.0,61.23,4.044,4.044,530178000.0,272750000.0,566186000.0,566186000.0,0.0,,,,,7241000.0,158823000.0,1.0,148992648.0,148992648.0,,3.8,1918465000.0,0.0,65653000.0,65935000.0,12.876,1222844000.0
22,SNI,MRQ,2012-06-30,2012-06-30,2012-06-30,2020-10-26,-44805000.0,3695141000.0,,1259220000.0,2435921000.0,,9.694,-11776000.0,261773000.0,261773000.0,150903000.0,191423000.0,6.342,1.253,1384081000.0,0.0,1384081000.0,1384081000.0,44362000.0,25938000.0,0.0,0.008,0.12,234639000.0,260577000.0,0.434,260577000.0,234639000.0,221392000.0,0.94,0.93,0.94,1473095000.0,,1473095000.0,9378981764.0,12.0,10.629,26350000.0,0.173,1.0,450083000.0,0.749,1921971000.0,13247000.0,2696914000.0,,0.0,468786000.0,0.0,468786000.0,1846132000.0,198564000.0,1647568000.0,8640498764.0,-383757000.0,-99467000.0,-201010000.0,0.0,-18262000.0,-303826000.0,-118519000.0,-982000.0,38126000.0,462000.0,142364000.0,142364000.0,142364000.0,0.0,49059000.0,0.237,191367000.0,258716000.0,10588000.0,0.128,5.866,17.602,18.166,223403000.0,0.0,56.86,3.939,3.939,592789000.0,172369000.0,600986000.0,600986000.0,0.0,,,,,9555000.0,165402000.0,1.0,151960935.0,151960935.0,,3.955,1773170000.0,0.0,79028000.0,75802000.0,11.669,1060656000.0
23,SNI,MRQ,2012-03-31,2012-03-31,2012-03-31,2020-10-26,-27721000.0,3848882000.0,,1557937000.0,2290945000.0,,9.944,-7314000.0,645530000.0,645530000.0,137781000.0,156951000.0,7.228,1.208,1384013000.0,0.0,1384013000.0,1384013000.0,45222000.0,24516000.0,0.0,0.009,0.12,193679000.0,218195000.0,0.408,218195000.0,193679000.0,181499000.0,0.74,0.73,0.74,1556232000.0,,1556232000.0,8244027307.0,12.0,10.184,200855000.0,1.283,1.0,397564000.0,0.743,1753145000.0,12180000.0,2618666000.0,,0.0,473600000.0,0.0,473600000.0,1880680000.0,215554000.0,1665126000.0,7620174307.0,-114562000.0,-19569000.0,-237096000.0,0.0,-18741000.0,-303079000.0,-19252000.0,7012000.0,208169000.0,-400000.0,114903000.0,114903000.0,114903000.0,0.0,42048000.0,0.215,182904000.0,214660000.0,9904000.0,0.162,4.897,17.89,18.374,224440000.0,0.0,48.69,3.583,3.583,512799000.0,257528000.0,535345000.0,535345000.0,0.0,,,,,14042000.0,158329000.0,1.0,156503888.0,156503888.0,,3.421,2095737000.0,0.0,66596000.0,114628000.0,13.391,1342383000.0
24,SNI,MRQ,2011-12-31,2011-12-31,2011-12-31,2020-10-26,-33347000.0,3961670000.0,,1715968000.0,2245702000.0,,10.195,-16758000.0,760092000.0,760092000.0,143594000.0,178235000.0,7.368,1.111,1383945000.0,0.0,1383945000.0,1383945000.0,52814000.0,23609000.0,0.0,0.009,0.1,216360000.0,239969000.0,0.434,239969000.0,216360000.0,206587000.0,0.84,0.84,0.84,1678726000.0,,1678726000.0,7432933166.0,11.0,9.478,166712000.0,1.012,1.0,409895000.0,0.741,1701973000.0,9773000.0,2650651000.0,,0.0,455267000.0,0.0,455267000.0,1865275000.0,232899000.0,1632376000.0,6763728166.0,444790000.0,0.0,-94224000.0,399390000.0,-16010000.0,273762000.0,-12420000.0,5311000.0,183470000.0,-22000.0,135001000.0,135001000.0,135001000.0,0.0,43234000.0,0.244,176711000.0,233184000.0,12482000.0,0.119,4.029,16.434,16.968,219845000.0,0.0,42.42,3.264,3.371,553022000.0,364073000.0,553489000.0,553489000.0,0.0,,,,,7573000.0,152436000.0,1.0,159446680.0,164657000.0,,3.361,2259697000.0,1799000.0,71586000.0,100002000.0,13.724,1483069000.0
25,SNI,MRQ,2011-09-30,2011-09-30,2011-09-30,2020-10-26,-13105000.0,3447346000.0,,1210725000.0,2236621000.0,,10.288,-12480000.0,315302000.0,315302000.0,147563000.0,129988000.0,5.839,0.837,984507000.0,0.0,984507000.0,984507000.0,52370000.0,22736000.0,0.0,0.009,0.1,140943000.0,163679000.0,0.325,163679000.0,140943000.0,131786000.0,0.61,0.61,0.61,1664195000.0,,1664195000.0,6183531652.0,9.0,8.13,167417000.0,1.035,1.0,356181000.0,0.707,1678912000.0,9157000.0,2230295000.0,,0.0,455074000.0,0.0,455074000.0,1392960000.0,207344000.0,1185616000.0,6012517652.0,-398154000.0,0.0,-98112000.0,100000000.0,-16239000.0,-28829000.0,-549330000.0,-544836000.0,179897000.0,108000.0,98603000.0,98603000.0,98603000.0,6552000.0,31385000.0,0.196,160364000.0,195817000.0,8603000.0,0.164,3.613,14.767,15.171,216791000.0,0.0,37.17,2.971,2.971,514110000.0,320667000.0,503744000.0,503744000.0,0.0,,,,,3933000.0,137710000.0,1.0,161757268.0,161757268.0,,3.114,1768434000.0,0.0,33183000.0,78179000.0,10.933,1003381000.0
26,SNI,MRQ,2011-06-30,2011-06-30,2011-06-30,2020-10-26,-11044000.0,3347484000.0,,1626044000.0,1721440000.0,,9.976,-13686000.0,713456000.0,713456000.0,123297000.0,121856000.0,8.035,0.774,884470000.0,0.0,884470000.0,884470000.0,42574000.0,22174000.0,0.0,0.007,0.1,165477000.0,187651000.0,0.351,187651000.0,165477000.0,156901000.0,0.46,0.46,0.46,1677165000.0,,1677165000.0,8308181298.0,12.0,10.584,125999000.0,0.749,1.0,410687000.0,0.769,1680584000.0,8576000.0,1635548000.0,,0.0,59962000.0,0.0,59962000.0,1297333000.0,202366000.0,1094967000.0,8217413298.0,-80208000.0,0.0,-293966000.0,0.0,-16906000.0,-344265000.0,123789000.0,-3400000.0,139685000.0,583000.0,77429000.0,77429000.0,77429000.0,55465000.0,44427000.0,0.145,158763000.0,251924000.0,9742000.0,0.217,4.9,20.03,19.951,216163000.0,0.0,48.88,4.136,4.136,531433000.0,317564000.0,533984000.0,533984000.0,0.0,,,,,6673000.0,136586000.0,1.0,168114020.0,168114020.0,,3.176,1666900000.0,0.0,79472000.0,89851000.0,9.915,1423678000.0
27,SNI,MRQ,2011-03-31,2011-03-31,2011-03-31,2020-10-26,-11112000.0,3541317000.0,,1607436000.0,1933881000.0,,11.365,-11189000.0,793664000.0,793664000.0,90301000.0,145317000.0,9.403,0.668,884432000.0,0.0,884432000.0,884432000.0,31886000.0,21561000.0,0.0,0.006,0.075,171351000.0,192912000.0,0.401,192912000.0,171351000.0,162736000.0,0.6,0.59,0.6,1906484000.0,,1906484000.0,8737388276.0,12.0,11.045,214674000.0,1.28,1.0,390530000.0,0.812,1833756000.0,8615000.0,1627387000.0,,0.0,52281000.0,0.0,52281000.0,1273514000.0,170942000.0,1102572000.0,8402890276.0,243767000.0,0.0,10745000.0,0.0,-12633000.0,33606000.0,-15410000.0,0.0,225863000.0,-292000.0,100525000.0,100525000.0,100525000.0,-765000.0,44792000.0,0.209,184873000.0,205657000.0,11092000.0,0.125,4.408,19.139,19.046,247038000.0,0.0,50.09,4.35,4.35,491091000.0,502864000.0,480831000.0,480831000.0,0.0,,,,,8741000.0,102949000.0,1.0,167755845.0,167755845.0,,2.866,1707561000.0,0.0,62211000.0,92451000.0,10.179,1436494000.0
28,SNI,MRQ,2010-12-31,2010-12-31,2010-12-31,2020-10-26,-11525000.0,3388432000.0,,1670875000.0,1717557000.0,,10.649,-19130000.0,549897000.0,549897000.0,199657000.0,155385000.0,7.457,0.736,884395000.0,0.0,884395000.0,884395000.0,27125000.0,21747000.0,0.0,0.006,0.075,194622000.0,216369000.0,0.428,216369000.0,194622000.0,186001000.0,0.78,0.78,0.78,1776173000.0,,1776173000.0,9100073478.0,14.0,12.023,122863000.0,0.737,1.0,305634000.0,0.605,1632290000.0,8621000.0,1866565000.0,,0.0,48536000.0,0.0,48536000.0,1308138000.0,224075000.0,1084063000.0,8632511478.0,133102000.0,0.0,42143000.0,0.0,-12599000.0,15830000.0,-24825000.0,-1225000.0,141993000.0,104000.0,130613000.0,130613000.0,130613000.0,-7451000.0,24772000.0,0.258,100152000.0,205482000.0,9672000.0,0.096,4.86,21.005,21.037,214131000.0,0.0,51.75,4.585,4.585,505392000.0,414972000.0,505291000.0,505291000.0,0.0,,,,,8430000.0,280704000.0,1.0,166811816.0,166800000.0,,3.029,1756142000.0,0.0,55388000.0,81960000.0,10.528,1446800000.0
29,SNI,MRQ,2010-09-30,2010-09-30,2010-09-30,2020-10-26,-2938000.0,3173366000.0,,1215754000.0,1957612000.0,,9.79,-12035000.0,416795000.0,416795000.0,99002000.0,136137000.0,6.767,0.776,884357000.0,0.0,884357000.0,884357000.0,18631000.0,21761000.0,0.0,0.006,0.075,166270000.0,188031000.0,0.403,188031000.0,166270000.0,157496000.0,0.61,0.61,0.61,1628066000.0,,1628066000.0,8465517855.0,14.0,12.875,116219000.0,0.699,1.0,367883000.0,0.788,1844839000.0,8774000.0,1616425000.0,,0.0,45333000.0,0.0,45333000.0,1262946000.0,179664000.0,1083282000.0,7912208855.0,85784000.0,0.0,5053000.0,0.0,-12505000.0,-25253000.0,-16901000.0,0.0,128254000.0,-316000.0,101693000.0,101693000.0,101693000.0,317000.0,34444000.0,0.218,172863000.0,195020000.0,12527000.0,0.123,4.86,21.115,21.147,237413000.0,0.0,47.58,4.736,4.736,471258000.0,322793000.0,466885000.0,466885000.0,0.0,,,,,4275000.0,87341000.0,1.0,166292746.0,166292746.0,,2.808,1328527000.0,0.0,55803000.0,81013000.0,7.989,1036090000.0
30,SNI,MRQ,2010-06-30,2010-06-30,2010-06-30,2020-10-26,-3893000.0,3116514000.0,,1132154000.0,1984360000.0,,9.264,-7308000.0,331011000.0,331011000.0,103499000.0,141705000.0,4.793,0.86,884320000.0,0.0,884320000.0,884320000.0,19158000.0,16396000.0,0.0,0.007,0.075,177383000.0,193779000.0,0.405,193779000.0,177383000.0,168092000.0,0.64,0.63,0.64,1539418000.0,,1539418000.0,7266712601.0,13.0,12.166,50889000.0,0.306,1.0,375231000.0,0.784,1862773000.0,9291000.0,1570863000.0,,0.0,51092000.0,0.0,51092000.0,1324451000.0,236187000.0,1088264000.0,6703397601.0,10050000.0,0.0,9217000.0,0.0,-12598000.0,-30700000.0,-17517000.0,0.0,58197000.0,70000.0,106208000.0,106208000.0,106208000.0,-8174000.0,35497000.0,0.222,180439000.0,194792000.0,18121000.0,0.117,4.355,19.813,19.775,234017000.0,0.0,40.34,4.274,4.274,472370000.0,245458000.0,478730000.0,478730000.0,0.0,,,,,4617000.0,88727000.0,1.0,166172474.0,166172474.0,,2.881,1253741000.0,0.0,61884000.0,86827000.0,7.545,895967000.0
31,SNI,MRQ,2010-03-31,2010-03-31,2010-03-31,2020-10-26,-2509000.0,3022228000.0,,1051002000.0,1971226000.0,,8.728,-16312000.0,320961000.0,320961000.0,89908000.0,95782000.0,4.386,0.93,884276000.0,0.0,884276000.0,884276000.0,14309000.0,31447000.0,0.0,0.007,0.075,125814000.0,157261000.0,0.335,157261000.0,125814000.0,117333000.0,0.44,0.43,0.44,1447778000.0,,1447778000.0,7986489158.0,16.0,14.508,142740000.0,0.861,1.0,379485000.0,0.808,1872212000.0,8481000.0,1473694000.0,,0.0,48795000.0,0.0,48795000.0,1346799000.0,239637000.0,1107162000.0,7356620158.0,66591000.0,0.0,8817000.0,0.0,-12378000.0,-61159000.0,-31934000.0,-14400000.0,159052000.0,632000.0,72458000.0,72458000.0,72458000.0,0.0,23324000.0,0.154,236074000.0,143411000.0,50472000.0,0.17,5.081,23.605,23.466,241189000.0,0.0,44.35,4.968,4.968,431182000.0,164761000.0,469393000.0,469393000.0,0.0,,,,,6234000.0,127712000.0,1.0,165876441.0,165876441.0,,2.83,1150016000.0,0.0,44875000.0,112693000.0,6.933,811365000.0
32,SNI,MRQ,2009-12-31,2009-12-31,2009-12-31,2020-10-26,-3004000.0,2963062000.0,,982269000.0,1980793000.0,,8.39,-11477000.0,254370000.0,254370000.0,99645000.0,116023000.0,4.662,0.95,884239000.0,0.0,884239000.0,884239000.0,16865000.0,-17962000.0,0.0,0.007,0.075,136427000.0,118465000.0,0.463,118465000.0,136427000.0,134638000.0,0.56,0.57,0.56,1383716000.0,,1383716000.0,6862452085.0,15.0,13.365,110055000.0,0.667,1.0,156174000.0,0.61,1879418000.0,1789000.0,1502805000.0,,0.0,46395000.0,0.0,46395000.0,1314124000.0,210708000.0,1103416000.0,6873572085.0,243250000.0,-877500000.0,4916000.0,884239000.0,-12501000.0,860335000.0,-736558000.0,159591000.0,121532000.0,-2059000.0,94354000.0,94354000.0,94354000.0,-26300000.0,21669000.0,0.369,15750000.0,140424000.0,27538000.0,0.134,4.967,22.963,22.928,239644000.0,0.0,41.5,5.027,5.006,430410000.0,113853000.0,255819000.0,255819000.0,0.0,,,,,4641000.0,-16782000.0,1.0,165628243.0,164921000.0,,1.551,1083644000.0,0.0,40284000.0,119515000.0,6.571,771561000.0
33,SNI,MRQ,2009-09-30,2009-09-30,2009-09-30,2020-10-26,36916000.0,1865861000.0,,781088000.0,1084773000.0,,8.133,-17441000.0,11120000.0,11120000.0,79767000.0,85099000.0,5.542,0.286,0.0,0.0,0.0,0.0,14682000.0,20666000.0,0.0,0.008,0.075,107149000.0,127815000.0,0.351,127815000.0,107149000.0,106864000.0,0.4,0.39,0.4,1343683000.0,,1343683000.0,6095219935.0,26.0,19.726,137975000.0,0.835,1.0,284694000.0,0.781,972845000.0,285000.0,740946000.0,,0.0,206105000.0,162883000.0,43222000.0,383914000.0,140950000.0,242964000.0,6104937935.0,1402000.0,0.0,9519000.0,0.0,-12385000.0,-12269000.0,-141841000.0,-121065000.0,155416000.0,96000.0,65320000.0,65320000.0,65320000.0,-676000.0,19779000.0,0.179,162892000.0,121802000.0,6720000.0,0.188,4.543,118.715,119.194,207072000.0,0.0,36.95,4.025,4.025,331689000.0,47192000.0,364461000.0,364461000.0,0.0,,,,,5205000.0,92755000.0,1.0,165221595.0,165221595.0,,2.206,893016000.0,0.0,41544000.0,123544000.0,5.405,640138000.0
34,SNI,MRQ,2009-06-30,2009-06-30,2009-06-30,2020-10-26,36131000.0,1794299000.0,,694781000.0,1099518000.0,,7.738,-23046000.0,9718000.0,9718000.0,78097000.0,103853000.0,4.962,0.308,0.0,0.0,0.0,0.0,12866000.0,19503000.0,0.0,0.011,0.075,127427000.0,146930000.0,0.376,146930000.0,127427000.0,127028000.0,0.49,0.48,0.49,1271553000.0,,1271553000.0,4564482896.0,20.0,15.153,59806000.0,0.364,1.0,313175000.0,0.8,982244000.0,399000.0,662308000.0,,0.0,84370000.0,41965000.0,42405000.0,391183000.0,140029000.0,251154000.0,4573123896.0,1077000.0,0.0,10605000.0,0.0,-12325000.0,-19433000.0,-62771000.0,-37755000.0,82852000.0,429000.0,79524000.0,79524000.0,79524000.0,994000.0,24329000.0,0.203,166531000.0,146644000.0,9593000.0,0.153,3.596,105.294,107.038,206170000.0,0.0,27.83,3.015,3.015,348876000.0,-5743000.0,391272000.0,391272000.0,0.0,,,,,5545000.0,96792000.0,1.0,164323532.0,164323532.0,,2.381,812055000.0,0.0,47504000.0,136597000.0,4.942,554752000.0
35,SNI,MRQ,2009-03-31,2009-03-31,2009-03-31,2020-10-26,30642000.0,1714928000.0,,599941000.0,1114987000.0,,7.226,-17365000.0,8641000.0,8641000.0,71179000.0,79899000.0,3.569,0.344,0.0,0.0,0.0,0.0,11818000.0,18401000.0,0.0,0.01,0.075,101866000.0,120267000.0,0.338,120267000.0,101866000.0,101529000.0,0.37,0.37,0.37,1184421000.0,,1184421000.0,3759791383.0,17.0,13.157,145174000.0,0.886,1.0,284597000.0,0.8,995686000.0,337000.0,542498000.0,,0.0,43553000.0,3587000.0,39966000.0,407074000.0,168103000.0,238971000.0,3689761383.0,-1329000.0,0.0,2695000.0,-80000000.0,-12296000.0,-144457000.0,-18947000.0,-942000.0,162539000.0,-464000.0,60128000.0,60128000.0,60128000.0,1567000.0,19771000.0,0.169,163846000.0,120751000.0,17648000.0,0.203,3.115,214.771,225.1,205104000.0,0.0,22.51,2.409,2.409,330747000.0,-72942000.0,355776000.0,355776000.0,0.0,,,,,4807000.0,96742000.0,1.0,163916543.0,163916543.0,,2.17,719242000.0,0.0,41401000.0,129381000.0,4.388,431838000.0
36,SNI,MRQ,2008-12-31,2008-12-31,2008-12-31,2020-10-26,31487000.0,1773208000.0,,655304000.0,1117904000.0,,6.936,-31786000.0,9970000.0,9970000.0,68668000.0,-127177000.0,3.886,0.428,80000000.0,0.0,80000000.0,80000000.0,11045000.0,17682000.0,0.0,0.007,0.075,-103698000.0,-86016000.0,-0.212,-86016000.0,-103698000.0,-104596000.0,-0.95,-0.94,-0.95,1132281000.0,,1132281000.0,3712591744.0,16.0,12.425,70697000.0,0.433,1.0,336673000.0,0.831,1002127000.0,898000.0,672459000.0,,0.0,42982000.0,2703000.0,40279000.0,484794000.0,168652000.0,316142000.0,3602507744.0,-14946000.0,-9034000.0,679000.0,-55000000.0,-12320000.0,-77393000.0,-38211000.0,3016000.0,102483000.0,-1825000.0,-153547000.0,-153547000.0,-153547000.0,388000.0,26370000.0,-0.379,414892000.0,-78219000.0,13231000.0,-0.079,3.182,152.927,157.143,191414000.0,0.0,22.0,2.323,2.316,368593000.0,-120774000.0,405341000.0,405341000.0,0.0,,,,,-3537000.0,99688000.0,1.0,163750352.0,163245000.0,,2.483,771081000.0,0.0,48951000.0,131903000.0,4.723,486652000.0
37,SNI,MRQ,2008-09-30,2008-09-30,2008-09-30,2020-10-26,35461000.0,2006988000.0,,616041000.0,1390947000.0,,7.98,-19281000.0,24916000.0,24916000.0,74536000.0,76648000.0,3.69,0.44,135000000.0,0.0,135000000.0,135000000.0,13564000.0,16683000.0,0.0,0.002,0.075,103367000.0,120050000.0,0.33,120050000.0,103367000.0,101168000.0,0.35,0.35,0.35,1304477000.0,,1304477000.0,6224644469.0,57.0,38.916,202687000.0,1.24,1.0,289651000.0,0.795,1269938000.0,2199000.0,680164000.0,,0.0,45350000.0,369000.0,44981000.0,573524000.0,166970000.0,406554000.0,5935444469.0,-10884000.0,0.0,5194000.0,-190000000.0,-12234000.0,-215946000.0,-14575000.0,3457000.0,221968000.0,-2331000.0,57327000.0,57327000.0,57327000.0,879000.0,19321000.0,0.157,172615000.0,117036000.0,9632000.0,0.214,4.55,-48.773,-49.74,185569000.0,0.0,36.31,3.904,3.904,340127000.0,45093000.0,364187000.0,364187000.0,0.0,,,,,11823000.0,106369000.0,1.0,163465835.0,163465835.0,,2.228,737050000.0,0.0,43841000.0,183223000.0,4.509,449071000.0
38,SNI,MRQ,2008-06-30,2008-06-30,2008-06-30,2020-10-26,40263000.0,2075080000.0,,677318000.0,1397762000.0,,7.628,-11698000.0,35800000.0,35800000.0,71566000.0,77705000.0,5.559,0.561,325000000.0,0.0,325000000.0,325000000.0,12299000.0,14262000.0,0.0,0.0,0.0,117192000.0,131454000.0,0.323,131454000.0,117192000.0,111919000.0,0.33,0.33,0.33,1246860000.0,,1246860000.0,6759743772.0,63.0,41.973,121317000.0,0.742,1.0,334894000.0,0.824,1266062000.0,5273000.0,976385000.0,,0.0,57904000.0,13141000.0,44763000.0,699205000.0,121833000.0,577372000.0,6268914772.0,-8373000.0,0.0,0.0,-172761000.0,0.0,-114346000.0,-27073000.0,-13141000.0,133015000.0,31000.0,53272000.0,53272000.0,53272000.0,-455000.0,24433000.0,0.131,172390000.0,162504000.0,7938000.0,0.0,5.028,-51.756,-52.534,179273000.0,0.0,38.35,4.179,4.179,389642000.0,,406460000.0,406460000.0,0.0,,,,,3413000.0,108940000.0,1.0,163465835.0,163465835.0,,2.487,809018000.0,0.0,58647000.0,140754000.0,4.949,555485000.0
39,SNI,MRQ,2008-03-31,2008-03-31,2008-03-31,2020-10-26,,,,,,,,-11865000.0,,,64997000.0,88772000.0,,,,,,,,17710000.0,,,0.0,115446000.0,133156000.0,0.343,133156000.0,115446000.0,109625000.0,0.41,0.41,0.41,,,,,,,80777000.0,0.494,1.0,323335000.0,0.833,,5821000.0,,,,,,,,,,,31641000.0,0.0,0.0,-31059000.0,0.0,-49200000.0,-11967000.0,0.0,92642000.0,166000.0,66505000.0,66505000.0,66505000.0,0.0,22267000.0,0.171,188155000.0,135180000.0,,0.0,,,,,0.0,,,,,,388332000.0,388332000.0,0.0,,,,,4744000.0,123914000.0,1.0,163465835.0,163465835.0,,2.376,,,43120000.0,,,
40,SNI,MRQ,2007-12-31,2007-12-31,2007-12-31,2020-10-26,41399000.0,2017827000.0,,602757000.0,1415070000.0,,6.199,-8665000.0,12532000.0,12532000.0,62568000.0,-216265000.0,4.169,0.855,503361000.0,0.0,503361000.0,503361000.0,15018000.0,1369000.0,0.0,,0.0,-226078000.0,-224709000.0,-0.622,-224709000.0,-226078000.0,-233739000.0,-1.82,-1.82,-1.82,1013288000.0,,1013288000.0,,,,111166000.0,0.68,1.0,298671000.0,0.827,1269014000.0,7661000.0,1095062000.0,,0.0,38444000.0,0.0,38444000.0,866041000.0,144580000.0,721461000.0,,4209000.0,101000.0,0.0,-100364000.0,0.0,-94406000.0,-21820000.0,0.0,119831000.0,604000.0,-298799000.0,-298799000.0,-298799000.0,398664000.0,82534000.0,-0.827,105903000.0,192768000.0,8010000.0,0.0,,,,173255000.0,0.0,,,,364824000.0,,361239000.0,361239000.0,0.0,,,,,1625000.0,62457000.0,1.0,,163466000.0,,2.21,748813000.0,0.0,65060000.0,115474000.0,4.581,458177000.0
41,SNI,MRQ,2007-09-30,2007-09-30,2007-09-30,2020-10-26,,,,,,,,-22628000.0,,,67446000.0,57898000.0,,,,,,,,20226000.0,,,0.0,100924000.0,121150000.0,0.352,121150000.0,100924000.0,92114000.0,0.35,0.35,0.35,,,,,,,94801000.0,,1.0,276519000.0,0.804,,8810000.0,,,,,,,,,,,634000.0,-29981000.0,0.0,-18363000.0,0.0,-61308000.0,-52789000.0,0.0,117429000.0,-2698000.0,57898000.0,57898000.0,57898000.0,-441000.0,0.0,0.168,163176000.0,113343000.0,,0.0,,,,,0.0,,,,,,343965000.0,343965000.0,0.0,,,,,3357000.0,98512000.0,1.0,,,,,,,34216000.0,,,
42,SNI,MRQ,2007-06-30,2007-06-30,2007-06-30,2020-10-26,,,,,,,,,,,58383000.0,70218000.0,,,,,,,,,,,0.0,121982000.0,,,,121982000.0,111770000.0,0.43,0.43,0.43,,,,,,,,,1.0,308787000.0,0.841,,10212000.0,,,,,,,,,,,,,,,,,,,,,70218000.0,70218000.0,70218000.0,230000.0,0.0,0.191,172081000.0,136706000.0,,0.0,,,,,0.0,,,,,,367170000.0,367170000.0,0.0,,,,,,104820000.0,1.0,,,,,,,41552000.0,,,
43,SNI,MRQ,2006-12-31,2006-12-31,2006-12-31,2020-10-26,43923000.0,2384952000.0,,604074000.0,1780878000.0,,7.253,,18961000.0,18961000.0,,,3.515,0.911,764956000.0,0.0,764956000.0,764956000.0,13669000.0,,0.0,,0.0,,,,,,,,,,1185578000.0,,1185578000.0,,,,,,1.0,,,1635300000.0,,1323771000.0,,0.0,22483000.0,0.0,22483000.0,1080442000.0,171876000.0,908566000.0,,,,,,,,,,,,,,,,,,,,8864000.0,,,,,132789000.0,,,,,331864000.0,,,,,,,,,,,1.0,,163466000.0,,,749652000.0,0.0,,86200000.0,4.586,432198000.0
0,SNI,MRT,2017-12-31,2017-12-31,2017-12-31,2020-10-26,-13809000.0,6521680000.0,6429313750.0,1748520000.0,4773160000.0,0.554,21.335,-75641000.0,130357000.0,130357000.0,1253994000.0,814351000.0,3.05,1.228,2522005000.0,0.0,2522005000.0,2522005000.0,148134000.0,151865000.0,0.0,0.014,1.2,1213953000.0,1365818000.0,0.383,1365818000.0,1213953000.0,1120794000.0,4.79,4.76,4.79,2778189000.0,2530020250.0,2778189000.0,13643333977.0,11.0,9.989,980153000.0,7.527,1.0,2307813000.0,0.648,4038667000.0,93159000.0,4301391000.0,4576662500.0,0.0,740810000.0,0.0,740810000.0,3410492000.0,573270000.0,2837222000.0,11092195977.0,7420000.0,-10320000.0,23662000.0,-685000000.0,-156684000.0,-1003083000.0,-65016000.0,30168000.0,1055794000.0,19725000.0,623935000.0,623935000.0,623935000.0,0.0,190416000.0,0.175,1033400000.0,1274413000.0,48149000.0,0.251,3.993,17.778,17.825,333068000.0,0.0,85.38,3.114,3.121,914812000.0,1341974000.0,3561807000.0,3561807000.0,0.0,0.097,0.247,0.265,0.341,40219000.0,881030000.0,1.0,129915624.0,130217000.0,131063000.0,27.353,2483013000.0,104859000.0,496859000.0,0.0,19.068,1175250000.0
1,SNI,MRT,2017-09-30,2017-09-30,2017-09-30,2020-10-26,-86000000.0,6476414000.0,6348967250.0,1656409000.0,4820005000.0,0.55,20.486,-86647000.0,114729000.0,114729000.0,1225537000.0,790884000.0,3.185,1.313,2665867000.0,0.0,2665867000.0,2665867000.0,150247000.0,168769000.0,0.0,0.013,1.15,1095245000.0,1264014000.0,0.362,1264014000.0,1095245000.0,993786000.0,4.69,4.67,4.69,2669573000.0,2310415250.0,2669573000.0,13997787981.0,13.0,11.074,972876000.0,7.466,1.0,2268855000.0,0.649,4027467000.0,101459000.0,4480036000.0,4685555000.0,0.0,730562000.0,0.0,730562000.0,3504457000.0,520049000.0,2984408000.0,11149615981.0,-214844000.0,-5658000.0,26881000.0,-892784000.0,-150107000.0,-1212168000.0,-72785000.0,31123000.0,1059523000.0,10586000.0,610156000.0,610156000.0,610156000.0,0.0,180728000.0,0.175,1086565000.0,1182290000.0,40797000.0,0.245,4.177,18.273,18.313,318875000.0,0.0,85.89,3.191,3.203,815116000.0,1315549000.0,3494392000.0,3494392000.0,0.0,0.096,0.264,0.234,0.313,40122000.0,859918000.0,1.0,129812737.0,130313000.0,131262000.0,26.815,2448947000.0,208543000.0,383630000.0,0.0,18.793,1136360000.0
2,SNI,MRT,2017-06-30,2017-06-30,2017-06-30,2020-10-26,-143353000.0,6516569000.0,6391807250.0,1753411000.0,4763158000.0,0.543,19.306,-94264000.0,131557000.0,131557000.0,1205452000.0,809642000.0,4.152,1.48,2979729000.0,0.0,2979729000.0,2979729000.0,119977000.0,182774000.0,0.0,0.016,1.1,1132260000.0,1315034000.0,0.379,1315034000.0,1132260000.0,1021284000.0,4.87,4.84,4.87,2514224000.0,2149942250.0,2514224000.0,11809548416.0,10.0,8.98,907005000.0,6.964,1.0,2266500000.0,0.653,4020704000.0,110976000.0,4921706000.0,4707331250.0,0.0,723740000.0,0.0,723740000.0,3721796000.0,422331000.0,3299465000.0,8863662416.0,-54366000.0,-10770000.0,21456000.0,-630648000.0,-143297000.0,-970301000.0,-88529000.0,22792000.0,1001269000.0,3195000.0,632065000.0,632065000.0,632065000.0,0.0,177577000.0,0.182,1077198000.0,1189302000.0,25728000.0,0.226,3.525,14.023,14.027,315543000.0,0.0,68.31,2.553,2.562,912018000.0,1230668000.0,3471952000.0,3471952000.0,0.0,0.099,0.294,0.241,0.326,38117000.0,836546000.0,1.0,129756440.0,130233000.0,130884000.0,26.66,2495865000.0,192753000.0,389219000.0,0.0,19.165,1331080000.0
3,SNI,MRT,2017-03-31,2017-03-31,2017-03-31,2020-10-26,-296371000.0,6202592000.0,6390843750.0,1575846000.0,4626746000.0,0.538,16.611,-87888000.0,107673000.0,107673000.0,1192600000.0,757317000.0,2.387,1.75,3053559000.0,249967000.0,2803592000.0,3053559000.0,68731000.0,185799000.0,0.0,0.013,1.05,1074969000.0,1260768000.0,0.367,1260768000.0,1074969000.0,955021000.0,4.49,4.47,4.49,2158095000.0,1992524750.0,2158095000.0,13219064773.0,12.0,10.485,839534000.0,6.462,1.0,2247077000.0,0.653,3884710000.0,119948000.0,4603517000.0,4638697250.0,0.0,734482000.0,0.0,734482000.0,3777430000.0,660251000.0,3117179000.0,10139615773.0,-109125000.0,-450000.0,22590000.0,-620648000.0,-136533000.0,-912804000.0,-104563000.0,-16168000.0,927422000.0,-19180000.0,582598000.0,582598000.0,582598000.0,0.0,174719000.0,0.169,1058959000.0,1188118000.0,30316000.0,0.234,4.698,17.404,17.454,302042000.0,0.0,78.37,2.948,2.96,784514000.0,1035764000.0,3439677000.0,3439677000.0,0.0,0.091,0.292,0.232,0.313,37602000.0,815282000.0,1.0,129381342.0,129921000.0,130743000.0,26.475,2317882000.0,176446000.0,372423000.0,0.0,17.841,915595000.0
4,SNI,MRT,2016-12-31,2016-12-31,2016-12-31,2020-10-26,-363701000.0,6200294000.0,6499776750.0,1658099000.0,4542195000.0,0.523,14.667,-74406000.0,122937000.0,122937000.0,1193228000.0,847448000.0,2.314,2.091,3202386000.0,249932000.0,2952454000.0,3202386000.0,77987000.0,195001000.0,0.0,0.014,1.0,1233366000.0,1428367000.0,0.42,1428367000.0,1233366000.0,1103925000.0,5.2,5.18,5.2,1899769000.0,1914366750.0,1899769000.0,12467571969.0,10.0,8.729,874420000.0,6.751,1.0,2208207000.0,0.649,3826251000.0,129441000.0,4736961000.0,4702716000.0,0.0,699481000.0,0.0,699481000.0,3971866000.0,716531000.0,3255335000.0,9214426969.0,-100507000.0,-450000.0,15110000.0,-795648000.0,-129725000.0,-1175443000.0,140731000.0,214641000.0,948826000.0,-14621000.0,673595000.0,673595000.0,673595000.0,0.0,173853000.0,0.198,1059612000.0,1148595000.0,42223000.0,0.192,4.85,13.679,13.725,286399000.0,0.0,71.37,2.709,2.718,808133000.0,871766000.0,3401435000.0,3401435000.0,0.0,0.104,0.352,0.262,0.363,35198000.0,806733000.0,1.0,129107846.0,129529000.0,130104000.0,26.26,2374043000.0,175291000.0,430330000.0,0.0,18.328,941568000.0
5,SNI,MRT,2016-09-30,2016-09-30,2016-09-30,2020-10-26,-178573000.0,6647774000.0,6617781750.0,1800086000.0,4847688000.0,0.508,15.647,-68298000.0,329573000.0,329573000.0,1187846000.0,958041000.0,1.499,2.127,3582718000.0,749747000.0,2832971000.0,3582718000.0,102733000.0,181683000.0,0.0,0.015,0.98,1323703000.0,1505386000.0,0.447,1505386000.0,1323703000.0,1196309000.0,6.07,6.05,6.07,2027681000.0,1820407250.0,2027681000.0,11634231315.0,9.0,7.728,809456000.0,6.246,1.0,2176641000.0,0.647,4132882000.0,127394000.0,4567141000.0,4844771500.0,0.0,746066000.0,0.0,746066000.0,4313627000.0,1200896000.0,3112731000.0,8193216315.0,82221000.0,-450000.0,8034000.0,-546149000.0,-126805000.0,-965575000.0,150677000.0,154820000.0,877754000.0,19365000.0,786210000.0,786210000.0,786210000.0,0.0,171831000.0,0.234,980706000.0,1195935000.0,28092000.0,0.161,4.041,10.421,10.46,286392000.0,0.0,63.49,2.435,2.445,777794000.0,826795000.0,3364487000.0,3364487000.0,0.0,0.119,0.432,0.273,0.393,29477000.0,801623000.0,1.0,129047351.0,129586000.0,130124000.0,25.963,2514892000.0,148692000.0,410099000.0,0.0,19.407,599190000.0
6,SNI,MRT,2016-06-30,2016-06-30,2016-06-30,2020-10-26,-210334000.0,6512715000.0,6638752000.0,1692942000.0,4819773000.0,0.503,14.546,-58299000.0,185923000.0,185923000.0,1159789000.0,939533000.0,1.41,2.305,3626938000.0,749487000.0,2877451000.0,3626938000.0,101408000.0,176833000.0,0.0,0.015,0.96,1319162000.0,1495995000.0,0.448,1495995000.0,1319162000.0,1173938000.0,5.9,5.89,5.9,1884554000.0,1683475000.0,1884554000.0,11513450872.0,9.0,7.696,819050000.0,6.322,1.0,2177735000.0,0.653,4106199000.0,145224000.0,4647170000.0,5182101250.0,0.0,743974000.0,0.0,743974000.0,4344687000.0,1200361000.0,3144326000.0,8030055872.0,-954891000.0,-539309000.0,7559000.0,-866595000.0,-124125000.0,-2110975000.0,269984000.0,158199000.0,877349000.0,8751000.0,764772000.0,764772000.0,764772000.0,0.0,174761000.0,0.229,968721000.0,1209014000.0,61464000.0,0.163,4.261,10.5,10.554,279620000.0,0.0,62.27,2.406,2.417,835644000.0,718292000.0,3337524000.0,3337524000.0,0.0,0.115,0.454,0.255,0.395,29992000.0,794448000.0,1.0,128955450.0,129562000.0,130141000.0,25.76,2406516000.0,142563000.0,409166000.0,0.0,18.574,492581000.0
7,SNI,MRT,2016-03-31,2016-03-31,2016-03-31,2020-10-26,-88749000.0,6638324000.0,6438223750.0,1653775000.0,4984549000.0,0.493,14.273,-54426000.0,216798000.0,216798000.0,1067877000.0,952349000.0,1.572,2.45,3700193000.0,499399000.0,3200794000.0,3700193000.0,86489000.0,161528000.0,0.0,0.014,0.94,1333955000.0,1495483000.0,0.471,1495483000.0,1333955000.0,1205071000.0,5.98,5.96,5.98,1845463000.0,1557898500.0,1845463000.0,12217597031.0,9.0,8.17,806472000.0,6.237,1.0,2108978000.0,0.664,4210253000.0,128884000.0,4859592000.0,5245906250.0,0.0,812337000.0,0.0,812337000.0,4521774000.0,1051874000.0,3469900000.0,8430769031.0,62013000.0,-539309000.0,9542000.0,794169000.0,-121429000.0,-481990000.0,-337944000.0,198282000.0,860898000.0,21049000.0,773882000.0,773882000.0,773882000.0,0.0,178467000.0,0.244,940825000.0,1168153000.0,48042000.0,0.157,4.568,10.894,10.953,288908000.0,0.0,65.5,2.654,2.666,763283000.0,566621000.0,3176855000.0,3176855000.0,0.0,0.12,0.497,0.254,0.42,30143000.0,781813000.0,1.0,128714031.0,129295000.0,129790000.0,24.571,2428071000.0,124341000.0,431189000.0,0.0,18.779,601901000.0
8,SNI,MRT,2015-12-31,2015-12-31,2015-12-31,2020-10-26,-130233000.0,6672314000.0,5762548750.0,1727881000.0,4944433000.0,0.524,11.753,-52480000.0,223444000.0,223444000.0,987357000.0,778473000.0,1.773,3.108,4010272000.0,499174000.0,3511098000.0,4010272000.0,96040000.0,141759000.0,0.0,0.017,0.92,1058266000.0,1200025000.0,0.398,1200025000.0,1058266000.0,950219000.0,4.68,4.66,4.68,1523931000.0,1390794250.0,1523931000.0,11000744310.0,10.0,9.167,760504000.0,5.865,1.0,2030870000.0,0.673,4179310000.0,108047000.0,5305183000.0,4822123500.0,0.0,807630000.0,0.0,807630000.0,4736138000.0,974649000.0,3761489000.0,7098172310.0,-654720000.0,-539309000.0,-279295000.0,584169000.0,-118857000.0,-875743000.0,-604500000.0,-46368000.0,812984000.0,12539000.0,606828000.0,606828000.0,606828000.0,0.0,171645000.0,0.201,926938000.0,1103932000.0,35308000.0,0.197,4.658,11.697,11.797,293230000.0,0.0,55.21,2.352,2.372,816679000.0,305386000.0,3018227000.0,3018227000.0,0.0,0.105,0.436,0.219,0.351,29568000.0,785179000.0,1.0,128566787.0,129665000.0,130255000.0,23.277,2493004000.0,91954000.0,343391000.0,0.0,19.226,753232000.0
9,SNI,MRT,2015-09-30,2015-09-30,2015-09-30,2020-10-26,-62732000.0,6731655000.0,5258840500.0,1684478000.0,5047177000.0,0.539,11.457,-44082000.0,247352000.0,247352000.0,864862000.0,753620000.0,3.312,3.293,4149924000.0,16864000.0,4133060000.0,4149924000.0,92096000.0,128687000.0,0.0,0.018,0.89,992549000.0,1121236000.0,0.395,1121236000.0,992549000.0,896519000.0,4.36,4.34,4.36,1479952000.0,1355423250.0,1479952000.0,7974075410.0,8.0,7.112,823451000.0,6.375,1.0,1970764000.0,0.695,4209186000.0,96030000.0,5916460000.0,4214842250.0,0.0,855503000.0,0.0,855503000.0,4873636000.0,508581000.0,4365055000.0,6321831410.0,90067000.0,-539309000.0,-674842000.0,1672983000.0,-116723000.0,-160214000.0,-607306000.0,18924000.0,867533000.0,-9946000.0,573966000.0,573966000.0,573966000.0,0.0,179654000.0,0.202,908949000.0,1061815000.0,56113000.0,0.204,4.272,11.014,11.282,292448000.0,0.0,49.19,2.229,2.241,773173000.0,187104000.0,2835626000.0,2835626000.0,0.0,0.109,0.423,0.235,0.35,35258000.0,781225000.0,1.0,128518630.0,129177000.0,129704000.0,21.951,2522469000.0,79712000.0,322553000.0,0.0,19.527,1175897000.0
10,SNI,MRT,2015-06-30,2015-06-30,2015-06-30,2020-10-26,-53624000.0,5710602000.0,4556316250.0,3114012000.0,2596590000.0,0.593,10.696,-46370000.0,1788410000.0,1788410000.0,801811000.0,760588000.0,10.487,2.872,3440654000.0,0.0,3440654000.0,3440654000.0,78137000.0,119013000.0,0.0,0.013,0.86,961925000.0,1080938000.0,0.4,1080938000.0,961925000.0,904099000.0,4.33,4.31,4.33,1382248000.0,1405914500.0,1382248000.0,10085792518.0,10.0,9.331,813028000.0,6.292,1.0,1902116000.0,0.703,2163529000.0,57826000.0,4902390000.0,3209705000.0,0.0,495626000.0,0.0,495626000.0,3969781000.0,296927000.0,3672854000.0,8395955518.0,938809000.0,0.0,-918525000.0,2046293000.0,-114879000.0,798047000.0,-713358000.0,20304000.0,859398000.0,-5278000.0,580746000.0,580746000.0,580746000.0,0.0,179842000.0,0.215,872503000.0,1029613000.0,35281000.0,0.199,6.074,14.457,15.097,208968000.0,0.0,65.37,3.105,3.124,723322000.0,92262000.0,2703927000.0,2703927000.0,0.0,0.127,0.413,0.3,0.356,36028000.0,754941000.0,1.0,128437441.0,129225000.0,129868000.0,20.924,3547073000.0,77278000.0,323353000.0,0.0,27.449,2817085000.0
11,SNI,MRT,2015-03-31,2015-03-31,2015-03-31,2020-10-26,-83962000.0,3935624000.0,4145985000.0,1406067000.0,2529557000.0,0.646,8.967,-53979000.0,154785000.0,154785000.0,796905000.0,720089000.0,4.297,2.049,1844622000.0,0.0,1844622000.0,1844622000.0,56146000.0,126748000.0,0.0,0.012,0.83,889431000.0,1016179000.0,0.379,1016179000.0,889431000.0,836208000.0,3.91,3.89,3.91,1177046000.0,1518573500.0,1177046000.0,10528062313.0,12.0,10.36,792301000.0,6.036,1.0,1883052000.0,0.703,2133745000.0,53223000.0,3164461000.0,2479497250.0,0.0,439240000.0,0.0,439240000.0,2411570000.0,327255000.0,2084315000.0,9026821313.0,-354352000.0,0.0,-1215569000.0,450529000.0,-113336000.0,-1081972000.0,-114660000.0,-25523000.0,846280000.0,-4000000.0,540822000.0,540822000.0,540822000.0,0.0,179267000.0,0.202,902009000.0,981043000.0,20075000.0,0.212,7.669,16.691,17.535,214779000.0,0.0,68.56,3.368,3.358,630322000.0,-71745000.0,2679957000.0,2679957000.0,0.0,0.13,0.356,0.359,0.332,37525000.0,775109000.0,1.0,131663088.0,131259000.0,131942000.0,20.417,1801879000.0,106039000.0,295386000.0,0.0,13.728,1078812000.0
12,SNI,MRT,2014-12-31,2014-12-31,2014-12-31,2020-10-26,-57891000.0,4657481000.0,4226286500.0,2096330000.0,2561151000.0,0.631,9.784,-53775000.0,878164000.0,878164000.0,778896000.0,726808000.0,1.812,2.081,2369254000.0,883895000.0,1485359000.0,2369254000.0,47929000.0,129452000.0,0.0,0.011,0.8,899005000.0,1028457000.0,0.386,1028457000.0,899005000.0,846318000.0,3.86,3.83,3.86,1382447000.0,1721441750.0,1382447000.0,11547827767.0,13.0,11.228,736038000.0,5.209,1.0,1886560000.0,0.708,2115658000.0,52687000.0,2876058000.0,2152797250.0,0.0,463344000.0,0.0,463344000.0,2876643000.0,1156855000.0,1719788000.0,10320420767.0,191793000.0,0.0,-1159357000.0,985529000.0,-112943000.0,-517231000.0,-78337000.0,-12561000.0,789813000.0,-2452000.0,545275000.0,545275000.0,545275000.0,0.0,181533000.0,0.205,894251000.0,992309000.0,21499000.0,0.207,7.465,18.927,19.5,226246000.0,0.0,75.27,3.872,3.99,629775000.0,79994000.0,2665456000.0,2665456000.0,0.0,0.129,0.317,0.418,0.337,35474000.0,764799000.0,1.0,137112007.0,141297000.0,142193000.0,18.864,2541823000.0,79096000.0,301043000.0,0.0,17.989,939475000.0
13,SNI,MRT,2014-09-30,2014-09-30,2014-09-30,2020-10-26,-24068000.0,3921558000.0,4171528000.0,1314681000.0,2606877000.0,0.635,11.951,-67380000.0,157285000.0,157285000.0,767063000.0,699787000.0,1.167,1.098,1384692000.0,884956000.0,499736000.0,1384692000.0,47336000.0,128896000.0,0.0,0.01,0.75,889673000.0,1018569000.0,0.384,1018569000.0,889673000.0,840744000.0,3.63,3.6,3.63,1681917000.0,1900580750.0,1681917000.0,12124772296.0,14.0,11.904,706629000.0,5.021,1.0,1883636000.0,0.711,2126401000.0,48929000.0,1895911000.0,2131599750.0,0.0,488628000.0,0.0,488628000.0,1846440000.0,1126653000.0,719787000.0,10942153296.0,-399289000.0,0.0,-758468000.0,0.0,-107397000.0,-1076207000.0,-96281000.0,-11845000.0,774009000.0,-810000.0,521948000.0,521948000.0,521948000.0,0.0,177839000.0,0.197,905162000.0,978474000.0,16661000.0,0.207,6.506,20.964,21.512,232240000.0,0.0,78.09,4.128,4.146,590154000.0,299783000.0,2650699000.0,2650699000.0,0.0,0.125,0.275,0.417,0.336,27880000.0,750385000.0,1.0,140122337.0,140738000.0,141628000.0,18.834,1795157000.0,121134000.0,318796000.0,0.0,12.755,188028000.0
14,SNI,MRT,2014-06-30,2014-06-30,2014-06-30,2020-10-26,-6371000.0,4069277000.0,4262553500.0,1448916000.0,2620361000.0,0.615,12.877,-62801000.0,202005000.0,202005000.0,738185000.0,699956000.0,1.27,1.014,1384624000.0,884919000.0,499705000.0,1384624000.0,49097000.0,126793000.0,0.0,0.009,0.7,875703000.0,1002496000.0,0.382,1002496000.0,875703000.0,826672000.0,3.58,3.54,3.58,1832884000.0,1971703500.0,1832884000.0,12472104481.0,14.0,12.441,702192000.0,4.933,1.0,1884992000.0,0.719,2129753000.0,49031000.0,1981559000.0,2345146000.0,0.0,504802000.0,0.0,504802000.0,1858506000.0,1140584000.0,717922000.0,11596685481.0,-145456000.0,-500000.0,-511296000.0,0.0,-101512000.0,-817071000.0,-94852000.0,-9642000.0,764993000.0,1474000.0,519612000.0,519612000.0,519612000.0,0.0,180344000.0,0.198,912885000.0,972107000.0,17725000.0,0.196,6.327,22.318,22.665,237359000.0,0.0,81.14,4.421,4.403,656176000.0,412434000.0,2623177000.0,2623177000.0,0.0,0.122,0.264,0.373,0.334,30107000.0,759668000.0,1.0,142921931.0,142342000.0,143224000.0,18.429,1939524000.0,106605000.0,307060000.0,0.0,13.626,308332000.0
15,SNI,MRT,2014-03-31,2014-03-31,2014-03-31,2020-10-26,-8828000.0,4256830000.0,4264357250.0,1644898000.0,2611932000.0,0.605,13.59,-64680000.0,509137000.0,509137000.0,716681000.0,704630000.0,1.409,0.954,1384556000.0,884881000.0,499675000.0,1384556000.0,51558000.0,122174000.0,0.0,0.009,0.65,885385000.0,1007559000.0,0.391,1007559000.0,885385000.0,836389000.0,3.59,3.55,3.59,1988519000.0,1969611750.0,1988519000.0,11803059447.0,13.0,11.715,762731000.0,5.213,1.0,1863492000.0,0.722,2106902000.0,48996000.0,1857661000.0,2556931000.0,0.0,501542000.0,0.0,501542000.0,1896572000.0,1167686000.0,728886000.0,11104942447.0,87913000.0,-64412000.0,-305971000.0,0.0,-95393000.0,-597479000.0,-143811000.0,7321000.0,827411000.0,1792000.0,525547000.0,525547000.0,525547000.0,0.0,179083000.0,0.204,885222000.0,978270000.0,24594000.0,0.181,5.585,21.13,21.145,242812000.0,0.0,75.91,4.304,4.305,592205000.0,543724000.0,2580173000.0,2580173000.0,0.0,0.123,0.267,0.346,0.343,31533000.0,737772000.0,1.0,146290903.0,146322000.0,147440000.0,17.634,2149928000.0,105961000.0,310842000.0,0.0,14.693,477212000.0
16,SNI,MRT,2013-12-31,2013-12-31,2013-12-31,2020-10-26,-12529000.0,4438447000.0,4207990500.0,1861310000.0,2577137000.0,0.601,14.247,-72990000.0,686371000.0,686371000.0,699294000.0,683028000.0,6.679,0.899,1384488000.0,0.0,1384488000.0,1384488000.0,70427000.0,117580000.0,0.0,0.007,0.6,861403000.0,978983000.0,0.387,978983000.0,861403000.0,812693000.0,3.43,3.4,3.43,2099003000.0,1911147000.0,2099003000.0,13450113388.0,16.0,13.739,804204000.0,5.459,1.0,1831515000.0,0.724,2066597000.0,48710000.0,2791268000.0,2777783000.0,0.0,488198000.0,0.0,488198000.0,1886555000.0,278699000.0,1607856000.0,12622267388.0,248846000.0,-64412000.0,-210227000.0,0.0,-88400000.0,-460882000.0,-167973000.0,12939000.0,877194000.0,507000.0,505070000.0,505070000.0,505070000.0,0.0,177958000.0,0.2,873039000.0,958476000.0,18278000.0,0.175,6.013,24.991,25.192,246350000.0,0.0,86.41,4.987,5.03,619619000.0,662574000.0,2530809000.0,2530809000.0,0.0,0.12,0.264,0.31,0.34,36845000.0,729055000.0,1.0,146074151.0,147326000.0,148502000.0,17.178,2371850000.0,80215000.0,307623000.0,0.0,16.099,1582611000.0
17,SNI,MRT,2013-09-30,2013-09-30,2013-09-30,2020-10-26,-37999000.0,4285660000.0,4133078250.0,1651002000.0,2634658000.0,0.6,13.415,-76752000.0,556574000.0,556574000.0,676504000.0,876474000.0,6.256,0.96,1384420000.0,0.0,1384420000.0,1384420000.0,68275000.0,113927000.0,0.0,0.007,0.57,862732000.0,976659000.0,0.394,976659000.0,862732000.0,813184000.0,4.71,4.67,4.71,1966408000.0,1841627250.0,1966408000.0,12431247004.0,14.0,12.728,787697000.0,5.374,1.0,1804575000.0,0.727,2099503000.0,49548000.0,2750096000.0,2788882500.0,0.0,486571000.0,0.0,486571000.0,1886955000.0,263907000.0,1623048000.0,11394356004.0,117336000.0,-64412000.0,-284091000.0,0.0,-84444000.0,-534406000.0,-212262000.0,-6920000.0,864449000.0,-445000.0,702352000.0,702352000.0,702352000.0,0.0,174122000.0,0.283,843797000.0,960778000.0,14993000.0,0.121,5.795,16.223,16.584,238403000.0,0.0,78.11,4.593,4.615,575041000.0,568155000.0,2481079000.0,2481079000.0,0.0,0.17,0.381,0.309,0.348,47278000.0,709493000.0,1.0,145875765.0,146578000.0,,16.927,2186157000.0,107428000.0,110832000.0,0.0,14.915,1387095000.0
18,SNI,MRT,2013-06-30,2013-06-30,2013-06-30,2020-10-26,-62272000.0,4076492000.0,4036656500.0,1480232000.0,2596260000.0,0.602,12.401,-80398000.0,347461000.0,347461000.0,654580000.0,862812000.0,6.957,1.009,1384352000.0,0.0,1384352000.0,1384352000.0,49822000.0,113391000.0,0.0,0.008,0.54,853799000.0,967190000.0,0.398,967190000.0,853799000.0,804070000.0,4.62,4.58,4.62,1824517000.0,1757752500.0,1824517000.0,10749586716.0,13.0,11.114,716048000.0,4.867,1.0,1775784000.0,0.731,2071903000.0,49729000.0,2828699000.0,2764723250.0,0.0,470303000.0,0.0,470303000.0,1841764000.0,212781000.0,1628983000.0,9786526716.0,85688000.0,-63912000.0,-260885000.0,0.0,-80485000.0,-499656000.0,-209543000.0,-1798000.0,796446000.0,-1559000.0,691759000.0,691759000.0,691759000.0,0.0,171053000.0,0.285,825361000.0,950423000.0,17167000.0,0.117,5.364,14.147,14.45,242622000.0,0.0,66.76,4.027,4.042,614753000.0,463801000.0,2430364000.0,2430364000.0,0.0,0.171,0.394,0.309,0.351,46334000.0,691672000.0,1.0,146592671.0,147132000.0,,16.518,2004589000.0,91253000.0,112311000.0,0.0,13.624,1267451000.0
19,SNI,MRT,2013-03-31,2013-03-31,2013-03-31,2020-10-26,-66918000.0,4031363000.0,3941318750.0,1486754000.0,2544609000.0,0.6,11.791,-73607000.0,421224000.0,421224000.0,636806000.0,843892000.0,5.852,1.071,1384284000.0,0.0,1384284000.0,1384284000.0,48353000.0,109775000.0,0.0,0.008,0.51,820371000.0,930146000.0,0.393,930146000.0,820371000.0,769592000.0,4.47,4.43,4.47,1754660000.0,1669897000.0,1754660000.0,10493543327.0,13.0,11.282,600976000.0,4.038,1.0,1729416000.0,0.731,1999283000.0,50779000.0,2741069000.0,2731777000.0,0.0,464324000.0,0.0,464324000.0,1879654000.0,254071000.0,1625583000.0,9546852327.0,-224306000.0,-99467000.0,-373500000.0,0.0,-76698000.0,-656826000.0,-240780000.0,-8136000.0,674583000.0,-1283000.0,674394000.0,674394000.0,674394000.0,0.0,169498000.0,0.285,809905000.0,919511000.0,31003000.0,0.114,5.441,14.156,14.394,240031000.0,0.0,64.34,4.035,4.046,569945000.0,411436000.0,2366222000.0,2366222000.0,0.0,0.171,0.404,0.3,0.347,45845000.0,680304000.0,1.0,148381292.0,148813000.0,,15.901,2032080000.0,116462000.0,95198000.0,0.0,13.655,1232683000.0
20,SNI,MRT,2012-12-31,2012-12-31,2012-12-31,2020-10-26,-38862000.0,4138798000.0,3895698500.0,1484276000.0,2654522000.0,0.592,11.966,-63416000.0,437525000.0,437525000.0,610836000.0,849656000.0,5.875,1.029,1384216000.0,0.0,1384216000.0,1384216000.0,44903000.0,107591000.0,0.0,0.008,0.48,820399000.0,927990000.0,0.402,927990000.0,820399000.0,769585000.0,4.48,4.44,4.48,1820924000.0,1620290000.0,1820924000.0,9624420492.0,12.0,10.371,551267000.0,3.622,1.0,1696346000.0,0.735,1997194000.0,50814000.0,2835666000.0,2701176250.0,0.0,489703000.0,0.0,489703000.0,1874247000.0,252629000.0,1621618000.0,8679510492.0,-322567000.0,-119036000.0,-478620000.0,0.0,-73109000.0,-711405000.0,-225280000.0,-4825000.0,614683000.0,-565000.0,681478000.0,681478000.0,681478000.0,0.0,168178000.0,0.295,781973000.0,914373000.0,12633000.0,0.107,4.767,12.736,12.929,237308000.0,0.0,57.92,3.762,3.82,565298000.0,452598000.0,2307182000.0,2307182000.0,0.0,0.175,0.421,0.304,0.356,39492000.0,655473000.0,1.0,149853427.0,152180000.0,153327000.0,15.161,2141604000.0,174839000.0,88107000.0,0.0,14.073,1231647000.0
21,SNI,MRT,2012-09-30,2012-09-30,2012-09-30,2020-10-26,-24701000.0,3899973000.0,3851416500.0,1432760000.0,2467213000.0,0.586,10.946,-50816000.0,439238000.0,439238000.0,588575000.0,683417000.0,6.825,1.147,1384148000.0,0.0,1384148000.0,1384148000.0,38276000.0,103041000.0,0.0,0.008,0.46,841259000.0,944300000.0,0.419,944300000.0,841259000.0,793541000.0,3.31,3.28,3.31,1630909000.0,1584740500.0,1630909000.0,10245127837.0,12.0,10.849,566251000.0,3.801,1.0,1667431000.0,0.739,1981508000.0,47718000.0,2653459000.0,2654922500.0,0.0,477551000.0,0.0,477551000.0,1869963000.0,209916000.0,1660047000.0,9122819837.0,123936000.0,-119036000.0,-505456000.0,399390000.0,-71042000.0,-335493000.0,-157678000.0,18924000.0,617067000.0,40000.0,510678000.0,510678000.0,510678000.0,0.0,172739000.0,0.226,738799000.0,928632000.0,9422000.0,0.139,5.594,17.864,18.498,223205000.0,0.0,61.23,4.044,4.044,530178000.0,272750000.0,2256006000.0,2256006000.0,0.0,0.133,0.322,0.317,0.373,38411000.0,634990000.0,1.0,148992648.0,148992648.0,,15.142,1918465000.0,0.0,282863000.0,65935000.0,12.876,1222844000.0
22,SNI,MRT,2012-06-30,2012-06-30,2012-06-30,2020-10-26,-44805000.0,3695141000.0,3738259750.0,1259220000.0,2435921000.0,0.587,9.694,-48328000.0,261773000.0,261773000.0,579841000.0,656597000.0,6.342,1.253,1384081000.0,0.0,1384081000.0,1384081000.0,44362000.0,96799000.0,0.0,0.008,0.44,785621000.0,882420000.0,0.402,882420000.0,785621000.0,741264000.0,3.13,3.11,3.13,1473095000.0,1593062000.0,1473095000.0,9378981764.0,12.0,10.629,561334000.0,3.694,1.0,1613723000.0,0.736,1921971000.0,44357000.0,2696914000.0,2549131500.0,0.0,468786000.0,0.0,468786000.0,1846132000.0,198564000.0,1647568000.0,8640498764.0,-451683000.0,-119036000.0,-630442000.0,499390000.0,-69252000.0,-361972000.0,-699521000.0,-533495000.0,609662000.0,148000.0,490871000.0,490871000.0,490871000.0,6552000.0,165726000.0,0.224,711346000.0,902377000.0,10588000.0,0.141,5.866,17.602,18.166,223403000.0,0.0,56.86,3.939,3.939,592789000.0,172369000.0,2193564000.0,2193564000.0,0.0,0.131,0.308,0.308,0.358,35103000.0,613877000.0,1.0,151960935.0,151960935.0,,14.435,1773170000.0,0.0,250393000.0,75802000.0,11.669,1060656000.0
23,SNI,MRT,2012-03-31,2012-03-31,2012-03-31,2020-10-26,-27721000.0,3848882000.0,3651345500.0,1557937000.0,2290945000.0,0.582,9.944,-50238000.0,645530000.0,645530000.0,552235000.0,587030000.0,7.228,1.208,1384013000.0,0.0,1384013000.0,1384013000.0,45222000.0,93035000.0,0.0,0.009,0.42,716459000.0,809494000.0,0.381,809494000.0,716459000.0,676773000.0,2.65,2.64,2.65,1556232000.0,1644079500.0,1556232000.0,8244027307.0,12.0,10.184,660983000.0,4.223,1.0,1574327000.0,0.74,1753145000.0,39686000.0,2618666000.0,2283790000.0,0.0,473600000.0,0.0,473600000.0,1880680000.0,215554000.0,1665126000.0,7620174307.0,-148134000.0,-19569000.0,-723398000.0,499390000.0,-67896000.0,-402411000.0,-457213000.0,-535913000.0,711221000.0,269000.0,425936000.0,425936000.0,425936000.0,62017000.0,161094000.0,0.2,678742000.0,895585000.0,9904000.0,0.158,4.897,17.89,18.374,224440000.0,0.0,48.69,3.583,3.583,512799000.0,257528000.0,2126562000.0,2126562000.0,0.0,0.117,0.259,0.314,0.337,32221000.0,585061000.0,1.0,156503888.0,156503888.0,,13.588,2095737000.0,0.0,250837000.0,114628000.0,13.391,1342383000.0
24,SNI,MRT,2011-12-31,2011-12-31,2011-12-31,2020-10-26,-33347000.0,3961670000.0,3574454250.0,1715968000.0,2245702000.0,0.58,10.195,-54113000.0,760092000.0,760092000.0,526865000.0,575396000.0,7.368,1.111,1383945000.0,0.0,1383945000.0,1383945000.0,52814000.0,90080000.0,0.0,0.009,0.375,694131000.0,784211000.0,0.378,784211000.0,694131000.0,658010000.0,2.5,2.49,2.5,1678726000.0,1731642500.0,1678726000.0,7432933166.0,11.0,9.478,674802000.0,4.098,1.0,1545183000.0,0.746,1701973000.0,36121000.0,2650651000.0,2035970250.0,0.0,455267000.0,0.0,455267000.0,1865275000.0,232899000.0,1632376000.0,6763728166.0,210195000.0,0.0,-475557000.0,499390000.0,-61788000.0,-65726000.0,-453371000.0,-542925000.0,728915000.0,377000.0,411558000.0,411558000.0,411558000.0,61252000.0,163838000.0,0.199,658585000.0,886598000.0,12482000.0,0.15,4.029,16.434,16.968,219845000.0,0.0,42.42,3.264,3.371,553022000.0,364073000.0,2072048000.0,2072048000.0,0.0,0.115,0.238,0.341,0.335,26920000.0,567902000.0,1.0,159446680.0,164657000.0,165572000.0,12.584,2259697000.0,1799000.0,246452000.0,100002000.0,13.724,1483069000.0
25,SNI,MRT,2011-09-30,2011-09-30,2011-09-30,2020-10-26,-13105000.0,3447346000.0,3431144750.0,1210725000.0,2236621000.0,0.59,10.288,-56485000.0,315302000.0,315302000.0,560818000.0,552546000.0,5.839,0.837,984507000.0,0.0,984507000.0,984507000.0,52370000.0,88218000.0,0.0,0.009,0.35,672393000.0,760611000.0,0.376,760611000.0,672393000.0,637424000.0,2.45,2.44,2.45,1664195000.0,1756004250.0,1664195000.0,6183531652.0,9.0,8.13,630953000.0,3.901,1.0,1463032000.0,0.723,1678912000.0,34969000.0,2230295000.0,1839948750.0,0.0,455074000.0,0.0,455074000.0,1392960000.0,207344000.0,1185616000.0,6012517652.0,-101493000.0,0.0,-339190000.0,100000000.0,-58377000.0,-323658000.0,-465776000.0,-549461000.0,687438000.0,503000.0,407170000.0,407170000.0,407170000.0,53801000.0,145376000.0,0.201,604152000.0,858880000.0,8603000.0,0.143,3.613,14.767,15.171,216791000.0,0.0,37.17,2.971,2.971,514110000.0,320667000.0,2023850000.0,2023850000.0,0.0,0.119,0.232,0.365,0.332,27777000.0,657949000.0,1.0,161757268.0,161757268.0,,12.512,1768434000.0,0.0,230254000.0,78179000.0,10.933,1003381000.0
26,SNI,MRT,2011-06-30,2011-06-30,2011-06-30,2020-10-26,-11044000.0,3347484000.0,3362649750.0,1626044000.0,1721440000.0,0.591,9.976,-56040000.0,713456000.0,713456000.0,512257000.0,558695000.0,8.035,0.774,884470000.0,0.0,884470000.0,884470000.0,42574000.0,87243000.0,0.0,0.007,0.325,697720000.0,784963000.0,0.395,784963000.0,697720000.0,663134000.0,2.45,2.44,2.45,1677165000.0,1746972000.0,1677165000.0,8308181298.0,12.0,10.584,579755000.0,3.449,1.0,1474734000.0,0.742,1680584000.0,34586000.0,1635548000.0,1686481250.0,0.0,59962000.0,0.0,59962000.0,1297333000.0,202366000.0,1094967000.0,8217413298.0,382445000.0,0.0,-236025000.0,0.0,-54643000.0,-320082000.0,66653000.0,-4625000.0,635795000.0,79000.0,410260000.0,410260000.0,410260000.0,47566000.0,148435000.0,0.206,616651000.0,858083000.0,9742000.0,0.133,4.9,20.03,19.951,216163000.0,0.0,48.88,4.136,4.136,531433000.0,317564000.0,1986991000.0,1986991000.0,0.0,0.122,0.235,0.414,0.351,28119000.0,607580000.0,1.0,168114020.0,168114020.0,,11.819,1666900000.0,0.0,252874000.0,89851000.0,9.915,1423678000.0
27,SNI,MRT,2011-03-31,2011-03-31,2011-03-31,2020-10-26,-11112000.0,3541317000.0,3304907250.0,1607436000.0,1933881000.0,0.585,11.365,-49662000.0,793664000.0,793664000.0,492459000.0,578544000.0,9.403,0.668,884432000.0,0.0,884432000.0,884432000.0,31886000.0,81465000.0,0.0,0.006,0.3,709626000.0,791091000.0,0.41,791091000.0,709626000.0,674325000.0,2.63,2.61,2.63,1906484000.0,1712535250.0,1906484000.0,8737388276.0,12.0,11.045,504645000.0,3.008,1.0,1439278000.0,0.745,1833756000.0,35301000.0,1627387000.0,1670310000.0,0.0,52281000.0,0.0,52281000.0,1273514000.0,170942000.0,1102572000.0,8402890276.0,472703000.0,0.0,67158000.0,0.0,-50335000.0,-6517000.0,-74653000.0,-1225000.0,554307000.0,-434000.0,439039000.0,439039000.0,439039000.0,-16073000.0,139505000.0,0.227,638327000.0,800951000.0,11092000.0,0.114,4.408,19.139,19.046,247038000.0,0.0,50.09,4.35,4.35,491091000.0,502864000.0,1931737000.0,1931737000.0,0.0,0.133,0.256,0.425,0.367,26063000.0,559721000.0,1.0,167755845.0,167755845.0,,11.515,1707561000.0,0.0,235286000.0,92451000.0,10.179,1436494000.0
28,SNI,MRT,2010-12-31,2010-12-31,2010-12-31,2020-10-26,-11525000.0,3388432000.0,3175135000.0,1670875000.0,1717557000.0,0.593,10.649,-54785000.0,549897000.0,549897000.0,492066000.0,529009000.0,7.457,0.736,884395000.0,0.0,884395000.0,884395000.0,27125000.0,91351000.0,0.0,0.006,0.3,665566000.0,756917000.0,0.402,756917000.0,665566000.0,630399000.0,2.46,2.45,2.46,1776173000.0,1597858750.0,1776173000.0,9100073478.0,14.0,12.023,432711000.0,2.594,1.0,1390627000.0,0.739,1632290000.0,35167000.0,1866565000.0,1631886750.0,0.0,48536000.0,0.0,48536000.0,1308138000.0,224075000.0,1084063000.0,8632511478.0,295527000.0,0.0,65230000.0,0.0,-50080000.0,-101282000.0,-91177000.0,-15625000.0,487496000.0,490000.0,410972000.0,410972000.0,410972000.0,-12775000.0,118037000.0,0.218,648349000.0,742278000.0,9672000.0,0.122,4.86,21.005,21.037,214131000.0,0.0,51.75,4.585,4.585,505392000.0,414972000.0,1882693000.0,1882693000.0,0.0,0.129,0.257,0.408,0.354,23556000.0,555487000.0,1.0,166811816.0,166800000.0,168009000.0,11.287,1756142000.0,0.0,219427000.0,81960000.0,10.528,1446800000.0
29,SNI,MRT,2010-09-30,2010-09-30,2010-09-30,2020-10-26,-2938000.0,3173366000.0,3068792500.0,1215754000.0,1957612000.0,0.544,9.79,-47132000.0,416795000.0,416795000.0,392054000.0,489647000.0,6.767,0.776,884357000.0,0.0,884357000.0,884357000.0,18631000.0,51642000.0,0.0,0.006,0.3,605894000.0,657536000.0,0.394,657536000.0,605894000.0,577559000.0,2.25,2.24,2.25,1628066000.0,1499744500.0,1628066000.0,8465517855.0,14.0,12.875,419903000.0,2.525,1.0,1278773000.0,0.765,1844839000.0,28335000.0,1616425000.0,1540946750.0,0.0,45333000.0,0.0,45333000.0,1262946000.0,179664000.0,1083282000.0,7912208855.0,405675000.0,-877500000.0,28003000.0,884239000.0,-49982000.0,743223000.0,-802910000.0,145191000.0,467035000.0,-1673000.0,374713000.0,374713000.0,374713000.0,-34157000.0,114934000.0,0.224,605126000.0,673647000.0,12527000.0,0.133,4.86,21.115,21.147,237413000.0,0.0,47.58,4.736,4.736,471258000.0,322793000.0,1670827000.0,1670827000.0,0.0,0.122,0.25,0.393,0.363,19767000.0,286998000.0,1.0,166292746.0,166292746.0,,10.048,1328527000.0,0.0,202846000.0,81013000.0,7.989,1036090000.0
30,SNI,MRT,2010-06-30,2010-06-30,2010-06-30,2020-10-26,-3893000.0,3116514000.0,2741916250.0,1132154000.0,1984360000.0,0.572,9.264,-52538000.0,331011000.0,331011000.0,372819000.0,438609000.0,4.793,0.86,884320000.0,0.0,884320000.0,884320000.0,19158000.0,50547000.0,0.0,0.007,0.3,546773000.0,597320000.0,0.381,597320000.0,546773000.0,526927000.0,2.04,2.02,2.04,1539418000.0,1428648750.0,1539418000.0,7266712601.0,13.0,12.166,441659000.0,2.658,1.0,1195584000.0,0.762,1862773000.0,19846000.0,1570863000.0,1322077000.0,0.0,51092000.0,0.0,51092000.0,1324451000.0,236187000.0,1088264000.0,6703397601.0,321293000.0,-877500000.0,32469000.0,884239000.0,-49862000.0,756207000.0,-927850000.0,24126000.0,494197000.0,-1261000.0,338340000.0,338340000.0,338340000.0,-35150000.0,100269000.0,0.216,595155000.0,600429000.0,18121000.0,0.147,4.355,19.813,19.775,234017000.0,0.0,40.34,4.274,4.274,472370000.0,245458000.0,1568403000.0,1568403000.0,0.0,0.123,0.237,0.414,0.349,20697000.0,292412000.0,1.0,166172474.0,166172474.0,,9.438,1253741000.0,0.0,188587000.0,86827000.0,7.545,895967000.0
31,SNI,MRT,2010-03-31,2010-03-31,2010-03-31,2020-10-26,-2509000.0,3022228000.0,2411362500.0,1051002000.0,1971226000.0,0.614,8.728,-68276000.0,320961000.0,320961000.0,347417000.0,400757000.0,4.386,0.93,884276000.0,0.0,884276000.0,884276000.0,14309000.0,53654000.0,0.0,0.007,0.3,496817000.0,550471000.0,0.372,550471000.0,496817000.0,485863000.0,1.89,1.87,1.89,1447778000.0,1361682500.0,1447778000.0,7986489158.0,16.0,14.508,450576000.0,2.716,1.0,1133528000.0,0.765,1872212000.0,10954000.0,1473694000.0,1094938250.0,0.0,48795000.0,0.0,48795000.0,1346799000.0,239637000.0,1107162000.0,7356620158.0,312320000.0,-877500000.0,33857000.0,884239000.0,-49589000.0,767474000.0,-973104000.0,-13629000.0,518852000.0,-902000.0,311656000.0,311656000.0,311656000.0,-25982000.0,89101000.0,0.21,581247000.0,552281000.0,50472000.0,0.159,5.081,23.605,23.466,241189000.0,0.0,44.35,4.968,4.968,431182000.0,164761000.0,1480945000.0,1480945000.0,0.0,0.129,0.229,0.454,0.335,21625000.0,300477000.0,1.0,165876441.0,165876441.0,,8.928,1150016000.0,0.0,174207000.0,112693000.0,6.933,811365000.0
32,SNI,MRT,2009-12-31,2009-12-31,2009-12-31,2020-10-26,-3004000.0,2963062000.0,2084537500.0,982269000.0,1980793000.0,0.656,8.39,-69329000.0,254370000.0,254370000.0,328688000.0,384874000.0,4.662,0.95,884239000.0,0.0,884239000.0,884239000.0,16865000.0,40608000.0,0.0,0.007,0.3,472869000.0,513477000.0,0.376,513477000.0,472869000.0,470059000.0,1.81,1.81,1.81,1383716000.0,1295843250.0,1383716000.0,6862452085.0,15.0,13.365,453010000.0,2.747,1.0,1038640000.0,0.76,1879418000.0,2810000.0,1502805000.0,862139250.0,0.0,46395000.0,0.0,46395000.0,1314124000.0,210708000.0,1103416000.0,6873572085.0,244400000.0,-877500000.0,27735000.0,804239000.0,-49507000.0,684176000.0,-960117000.0,-171000.0,522339000.0,-1998000.0,299326000.0,299326000.0,299326000.0,-24415000.0,85548000.0,0.219,509090000.0,529550000.0,27538000.0,0.166,4.967,22.963,22.928,239644000.0,0.0,41.5,5.027,5.006,430410000.0,113853000.0,1367328000.0,1367328000.0,0.0,0.144,0.231,0.548,0.346,20198000.0,269507000.0,1.0,165628243.0,164921000.0,165381000.0,8.291,1083644000.0,0.0,170733000.0,119515000.0,6.571,771561000.0
33,SNI,MRT,2009-09-30,2009-09-30,2009-09-30,2020-10-26,36916000.0,1865861000.0,1787074000.0,781088000.0,1084773000.0,0.849,8.133,-89638000.0,11120000.0,11120000.0,297711000.0,141674000.0,5.542,0.286,0.0,0.0,0.0,0.0,14682000.0,76252000.0,0.0,0.008,0.3,232744000.0,308996000.0,0.204,308996000.0,232744000.0,230825000.0,0.31,0.3,0.31,1343683000.0,1232984500.0,1343683000.0,6095219935.0,26.0,19.726,413652000.0,2.504,1.0,1219139000.0,0.804,972845000.0,1919000.0,740946000.0,654552750.0,0.0,206105000.0,162883000.0,43222000.0,383914000.0,140950000.0,242964000.0,6104937935.0,-13796000.0,-9034000.0,23498000.0,-135000000.0,-49326000.0,-253552000.0,-261770000.0,-156746000.0,503290000.0,-1764000.0,51425000.0,51425000.0,51425000.0,2273000.0,90249000.0,0.034,908161000.0,310978000.0,6720000.0,0.968,4.543,118.715,119.194,207072000.0,0.0,36.95,4.025,4.025,331689000.0,47192000.0,1516850000.0,1516850000.0,0.0,0.029,0.042,0.356,0.153,12020000.0,385977000.0,1.0,165221595.0,165221595.0,,9.181,893016000.0,0.0,179400000.0,123544000.0,5.405,640138000.0
34,SNI,MRT,2009-06-30,2009-06-30,2009-06-30,2020-10-26,36131000.0,1794299000.0,1822355750.0,694781000.0,1099518000.0,0.832,7.738,-91478000.0,9718000.0,9718000.0,292480000.0,133223000.0,4.962,0.308,0.0,0.0,0.0,0.0,12866000.0,72269000.0,0.0,0.011,0.3,228962000.0,301231000.0,0.199,301231000.0,228962000.0,225129000.0,0.26,0.26,0.26,1271553000.0,1223183000.0,1271553000.0,4564482896.0,20.0,15.153,478364000.0,2.911,1.0,1224096000.0,0.807,982244000.0,3833000.0,662308000.0,639357250.0,0.0,84370000.0,41965000.0,42405000.0,391183000.0,140029000.0,251154000.0,4573123896.0,-26082000.0,-9034000.0,19173000.0,-325000000.0,-49175000.0,-457229000.0,-134504000.0,-32224000.0,569842000.0,-4191000.0,43432000.0,43432000.0,43432000.0,3828000.0,89791000.0,0.029,917884000.0,306212000.0,9593000.0,1.154,3.596,105.294,107.038,206170000.0,0.0,27.83,3.015,3.015,348876000.0,-5743000.0,1516576000.0,1516576000.0,0.0,0.024,0.036,0.358,0.151,18638000.0,399591000.0,1.0,164323532.0,164323532.0,,9.229,812055000.0,0.0,181697000.0,136597000.0,4.942,554752000.0
35,SNI,MRT,2009-03-31,2009-03-31,2009-03-31,2020-10-26,30642000.0,1714928000.0,1892551000.0,599941000.0,1114987000.0,0.809,7.226,-80130000.0,8641000.0,8641000.0,285949000.0,107075000.0,3.569,0.344,0.0,0.0,0.0,0.0,11818000.0,67028000.0,0.0,0.01,0.225,218727000.0,285755000.0,0.187,285755000.0,218727000.0,210020000.0,0.1,0.11,0.1,1184421000.0,1217009750.0,1184421000.0,3759791383.0,17.0,13.157,539875000.0,3.294,1.0,1245815000.0,0.813,995686000.0,8707000.0,542498000.0,717876500.0,0.0,43553000.0,3587000.0,39966000.0,407074000.0,168103000.0,238971000.0,3689761383.0,-35532000.0,-9034000.0,8568000.0,-497761000.0,-36850000.0,-552142000.0,-98806000.0,-7610000.0,620005000.0,-4589000.0,17180000.0,17180000.0,17180000.0,2379000.0,89895000.0,0.011,923743000.0,322072000.0,17648000.0,2.25,3.115,214.771,225.1,205104000.0,0.0,22.51,2.409,2.409,330747000.0,-72942000.0,1531764000.0,1531764000.0,0.0,0.009,0.014,0.305,0.143,16506000.0,411739000.0,1.0,163916543.0,163916543.0,,9.345,719242000.0,0.0,192840000.0,129381000.0,4.388,431838000.0
36,SNI,MRT,2008-12-31,2008-12-31,2008-12-31,2020-10-26,31487000.0,1773208000.0,1895517500.0,655304000.0,1117904000.0,0.818,6.936,-74630000.0,9970000.0,9970000.0,279767000.0,115948000.0,3.886,0.428,80000000.0,0.0,80000000.0,80000000.0,11045000.0,66337000.0,0.0,0.007,0.15,232474000.0,298811000.0,0.193,298811000.0,232474000.0,218267000.0,0.14,0.14,0.14,1132281000.0,1072784500.0,1132281000.0,3712591744.0,16.0,12.425,475478000.0,2.913,1.0,1270932000.0,0.82,1002127000.0,14207000.0,672459000.0,883760500.0,0.0,42982000.0,2703000.0,40279000.0,484794000.0,168652000.0,316142000.0,3602507744.0,-2562000.0,-9034000.0,5873000.0,-448820000.0,-24554000.0,-456885000.0,-91826000.0,-6668000.0,550108000.0,-3959000.0,23557000.0,23557000.0,23557000.0,-353000.0,92391000.0,0.015,936342000.0,334590000.0,13231000.0,1.071,3.182,152.927,157.143,191414000.0,0.0,22.0,2.323,2.316,368593000.0,-120774000.0,1550699000.0,1550699000.0,0.0,0.012,0.022,0.263,0.15,16443000.0,429085000.0,1.0,163750352.0,163245000.0,164131000.0,9.499,771081000.0,0.0,194710000.0,131903000.0,4.723,486652000.0
37,SNI,MRT,2008-09-30,2008-09-30,2008-09-30,2020-10-26,35461000.0,2006988000.0,,616041000.0,1390947000.0,,7.98,-51509000.0,24916000.0,24916000.0,273667000.0,26860000.0,3.69,0.44,135000000.0,0.0,135000000.0,135000000.0,13564000.0,50024000.0,0.0,0.002,0.075,109927000.0,159951000.0,0.105,159951000.0,109927000.0,88973000.0,-0.73,-0.73,-0.73,1304477000.0,,1304477000.0,6224644469.0,57.0,38.916,515947000.0,3.156,1.0,1246551000.0,0.82,1269938000.0,20954000.0,680164000.0,,0.0,45350000.0,369000.0,44981000.0,573524000.0,166970000.0,406554000.0,5935444469.0,16593000.0,101000.0,5194000.0,-494184000.0,-12234000.0,-473898000.0,-75435000.0,-9684000.0,567456000.0,-1530000.0,-121695000.0,-121695000.0,-121695000.0,399088000.0,148555000.0,-0.08,639063000.0,607488000.0,9632000.0,-0.103,4.55,-48.773,-49.74,185569000.0,0.0,36.31,3.904,3.904,340127000.0,45093000.0,1520218000.0,1520218000.0,0.0,,,,0.072,21605000.0,401680000.0,1.0,163465835.0,163465835.0,,9.3,737050000.0,0.0,210668000.0,183223000.0,4.509,449071000.0
38,SNI,MRT,2008-06-30,2008-06-30,2008-06-30,2020-10-26,40263000.0,2075080000.0,,677318000.0,1397762000.0,,7.628,-54856000.0,35800000.0,35800000.0,266577000.0,8110000.0,5.559,0.561,325000000.0,0.0,325000000.0,325000000.0,12299000.0,53567000.0,0.0,0.0,0.0,107484000.0,161051000.0,0.107,161051000.0,107484000.0,79919000.0,-0.73,-0.73,-0.73,1246860000.0,,1246860000.0,6759743772.0,63.0,41.973,408061000.0,2.496,1.0,1233419000.0,0.822,1266062000.0,27565000.0,976385000.0,,0.0,57904000.0,13141000.0,44763000.0,699205000.0,121833000.0,577372000.0,6268914772.0,28111000.0,-29880000.0,0.0,-322547000.0,0.0,-319260000.0,-113649000.0,-13141000.0,462917000.0,-1897000.0,-121124000.0,-121124000.0,-121124000.0,397768000.0,129234000.0,-0.081,629624000.0,603795000.0,7938000.0,0.0,5.028,-51.756,-52.534,179273000.0,0.0,38.35,4.179,4.179,389642000.0,,1499996000.0,1499996000.0,0.0,,,,0.072,13139000.0,393823000.0,1.0,163465835.0,163465835.0,,9.176,809018000.0,0.0,201043000.0,140754000.0,4.949,555485000.0
39,SNI,MRT,2008-03-31,2008-03-31,2008-03-31,2020-10-26,,,,,,,,,,,253394000.0,623000.0,,,,,,,,,,,0.0,112274000.0,,,,112274000.0,79770000.0,-0.63,-0.63,-0.63,,,,,,,,,1.0,1207312000.0,0.827,,32504000.0,,,,,,,,,,,,,,,,,,,,,-104178000.0,-104178000.0,-104178000.0,398453000.0,104801000.0,-0.071,629315000.0,577997000.0,,0.0,,,,,0.0,,,,,,1460706000.0,1460706000.0,0.0,,,,0.077,,389703000.0,1.0,163465835.0,163465835.0,,8.936,,,183948000.0,,,
40,SNI,MRT,2007-12-31,2007-12-31,2007-12-31,2020-10-26,41399000.0,2017827000.0,2201389500.0,602757000.0,1415070000.0,0.638,6.199,-60329000.0,12532000.0,12532000.0,239343000.0,-43873000.0,4.169,0.855,503361000.0,0.0,503361000.0,503361000.0,15018000.0,66113000.0,0.0,,0.0,76750000.0,142863000.0,0.102,142863000.0,76750000.0,39981000.0,-0.77,-0.77,-0.77,1013288000.0,1099433000.0,1013288000.0,,,,306711000.0,1.876,1.0,1165444000.0,0.83,1269014000.0,36769000.0,1095062000.0,1209416500.0,0.0,38444000.0,0.0,38444000.0,866041000.0,144580000.0,721461000.0,,-6429000.0,-29880000.0,0.0,-261282000.0,0.0,-327807000.0,-42809000.0,0.0,367040000.0,-2853000.0,-126407000.0,-126407000.0,-126407000.0,394441000.0,82534000.0,-0.09,632828000.0,532616000.0,8010000.0,0.0,,,,173255000.0,0.0,,,,364824000.0,,1404787000.0,1404787000.0,0.0,-0.057,-0.115,0.063,0.055,13437000.0,389250000.0,1.0,,163466000.0,163466000.0,8.594,748813000.0,0.0,166388000.0,115474000.0,4.581,458177000.0
41,SNI,MRT,2007-09-30,2007-09-30,2007-09-30,2020-10-26,,,,,,,,,,,,,,,,,,,,,,,0.0,,,,,,,,,,,,,,,,,,1.0,,,,,,,,,,,,,,,,,,,,,,,,,,,,,,,,,,,,,,,,,,,,,,,,,,,,,,1.0,,,,,,,,,,
42,SNI,MRT,2007-06-30,2007-06-30,2007-06-30,2020-10-26,,,,,,,,,,,,,,,,,,,,,,,0.0,,,,,,,,,,,,,,,,,,1.0,,,,,,,,,,,,,,,,,,,,,,,,,,,,,,,,,,,,,,,,,,,,,,,,,,,,,,1.0,,,,,,,,,,
43,SNI,MRT,2006-12-31,2006-12-31,2006-12-31,2020-10-26,43923000.0,2384952000.0,,604074000.0,1780878000.0,,7.253,-40417000.0,18961000.0,18961000.0,196052000.0,191924000.0,3.515,0.911,764956000.0,0.0,764956000.0,764956000.0,13669000.0,70705000.0,0.0,,0.0,366846000.0,437551000.0,0.331,437551000.0,366846000.0,312801000.0,1.17,1.17,1.17,1185578000.0,,1185578000.0,,,,227317000.0,1.391,1.0,1127417000.0,0.852,1635300000.0,54045000.0,1323771000.0,,0.0,22483000.0,0.0,22483000.0,1080442000.0,171876000.0,908566000.0,,13001000.0,-372157000.0,0.0,-59611000.0,0.0,38749000.0,-292045000.0,0.0,267734000.0,-1437000.0,191924000.0,191924000.0,191924000.0,41856000.0,0.0,0.145,659993000.0,467424000.0,8864000.0,0.0,,,,132789000.0,0.0,,,,331864000.0,,1323469000.0,1323469000.0,0.0,,,,0.277,13345000.0,417251000.0,1.0,,163466000.0,163466000.0,8.096,749652000.0,0.0,120877000.0,86200000.0,4.586,432198000.0
44,SNI,MRT,2005-12-31,2005-12-31,2005-12-31,2020-10-26,,,,,,,,-29026000.0,,,173823000.0,58848000.0,,,,,,,,37213000.0,,,0.0,208155000.0,245368000.0,0.245,245368000.0,208155000.0,171194000.0,,,,,,,,,,125706000.0,,1.0,828638000.0,0.827,,36961000.0,,,,,,,,,,,5549000.0,-522786000.0,0.0,293959000.0,0.0,413151000.0,-562343000.0,0.0,154732000.0,9000.0,58848000.0,58848000.0,58848000.0,117032000.0,0.0,0.059,459847000.0,368791000.0,,,,,,,0.0,,,,,,1002461000.0,1002461000.0,0.0,,,,0.208,5905000.0,286706000.0,1.0,,,,,,,112346000.0,,,
