None,ticker,dimension,calendardate,datekey,reportperiod,lastupdated,accoci,assets,assetsavg,assetsc,assetsnc,assetturnover,bvps,capex,cashneq,cashnequsd,cor,consolinc,currentratio,de,debt,debtc,debtnc,debtusd,deferredrev,depamor,deposits,divyield,dps,ebit,ebitda,ebitdamargin,ebitdausd,ebitusd,ebt,eps,epsdil,epsusd,equity,equityavg,equityusd,ev,evebit,evebitda,fcf,fcfps,fxusd,gp,grossmargin,intangibles,intexp,invcap,invcapavg,inventory,investments,investmentsc,investmentsnc,liabilities,liabilitiesc,liabilitiesnc,marketcap,ncf,ncfbus,ncfcommon,ncfdebt,ncfdiv,ncff,ncfi,ncfinv,ncfo,ncfx,netinc,netinccmn,netinccmnusd,netincdis,netincnci,netmargin,opex,opinc,payables,payoutratio,pb,pe,pe1,ppnenet,prefdivis,price,ps,ps1,receivables,retearn,revenue,revenueusd,rnd,roa,roe,roic,ros,sbcomp,sgna,sharefactor,sharesbas,shareswa,shareswadil,sps,tangibles,taxassets,taxexp,taxliabilities,tbvps,workingcapital
0,WMB,MRY,2020-12-31,2020-12-31,2020-12-31,2021-08-25,-96000000.0,44165000000.0,44614250000.0,1429000000.0,42736000000.0,0.173,9.697,-1238000000.0,142000000.0,142000000.0,2939000000.0,198000000.0,0.616,2.514,22344000000.0,893000000.0,21451000000.0,22344000000.0,0.0,1721000000.0,0.0,0.08,1.6,1482000000.0,3203000000.0,0.415,3203000000.0,1482000000.0,290000000.0,0.17,0.17,0.17,11769000000.0,12100000000.0,11769000000.0,46645393626.0,31.0,14.563,2258000000.0,1.861,1.0,4780000000.0,0.619,7444000000.0,1192000000.0,56604000000.0,56964500000.0,136000000.0,5159000000.0,0.0,5159000000.0,29582000000.0,2319000000.0,27263000000.0,24332393626.0,-147000000.0,0.0,9000000.0,38000000.0,-1941000000.0,-2085000000.0,-1558000000.0,-325000000.0,3496000000.0,0.0,211000000.0,208000000.0,208000000.0,0.0,-13000000.0,0.027,2578000000.0,2202000000.0,482000000.0,9.412,2.067,116.983,117.941,28929000000.0,3000000.0,20.05,3.152,3.152,999000000.0,-12748000000.0,7719000000.0,7719000000.0,0.0,0.005,0.017,0.026,0.192,52000000.0,466000000.0,1.0,1213585717.0,1213631000.0,1215165000.0,6.36,36721000000.0,0.0,79000000.0,1923000000.0,30.257,-890000000.0
1,WMB,MRY,2019-12-31,2019-12-31,2019-12-31,2021-08-25,-199000000.0,46040000000.0,46200000000.0,1580000000.0,44460000000.0,0.178,11.025,-2097000000.0,289000000.0,289000000.0,3534000000.0,714000000.0,0.398,2.221,22288000000.0,2140000000.0,20148000000.0,22288000000.0,0.0,1714000000.0,0.0,0.064,1.52,2403000000.0,4117000000.0,0.502,4117000000.0,2403000000.0,1185000000.0,0.7,0.7,0.7,13363000000.0,13809500000.0,13363000000.0,50759798390.0,21.0,12.329,1596000000.0,1.317,1.0,4667000000.0,0.569,7959000000.0,1218000000.0,56112000000.0,56610750000.0,125000000.0,6235000000.0,0.0,6235000000.0,29676000000.0,3968000000.0,25708000000.0,28749798390.0,121000000.0,-730000000.0,10000000.0,-142000000.0,-1842000000.0,-745000000.0,-2827000000.0,32000000.0,3693000000.0,0.0,850000000.0,847000000.0,847000000.0,15000000.0,-136000000.0,0.103,2746000000.0,1921000000.0,552000000.0,2.171,2.151,33.943,33.886,29200000000.0,3000000.0,23.72,3.506,3.506,996000000.0,-11002000000.0,8201000000.0,8201000000.0,0.0,0.018,0.061,0.042,0.293,57000000.0,558000000.0,1.0,1212048836.0,1212037000.0,1214011000.0,6.766,38081000000.0,0.0,335000000.0,1782000000.0,31.419,-2388000000.0
2,WMB,MRY,2018-12-31,2018-12-31,2018-12-31,2021-08-25,-270000000.0,45302000000.0,46470250000.0,1464000000.0,43838000000.0,0.187,15.057,-2852000000.0,168000000.0,168000000.0,4351000000.0,193000000.0,0.808,1.999,22414000000.0,47000000.0,22367000000.0,22414000000.0,0.0,1725000000.0,0.0,0.062,1.36,1143000000.0,2868000000.0,0.33,2868000000.0,1143000000.0,-17000000.0,-0.16,-0.16,-0.16,14660000000.0,12272000000.0,14660000000.0,48915451784.0,43.0,17.056,441000000.0,0.453,1.0,4335000000.0,0.499,7767000000.0,1160000000.0,57970000000.0,57535750000.0,130000000.0,7821000000.0,0.0,7821000000.0,29305000000.0,1811000000.0,27494000000.0,26692451784.0,-731000000.0,1296000000.0,15000000.0,696000000.0,-1386000000.0,-1299000000.0,-2725000000.0,-1132000000.0,3293000000.0,0.0,-155000000.0,-156000000.0,-156000000.0,0.0,348000000.0,-0.018,3567000000.0,768000000.0,662000000.0,-8.5,1.821,-171.105,-137.812,27504000000.0,1000000.0,22.05,3.073,2.472,992000000.0,-10002000000.0,8686000000.0,8686000000.0,0.0,-0.003,-0.013,0.02,0.132,55000000.0,569000000.0,1.0,1210542031.0,973626000.0,973626000.0,8.921,37535000000.0,0.0,138000000.0,1524000000.0,38.552,-347000000.0
3,WMB,MRY,2017-12-31,2017-12-31,2017-12-31,2021-08-25,-238000000.0,46352000000.0,47188500000.0,2179000000.0,44173000000.0,0.17,11.688,-2014000000.0,899000000.0,899000000.0,3876000000.0,2509000000.0,0.824,3.125,20935000000.0,501000000.0,20434000000.0,20935000000.0,0.0,1736000000.0,0.0,0.039,1.2,1316000000.0,3052000000.0,0.38,3052000000.0,1316000000.0,200000000.0,2.63,2.62,2.63,9656000000.0,8628750000.0,9656000000.0,45104502279.0,34.0,14.779,1075000000.0,1.301,1.0,4155000000.0,0.517,8791000000.0,1116000000.0,54951000000.0,55868750000.0,113000000.0,6552000000.0,0.0,6552000000.0,30177000000.0,2646000000.0,27531000000.0,25207502279.0,729000000.0,2067000000.0,2131000000.0,-2702000000.0,-992000000.0,-2460000000.0,100000000.0,68000000.0,3089000000.0,0.0,2174000000.0,2174000000.0,2174000000.0,0.0,335000000.0,0.271,3228000000.0,927000000.0,978000000.0,0.456,2.611,11.595,11.593,28211000000.0,0.0,30.49,3.139,3.137,976000000.0,-8434000000.0,8031000000.0,8031000000.0,0.0,0.046,0.252,0.024,0.164,78000000.0,594000000.0,1.0,826746549.0,826177000.0,828518000.0,9.721,37561000000.0,0.0,-1974000000.0,3147000000.0,45.464,-467000000.0
4,WMB,MRY,2016-12-31,2016-12-31,2016-12-31,2021-08-25,-339000000.0,46835000000.0,47763500000.0,1462000000.0,45373000000.0,0.157,6.185,-1803000000.0,170000000.0,170000000.0,3317000000.0,-350000000.0,0.496,7.062,23502000000.0,878000000.0,22624000000.0,23502000000.0,0.0,1763000000.0,0.0,0.054,1.68,768000000.0,2531000000.0,0.338,2531000000.0,768000000.0,-449000000.0,-0.57,-0.57,-0.57,4643000000.0,5006000000.0,4643000000.0,48023075422.0,63.0,18.974,2352000000.0,3.133,1.0,4182000000.0,0.558,9663000000.0,1217000000.0,57555000000.0,59695000000.0,138000000.0,6701000000.0,0.0,6701000000.0,32789000000.0,2949000000.0,29840000000.0,23381075422.0,70000000.0,1020000000.0,9000000.0,-981000000.0,-1261000000.0,-3194000000.0,-891000000.0,-143000000.0,4155000000.0,0.0,-424000000.0,-424000000.0,-424000000.0,0.0,74000000.0,-0.057,3493000000.0,689000000.0,623000000.0,-2.947,5.036,-55.144,-54.632,28428000000.0,0.0,31.14,3.118,3.117,938000000.0,-9649000000.0,7499000000.0,7499000000.0,0.0,-0.009,-0.085,0.013,0.102,73000000.0,722000000.0,1.0,750837361.0,750673000.0,750673000.0,9.99,37172000000.0,0.0,-25000000.0,4238000000.0,49.518,-1487000000.0
5,WMB,MRY,2015-12-31,2015-12-31,2015-12-31,2021-08-25,-442000000.0,49020000000.0,50364750000.0,1527000000.0,47493000000.0,0.146,8.205,-3077000000.0,100000000.0,100000000.0,3434000000.0,-1314000000.0,0.612,5.334,24487000000.0,675000000.0,23812000000.0,24487000000.0,0.0,1738000000.0,0.0,0.095,2.45,148000000.0,1886000000.0,0.256,1886000000.0,148000000.0,-970000000.0,-0.76,-0.76,-0.76,6148000000.0,7418750000.0,6148000000.0,42855953741.0,290.0,22.723,-369000000.0,-0.492,1.0,3926000000.0,0.533,10017000000.0,1118000000.0,60893000000.0,59619500000.0,127000000.0,7336000000.0,0.0,7336000000.0,32795000000.0,2497000000.0,30298000000.0,19268953741.0,-140000000.0,292000000.0,27000000.0,2915000000.0,-1836000000.0,451000000.0,-3299000000.0,-595000000.0,2708000000.0,0.0,-571000000.0,-571000000.0,-571000000.0,0.0,-743000000.0,-0.078,3700000000.0,226000000.0,744000000.0,-3.224,3.134,-33.746,-33.816,29579000000.0,0.0,25.7,2.618,2.616,1041000000.0,-7960000000.0,7360000000.0,7360000000.0,0.0,-0.011,-0.077,0.002,0.02,82000000.0,741000000.0,1.0,749764737.0,749271000.0,749271000.0,9.823,39003000000.0,0.0,-399000000.0,4218000000.0,52.055,-970000000.0
6,WMB,MRY,2014-12-31,2014-12-31,2014-12-31,2021-08-25,-341000000.0,50455000000.0,40879250000.0,1890000000.0,48565000000.0,0.187,12.202,-4031000000.0,240000000.0,240000000.0,4508000000.0,2339000000.0,0.736,3.45,21582000000.0,802000000.0,20780000000.0,21582000000.0,0.0,1176000000.0,0.0,0.044,1.958,4251000000.0,5427000000.0,0.711,5427000000.0,4251000000.0,3363000000.0,2.94,2.92,2.94,8777000000.0,7596250000.0,8777000000.0,54229970772.0,13.0,9.993,-1916000000.0,-2.664,1.0,3129000000.0,0.41,11573000000.0,888000000.0,57657000000.0,46842250000.0,231000000.0,8400000000.0,0.0,8400000000.0,30283000000.0,2567000000.0,27716000000.0,33590970772.0,-441000000.0,-5718000000.0,3416000000.0,6025000000.0,-1412000000.0,7601000000.0,-10157000000.0,-482000000.0,2115000000.0,0.0,2114000000.0,2114000000.0,2114000000.0,-4000000.0,225000000.0,0.277,1560000000.0,1569000000.0,865000000.0,0.666,3.827,15.89,15.286,28081000000.0,0.0,44.94,4.398,4.233,972000000.0,-5548000000.0,7637000000.0,7637000000.0,0.0,0.052,0.278,0.091,0.557,53000000.0,661000000.0,1.0,747462634.0,719325000.0,723641000.0,10.617,38882000000.0,234000000.0,1249000000.0,4712000000.0,54.053,-677000000.0
7,WMB,MRY,2013-12-31,2013-12-31,2013-12-31,2021-08-25,-164000000.0,27142000000.0,26017500000.0,1683000000.0,25459000000.0,0.264,7.122,-3572000000.0,681000000.0,681000000.0,4124000000.0,668000000.0,0.849,3.746,11579000000.0,226000000.0,11353000000.0,11579000000.0,0.0,815000000.0,0.0,0.037,1.438,1442000000.0,2257000000.0,0.329,2257000000.0,1442000000.0,831000000.0,0.63,0.62,0.63,4864000000.0,4825250000.0,4864000000.0,36358834082.0,25.0,16.109,-1355000000.0,-1.984,1.0,2736000000.0,0.399,2290000000.0,611000000.0,33767000000.0,31968000000.0,194000000.0,4360000000.0,0.0,4360000000.0,18221000000.0,1983000000.0,16238000000.0,26359834082.0,-158000000.0,-3000000.0,18000000.0,827000000.0,-982000000.0,1677000000.0,-4052000000.0,-455000000.0,2217000000.0,0.0,430000000.0,430000000.0,430000000.0,0.0,238000000.0,0.063,1361000000.0,1375000000.0,960000000.0,2.283,5.419,61.302,61.222,18210000000.0,0.0,38.57,3.843,3.84,600000000.0,-6248000000.0,6860000000.0,6860000000.0,0.0,0.017,0.089,0.045,0.21,37000000.0,512000000.0,1.0,683428418.0,682948000.0,687185000.0,10.045,24852000000.0,101000000.0,401000000.0,3529000000.0,36.389,-300000000.0
8,WMB,MRY,2012-12-31,2012-12-31,2012-12-31,2021-08-25,-362000000.0,24327000000.0,20911750000.0,1924000000.0,22403000000.0,0.358,7.667,-2529000000.0,839000000.0,839000000.0,4523000000.0,1065000000.0,1.242,3.556,10736000000.0,1000000.0,10735000000.0,10736000000.0,0.0,756000000.0,0.0,0.037,1.196,1787000000.0,2543000000.0,0.34,2543000000.0,1787000000.0,1219000000.0,1.39,1.37,1.39,4752000000.0,3186250000.0,4752000000.0,29056691677.0,16.0,11.426,-694000000.0,-1.12,1.0,2963000000.0,0.396,2353000000.0,568000000.0,30322000000.0,26118000000.0,175000000.0,3987000000.0,0.0,3987000000.0,16900000000.0,1549000000.0,15351000000.0,20538691677.0,-50000000.0,-1928000000.0,2550000000.0,2001000000.0,-742000000.0,5036000000.0,-6921000000.0,-2572000000.0,1835000000.0,0.0,859000000.0,859000000.0,859000000.0,0.0,206000000.0,0.115,1351000000.0,1612000000.0,920000000.0,0.86,4.322,23.91,23.554,15467000000.0,0.0,32.74,2.744,2.711,620000000.0,-5695000000.0,7486000000.0,7486000000.0,0.0,0.041,0.27,0.068,0.239,36000000.0,571000000.0,1.0,627327174.0,619792000.0,625486000.0,12.078,21974000000.0,185000000.0,360000000.0,2841000000.0,35.454,375000000.0
9,WMB,MRY,2011-12-31,2011-12-31,2011-12-31,2021-08-25,-389000000.0,16502000000.0,23359000000.0,1894000000.0,14608000000.0,0.339,2.202,-2796000000.0,889000000.0,889000000.0,4924000000.0,661000000.0,1.131,10.738,8722000000.0,353000000.0,8369000000.0,8722000000.0,0.0,1614000000.0,0.0,0.023,0.775,1098000000.0,2712000000.0,0.342,2712000000.0,1098000000.0,500000000.0,0.64,0.63,0.64,1296000000.0,6114500000.0,1296000000.0,27851352012.0,25.0,10.27,643000000.0,1.093,1.0,3006000000.0,0.379,44000000.0,598000000.0,22616000000.0,29245500000.0,169000000.0,1391000000.0,0.0,1391000000.0,13916000000.0,1675000000.0,12241000000.0,19462352012.0,94000000.0,-41000000.0,49000000.0,863000000.0,-457000000.0,-342000000.0,-3003000000.0,-195000000.0,3439000000.0,0.0,376000000.0,376000000.0,376000000.0,0.0,285000000.0,0.047,1139000000.0,1867000000.0,691000000.0,1.211,15.017,51.762,51.594,12580000000.0,0.0,33.02,2.454,2.451,637000000.0,-5820000000.0,7930000000.0,7930000000.0,0.0,0.016,0.061,0.038,0.138,52000000.0,477000000.0,1.0,589411024.0,588553000.0,598175000.0,13.474,16458000000.0,52000000.0,124000000.0,2157000000.0,27.963,219000000.0
10,WMB,MRY,2010-12-31,2010-12-31,2010-12-31,2021-08-25,-82000000.0,24972000000.0,24724000000.0,2530000000.0,22442000000.0,0.268,11.638,-2788000000.0,758000000.0,758000000.0,4130000000.0,-922000000.0,0.983,2.475,9108000000.0,508000000.0,8600000000.0,9108000000.0,0.0,1507000000.0,0.0,0.02,0.485,-355000000.0,1152000000.0,0.174,1152000000.0,-355000000.0,-983000000.0,-1.88,-1.86,-1.88,6803000000.0,7258500000.0,6803000000.0,21950628977.0,-62.0,19.054,-137000000.0,-0.234,1.0,2508000000.0,0.378,0.0,628000000.0,30748000000.0,29317500000.0,225000000.0,1240000000.0,0.0,1240000000.0,16838000000.0,2574000000.0,14264000000.0,14455628977.0,-1072000000.0,-1099000000.0,12000000.0,179000000.0,-284000000.0,573000000.0,-4296000000.0,-442000000.0,2651000000.0,0.0,-1097000000.0,-1097000000.0,-1097000000.0,0.0,175000000.0,-0.165,1101000000.0,1407000000.0,432000000.0,-0.258,2.125,-13.177,-13.149,11754000000.0,0.0,24.72,2.178,2.177,497000000.0,-478000000.0,6638000000.0,6638000000.0,0.0,-0.044,-0.151,-0.012,-0.053,48000000.0,504000000.0,1.0,584774635.0,584552000.0,590699000.0,11.356,24972000000.0,0.0,114000000.0,2223000000.0,42.72,-44000000.0
11,WMB,MRY,2009-12-31,2009-12-31,2009-12-31,2021-08-25,-168000000.0,25280000000.0,25156500000.0,3793000000.0,21487000000.0,0.21,14.522,-2387000000.0,1867000000.0,1867000000.0,3712000000.0,361000000.0,1.531,1.925,8276000000.0,17000000.0,8259000000.0,8276000000.0,0.0,1469000000.0,0.0,0.021,0.44,1145000000.0,2614000000.0,0.495,2614000000.0,1145000000.0,489000000.0,0.49,0.49,0.49,8447000000.0,8351000000.0,8447000000.0,18929385459.0,17.0,7.242,185000000.0,0.318,1.0,1566000000.0,0.297,1011000000.0,656000000.0,28201000000.0,28270750000.0,222000000.0,1980000000.0,650000000.0,1330000000.0,16261000000.0,2477000000.0,13784000000.0,12292385459.0,428000000.0,148000000.0,0.0,555000000.0,-256000000.0,166000000.0,-2310000000.0,-142000000.0,2572000000.0,0.0,285000000.0,285000000.0,285000000.0,0.0,76000000.0,0.054,296000000.0,1270000000.0,934000000.0,0.898,1.455,43.131,43.02,18644000000.0,0.0,21.08,2.329,2.323,816000000.0,903000000.0,5278000000.0,5278000000.0,0.0,0.011,0.034,0.041,0.217,43000000.0,330000000.0,1.0,583130240.0,581674000.0,585955000.0,9.074,24269000000.0,0.0,204000000.0,3656000000.0,41.723,1316000000.0
12,WMB,MRY,2008-12-31,2008-12-31,2008-12-31,2021-08-25,-80000000.0,26006000000.0,27821750000.0,4411000000.0,21595000000.0,0.427,14.518,-3394000000.0,1438000000.0,1438000000.0,8776000000.0,1592000000.0,1.253,2.009,7701000000.0,18000000.0,7683000000.0,7701000000.0,0.0,1310000000.0,0.0,0.03,0.43,2731000000.0,4041000000.0,0.34,4041000000.0,2731000000.0,2095000000.0,2.44,2.4,2.44,8440000000.0,8116750000.0,8440000000.0,14766204545.0,5.0,3.654,-39000000.0,-0.067,1.0,3114000000.0,0.262,1011000000.0,636000000.0,27739000000.0,27251000000.0,260000000.0,3421000000.0,1464000000.0,1957000000.0,16952000000.0,3519000000.0,13433000000.0,8379204545.0,-260000000.0,0.0,-474000000.0,5000000.0,-250000000.0,-432000000.0,-3183000000.0,-111000000.0,3355000000.0,0.0,1418000000.0,1418000000.0,1418000000.0,0.0,174000000.0,0.119,432000000.0,2682000000.0,1052000000.0,0.176,0.993,5.909,5.934,17741000000.0,0.0,14.48,0.705,0.708,884000000.0,874000000.0,11890000000.0,11890000000.0,0.0,0.051,0.175,0.1,0.23,31000000.0,504000000.0,1.0,578674347.0,581342000.0,592719000.0,20.453,24995000000.0,0.0,677000000.0,3315000000.0,42.995,892000000.0
13,WMB,MRY,2007-12-31,2007-12-31,2007-12-31,2021-08-25,-121000000.0,25061000000.0,25719950000.0,5538000000.0,19523000000.0,0.398,10.693,-2868000000.0,1699000000.0,1699000000.0,7832000000.0,1080000000.0,1.25,2.931,7900000000.0,143000000.0,7757000000.0,7900000000.0,0.0,1082000000.0,0.0,0.011,0.39,2144000000.0,3226000000.0,0.315,3226000000.0,2144000000.0,1480000000.0,1.66,1.63,1.66,6375000000.0,6361400000.0,6375000000.0,27540778778.0,13.0,8.537,-631000000.0,-1.058,1.0,2407000000.0,0.235,1011000000.0,664000000.0,25820000000.0,25736475000.0,209000000.0,3496000000.0,1736000000.0,1760000000.0,18686000000.0,4431000000.0,14255000000.0,21236378778.0,-570000000.0,483000000.0,-470000000.0,-97000000.0,-233000000.0,-511000000.0,-2296000000.0,81000000.0,2237000000.0,0.0,990000000.0,990000000.0,990000000.0,0.0,90000000.0,0.097,459000000.0,1948000000.0,1131000000.0,0.235,3.331,21.451,21.554,15981000000.0,0.0,35.78,2.074,2.083,1192000000.0,-293000000.0,10239000000.0,10239000000.0,0.0,0.038,0.156,0.083,0.209,70000000.0,461000000.0,1.0,593526517.0,596174000.0,609866000.0,17.175,24050000000.0,199000000.0,490000000.0,2996000000.0,40.341,1107000000.0
14,WMB,MRY,2006-12-31,2006-12-31,2006-12-31,2021-08-25,-60000000.0,25402000000.0,25467425000.0,6322000000.0,19080000000.0,0.365,10.206,-2509000000.0,2269000000.0,2269000000.0,7489000000.0,309000000.0,1.347,3.183,8014000000.0,392000000.0,7622000000.0,8014000000.0,0.0,866000000.0,0.0,0.013,0.345,1190000000.0,2056000000.0,0.221,2056000000.0,1190000000.0,520000000.0,0.52,0.51,0.52,6073000000.0,5988000000.0,6073000000.0,21799060314.0,18.0,10.603,-619000000.0,-1.04,1.0,1810000000.0,0.195,1011000000.0,670000000.0,25442000000.0,25526375000.0,238000000.0,3996000000.0,1286000000.0,2710000000.0,19329000000.0,4694000000.0,14635000000.0,15576360314.0,672000000.0,23000000.0,34000000.0,471000000.0,-207000000.0,1103000000.0,-2321000000.0,41000000.0,1890000000.0,0.0,309000000.0,309000000.0,309000000.0,38000000.0,0.0,0.033,590000000.0,1220000000.0,906000000.0,0.663,2.565,50.409,50.231,14158000000.0,0.0,26.12,1.675,1.671,981000000.0,-1034000000.0,9299000000.0,9299000000.0,0.0,0.012,0.052,0.047,0.128,44000000.0,389000000.0,1.0,596338450.0,595053000.0,608627000.0,15.627,24391000000.0,337000000.0,211000000.0,2880000000.0,40.99,1628000000.0
15,WMB,MRY,2005-12-31,2005-12-31,2005-12-31,2021-08-25,-297800000.0,29442600000.0,28983050000.0,9697300000.0,19745300000.0,0.337,9.515,-1299000000.0,1726600000.0,1726600000.0,7885000000.0,314000000.0,1.148,4.425,7713100000.0,122600000.0,7590500000.0,7713100000.0,0.0,740000000.0,0.0,0.011,0.25,1282000000.0,2022000000.0,0.207,2022000000.0,1282000000.0,615000000.0,0.55,0.53,0.55,5427500000.0,5299150000.0,5427500000.0,19552550182.0,15.0,9.67,151000000.0,0.265,1.0,1896000000.0,0.194,1014500000.0,667000000.0,25964400000.0,26169450000.0,272600000.0,10844400000.0,5299700000.0,5544700000.0,24015100000.0,8450200000.0,15564900000.0,13276750182.0,667000000.0,443000000.0,310000000.0,-188000000.0,-143000000.0,36000000.0,-819000000.0,-138000000.0,1450000000.0,0.0,314000000.0,314000000.0,314000000.0,157000000.0,0.0,0.032,343000000.0,1553000000.0,1360600000.0,0.455,2.446,42.283,42.127,12409200000.0,0.0,23.17,1.357,1.351,1613800000.0,-1135900000.0,9781000000.0,9781000000.0,0.0,0.011,0.059,0.049,0.131,13000000.0,277000000.0,1.0,573014682.0,570420000.0,605847000.0,17.147,28428100000.0,241000000.0,301000000.0,2508900000.0,49.837,1247100000.0
16,WMB,MRY,2004-12-31,2004-12-31,2004-12-31,2021-08-25,-244200000.0,23993000000.0,25877675000.0,6043600000.0,17949400000.0,0.482,9.365,-787400000.0,1042700000.0,1042700000.0,10751700000.0,163700000.0,1.174,3.841,7962000000.0,250100000.0,7711900000.0,7962000000.0,0.0,668500000.0,0.0,0.005,0.08,1129400000.0,1797900000.0,0.144,1797900000.0,1129400000.0,295000000.0,0.31,0.31,0.31,4955900000.0,4249400000.0,4955900000.0,16938897118.0,15.0,9.421,700500000.0,1.324,1.0,1709600000.0,0.137,1014500000.0,834400000.0,24751900000.0,26963125000.0,261100000.0,7302500000.0,2961000000.0,4341500000.0,19037100000.0,5145900000.0,13891200000.0,9064597118.0,-1388200000.0,958900000.0,20600000.0,-3456500000.0,-43400000.0,-3505500000.0,629400000.0,471600000.0,1487900000.0,0.0,163700000.0,163700000.0,163700000.0,-70500000.0,0.0,0.013,303900000.0,1405700000.0,1043200000.0,0.258,1.829,55.373,52.548,11886800000.0,0.0,16.29,0.727,0.692,1422800000.0,-1306500000.0,12461300000.0,12461300000.0,0.0,0.006,0.039,0.042,0.091,9500000.0,355500000.0,1.0,556451634.0,529188000.0,535611000.0,23.548,22978500000.0,89000000.0,131300000.0,2470100000.0,43.422,897700000.0
17,WMB,MRY,2003-12-31,2003-12-31,2003-12-31,2021-08-25,-121000000.0,27021800000.0,31654700000.0,8795000000.0,18226800000.0,0.526,7.917,-956000000.0,2522600000.0,2522600000.0,15004300000.0,-492200000.0,1.403,5.587,11978300000.0,938500000.0,11039800000.0,11978300000.0,0.0,657400000.0,0.0,0.004,0.04,796000000.0,1453400000.0,0.087,1453400000.0,796000000.0,-497500000.0,-1.01,-1.01,-1.01,4102100000.0,4112975000.0,4102100000.0,14353864013.0,18.0,9.876,-185900000.0,-0.359,1.0,1646700000.0,0.099,1014500000.0,1293500000.0,29192200000.0,30537625000.0,242900000.0,7507300000.0,3260000000.0,4247300000.0,22919700000.0,6270800000.0,16648900000.0,5088564013.0,582200000.0,2870400000.0,1200000.0,-1228800000.0,-53300000.0,-1684000000.0,1496100000.0,-409900000.0,770100000.0,0.0,-492200000.0,-521700000.0,-521700000.0,-326600000.0,0.0,-0.031,400000000.0,1246700000.0,1186800000.0,-0.04,1.24,-9.754,-9.723,11734000000.0,29500000.0,9.82,0.306,0.306,1613200000.0,-1426800000.0,16651000000.0,16651000000.0,0.0,-0.016,-0.127,0.026,0.048,27100000.0,421300000.0,1.0,518183708.0,518137000.0,518137000.0,32.136,26007300000.0,106600000.0,-5300000.0,2453400000.0,50.194,2524200000.0
18,WMB,MRY,2002-12-31,2002-12-31,2002-12-31,2021-08-25,33800000.0,34988500000.0,37134825000.0,12886100000.0,22102400000.0,0.092,9.772,-1662000000.0,1941300000.0,1941300000.0,1987700000.0,-754700000.0,1.14,5.93,13155700000.0,2079000000.0,11076700000.0,13155700000.0,0.0,648800000.0,0.0,0.156,0.42,124200000.0,773000000.0,0.225,773000000.0,124200000.0,-1045000000.0,-1.63,-1.63,-1.63,5049000000.0,5519700000.0,5049000000.0,14257698924.0,115.0,18.445,-2177300000.0,-4.214,1.0,1446800000.0,0.421,1059500000.0,1169200000.0,33834900000.0,36425550000.0,368100000.0,8358000000.0,5024300000.0,3333700000.0,29939500000.0,11308500000.0,18631000000.0,1394998924.0,434900000.0,3139000000.0,5200000.0,-350900000.0,-230800000.0,-154000000.0,1104200000.0,-35700000.0,-515300000.0,0.0,-754700000.0,-844800000.0,-844800000.0,136300000.0,0.0,-0.246,816000000.0,630800000.0,1878300000.0,-0.258,0.276,-1.651,-1.656,12026000000.0,90100000.0,2.7,0.406,0.406,2415400000.0,-884300000.0,3434500000.0,3434500000.0,0.0,-0.023,-0.153,0.003,0.036,31200000.0,575600000.0,1.0,516666268.0,516666268.0,,6.647,33929000000.0,569200000.0,-290300000.0,3353600000.0,65.669,1577600000.0
19,WMB,MRY,2001-12-31,2001-12-31,2001-12-31,2021-08-25,345100000.0,38614200000.0,36736400000.0,12825000000.0,25789200000.0,0.144,11.728,-1449700000.0,1258500000.0,1258500000.0,2498400000.0,-477700000.0,0.958,5.389,11116600000.0,2423900000.0,8692700000.0,11116600000.0,0.0,526900000.0,0.0,0.162,4.134,725200000.0,1252100000.0,0.236,1252100000.0,725200000.0,33400000.0,-0.96,-0.95,-0.96,6044000000.0,6616425000.0,6044000000.0,24015944799.0,33.0,19.181,378900000.0,0.735,1.0,2804800000.0,0.529,1141400000.0,691800000.0,33949400000.0,32213800000.0,543500000.0,1555900000.0,0.0,1555900000.0,32570200000.0,13381500000.0,19188700000.0,13152044799.0,90400000.0,-1101000000.0,1388500000.0,869600000.0,-341000000.0,3352400000.0,-4994100000.0,-324400000.0,1828600000.0,0.0,-477700000.0,-477700000.0,-477700000.0,1126000000.0,0.0,-0.09,648100000.0,2156700000.0,2571000000.0,-4.306,2.176,-27.532,-26.583,14388900000.0,0.0,25.52,2.48,2.48,2899600000.0,199600000.0,5303200000.0,5303200000.0,0.0,-0.013,-0.072,0.023,0.137,48400000.0,660500000.0,1.0,515362257.0,515362257.0,,10.29,37472800000.0,440600000.0,511100000.0,3689900000.0,72.712,-556500000.0
20,WMB,MRY,2000-12-31,2000-12-31,2000-12-31,2021-08-25,28200000.0,34776600000.0,30300475000.0,14197400000.0,20579200000.0,0.216,13.39,-1169200000.0,996800000.0,996800000.0,3828900000.0,524300000.0,0.902,4.902,10501300000.0,3670800000.0,6830500000.0,10501300000.0,0.0,520400000.0,0.0,0.015,0.6,1707000000.0,2227400000.0,0.34,2227400000.0,1707000000.0,1065800000.0,1.18,1.17,1.18,5892000000.0,5946675000.0,5892000000.0,30028980568.0,18.0,13.482,-585400000.0,-1.33,1.0,2730400000.0,0.416,42500000.0,641200000.0,28495100000.0,30726175000.0,848400000.0,1368600000.0,0.0,1368600000.0,28884600000.0,15743500000.0,13141100000.0,17574180568.0,129100000.0,-694700000.0,64100000.0,1713400000.0,-265800000.0,3751000000.0,-4205700000.0,-134700000.0,583800000.0,0.0,524300000.0,524300000.0,524300000.0,296100000.0,0.0,0.08,696400000.0,2034000000.0,3088000000.0,0.508,2.983,33.519,33.847,14205900000.0,0.0,39.94,2.679,2.679,3357300000.0,3065700000.0,6559300000.0,6559300000.0,0.0,0.017,0.088,0.056,0.26,36700000.0,617800000.0,1.0,440014536.0,440014536.0,,14.907,34734100000.0,64900000.0,541500000.0,2863900000.0,78.939,-1546100000.0
21,WMB,MRY,1999-12-31,1999-12-31,1999-12-31,2021-08-25,99500000.0,24975300000.0,21381900000.0,6564400000.0,18410900000.0,0.31,12.847,-1794900000.0,1081600000.0,1081600000.0,4730400000.0,221400000.0,1.196,3.472,10802600000.0,1572600000.0,9230000000.0,10802600000.0,0.0,605500000.0,0.0,0.02,0.6,1042500000.0,1648000000.0,0.249,1648000000.0,1042500000.0,452200000.0,0.5,0.5,0.5,5585200000.0,4619650000.0,5585200000.0,22559444279.0,22.0,13.689,-261400000.0,-0.601,1.0,1899000000.0,0.286,0.0,590300000.0,29209800000.0,24585800000.0,545700000.0,3400200000.0,1434800000.0,1965400000.0,19390100000.0,5486500000.0,13903600000.0,13246344279.0,584900000.0,-135500000.0,65200000.0,1055100000.0,-263700000.0,880000000.0,-1959100000.0,-39800000.0,1533500000.0,0.0,221400000.0,218600000.0,218600000.0,198700000.0,0.0,0.033,655500000.0,1243500000.0,1972400000.0,1.2,2.372,60.596,60.94,15053700000.0,2800000.0,30.47,1.998,1.998,1861200000.0,2807200000.0,6629400000.0,6629400000.0,0.0,0.01,0.047,0.042,0.157,76100000.0,686200000.0,1.0,434733977.0,434733977.0,,15.249,24975300000.0,203700000.0,230800000.0,2607500000.0,57.45,1077900000.0
22,WMB,MRY,1998-12-31,1998-12-31,1998-12-31,2021-08-25,16700000.0,18647300000.0,17591625000.0,3485900000.0,15161400000.0,0.342,9.953,-1763500000.0,503300000.0,503300000.0,4253300000.0,122300000.0,0.785,3.38,7809700000.0,1443300000.0,6366400000.0,7809700000.0,0.0,613100000.0,0.0,0.019,0.6,750900000.0,1364000000.0,0.227,1364000000.0,750900000.0,238000000.0,0.27,0.27,0.27,4257400000.0,4323400000.0,4257400000.0,20516704501.0,27.0,15.042,-817900000.0,-1.912,1.0,1766100000.0,0.293,583600000.0,512900000.0,20930900000.0,19934575000.0,497500000.0,866100000.0,0.0,866100000.0,14389900000.0,4439200000.0,9950700000.0,13342204501.0,383800000.0,75600000.0,38900000.0,1807200000.0,-261400000.0,1895100000.0,-2062700000.0,-470300000.0,945600000.0,0.0,122300000.0,115200000.0,115200000.0,36400000.0,0.0,0.019,912900000.0,853200000.0,1158200000.0,2.222,3.134,115.818,115.519,12585300000.0,7100000.0,31.19,2.217,2.217,1724600000.0,2849500000.0,6019400000.0,6019400000.0,0.0,0.007,0.027,0.038,0.125,39300000.0,723100000.0,1.0,427771866.0,427771866.0,,14.072,18063700000.0,239900000.0,115700000.0,2060800000.0,42.227,-953300000.0
23,WMB,MRY,1997-12-31,1997-12-31,1997-12-31,2021-08-25,-2500000.0,16277600000.0,14348200000.0,2864000000.0,13413600000.0,0.575,12.647,-1269300000.0,122100000.0,122100000.0,6254600000.0,351400000.0,0.797,2.947,6124800000.0,773300000.0,5351500000.0,6124800000.0,0.0,585900000.0,0.0,0.019,0.54,1055600000.0,1641500000.0,0.199,1641500000.0,1055600000.0,592100000.0,0.83,0.81,0.83,4087800000.0,3750650000.0,4087800000.0,,,,-281100000.0,-0.87,1.0,1994900000.0,0.242,600600000.0,463500000.0,18086600000.0,16349350000.0,433900000.0,388100000.0,0.0,388100000.0,12045000000.0,3593100000.0,8451900000.0,9211743039.0,-98000000.0,-42500000.0,22300000.0,640300000.0,-214400000.0,423900000.0,-1510100000.0,-205600000.0,988200000.0,0.0,351400000.0,341600000.0,341600000.0,6300000.0,0.0,0.041,887500000.0,1107400000.0,1356200000.0,0.651,2.253,26.966,34.337,11536800000.0,9800000.0,28.5,1.117,1.117,1714900000.0,2983300000.0,8249500000.0,8249500000.0,0.0,0.024,0.091,0.065,0.128,0.0,848900000.0,1.0,323219054.0,323219054.0,,25.523,15677000000.0,236600000.0,240700000.0,2009100000.0,48.503,-729100000.0
24,WMB,MRY,1996-12-31,1996-12-31,1996-12-31,2021-08-25,0.0,12418800000.0,,1890100000.0,10528700000.0,,,-904400000.0,115300000.0,115300000.0,5063900000.0,459800000.0,0.859,2.636,4706000000.0,329100000.0,4376900000.0,4706000000.0,0.0,500300000.0,0.0,0.025,0.47,1143800000.0,1644100000.0,0.24,1644100000.0,1143800000.0,725700000.0,1.08,1.06,1.08,3413500000.0,,3413500000.0,,,,68700000.0,,1.0,1785100000.0,0.261,198100000.0,418100000.0,14612100000.0,,204600000.0,190600000.0,0.0,190600000.0,8997800000.0,2199300000.0,6798500000.0,,96400000.0,-161600000.0,-76100000.0,700200000.0,-188500000.0,429400000.0,-1306100000.0,0.0,973100000.0,0.0,459800000.0,449400000.0,449400000.0,32700000.0,0.0,0.066,629000000.0,1156100000.0,757000000.0,0.435,,,17.361,9386300000.0,10400000.0,18.75,,,1070600000.0,2119500000.0,6849000000.0,6849000000.0,0.0,,,,0.167,0.0,629000000.0,1.0,,,,,12220700000.0,199500000.0,265900000.0,1626600000.0,,-309200000.0
25,WMB,MRY,1995-12-31,1995-12-31,1995-12-31,2021-08-25,,,,,,,,-702400000.0,,,1700700000.0,1318200000.0,,,,,,,,375500000.0,,0.025,0.36,1698100000.0,2073600000.0,0.726,2073600000.0,1698100000.0,1420200000.0,4.3,4.17,4.3,,,,,,,126300000.0,,1.0,1155000000.0,0.404,,277900000.0,,,,,,,,,,,54300000.0,1707900000.0,74400000.0,-1117400000.0,-119100000.0,-1359300000.0,584900000.0,-75100000.0,828700000.0,0.0,1318200000.0,1302900000.0,1302900000.0,-1018800000.0,0.0,0.456,484300000.0,670700000.0,,0.084,,,3.401,,15300000.0,14.623,,,,,2855700000.0,2855700000.0,0.0,,,,0.595,0.0,488800000.0,1.0,,,,,,,102000000.0,,,
0,WMB,MRQ,2021-06-30,2021-06-30,2021-06-30,2021-08-25,-110000000.0,45507000000.0,,2625000000.0,42882000000.0,,9.473,-412000000.0,1201000000.0,1201000000.0,1094000000.0,322000000.0,0.698,2.714,23234000000.0,2143000000.0,21091000000.0,23234000000.0,0.0,463000000.0,0.0,0.061,0.41,724000000.0,1187000000.0,0.52,1187000000.0,724000000.0,423000000.0,0.25,0.25,0.25,11512000000.0,,11512000000.0,54359940446.0,20.0,11.992,645000000.0,0.531,1.0,1189000000.0,0.521,7277000000.0,301000000.0,56504000000.0,,194000000.0,5124000000.0,0.0,5124000000.0,31242000000.0,3759000000.0,27483000000.0,32251940446.0,75000000.0,0.0,0.0,-5000000.0,-498000000.0,-539000000.0,-443000000.0,-29000000.0,1057000000.0,0.0,304000000.0,304000000.0,304000000.0,0.0,18000000.0,0.133,589000000.0,600000000.0,611000000.0,1.64,2.802,27.996,28.245,29299000000.0,0.0,26.55,3.616,3.617,999000000.0,-13022000000.0,2283000000.0,2283000000.0,0.0,,,,,19000000.0,114000000.0,1.0,1214762352.0,1215250000.0,1217476000.0,1.879,38230000000.0,0.0,119000000.0,2179000000.0,31.459,-1134000000.0
1,WMB,MRQ,2021-03-31,2021-03-31,2021-03-31,2021-08-25,-100000000.0,45262000000.0,,2497000000.0,42765000000.0,,9.634,-242000000.0,1126000000.0,1126000000.0,1313000000.0,435000000.0,0.706,2.631,23234000000.0,2142000000.0,21092000000.0,23234000000.0,0.0,438000000.0,0.0,0.068,0.41,863000000.0,1301000000.0,0.498,1301000000.0,863000000.0,567000000.0,0.35,0.35,0.35,11702000000.0,,11702000000.0,50956694363.0,18.0,11.336,673000000.0,0.554,1.0,1299000000.0,0.497,7362000000.0,296000000.0,56473000000.0,,144000000.0,5129000000.0,0.0,5129000000.0,30789000000.0,3535000000.0,27254000000.0,28754694363.0,984000000.0,0.0,3000000.0,886000000.0,-498000000.0,326000000.0,-257000000.0,-14000000.0,915000000.0,0.0,426000000.0,425000000.0,425000000.0,0.0,9000000.0,0.163,560000000.0,739000000.0,538000000.0,1.171,2.457,24.982,25.202,29076000000.0,1000000.0,23.69,3.416,3.418,1058000000.0,-12825000000.0,2612000000.0,2612000000.0,0.0,,,,,20000000.0,123000000.0,1.0,1213790391.0,1214646000.0,1217211000.0,2.15,37900000000.0,0.0,141000000.0,2065000000.0,31.203,-1038000000.0
2,WMB,MRQ,2020-12-31,2020-12-31,2020-12-31,2021-08-25,-96000000.0,44165000000.0,,1429000000.0,42736000000.0,,9.694,-297000000.0,142000000.0,142000000.0,850000000.0,130000000.0,0.616,2.514,22344000000.0,893000000.0,21451000000.0,22344000000.0,0.0,436000000.0,0.0,0.08,0.4,465000000.0,901000000.0,0.431,901000000.0,465000000.0,171000000.0,0.09,0.09,0.09,11769000000.0,,11769000000.0,46645393626.0,31.0,14.563,817000000.0,0.673,1.0,1242000000.0,0.594,7444000000.0,294000000.0,56604000000.0,,136000000.0,5159000000.0,0.0,5159000000.0,29582000000.0,2319000000.0,27263000000.0,24332393626.0,72000000.0,0.0,0.0,-44000000.0,-485000000.0,-566000000.0,-476000000.0,-175000000.0,1114000000.0,0.0,116000000.0,115000000.0,115000000.0,0.0,14000000.0,0.055,724000000.0,518000000.0,482000000.0,4.444,2.067,116.983,117.941,28929000000.0,1000000.0,20.05,3.152,3.152,999000000.0,-12748000000.0,2092000000.0,2092000000.0,0.0,,,,,13000000.0,112000000.0,1.0,1213585717.0,1213988000.0,1216389000.0,1.723,36721000000.0,0.0,55000000.0,1923000000.0,30.248,-890000000.0
3,WMB,MRQ,2020-09-30,2020-09-30,2020-09-30,2021-08-25,-160000000.0,44320000000.0,,1403000000.0,42917000000.0,,9.939,-331000000.0,70000000.0,70000000.0,737000000.0,323000000.0,0.754,2.439,22383000000.0,432000000.0,21951000000.0,22383000000.0,0.0,426000000.0,0.0,0.08,0.4,718000000.0,1144000000.0,0.592,1144000000.0,718000000.0,420000000.0,0.25,0.25,0.25,12065000000.0,,12065000000.0,45662424053.0,30.0,14.011,121000000.0,0.1,1.0,1196000000.0,0.619,7531000000.0,298000000.0,57241000000.0,,157000000.0,5176000000.0,0.0,5176000000.0,29422000000.0,1861000000.0,27561000000.0,23846424053.0,-1063000000.0,0.0,3000000.0,-571000000.0,-485000000.0,-1103000000.0,-412000000.0,-84000000.0,452000000.0,0.0,309000000.0,308000000.0,308000000.0,0.0,14000000.0,0.159,555000000.0,641000000.0,464000000.0,1.6,1.976,110.4,115.588,29107000000.0,1000000.0,19.65,3.083,3.084,1011000000.0,-12376000000.0,1933000000.0,1933000000.0,0.0,,,,,15000000.0,114000000.0,1.0,1213558476.0,1213912000.0,1215335000.0,1.592,36789000000.0,0.0,111000000.0,1846000000.0,30.306,-458000000.0
4,WMB,MRQ,2020-06-30,2020-06-30,2020-06-30,2021-08-25,-176000000.0,45343000000.0,,2338000000.0,43005000000.0,,10.063,-315000000.0,1133000000.0,1133000000.0,606000000.0,315000000.0,0.959,2.478,22949000000.0,626000000.0,22323000000.0,22949000000.0,0.0,430000000.0,0.0,0.082,0.4,719000000.0,1149000000.0,0.645,1149000000.0,719000000.0,420000000.0,0.25,0.25,0.25,12212000000.0,,12212000000.0,45151006445.0,32.0,14.329,828000000.0,0.682,1.0,1175000000.0,0.66,7609000000.0,299000000.0,57112000000.0,,134000000.0,5155000000.0,0.0,5155000000.0,30263000000.0,2438000000.0,27825000000.0,23075006445.0,733000000.0,0.0,0.0,469000000.0,-486000000.0,-69000000.0,-341000000.0,-36000000.0,1143000000.0,0.0,303000000.0,303000000.0,303000000.0,0.0,12000000.0,0.17,563000000.0,612000000.0,769000000.0,1.6,1.89,180.273,190.2,29137000000.0,0.0,19.02,2.958,2.959,907000000.0,-12197000000.0,1781000000.0,1781000000.0,0.0,,,,,15000000.0,127000000.0,1.0,1213196974.0,1213601000.0,1214581000.0,1.468,37734000000.0,0.0,117000000.0,1729000000.0,31.093,-100000000.0
5,WMB,MRQ,2020-03-31,2020-03-31,2020-03-31,2021-08-25,-205000000.0,44629000000.0,,1565000000.0,43064000000.0,,10.185,-295000000.0,400000000.0,400000000.0,746000000.0,-570000000.0,0.74,2.377,22476000000.0,628000000.0,21848000000.0,22476000000.0,0.0,429000000.0,0.0,0.109,0.4,-420000000.0,9000000.0,0.005,9000000.0,-420000000.0,-721000000.0,-0.43,-0.43,-0.43,12354000000.0,,12354000000.0,39155802255.0,28.0,12.47,492000000.0,0.406,1.0,1167000000.0,0.61,7688000000.0,301000000.0,56901000000.0,,105000000.0,5179000000.0,0.0,5179000000.0,29370000000.0,2116000000.0,27254000000.0,17156802255.0,111000000.0,0.0,6000000.0,184000000.0,-485000000.0,-347000000.0,-329000000.0,-30000000.0,787000000.0,0.0,-517000000.0,-518000000.0,-518000000.0,0.0,-53000000.0,-0.271,736000000.0,431000000.0,359000000.0,-0.93,1.389,127.087,128.636,29141000000.0,1000000.0,14.15,2.129,2.13,930000000.0,-12013000000.0,1913000000.0,1913000000.0,0.0,,,,,9000000.0,113000000.0,1.0,1212494859.0,1213019000.0,1213019000.0,1.577,36941000000.0,0.0,-204000000.0,1602000000.0,30.454,-551000000.0
6,WMB,MRQ,2019-12-31,2019-12-31,2019-12-31,2021-08-25,-199000000.0,46040000000.0,,1580000000.0,44460000000.0,,11.023,-385000000.0,289000000.0,289000000.0,918000000.0,-66000000.0,0.398,2.221,22288000000.0,2140000000.0,20148000000.0,22288000000.0,0.0,439000000.0,0.0,0.064,0.38,518000000.0,957000000.0,0.454,957000000.0,518000000.0,215000000.0,0.1,0.1,0.1,13363000000.0,,13363000000.0,50759798390.0,21.0,12.329,606000000.0,0.5,1.0,1189000000.0,0.564,7959000000.0,303000000.0,56112000000.0,,125000000.0,6235000000.0,0.0,6235000000.0,29676000000.0,3968000000.0,25708000000.0,28749798390.0,42000000.0,-2000000.0,0.0,30000000.0,-460000000.0,-466000000.0,-483000000.0,-92000000.0,991000000.0,0.0,124000000.0,123000000.0,123000000.0,15000000.0,-190000000.0,0.058,955000000.0,234000000.0,552000000.0,3.8,2.151,33.943,33.886,29200000000.0,1000000.0,23.72,3.506,3.506,996000000.0,-11002000000.0,2107000000.0,2107000000.0,0.0,,,,,13000000.0,148000000.0,1.0,1212048836.0,1212334000.0,1214215000.0,1.738,38081000000.0,0.0,91000000.0,1782000000.0,31.411,-2388000000.0
7,WMB,MRQ,2019-09-30,2019-09-30,2019-09-30,2021-08-25,-266000000.0,46281000000.0,,1434000000.0,44847000000.0,,11.236,-796000000.0,247000000.0,247000000.0,817000000.0,242000000.0,0.431,2.16,22257000000.0,1538000000.0,20719000000.0,22257000000.0,0.0,435000000.0,0.0,0.062,0.38,601000000.0,1036000000.0,0.518,1036000000.0,601000000.0,298000000.0,0.18,0.18,0.18,13621000000.0,,13621000000.0,50629258896.0,35.0,15.976,62000000.0,0.051,1.0,1182000000.0,0.591,8041000000.0,303000000.0,56926000000.0,,129000000.0,6228000000.0,0.0,6228000000.0,29422000000.0,3324000000.0,26098000000.0,29161258896.0,-559000000.0,-1000000.0,4000000.0,-20000000.0,-461000000.0,-497000000.0,-920000000.0,-119000000.0,858000000.0,0.0,221000000.0,220000000.0,220000000.0,0.0,21000000.0,0.11,554000000.0,628000000.0,602000000.0,2.111,2.141,191.85,-802.0,29613000000.0,1000000.0,24.06,3.514,3.515,875000000.0,-10664000000.0,1999000000.0,1999000000.0,0.0,,,,,14000000.0,130000000.0,1.0,1212022398.0,1212270000.0,1214165000.0,1.649,38240000000.0,0.0,77000000.0,1651000000.0,31.544,-1890000000.0
8,WMB,MRQ,2019-06-30,2019-06-30,2019-06-30,2021-08-25,-265000000.0,46509000000.0,,2028000000.0,44481000000.0,,11.425,-500000000.0,806000000.0,806000000.0,894000000.0,324000000.0,0.598,2.125,22274000000.0,1563000000.0,20711000000.0,22274000000.0,0.0,424000000.0,0.0,0.051,0.38,714000000.0,1138000000.0,0.558,1138000000.0,714000000.0,408000000.0,0.26,0.26,0.26,13848000000.0,,13848000000.0,57213037081.0,39.0,18.088,569000000.0,0.469,1.0,1147000000.0,0.562,8123000000.0,306000000.0,56465000000.0,,134000000.0,6261000000.0,0.0,6261000000.0,29428000000.0,3389000000.0,26039000000.0,33978037081.0,763000000.0,0.0,0.0,-1010000000.0,-461000000.0,-140000000.0,-166000000.0,342000000.0,1069000000.0,0.0,310000000.0,310000000.0,310000000.0,0.0,14000000.0,0.152,649000000.0,498000000.0,627000000.0,1.462,2.454,557.017,-350.5,29131000000.0,0.0,28.04,3.95,3.951,879000000.0,-10423000000.0,2041000000.0,2041000000.0,0.0,,,,,16000000.0,152000000.0,1.0,1211770224.0,1212045000.0,1214065000.0,1.684,38386000000.0,0.0,98000000.0,1567000000.0,31.67,-1361000000.0
9,WMB,MRQ,2019-03-31,2019-03-31,2019-03-31,2021-08-25,-267000000.0,45970000000.0,,1287000000.0,44683000000.0,,11.891,-416000000.0,43000000.0,43000000.0,905000000.0,214000000.0,0.309,2.099,23278000000.0,2575000000.0,20703000000.0,23278000000.0,0.0,416000000.0,0.0,0.049,0.38,570000000.0,986000000.0,0.48,986000000.0,570000000.0,264000000.0,0.16,0.16,0.16,14406000000.0,,14406000000.0,57025381873.0,47.0,19.436,359000000.0,0.296,1.0,1149000000.0,0.559,8096000000.0,306000000.0,56940000000.0,,129000000.0,6544000000.0,0.0,6544000000.0,30245000000.0,4169000000.0,26076000000.0,34779381873.0,-125000000.0,-727000000.0,6000000.0,858000000.0,-460000000.0,358000000.0,-1258000000.0,-99000000.0,775000000.0,0.0,195000000.0,194000000.0,194000000.0,0.0,19000000.0,0.094,588000000.0,561000000.0,620000000.0,2.375,2.414,-305.082,-159.556,29081000000.0,1000000.0,28.72,4.02,4.021,929000000.0,-10270000000.0,2054000000.0,2054000000.0,0.0,,,,,14000000.0,128000000.0,1.0,1210981263.0,1211489000.0,1213592000.0,1.695,37874000000.0,0.0,69000000.0,1601000000.0,31.262,-2882000000.0
10,WMB,MRQ,2018-12-31,2018-12-31,2018-12-31,2021-08-25,-270000000.0,45302000000.0,,1464000000.0,43838000000.0,,15.057,-586000000.0,168000000.0,168000000.0,1087000000.0,-546000000.0,0.808,1.999,22414000000.0,47000000.0,22367000000.0,22414000000.0,0.0,435000000.0,0.0,0.062,0.34,-426000000.0,9000000.0,0.004,9000000.0,-426000000.0,-730000000.0,-0.63,-0.62,-0.63,14660000000.0,,14660000000.0,48915451784.0,43.0,17.056,376000000.0,0.386,1.0,1117000000.0,0.507,7767000000.0,304000000.0,57970000000.0,,130000000.0,7821000000.0,0.0,7821000000.0,29305000000.0,1811000000.0,27494000000.0,26692451784.0,126000000.0,1296000000.0,0.0,-643000000.0,-412000000.0,-1094000000.0,258000000.0,-329000000.0,962000000.0,0.0,-571000000.0,-572000000.0,-572000000.0,0.0,25000000.0,-0.26,1751000000.0,-634000000.0,662000000.0,-0.54,1.821,-171.105,-137.812,27504000000.0,1000000.0,22.05,3.073,2.472,992000000.0,-10002000000.0,2204000000.0,2204000000.0,0.0,,,,,12000000.0,133000000.0,1.0,1210542031.0,973626000.0,973626000.0,2.264,37535000000.0,0.0,-159000000.0,1524000000.0,38.552,-347000000.0
11,WMB,MRQ,2018-09-30,2018-09-30,2018-09-30,2021-08-25,-291000000.0,47153000000.0,,1984000000.0,45169000000.0,,15.25,-718000000.0,42000000.0,42000000.0,1209000000.0,200000000.0,0.719,1.934,22265000000.0,856000000.0,21409000000.0,22265000000.0,0.0,425000000.0,0.0,0.049,0.34,605000000.0,1030000000.0,0.447,1030000000.0,605000000.0,319000000.0,0.13,0.13,0.13,15610000000.0,,15610000000.0,43552587800.0,30.0,13.835,28000000.0,0.027,1.0,1094000000.0,0.475,8324000000.0,286000000.0,58291000000.0,,153000000.0,7427000000.0,0.0,7427000000.0,30194000000.0,2761000000.0,27433000000.0,22512587800.0,-233000000.0,0.0,4000000.0,939000000.0,-411000000.0,335000000.0,-1314000000.0,-712000000.0,746000000.0,0.0,129000000.0,129000000.0,129000000.0,0.0,71000000.0,0.056,593000000.0,501000000.0,739000000.0,2.615,1.442,10.705,10.833,28674000000.0,0.0,27.19,2.585,3.195,883000000.0,-9018000000.0,2303000000.0,2303000000.0,0.0,,,,,13000000.0,174000000.0,1.0,827973071.0,1023587000.0,1026504000.0,2.25,38829000000.0,0.0,190000000.0,1648000000.0,37.934,-777000000.0
12,WMB,MRQ,2018-06-30,2018-06-30,2018-06-30,2021-08-25,-293000000.0,46374000000.0,,1541000000.0,44833000000.0,,11.288,-780000000.0,275000000.0,275000000.0,1050000000.0,269000000.0,0.787,3.309,21315000000.0,2000000.0,21313000000.0,21315000000.0,0.0,434000000.0,0.0,0.047,0.34,475000000.0,909000000.0,0.435,909000000.0,475000000.0,187000000.0,0.16,0.16,0.16,9345000000.0,,9345000000.0,43024529791.0,37.0,14.924,111000000.0,0.134,1.0,1041000000.0,0.498,8406000000.0,288000000.0,57050000000.0,,153000000.0,6810000000.0,0.0,6810000000.0,30927000000.0,1958000000.0,28969000000.0,22436529791.0,-1017000000.0,0.0,1000000.0,-570000000.0,-282000000.0,-1037000000.0,-871000000.0,-70000000.0,891000000.0,0.0,135000000.0,135000000.0,135000000.0,0.0,134000000.0,0.065,631000000.0,410000000.0,893000000.0,2.125,2.401,11.179,11.202,28953000000.0,0.0,27.11,2.704,2.705,844000000.0,-8735000000.0,2091000000.0,2091000000.0,0.0,,,,,16000000.0,130000000.0,1.0,827610837.0,827868000.0,830107000.0,2.526,37968000000.0,0.0,52000000.0,3267000000.0,45.862,-417000000.0
13,WMB,MRQ,2018-03-31,2018-03-31,2018-03-31,2021-08-25,-294000000.0,47052000000.0,,2399000000.0,44653000000.0,,11.448,-768000000.0,1292000000.0,1292000000.0,1005000000.0,270000000.0,1.109,3.288,21880000000.0,501000000.0,21379000000.0,21880000000.0,0.0,431000000.0,0.0,0.05,0.34,489000000.0,920000000.0,0.441,920000000.0,489000000.0,207000000.0,0.18,0.18,0.18,9473000000.0,,9473000000.0,40603357573.0,37.0,14.332,-74000000.0,-0.089,1.0,1083000000.0,0.519,8644000000.0,282000000.0,56832000000.0,,160000000.0,6513000000.0,0.0,6513000000.0,31149000000.0,2164000000.0,28985000000.0,20567357573.0,393000000.0,0.0,10000000.0,970000000.0,-281000000.0,497000000.0,-798000000.0,-21000000.0,694000000.0,0.0,152000000.0,152000000.0,152000000.0,0.0,118000000.0,0.073,592000000.0,491000000.0,776000000.0,1.889,2.171,10.531,10.534,28847000000.0,0.0,24.86,2.529,2.53,743000000.0,-8587000000.0,2088000000.0,2088000000.0,0.0,,,,,14000000.0,132000000.0,1.0,827327336.0,827509000.0,830197000.0,2.523,38408000000.0,0.0,55000000.0,3196000000.0,46.414,235000000.0
14,WMB,MRQ,2017-12-31,2017-12-31,2017-12-31,2021-08-25,-238000000.0,46352000000.0,,2179000000.0,44173000000.0,,11.677,-540000000.0,899000000.0,899000000.0,1090000000.0,1622000000.0,0.824,3.125,20935000000.0,501000000.0,20434000000.0,20935000000.0,0.0,428000000.0,0.0,0.039,0.3,-139000000.0,289000000.0,0.13,289000000.0,-139000000.0,-413000000.0,2.04,2.03,2.04,9656000000.0,,9656000000.0,45104502279.0,34.0,14.779,318000000.0,0.385,1.0,1138000000.0,0.511,8791000000.0,274000000.0,54951000000.0,,113000000.0,6552000000.0,0.0,6552000000.0,30177000000.0,2646000000.0,27531000000.0,25207502279.0,-273000000.0,11000000.0,1000000.0,-133000000.0,-248000000.0,-569000000.0,-562000000.0,-29000000.0,858000000.0,0.0,1687000000.0,1687000000.0,1687000000.0,0.0,-65000000.0,0.757,198000000.0,940000000.0,978000000.0,0.147,2.611,11.595,11.593,28211000000.0,0.0,30.49,3.139,3.137,976000000.0,-8434000000.0,2228000000.0,2228000000.0,0.0,,,,,17000000.0,142000000.0,1.0,826746549.0,826933000.0,829622000.0,2.694,37561000000.0,0.0,-2100000000.0,3147000000.0,45.422,-467000000.0
15,WMB,MRQ,2017-09-30,2017-09-30,2017-09-30,2021-08-25,-331000000.0,46120000000.0,,2293000000.0,43827000000.0,,9.808,-598000000.0,1172000000.0,1172000000.0,907000000.0,125000000.0,0.974,3.852,21069000000.0,502000000.0,20567000000.0,21069000000.0,0.0,433000000.0,0.0,0.037,0.3,332000000.0,765000000.0,0.405,765000000.0,332000000.0,57000000.0,0.04,0.04,0.04,8109000000.0,,8109000000.0,46165792729.0,26.0,13.06,107000000.0,0.129,1.0,984000000.0,0.52,8873000000.0,275000000.0,54790000000.0,,144000000.0,6615000000.0,0.0,6615000000.0,31238000000.0,2354000000.0,28884000000.0,24807792729.0,-746000000.0,2056000000.0,5000000.0,-2396000000.0,-248000000.0,-2881000000.0,1430000000.0,-24000000.0,705000000.0,0.0,33000000.0,33000000.0,33000000.0,0.0,92000000.0,0.017,1805000000.0,-821000000.0,773000000.0,7.5,3.059,52.559,52.649,27709000000.0,0.0,30.01,3.101,3.101,783000000.0,-9872000000.0,1891000000.0,1891000000.0,0.0,,,,,17000000.0,138000000.0,1.0,826650874.0,826779000.0,829368000.0,2.287,37247000000.0,0.0,24000000.0,5211000000.0,45.051,-61000000.0
16,WMB,MRQ,2017-06-30,2017-06-30,2017-06-30,2021-08-25,-331000000.0,48770000000.0,,3969000000.0,44801000000.0,,10.051,-494000000.0,1918000000.0,1918000000.0,929000000.0,193000000.0,0.993,4.044,23276000000.0,1951000000.0,21325000000.0,23276000000.0,0.0,433000000.0,0.0,0.033,0.3,426000000.0,859000000.0,0.446,859000000.0,426000000.0,146000000.0,0.1,0.1,0.1,8306000000.0,,8306000000.0,46205599612.0,24.0,12.697,305000000.0,0.369,1.0,995000000.0,0.517,9481000000.0,280000000.0,56651000000.0,,150000000.0,6675000000.0,0.0,6675000000.0,33589000000.0,3996000000.0,29593000000.0,25019599612.0,1279000000.0,0.0,3000000.0,1450000000.0,-248000000.0,1005000000.0,-525000000.0,-27000000.0,799000000.0,0.0,81000000.0,81000000.0,81000000.0,0.0,112000000.0,0.042,617000000.0,378000000.0,734000000.0,3.0,3.012,50.039,49.639,28042000000.0,0.0,30.28,3.122,3.122,693000000.0,-9654000000.0,1924000000.0,1924000000.0,0.0,,,,,23000000.0,153000000.0,1.0,826274756.0,826426000.0,828575000.0,2.328,39289000000.0,0.0,65000000.0,5200000000.0,47.541,-27000000.0
17,WMB,MRQ,2017-03-31,2017-03-31,2017-03-31,2021-08-25,-334000000.0,47512000000.0,,2845000000.0,44667000000.0,,10.241,-382000000.0,639000000.0,639000000.0,950000000.0,569000000.0,1.391,3.802,21825000000.0,0.0,21825000000.0,21825000000.0,0.0,442000000.0,0.0,0.045,0.3,697000000.0,1139000000.0,0.573,1139000000.0,697000000.0,410000000.0,0.45,0.45,0.45,8444000000.0,,8444000000.0,47768129734.0,39.0,16.019,345000000.0,0.418,1.0,1038000000.0,0.522,9570000000.0,287000000.0,57083000000.0,,148000000.0,6738000000.0,0.0,6738000000.0,32103000000.0,2045000000.0,30058000000.0,24436129734.0,469000000.0,0.0,2122000000.0,-1623000000.0,-248000000.0,-15000000.0,-243000000.0,148000000.0,727000000.0,0.0,373000000.0,373000000.0,373000000.0,0.0,196000000.0,0.188,608000000.0,430000000.0,680000000.0,0.667,2.894,1745.438,-986.333,27762000000.0,0.0,29.59,3.122,3.117,867000000.0,-9487000000.0,1988000000.0,1988000000.0,0.0,,,,,21000000.0,161000000.0,1.0,825823918.0,824548000.0,826476000.0,2.411,37942000000.0,0.0,37000000.0,5133000000.0,46.016,800000000.0
18,WMB,MRQ,2016-12-31,2016-12-31,2016-12-31,2021-08-25,-339000000.0,46835000000.0,,1462000000.0,45373000000.0,,6.183,-255000000.0,170000000.0,170000000.0,958000000.0,37000000.0,0.496,7.062,23502000000.0,878000000.0,22624000000.0,23502000000.0,0.0,437000000.0,0.0,0.054,0.2,335000000.0,772000000.0,0.351,772000000.0,335000000.0,34000000.0,-0.02,-0.02,-0.02,4643000000.0,,4643000000.0,48023075422.0,63.0,18.974,1803000000.0,2.401,1.0,1240000000.0,0.564,9663000000.0,301000000.0,57555000000.0,,138000000.0,6701000000.0,0.0,6701000000.0,32789000000.0,2949000000.0,29840000000.0,23381075422.0,93000000.0,-33000000.0,1000000.0,-1216000000.0,-150000000.0,-1474000000.0,-491000000.0,-11000000.0,2058000000.0,0.0,-15000000.0,-15000000.0,-15000000.0,0.0,52000000.0,-0.007,670000000.0,570000000.0,623000000.0,-10.0,5.036,-55.144,-54.632,28428000000.0,0.0,31.14,3.118,3.117,938000000.0,-9649000000.0,2198000000.0,2198000000.0,0.0,,,,,18000000.0,166000000.0,1.0,750837361.0,750955000.0,750955000.0,2.927,37172000000.0,0.0,49000000.0,4238000000.0,49.5,-1487000000.0
19,WMB,MRQ,2016-09-30,2016-09-30,2016-09-30,2021-08-25,-331000000.0,47288000000.0,,1627000000.0,45661000000.0,,6.473,-510000000.0,77000000.0,77000000.0,855000000.0,131000000.0,0.66,6.803,24719000000.0,787000000.0,23932000000.0,24719000000.0,0.0,435000000.0,0.0,0.069,0.2,434000000.0,869000000.0,0.456,869000000.0,434000000.0,130000000.0,0.08,0.08,0.08,4860000000.0,,4860000000.0,48308707249.0,-109.0,36.186,118000000.0,0.157,1.0,1050000000.0,0.551,9752000000.0,304000000.0,59713000000.0,,120000000.0,7084000000.0,0.0,7084000000.0,33064000000.0,2465000000.0,30599000000.0,23067707249.0,-72000000.0,792000000.0,2000000.0,-655000000.0,-150000000.0,-1046000000.0,346000000.0,-10000000.0,628000000.0,0.0,61000000.0,61000000.0,61000000.0,0.0,70000000.0,0.032,705000000.0,345000000.0,619000000.0,2.5,4.746,-20.523,-20.487,28263000000.0,0.0,30.73,3.157,3.157,854000000.0,-9483000000.0,1905000000.0,1905000000.0,0.0,,,,,21000000.0,177000000.0,1.0,750657574.0,750754000.0,751858000.0,2.537,37536000000.0,38000000.0,69000000.0,4271000000.0,49.998,-838000000.0
20,WMB,MRQ,2016-06-30,2016-06-30,2016-06-30,2021-08-25,-369000000.0,48124000000.0,,2357000000.0,45767000000.0,,6.434,-525000000.0,135000000.0,135000000.0,795000000.0,-505000000.0,0.856,6.978,25376000000.0,982000000.0,24394000000.0,25376000000.0,0.0,446000000.0,0.0,0.118,0.64,-244000000.0,202000000.0,0.116,202000000.0,-244000000.0,-550000000.0,-0.54,-0.54,-0.54,4830000000.0,,4830000000.0,40881907381.0,-58.0,38.101,161000000.0,0.214,1.0,941000000.0,0.542,9839000000.0,306000000.0,60774000000.0,,122000000.0,7125000000.0,0.0,7125000000.0,33702000000.0,2752000000.0,30950000000.0,16233907381.0,-15000000.0,128000000.0,0.0,566000000.0,-481000000.0,-301000000.0,-400000000.0,-59000000.0,686000000.0,0.0,-405000000.0,-405000000.0,-405000000.0,0.0,-100000000.0,-0.233,1429000000.0,-488000000.0,688000000.0,-1.185,3.361,-13.252,-13.27,28249000000.0,0.0,21.63,2.254,2.255,730000000.0,-9394000000.0,1736000000.0,1736000000.0,0.0,,,,,13000000.0,158000000.0,1.0,750527387.0,750649000.0,750649000.0,2.313,38285000000.0,50000000.0,-145000000.0,4079000000.0,51.003,-395000000.0
21,WMB,MRQ,2016-03-31,2016-03-31,2016-03-31,2021-08-25,-378000000.0,48807000000.0,,1261000000.0,47546000000.0,,7.585,-513000000.0,164000000.0,164000000.0,709000000.0,-13000000.0,0.452,5.831,24812000000.0,1111000000.0,23701000000.0,24812000000.0,0.0,445000000.0,0.0,0.156,0.64,243000000.0,688000000.0,0.414,688000000.0,243000000.0,-63000000.0,-0.09,-0.09,-0.09,5691000000.0,,5691000000.0,36440555237.0,2024.0,20.541,270000000.0,0.36,1.0,951000000.0,0.573,9928000000.0,306000000.0,60738000000.0,,142000000.0,7181000000.0,0.0,7181000000.0,33183000000.0,2789000000.0,30394000000.0,12053555237.0,64000000.0,133000000.0,6000000.0,324000000.0,-480000000.0,-373000000.0,-346000000.0,-63000000.0,783000000.0,0.0,-65000000.0,-65000000.0,-65000000.0,0.0,52000000.0,-0.039,689000000.0,262000000.0,739000000.0,-7.111,2.118,-17.073,-17.096,29823000000.0,0.0,16.07,1.65,1.651,733000000.0,-8508000000.0,1660000000.0,1660000000.0,0.0,,,,,21000000.0,221000000.0,1.0,750065665.0,750332000.0,750332000.0,2.212,38879000000.0,48000000.0,2000000.0,4248000000.0,51.816,-1528000000.0
22,WMB,MRQ,2015-12-31,2015-12-31,2015-12-31,2021-08-25,-442000000.0,49020000000.0,,1527000000.0,47493000000.0,,8.198,-652000000.0,100000000.0,100000000.0,825000000.0,-1337000000.0,0.612,5.334,24487000000.0,675000000.0,23812000000.0,24487000000.0,0.0,451000000.0,0.0,0.095,0.64,-875000000.0,-424000000.0,-0.211,-424000000.0,-875000000.0,-1162000000.0,-0.95,-0.95,-0.95,6148000000.0,,6148000000.0,42855953741.0,290.0,22.723,-30000000.0,-0.04,1.0,1181000000.0,0.589,10017000000.0,287000000.0,60893000000.0,,127000000.0,7336000000.0,0.0,7336000000.0,32795000000.0,2497000000.0,30298000000.0,19268953741.0,-25000000.0,150000000.0,0.0,899000000.0,-480000000.0,-55000000.0,-592000000.0,-66000000.0,622000000.0,0.0,-715000000.0,-715000000.0,-715000000.0,0.0,-622000000.0,-0.356,1930000000.0,-749000000.0,744000000.0,-0.674,3.134,-33.746,-33.816,29579000000.0,0.0,25.7,2.618,2.616,1041000000.0,-7960000000.0,2006000000.0,2006000000.0,0.0,,,,,17000000.0,194000000.0,1.0,749764737.0,749907000.0,739221000.0,2.675,39003000000.0,0.0,-447000000.0,4218000000.0,52.01,-970000000.0
23,WMB,MRQ,2015-09-30,2015-09-30,2015-09-30,2021-08-25,-425000000.0,50819000000.0,,1264000000.0,49555000000.0,,9.852,-771000000.0,125000000.0,125000000.0,829000000.0,-173000000.0,0.328,4.408,23712000000.0,1907000000.0,21805000000.0,23712000000.0,0.0,432000000.0,0.0,0.065,0.64,175000000.0,607000000.0,0.337,607000000.0,175000000.0,-105000000.0,-0.05,-0.05,-0.05,7387000000.0,,7387000000.0,50828860447.0,32.0,15.577,-168000000.0,-0.224,1.0,970000000.0,0.539,11198000000.0,280000000.0,59350000000.0,,156000000.0,8198000000.0,0.0,8198000000.0,32559000000.0,3858000000.0,28701000000.0,27626860447.0,-79000000.0,126000000.0,6000000.0,305000000.0,-480000000.0,23000000.0,-705000000.0,-46000000.0,603000000.0,0.0,-40000000.0,-40000000.0,-40000000.0,0.0,-133000000.0,-0.022,614000000.0,356000000.0,726000000.0,-12.8,3.74,81.979,85.698,29476000000.0,0.0,36.85,3.686,3.687,704000000.0,-6764000000.0,1799000000.0,1799000000.0,0.0,,,,,19000000.0,177000000.0,1.0,749711274.0,749824000.0,749824000.0,2.399,39621000000.0,79000000.0,-65000000.0,4582000000.0,52.84,-2594000000.0
24,WMB,MRQ,2015-06-30,2015-06-30,2015-06-30,2021-08-25,-384000000.0,51163000000.0,,1426000000.0,49737000000.0,,10.581,-822000000.0,204000000.0,204000000.0,931000000.0,183000000.0,0.378,4.035,23406000000.0,2121000000.0,21285000000.0,23406000000.0,0.0,428000000.0,0.0,0.04,0.59,475000000.0,903000000.0,0.491,903000000.0,475000000.0,197000000.0,0.15,0.15,0.15,7928000000.0,,7928000000.0,65132899452.0,15.0,10.923,-8000000.0,-0.011,1.0,908000000.0,0.494,11303000000.0,278000000.0,59294000000.0,,168000000.0,8712000000.0,0.0,8712000000.0,31992000000.0,3768000000.0,28224000000.0,42982899452.0,-137000000.0,-77000000.0,11000000.0,930000000.0,-442000000.0,295000000.0,-1246000000.0,-400000000.0,814000000.0,0.0,114000000.0,114000000.0,114000000.0,0.0,69000000.0,0.062,516000000.0,392000000.0,723000000.0,3.933,5.422,20.916,21.099,29089000000.0,0.0,57.39,5.535,5.538,742000000.0,-6243000000.0,1839000000.0,1839000000.0,0.0,,,,,23000000.0,174000000.0,1.0,748961482.0,749253000.0,752775000.0,2.454,39860000000.0,77000000.0,83000000.0,4665000000.0,53.2,-2342000000.0
25,WMB,MRQ,2015-03-31,2015-03-31,2015-03-31,2021-08-25,-395000000.0,50457000000.0,,1622000000.0,48835000000.0,,10.977,-832000000.0,341000000.0,341000000.0,849000000.0,13000000.0,0.696,3.76,22491000000.0,801000000.0,21690000000.0,22491000000.0,0.0,427000000.0,0.0,0.042,0.58,373000000.0,800000000.0,0.466,800000000.0,373000000.0,100000000.0,0.09,0.09,0.09,8212000000.0,,8212000000.0,59286082771.0,14.0,10.488,-163000000.0,-0.218,1.0,867000000.0,0.505,11336000000.0,273000000.0,58941000000.0,,200000000.0,8319000000.0,0.0,8319000000.0,30876000000.0,2330000000.0,28546000000.0,37836082771.0,101000000.0,93000000.0,10000000.0,781000000.0,-434000000.0,188000000.0,-756000000.0,-83000000.0,669000000.0,0.0,70000000.0,70000000.0,70000000.0,0.0,-57000000.0,0.041,640000000.0,227000000.0,728000000.0,6.444,4.607,18.511,18.599,28536000000.0,0.0,50.59,4.976,4.977,748000000.0,-5914000000.0,1716000000.0,1716000000.0,0.0,,,,,23000000.0,196000000.0,1.0,747896477.0,748079000.0,752028000.0,2.294,39121000000.0,127000000.0,30000000.0,4577000000.0,52.295,-708000000.0
26,WMB,MRQ,2014-12-31,2014-12-31,2014-12-31,2021-08-25,-341000000.0,50455000000.0,,1890000000.0,48565000000.0,,11.736,-1088000000.0,240000000.0,240000000.0,1190000000.0,308000000.0,0.736,3.45,21582000000.0,802000000.0,20780000000.0,21582000000.0,0.0,379000000.0,0.0,0.044,0.57,574000000.0,953000000.0,0.445,953000000.0,574000000.0,309000000.0,0.24,0.24,0.24,8777000000.0,,8777000000.0,54229970772.0,13.0,9.993,-77000000.0,-0.103,1.0,951000000.0,0.444,11573000000.0,265000000.0,57657000000.0,,231000000.0,8400000000.0,0.0,8400000000.0,30283000000.0,2567000000.0,27716000000.0,33590970772.0,-62000000.0,40000000.0,2000000.0,756000000.0,-426000000.0,74000000.0,-1147000000.0,-137000000.0,1011000000.0,0.0,193000000.0,193000000.0,193000000.0,0.0,115000000.0,0.09,420000000.0,531000000.0,865000000.0,2.375,3.827,15.89,15.286,28081000000.0,0.0,44.94,4.398,4.233,972000000.0,-5548000000.0,2141000000.0,2141000000.0,0.0,,,,,17000000.0,204000000.0,1.0,747462634.0,747873000.0,752207000.0,2.863,38882000000.0,234000000.0,116000000.0,4712000000.0,51.99,-677000000.0
27,WMB,MRQ,2014-09-30,2014-09-30,2014-09-30,2021-08-25,-222000000.0,49807000000.0,,1898000000.0,47909000000.0,,12.214,-1104000000.0,302000000.0,302000000.0,1219000000.0,1708000000.0,0.648,3.19,20941000000.0,1019000000.0,19922000000.0,20941000000.0,0.0,369000000.0,0.0,0.032,0.56,2938000000.0,3307000000.0,1.598,3307000000.0,2938000000.0,2676000000.0,2.24,2.22,2.24,9129000000.0,,9129000000.0,50798706137.0,13.0,10.227,-759000000.0,-1.016,1.0,850000000.0,0.411,12794000000.0,262000000.0,54721000000.0,,284000000.0,7085000000.0,0.0,7085000000.0,29126000000.0,2931000000.0,26195000000.0,41363706137.0,-558000000.0,209000000.0,6000000.0,597000000.0,-419000000.0,171000000.0,-1074000000.0,-99000000.0,345000000.0,0.0,1678000000.0,1678000000.0,1678000000.0,0.0,30000000.0,0.811,543000000.0,307000000.0,1017000000.0,0.25,4.531,21.69,21.537,27398000000.0,0.0,55.35,5.78,5.781,860000000.0,-5315000000.0,2069000000.0,2069000000.0,0.0,,,,,13000000.0,171000000.0,1.0,747311764.0,747412000.0,752064000.0,2.768,37013000000.0,228000000.0,998000000.0,4657000000.0,49.522,-1033000000.0
28,WMB,MRQ,2014-06-30,2014-06-30,2014-06-30,2021-08-25,-194000000.0,34949000000.0,,2119000000.0,32830000000.0,,11.288,-1046000000.0,6855000000.0,6855000000.0,1032000000.0,127000000.0,0.884,2.929,16290000000.0,751000000.0,15539000000.0,16290000000.0,0.0,214000000.0,0.0,0.027,0.425,379000000.0,593000000.0,0.353,593000000.0,379000000.0,187000000.0,0.15,0.15,0.15,7863000000.0,,7863000000.0,51690029324.0,38.0,23.273,-733000000.0,-1.052,1.0,646000000.0,0.385,2262000000.0,192000000.0,39726000000.0,,276000000.0,4489000000.0,0.0,4489000000.0,23027000000.0,2396000000.0,20631000000.0,39904029324.0,-204000000.0,-5973000000.0,3394000000.0,3412000000.0,-291000000.0,6427000000.0,-6944000000.0,-18000000.0,313000000.0,0.0,103000000.0,103000000.0,103000000.0,-4000000.0,24000000.0,0.061,335000000.0,311000000.0,990000000.0,2.833,5.075,107.849,107.796,19442000000.0,0.0,58.21,5.947,6.043,576000000.0,-6574000000.0,1678000000.0,1678000000.0,0.0,,,,,12000000.0,136000000.0,1.0,685518456.0,696553000.0,700696000.0,2.409,32687000000.0,214000000.0,84000000.0,3658000000.0,46.927,-277000000.0
29,WMB,MRQ,2014-03-31,2014-03-31,2014-03-31,2021-08-25,-223000000.0,28306000000.0,,2178000000.0,26128000000.0,,6.741,-793000000.0,1064000000.0,1064000000.0,1067000000.0,196000000.0,0.854,4.244,12850000000.0,751000000.0,12099000000.0,12850000000.0,0.0,214000000.0,0.0,0.037,0.403,360000000.0,574000000.0,0.328,574000000.0,360000000.0,191000000.0,0.2,0.2,0.2,4616000000.0,,4616000000.0,38671661136.0,28.0,17.412,-347000000.0,-0.507,1.0,682000000.0,0.39,2278000000.0,169000000.0,35265000000.0,,222000000.0,4520000000.0,0.0,4520000000.0,19589000000.0,2549000000.0,17040000000.0,27773661136.0,383000000.0,6000000.0,14000000.0,1260000000.0,-276000000.0,929000000.0,-992000000.0,-228000000.0,446000000.0,0.0,140000000.0,140000000.0,140000000.0,0.0,56000000.0,0.08,262000000.0,420000000.0,1094000000.0,2.015,6.017,67.906,67.633,18711000000.0,0.0,40.58,4.085,4.087,629000000.0,-6385000000.0,1749000000.0,1749000000.0,0.0,,,,,11000000.0,150000000.0,1.0,684417475.0,684773000.0,688904000.0,2.554,26028000000.0,170000000.0,51000000.0,3528000000.0,38.01,-371000000.0
30,WMB,MRQ,2013-12-31,2013-12-31,2013-12-31,2021-08-25,-164000000.0,27142000000.0,,1683000000.0,25459000000.0,,7.116,-1030000000.0,681000000.0,681000000.0,1003000000.0,49000000.0,0.849,3.746,11579000000.0,226000000.0,11353000000.0,11579000000.0,0.0,209000000.0,0.0,0.037,0.38,284000000.0,493000000.0,0.297,493000000.0,284000000.0,127000000.0,-0.02,-0.03,-0.02,4864000000.0,,4864000000.0,36358834082.0,25.0,16.109,-515000000.0,-0.753,1.0,657000000.0,0.396,2290000000.0,157000000.0,33767000000.0,,194000000.0,4360000000.0,0.0,4360000000.0,18221000000.0,1983000000.0,16238000000.0,26359834082.0,-51000000.0,-3000000.0,4000000.0,833000000.0,-260000000.0,583000000.0,-1149000000.0,-105000000.0,515000000.0,0.0,-14000000.0,-14000000.0,-14000000.0,0.0,63000000.0,-0.008,394000000.0,263000000.0,960000000.0,-19.0,5.419,61.302,61.222,18210000000.0,0.0,38.57,3.843,3.84,600000000.0,-6248000000.0,1660000000.0,1660000000.0,0.0,,,,,9000000.0,127000000.0,1.0,683428418.0,683560000.0,687719000.0,2.428,24852000000.0,101000000.0,141000000.0,3529000000.0,36.357,-300000000.0
31,WMB,MRQ,2013-09-30,2013-09-30,2013-09-30,2021-08-25,-338000000.0,26455000000.0,,1782000000.0,24673000000.0,,7.242,-1012000000.0,732000000.0,732000000.0,979000000.0,197000000.0,0.854,3.539,10731000000.0,372000000.0,10359000000.0,10731000000.0,0.0,207000000.0,0.0,0.038,0.366,354000000.0,561000000.0,0.346,561000000.0,354000000.0,203000000.0,0.21,0.2,0.21,4948000000.0,,4948000000.0,35086967582.0,23.0,14.931,-473000000.0,-0.692,1.0,644000000.0,0.397,2305000000.0,151000000.0,32063000000.0,,230000000.0,4278000000.0,0.0,4278000000.0,17509000000.0,2086000000.0,15423000000.0,24840967582.0,-92000000.0,0.0,5000000.0,-340000000.0,-250000000.0,546000000.0,-1177000000.0,-162000000.0,539000000.0,0.0,141000000.0,141000000.0,141000000.0,0.0,56000000.0,0.087,308000000.0,336000000.0,1014000000.0,1.743,5.02,41.89,40.854,17467000000.0,0.0,36.36,3.514,3.514,590000000.0,-5973000000.0,1623000000.0,1623000000.0,0.0,,,,,8000000.0,130000000.0,1.0,683194928.0,683274000.0,687306000.0,2.375,24150000000.0,117000000.0,62000000.0,3414000000.0,35.345,-304000000.0
32,WMB,MRQ,2013-06-30,2013-06-30,2013-06-30,2021-08-25,-394000000.0,25657000000.0,,1946000000.0,23711000000.0,,6.874,-817000000.0,824000000.0,824000000.0,1092000000.0,192000000.0,0.821,3.768,11070000000.0,711000000.0,10359000000.0,11070000000.0,0.0,198000000.0,0.0,0.041,0.352,395000000.0,593000000.0,0.336,593000000.0,395000000.0,244000000.0,0.21,0.21,0.21,4694000000.0,,4694000000.0,32076052133.0,21.0,13.609,-149000000.0,-0.218,1.0,675000000.0,0.382,2320000000.0,151000000.0,31212000000.0,,174000000.0,4135000000.0,0.0,4135000000.0,17686000000.0,2371000000.0,15315000000.0,22167052133.0,122000000.0,0.0,2000000.0,459000000.0,-241000000.0,372000000.0,-918000000.0,-95000000.0,668000000.0,0.0,142000000.0,142000000.0,142000000.0,0.0,50000000.0,0.08,325000000.0,350000000.0,969000000.0,1.676,4.722,36.519,34.914,16599000000.0,0.0,32.47,3.08,3.081,698000000.0,-5863000000.0,1767000000.0,1767000000.0,0.0,,,,,11000000.0,123000000.0,1.0,682693321.0,682893000.0,686924000.0,2.588,23337000000.0,122000000.0,102000000.0,3182000000.0,34.174,-425000000.0
33,WMB,MRQ,2013-03-31,2013-03-31,2013-03-31,2021-08-25,-374000000.0,24816000000.0,,1864000000.0,22952000000.0,,7.03,-713000000.0,702000000.0,702000000.0,1050000000.0,230000000.0,1.195,3.534,10611000000.0,1000000.0,10610000000.0,10611000000.0,0.0,201000000.0,0.0,0.034,0.339,409000000.0,610000000.0,0.337,610000000.0,409000000.0,257000000.0,0.24,0.23,0.24,4795000000.0,,4795000000.0,35427215129.0,24.0,15.484,-218000000.0,-0.32,1.0,760000000.0,0.42,2335000000.0,152000000.0,30830000000.0,,190000000.0,4039000000.0,0.0,4039000000.0,16946000000.0,1560000000.0,15386000000.0,25530215129.0,-137000000.0,0.0,7000000.0,-125000000.0,-231000000.0,176000000.0,-808000000.0,-93000000.0,495000000.0,0.0,161000000.0,161000000.0,161000000.0,1000000.0,69000000.0,0.089,334000000.0,426000000.0,935000000.0,1.413,5.324,42.764,40.28,15995000000.0,0.0,37.46,3.508,3.511,760000000.0,-5765000000.0,1810000000.0,1810000000.0,0.0,,,,,9000000.0,132000000.0,1.0,681532705.0,682052000.0,687143000.0,2.654,22481000000.0,117000000.0,96000000.0,3015000000.0,32.961,304000000.0
34,WMB,MRQ,2012-12-31,2012-12-31,2012-12-31,2021-08-25,-362000000.0,24327000000.0,,1924000000.0,22403000000.0,,7.454,-877000000.0,839000000.0,839000000.0,1129000000.0,202000000.0,1.242,3.556,10736000000.0,1000000.0,10735000000.0,10736000000.0,0.0,211000000.0,0.0,0.037,0.325,375000000.0,586000000.0,0.314,586000000.0,375000000.0,228000000.0,0.23,0.22,0.23,4752000000.0,,4752000000.0,29056691677.0,16.0,11.426,-331000000.0,-0.519,1.0,740000000.0,0.396,2353000000.0,147000000.0,30322000000.0,,175000000.0,3987000000.0,0.0,3987000000.0,16900000000.0,1549000000.0,15351000000.0,20538691677.0,-157000000.0,0.0,1615000000.0,1205000000.0,-204000000.0,2538000000.0,-3241000000.0,-2369000000.0,546000000.0,0.0,149000000.0,149000000.0,149000000.0,0.0,53000000.0,0.08,360000000.0,380000000.0,920000000.0,1.413,4.322,23.91,23.554,15467000000.0,0.0,32.74,2.744,2.711,620000000.0,-5695000000.0,1869000000.0,1869000000.0,0.0,,,,,9000000.0,156000000.0,1.0,627327174.0,637504000.0,642649000.0,2.932,21974000000.0,185000000.0,79000000.0,2841000000.0,34.469,375000000.0
35,WMB,MRQ,2012-09-30,2012-09-30,2012-09-30,2021-08-25,-330000000.0,21263000000.0,,1961000000.0,19302000000.0,,4.933,-730000000.0,996000000.0,996000000.0,1032000000.0,203000000.0,1.422,4.939,9514000000.0,2000000.0,9512000000.0,9514000000.0,0.0,196000000.0,0.0,0.032,0.312,372000000.0,568000000.0,0.324,568000000.0,372000000.0,232000000.0,0.25,0.25,0.25,3092000000.0,,3092000000.0,30265563649.0,27.0,14.671,-299000000.0,-0.477,1.0,720000000.0,0.411,2376000000.0,140000000.0,26026000000.0,,161000000.0,1626000000.0,0.0,1626000000.0,15272000000.0,1379000000.0,13893000000.0,21907563649.0,317000000.0,0.0,7000000.0,476000000.0,-196000000.0,676000000.0,-790000000.0,-97000000.0,431000000.0,0.0,155000000.0,155000000.0,155000000.0,0.0,48000000.0,0.088,347000000.0,373000000.0,768000000.0,1.248,7.085,82.359,83.262,14684000000.0,0.0,34.97,2.838,2.839,624000000.0,-5648000000.0,1752000000.0,1752000000.0,0.0,,,,,9000000.0,137000000.0,1.0,626467362.0,626809000.0,632019000.0,2.795,18887000000.0,0.0,77000000.0,2648000000.0,30.132,582000000.0
36,WMB,MRQ,2012-06-30,2012-06-30,2012-06-30,2021-08-25,-357000000.0,20267000000.0,,1682000000.0,18585000000.0,,4.764,-593000000.0,679000000.0,679000000.0,1175000000.0,165000000.0,1.296,4.944,9037000000.0,4000000.0,9033000000.0,9037000000.0,0.0,181000000.0,0.0,0.035,0.3,343000000.0,524000000.0,0.284,524000000.0,343000000.0,203000000.0,0.21,0.21,0.21,2961000000.0,,2961000000.0,25626302312.0,21.0,10.808,-169000000.0,-0.272,1.0,671000000.0,0.363,2386000000.0,140000000.0,24941000000.0,,159000000.0,1533000000.0,0.0,1533000000.0,14640000000.0,1298000000.0,13342000000.0,18031302312.0,-421000000.0,-1724000000.0,902000000.0,345000000.0,-188000000.0,1554000000.0,-2399000000.0,-136000000.0,424000000.0,0.0,132000000.0,132000000.0,132000000.0,0.0,33000000.0,0.072,339000000.0,332000000.0,695000000.0,1.429,6.09,47.079,45.746,14056000000.0,0.0,28.82,2.271,2.256,636000000.0,-5607000000.0,1846000000.0,1846000000.0,0.0,,,,,9000000.0,149000000.0,1.0,625652405.0,621483000.0,626620000.0,2.97,17881000000.0,0.0,71000000.0,2555000000.0,28.772,384000000.0
37,WMB,MRQ,2012-03-31,2012-03-31,2012-03-31,2021-08-25,-367000000.0,17790000000.0,,2119000000.0,15671000000.0,,3.27,-329000000.0,1100000000.0,1100000000.0,1187000000.0,495000000.0,1.381,7.251,8695000000.0,329000000.0,8366000000.0,8695000000.0,0.0,168000000.0,0.0,0.03,0.259,697000000.0,865000000.0,0.428,865000000.0,697000000.0,556000000.0,0.71,0.7,0.71,1940000000.0,,1940000000.0,26078115435.0,19.0,9.514,105000000.0,0.177,1.0,832000000.0,0.412,668000000.0,141000000.0,23183000000.0,,186000000.0,1418000000.0,0.0,1418000000.0,14066000000.0,1534000000.0,12532000000.0,18245115435.0,211000000.0,-204000000.0,26000000.0,-25000000.0,-154000000.0,268000000.0,-491000000.0,30000000.0,434000000.0,0.0,423000000.0,423000000.0,423000000.0,0.0,72000000.0,0.21,305000000.0,527000000.0,676000000.0,0.365,9.405,38.17,38.037,12964000000.0,0.0,30.81,2.259,2.263,641000000.0,-5551000000.0,2019000000.0,2019000000.0,0.0,,,,,9000000.0,129000000.0,1.0,592181611.0,593231000.0,600520000.0,3.403,17122000000.0,0.0,133000000.0,2435000000.0,28.862,585000000.0
38,WMB,MRQ,2011-12-31,2011-12-31,2011-12-31,2021-08-25,-389000000.0,16502000000.0,,1894000000.0,14608000000.0,,2.197,-963000000.0,889000000.0,889000000.0,823000000.0,-362000000.0,1.131,10.738,8722000000.0,353000000.0,8369000000.0,8722000000.0,0.0,412000000.0,0.0,0.023,0.25,-306000000.0,106000000.0,0.05,106000000.0,-306000000.0,-440000000.0,-0.75,-0.74,-0.75,1296000000.0,,1296000000.0,27851352012.0,25.0,10.27,124000000.0,0.21,1.0,1280000000.0,0.609,44000000.0,134000000.0,22616000000.0,,169000000.0,1391000000.0,0.0,1391000000.0,13916000000.0,1675000000.0,12241000000.0,19462352012.0,-107000000.0,0.0,15000000.0,587000000.0,-148000000.0,-179000000.0,-1015000000.0,-60000000.0,1087000000.0,0.0,-444000000.0,-444000000.0,-444000000.0,0.0,82000000.0,-0.211,909000000.0,371000000.0,691000000.0,-0.333,15.017,51.762,51.594,12580000000.0,0.0,33.02,2.454,2.451,637000000.0,-5820000000.0,2103000000.0,2103000000.0,0.0,,,,,16000000.0,244000000.0,1.0,589411024.0,589966000.0,600950000.0,3.565,16458000000.0,52000000.0,4000000.0,2157000000.0,27.897,219000000.0
39,WMB,MRQ,2011-09-30,2011-09-30,2011-09-30,2021-08-25,-74000000.0,26146000000.0,,2889000000.0,23257000000.0,,13.429,-739000000.0,996000000.0,996000000.0,1392000000.0,342000000.0,1.185,2.136,9385000000.0,361000000.0,9024000000.0,9385000000.0,0.0,418000000.0,0.0,0.027,0.2,458000000.0,876000000.0,0.444,876000000.0,458000000.0,305000000.0,0.46,0.46,0.46,7909000000.0,,7909000000.0,22477704568.0,11.0,6.258,-71000000.0,-0.121,1.0,580000000.0,0.294,0.0,153000000.0,32096000000.0,,287000000.0,1991000000.0,381000000.0,1610000000.0,16893000000.0,2439000000.0,14454000000.0,14333704568.0,-170000000.0,-41000000.0,5000000.0,76000000.0,-118000000.0,-49000000.0,-789000000.0,-37000000.0,668000000.0,0.0,272000000.0,272000000.0,272000000.0,0.0,70000000.0,0.138,75000000.0,505000000.0,1174000000.0,0.435,1.812,14.42,14.402,20973000000.0,0.0,24.34,2.712,2.712,1039000000.0,33000000.0,1972000000.0,1972000000.0,0.0,,,,,11000000.0,75000000.0,1.0,588895011.0,588950000.0,597550000.0,3.348,26146000000.0,0.0,33000000.0,3609000000.0,44.394,450000000.0
40,WMB,MRQ,2011-06-30,2011-06-30,2011-06-30,2021-08-25,-95000000.0,25705000000.0,,2830000000.0,22875000000.0,,13.116,-568000000.0,1166000000.0,1166000000.0,1398000000.0,297000000.0,1.184,2.159,9310000000.0,383000000.0,8927000000.0,9310000000.0,0.0,403000000.0,0.0,0.019,0.2,491000000.0,894000000.0,0.451,894000000.0,491000000.0,336000000.0,0.39,0.38,0.39,7716000000.0,,7716000000.0,25977421158.0,96.0,14.157,305000000.0,0.518,1.0,586000000.0,0.295,0.0,155000000.0,31459000000.0,,282000000.0,1864000000.0,263000000.0,1601000000.0,16660000000.0,2390000000.0,14270000000.0,17791421158.0,243000000.0,0.0,3000000.0,200000000.0,-118000000.0,-10000000.0,-620000000.0,-67000000.0,873000000.0,0.0,227000000.0,227000000.0,227000000.0,0.0,70000000.0,0.114,81000000.0,505000000.0,988000000.0,0.513,2.306,-32.886,-32.527,20600000000.0,0.0,30.25,3.17,3.171,913000000.0,-122000000.0,1984000000.0,1984000000.0,0.0,,,,,11000000.0,78000000.0,1.0,588146154.0,588310000.0,597633000.0,3.372,25705000000.0,0.0,109000000.0,3572000000.0,43.693,440000000.0
41,WMB,MRQ,2011-03-31,2011-03-31,2011-03-31,2021-08-25,-116000000.0,25083000000.0,,2505000000.0,22578000000.0,,12.84,-526000000.0,923000000.0,923000000.0,1309000000.0,384000000.0,1.019,2.15,9109000000.0,532000000.0,8577000000.0,9109000000.0,0.0,381000000.0,0.0,0.016,0.125,455000000.0,836000000.0,0.447,836000000.0,455000000.0,299000000.0,0.55,0.54,0.55,7537000000.0,,7537000000.0,26590962914.0,119.0,15.195,285000000.0,0.486,1.0,562000000.0,0.3,0.0,156000000.0,30811000000.0,,264000000.0,1849000000.0,301000000.0,1548000000.0,16204000000.0,2458000000.0,13746000000.0,18277962914.0,128000000.0,0.0,26000000.0,0.0,-73000000.0,-104000000.0,-579000000.0,-31000000.0,811000000.0,0.0,321000000.0,321000000.0,321000000.0,0.0,63000000.0,0.172,76000000.0,486000000.0,913000000.0,0.227,2.425,-31.352,-31.18,20341000000.0,0.0,31.18,3.089,3.093,850000000.0,-230000000.0,1871000000.0,1871000000.0,0.0,,,,,14000000.0,82000000.0,1.0,586207919.0,586977000.0,596567000.0,3.188,25083000000.0,0.0,-22000000.0,3448000000.0,42.733,47000000.0
42,WMB,MRQ,2010-12-31,2010-12-31,2010-12-31,2021-08-25,-82000000.0,24972000000.0,,2530000000.0,22442000000.0,,11.627,-677000000.0,758000000.0,758000000.0,-1252000000.0,228000000.0,0.983,2.475,9108000000.0,508000000.0,8600000000.0,9108000000.0,0.0,406000000.0,0.0,0.02,0.125,580000000.0,986000000.0,-1.819,986000000.0,580000000.0,428000000.0,0.29,0.31,0.29,6803000000.0,,6803000000.0,21950628977.0,-62.0,19.054,33000000.0,0.056,1.0,710000000.0,-1.31,0.0,152000000.0,30748000000.0,,225000000.0,1240000000.0,0.0,1240000000.0,16838000000.0,2574000000.0,14264000000.0,14455628977.0,-220000000.0,-640000000.0,12000000.0,593000000.0,-74000000.0,894000000.0,-1824000000.0,-442000000.0,710000000.0,0.0,174000000.0,174000000.0,174000000.0,0.0,54000000.0,-0.321,-919000000.0,1629000000.0,432000000.0,0.431,2.125,-13.177,-13.149,11754000000.0,0.0,24.72,2.178,2.177,497000000.0,-478000000.0,-542000000.0,-542000000.0,0.0,,,,,11000000.0,148000000.0,1.0,584774635.0,585113000.0,609701000.0,-0.926,24972000000.0,0.0,254000000.0,2223000000.0,42.679,-44000000.0
43,WMB,MRQ,2010-09-30,2010-09-30,2010-09-30,2021-08-25,34000000.0,23848000000.0,,2803000000.0,21045000000.0,,12.014,-1171000000.0,1015000000.0,1015000000.0,1748000000.0,-1226000000.0,1.1,2.231,8510000000.0,508000000.0,8002000000.0,8510000000.0,0.0,374000000.0,0.0,0.025,0.125,-1255000000.0,-881000000.0,-0.383,-881000000.0,-1255000000.0,-1413000000.0,-2.16,-2.16,-2.16,7025000000.0,,7025000000.0,18090036400.0,-29.0,21.035,-527000000.0,-0.901,1.0,552000000.0,0.24,8000000.0,158000000.0,28786000000.0,,270000000.0,2139000000.0,572000000.0,1567000000.0,15672000000.0,2549000000.0,13123000000.0,11173036400.0,-586000000.0,-459000000.0,0.0,-8000000.0,-73000000.0,309000000.0,-1539000000.0,20000000.0,644000000.0,0.0,-1263000000.0,-1263000000.0,-1263000000.0,0.0,37000000.0,-0.549,1799000000.0,-1247000000.0,869000000.0,-0.058,1.59,-10.167,-10.219,18909000000.0,0.0,19.11,1.711,1.712,744000000.0,-578000000.0,2300000000.0,2300000000.0,0.0,,,,,11000000.0,122000000.0,1.0,584669618.0,584744000.0,584744000.0,3.933,23840000000.0,0.0,-150000000.0,3496000000.0,40.77,254000000.0
44,WMB,MRQ,2010-06-30,2010-06-30,2010-06-30,2021-08-25,-63000000.0,24947000000.0,,3359000000.0,21588000000.0,,13.061,-512000000.0,1601000000.0,1601000000.0,1717000000.0,222000000.0,1.585,2.086,8518000000.0,160000000.0,8358000000.0,8518000000.0,0.0,366000000.0,0.0,0.025,0.125,443000000.0,809000000.0,0.353,809000000.0,443000000.0,289000000.0,0.32,0.31,0.32,7633000000.0,,7633000000.0,17661508813.0,17.0,7.065,168000000.0,0.287,1.0,572000000.0,0.25,1011000000.0,154000000.0,28734000000.0,,279000000.0,1736000000.0,546000000.0,1190000000.0,15921000000.0,2119000000.0,13802000000.0,10680508813.0,-43000000.0,0.0,0.0,-109000000.0,-73000000.0,-225000000.0,-498000000.0,-7000000.0,680000000.0,0.0,185000000.0,185000000.0,185000000.0,0.0,37000000.0,0.081,111000000.0,461000000.0,806000000.0,0.391,1.399,34.79,34.491,18831000000.0,0.0,18.28,1.688,1.688,722000000.0,758000000.0,2289000000.0,2289000000.0,0.0,,,,,12000000.0,123000000.0,1.0,584272911.0,584414000.0,592498000.0,3.917,23936000000.0,0.0,104000000.0,3724000000.0,40.957,1240000000.0
45,WMB,MRQ,2010-03-31,2010-03-31,2010-03-31,2021-08-25,3000000.0,25129000000.0,,3589000000.0,21540000000.0,,12.969,-428000000.0,1644000000.0,1644000000.0,1917000000.0,-146000000.0,1.711,2.135,8625000000.0,10000000.0,8615000000.0,8625000000.0,0.0,361000000.0,0.0,0.019,0.11,-123000000.0,238000000.0,0.092,238000000.0,-123000000.0,-287000000.0,-0.33,-0.33,-0.33,7573000000.0,,7573000000.0,19890117080.0,20.0,8.155,189000000.0,0.324,1.0,674000000.0,0.26,1011000000.0,164000000.0,29002000000.0,,221000000.0,1967000000.0,703000000.0,1264000000.0,16167000000.0,2097000000.0,14070000000.0,13481117080.0,-223000000.0,0.0,0.0,-297000000.0,-64000000.0,-405000000.0,-435000000.0,-13000000.0,617000000.0,0.0,-193000000.0,-193000000.0,-193000000.0,0.0,47000000.0,-0.074,110000000.0,564000000.0,907000000.0,-0.333,1.78,51.065,51.333,18714000000.0,0.0,23.1,2.267,2.268,831000000.0,646000000.0,2591000000.0,2591000000.0,0.0,,,,,14000000.0,111000000.0,1.0,583598142.0,583929000.0,583929000.0,4.437,24118000000.0,0.0,-94000000.0,3708000000.0,41.303,1492000000.0
46,WMB,MRQ,2009-12-31,2009-12-31,2009-12-31,2021-08-25,-168000000.0,25280000000.0,,3793000000.0,21487000000.0,,14.481,-558000000.0,1867000000.0,1867000000.0,-661000000.0,222000000.0,1.531,1.925,8276000000.0,17000000.0,8259000000.0,8276000000.0,0.0,382000000.0,0.0,0.021,0.11,312000000.0,694000000.0,-1.066,694000000.0,312000000.0,153000000.0,0.3,0.3,0.3,8447000000.0,,8447000000.0,18929385459.0,17.0,7.242,256000000.0,0.439,1.0,10000000.0,-0.015,1011000000.0,159000000.0,28201000000.0,,222000000.0,1980000000.0,650000000.0,1330000000.0,16261000000.0,2477000000.0,13784000000.0,12292385459.0,227000000.0,0.0,0.0,45000000.0,-64000000.0,-95000000.0,-492000000.0,-10000000.0,814000000.0,0.0,172000000.0,172000000.0,172000000.0,0.0,50000000.0,-0.264,-117000000.0,127000000.0,934000000.0,0.367,1.455,43.131,43.02,18644000000.0,0.0,21.08,2.329,2.323,816000000.0,903000000.0,-651000000.0,-651000000.0,0.0,,,,,7000000.0,-50000000.0,1.0,583130240.0,583333000.0,577741000.0,-1.116,24269000000.0,0.0,-19000000.0,3656000000.0,41.604,1316000000.0
47,WMB,MRQ,2009-09-30,2009-09-30,2009-09-30,2021-08-25,-194000000.0,24952000000.0,,3490000000.0,21462000000.0,,14.246,-752000000.0,1640000000.0,1640000000.0,1537000000.0,194000000.0,1.574,1.938,8277000000.0,19000000.0,8258000000.0,8277000000.0,0.0,361000000.0,0.0,0.025,0.11,398000000.0,759000000.0,0.362,759000000.0,398000000.0,230000000.0,0.24,0.24,0.24,8307000000.0,,8307000000.0,16842608371.0,16.0,6.697,-128000000.0,-0.22,1.0,561000000.0,0.267,1011000000.0,168000000.0,28361000000.0,,232000000.0,2179000000.0,700000000.0,1479000000.0,16097000000.0,2217000000.0,13880000000.0,10417608371.0,-213000000.0,0.0,0.0,14000000.0,-64000000.0,-82000000.0,-755000000.0,-3000000.0,624000000.0,0.0,143000000.0,143000000.0,143000000.0,0.0,51000000.0,0.068,127000000.0,434000000.0,799000000.0,0.458,1.254,45.691,47.026,18464000000.0,0.0,17.87,1.336,1.336,705000000.0,795000000.0,2098000000.0,2098000000.0,0.0,,,,,11000000.0,126000000.0,1.0,582966333.0,583103000.0,590059000.0,3.598,23941000000.0,0.0,87000000.0,3466000000.0,41.058,1273000000.0
48,WMB,MRQ,2009-06-30,2009-06-30,2009-06-30,2021-08-25,-84000000.0,25026000000.0,,3899000000.0,21127000000.0,,14.334,-465000000.0,1853000000.0,1853000000.0,1392000000.0,169000000.0,1.684,1.943,8278000000.0,13000000.0,8265000000.0,8278000000.0,0.0,359000000.0,0.0,0.028,0.11,389000000.0,748000000.0,0.392,748000000.0,389000000.0,222000000.0,0.24,0.24,0.24,8324000000.0,,8324000000.0,15711304585.0,11.0,5.579,157000000.0,0.27,1.0,517000000.0,0.271,1011000000.0,167000000.0,28125000000.0,,249000000.0,2521000000.0,882000000.0,1639000000.0,16173000000.0,2315000000.0,13858000000.0,9055304585.0,67000000.0,148000000.0,0.0,-27000000.0,-64000000.0,-113000000.0,-442000000.0,-129000000.0,622000000.0,0.0,142000000.0,142000000.0,142000000.0,0.0,27000000.0,0.074,128000000.0,389000000.0,772000000.0,0.458,1.088,20.078,20.273,17966000000.0,0.0,15.61,1.017,1.019,677000000.0,716000000.0,1909000000.0,1909000000.0,0.0,,,,,25000000.0,129000000.0,1.0,580096386.0,580726000.0,588780000.0,3.287,24015000000.0,0.0,80000000.0,3378000000.0,41.353,1584000000.0
49,WMB,MRQ,2009-03-31,2009-03-31,2009-03-31,2021-08-25,37000000.0,25368000000.0,,4059000000.0,21309000000.0,,14.368,-612000000.0,1786000000.0,1786000000.0,1444000000.0,-224000000.0,1.551,1.983,8442000000.0,164000000.0,8278000000.0,8442000000.0,0.0,367000000.0,0.0,0.039,0.11,46000000.0,413000000.0,0.215,413000000.0,46000000.0,-116000000.0,-0.3,-0.29,-0.3,8326000000.0,,8326000000.0,13031448094.0,7.0,4.021,-100000000.0,-0.173,1.0,478000000.0,0.249,1011000000.0,162000000.0,28396000000.0,,242000000.0,2856000000.0,1077000000.0,1779000000.0,16512000000.0,2617000000.0,13895000000.0,6591448094.0,347000000.0,0.0,0.0,523000000.0,-64000000.0,456000000.0,-621000000.0,0.0,512000000.0,0.0,-172000000.0,-172000000.0,-172000000.0,0.0,-52000000.0,-0.089,158000000.0,320000000.0,828000000.0,-0.367,0.792,8.836,8.891,17994000000.0,0.0,11.38,0.619,0.619,683000000.0,639000000.0,1922000000.0,1922000000.0,0.0,,,,,0.0,125000000.0,1.0,579213365.0,579495000.0,582361000.0,3.317,24357000000.0,0.0,56000000.0,3374000000.0,42.031,1442000000.0
50,WMB,MRQ,2008-12-31,2008-12-31,2008-12-31,2021-08-25,-80000000.0,26006000000.0,,4411000000.0,21595000000.0,,14.576,-803000000.0,1438000000.0,1438000000.0,1402000000.0,132000000.0,1.253,2.009,7701000000.0,18000000.0,7683000000.0,7701000000.0,0.0,357000000.0,0.0,0.03,0.11,238000000.0,595000000.0,0.319,595000000.0,238000000.0,85000000.0,0.2,0.21,0.2,8440000000.0,,8440000000.0,14766204545.0,5.0,3.654,-54000000.0,-0.093,1.0,466000000.0,0.249,1011000000.0,153000000.0,27739000000.0,,260000000.0,3421000000.0,1464000000.0,1957000000.0,16952000000.0,3519000000.0,13433000000.0,8379204545.0,-85000000.0,0.0,0.0,-39000000.0,-64000000.0,-116000000.0,-718000000.0,-6000000.0,749000000.0,0.0,115000000.0,115000000.0,115000000.0,0.0,17000000.0,0.062,202000000.0,264000000.0,1052000000.0,0.55,0.993,5.909,5.934,17741000000.0,0.0,14.48,0.705,0.708,884000000.0,874000000.0,1868000000.0,1868000000.0,0.0,,,,,-2000000.0,129000000.0,1.0,578674347.0,579053000.0,586986000.0,3.226,24995000000.0,0.0,-30000000.0,3315000000.0,43.165,892000000.0
51,WMB,MRQ,2008-09-30,2008-09-30,2008-09-30,2021-08-25,102000000.0,26893000000.0,,5481000000.0,21412000000.0,,14.848,-1070000000.0,1524000000.0,1524000000.0,2344000000.0,421000000.0,1.28,2.137,7911000000.0,84000000.0,7827000000.0,7911000000.0,0.0,333000000.0,0.0,0.018,0.11,727000000.0,1060000000.0,0.331,1060000000.0,727000000.0,565000000.0,0.63,0.62,0.63,8574000000.0,,8574000000.0,19643696363.0,7.0,4.677,-230000000.0,-0.398,1.0,857000000.0,0.268,1011000000.0,162000000.0,27988000000.0,,324000000.0,4089000000.0,2091000000.0,1998000000.0,18319000000.0,4281000000.0,14038000000.0,13628696363.0,-413000000.0,0.0,-115000000.0,12000000.0,-63000000.0,-181000000.0,-1072000000.0,-38000000.0,840000000.0,0.0,366000000.0,366000000.0,366000000.0,0.0,55000000.0,0.114,134000000.0,723000000.0,1072000000.0,0.175,1.59,8.919,9.061,17649000000.0,0.0,23.65,1.113,1.115,1089000000.0,823000000.0,3201000000.0,3201000000.0,0.0,,,,,-1000000.0,133000000.0,1.0,576266231.0,577448000.0,589138000.0,5.543,25882000000.0,72000000.0,199000000.0,3525000000.0,44.821,1200000000.0
52,WMB,MRQ,2008-06-30,2008-06-30,2008-06-30,2021-08-25,-590000000.0,31216000000.0,,9936000000.0,21280000000.0,,13.116,-942000000.0,1937000000.0,1937000000.0,2697000000.0,500000000.0,1.094,3.079,7952000000.0,83000000.0,7869000000.0,7952000000.0,0.0,318000000.0,0.0,0.01,0.11,855000000.0,1173000000.0,0.321,1173000000.0,855000000.0,694000000.0,0.75,0.73,0.75,7652000000.0,,7652000000.0,29201535699.0,11.0,7.404,31000000.0,0.053,1.0,960000000.0,0.263,1011000000.0,161000000.0,27136000000.0,,341000000.0,8035000000.0,5435000000.0,2600000000.0,23564000000.0,9084000000.0,14480000000.0,23557535699.0,-303000000.0,0.0,-266000000.0,78000000.0,-64000000.0,-297000000.0,-979000000.0,-67000000.0,973000000.0,0.0,437000000.0,437000000.0,437000000.0,0.0,63000000.0,0.119,99000000.0,861000000.0,1473000000.0,0.147,3.079,17.322,17.45,16933000000.0,0.0,40.31,1.978,1.975,1642000000.0,521000000.0,3657000000.0,3657000000.0,0.0,,,,,34000000.0,131000000.0,1.0,584409221.0,583400000.0,596187000.0,6.268,30205000000.0,176000000.0,257000000.0,3026000000.0,51.774,852000000.0
53,WMB,MRQ,2008-03-31,2008-03-31,2008-03-31,2021-08-25,-262000000.0,27172000000.0,,7152000000.0,20020000000.0,,13.323,-579000000.0,2240000000.0,2240000000.0,2353000000.0,539000000.0,1.263,2.483,7884000000.0,85000000.0,7799000000.0,7884000000.0,0.0,302000000.0,0.0,0.012,0.1,928000000.0,1230000000.0,0.384,1230000000.0,928000000.0,763000000.0,0.85,0.84,0.85,7801000000.0,,7801000000.0,25494994922.0,10.0,6.713,214000000.0,0.365,1.0,851000000.0,0.266,1011000000.0,165000000.0,26141000000.0,,289000000.0,4859000000.0,2813000000.0,2046000000.0,19371000000.0,5664000000.0,13707000000.0,19293994922.0,541000000.0,0.0,-93000000.0,-46000000.0,-59000000.0,162000000.0,-414000000.0,0.0,793000000.0,0.0,500000000.0,500000000.0,500000000.0,0.0,39000000.0,0.156,-6000000.0,857000000.0,1285000000.0,0.118,2.473,14.229,14.465,16257000000.0,0.0,32.98,1.742,1.744,1334000000.0,148000000.0,3204000000.0,3204000000.0,0.0,,,,,0.0,112000000.0,1.0,585021071.0,585518000.0,598627000.0,5.472,26161000000.0,160000000.0,263000000.0,3039000000.0,44.68,1488000000.0
54,WMB,MRQ,2007-12-31,2007-12-31,2007-12-31,2021-08-25,-121000000.0,25061000000.0,,5538000000.0,19523000000.0,,10.799,-768000000.0,1699000000.0,1699000000.0,1587000000.0,315000000.0,1.25,2.931,7900000000.0,143000000.0,7757000000.0,7900000000.0,0.0,290000000.0,0.0,0.011,0.1,447000000.0,737000000.0,0.337,737000000.0,447000000.0,298000000.0,0.38,0.38,0.38,6375000000.0,,6375000000.0,27540778778.0,13.0,8.537,-208000000.0,-0.352,1.0,600000000.0,0.274,1011000000.0,149000000.0,25820000000.0,,209000000.0,3496000000.0,1736000000.0,1760000000.0,18686000000.0,4431000000.0,14255000000.0,21236378778.0,244000000.0,482000000.0,-273000000.0,-6000000.0,-59000000.0,-3000000.0,-313000000.0,4000000.0,560000000.0,0.0,225000000.0,225000000.0,225000000.0,124000000.0,90000000.0,0.103,180000000.0,420000000.0,1131000000.0,0.263,3.331,21.451,21.554,15981000000.0,0.0,35.78,2.074,2.083,1192000000.0,-293000000.0,2187000000.0,2187000000.0,0.0,,,,,12000000.0,144000000.0,1.0,593526517.0,590324000.0,604181000.0,3.705,24050000000.0,199000000.0,73000000.0,2996000000.0,40.74,1107000000.0
55,WMB,MRQ,2007-09-30,2007-09-30,2007-09-30,2021-08-25,-133000000.0,25836700000.0,,6286200000.0,19550500000.0,,10.816,-873000000.0,1585800000.0,1585800000.0,2222000000.0,198000000.0,1.185,3.002,7890200000.0,465600000.0,7424600000.0,7890200000.0,0.0,275000000.0,0.0,0.011,0.1,529000000.0,804000000.0,0.281,804000000.0,529000000.0,358000000.0,0.33,0.33,0.33,6455600000.0,,6455600000.0,26487033153.0,13.0,8.656,-180000000.0,-0.302,1.0,638000000.0,0.223,1011400000.0,171000000.0,25827000000.0,,214500000.0,3308300000.0,1068300000.0,2240000000.0,19381100000.0,5302700000.0,14078400000.0,20443933153.0,-284000000.0,11000000.0,-226000000.0,0.0,-60000000.0,-301000000.0,-676000000.0,200000000.0,693000000.0,0.0,198000000.0,198000000.0,198000000.0,30000000.0,0.0,0.069,105000000.0,533000000.0,1020500000.0,0.303,3.167,22.419,22.408,15599900000.0,0.0,34.06,1.998,1.987,955100000.0,-459600000.0,2860000000.0,2860000000.0,0.0,,,,,25000000.0,107000000.0,1.0,600232917.0,596836000.0,610651000.0,4.792,24825300000.0,307100000.0,160000000.0,3177200000.0,41.595,983500000.0
56,WMB,MRQ,2007-06-30,2007-06-30,2007-06-30,2021-08-25,-222000000.0,26046100000.0,,7208000000.0,18838100000.0,,10.714,-718000000.0,1868200000.0,1868200000.0,2180000000.0,433000000.0,1.273,3.055,7911300000.0,468100000.0,7443200000.0,7911300000.0,0.0,269000000.0,0.0,0.012,0.1,758000000.0,1027000000.0,0.364,1027000000.0,758000000.0,586000000.0,0.72,0.71,0.72,6423300000.0,,6423300000.0,24928306276.0,13.0,8.765,-33000000.0,-0.055,1.0,644000000.0,0.228,1011400000.0,172000000.0,25414400000.0,,223500000.0,3187600000.0,1000200000.0,2187400000.0,19622800000.0,5663400000.0,13959400000.0,18935906276.0,-72000000.0,-10000000.0,15000000.0,11000000.0,-60000000.0,-91000000.0,-666000000.0,8000000.0,685000000.0,0.0,433000000.0,433000000.0,433000000.0,-190000000.0,0.0,0.153,90000000.0,554000000.0,1038600000.0,0.139,2.948,23.09,23.08,14928100000.0,0.0,31.62,1.916,1.918,1030600000.0,-598000000.0,2824000000.0,2824000000.0,0.0,,,,,16000000.0,108000000.0,1.0,598858516.0,599518000.0,613172000.0,4.71,25034700000.0,363800000.0,153000000.0,3083800000.0,41.758,1544600000.0
57,WMB,MRQ,2007-03-31,2007-03-31,2007-03-31,2021-08-25,-42200000.0,25936000000.0,,6420700000.0,19515300000.0,,10.353,-509000000.0,1902800000.0,1902800000.0,1843000000.0,134000000.0,1.276,3.189,7895200000.0,387700000.0,7507500000.0,7895200000.0,0.0,248000000.0,0.0,0.013,0.09,410000000.0,658000000.0,0.278,658000000.0,410000000.0,238000000.0,0.22,0.22,0.22,6191700000.0,,6191700000.0,22634550386.0,19.0,10.598,-210000000.0,-0.351,1.0,525000000.0,0.222,1011400000.0,172000000.0,25884500000.0,,266100000.0,5665000000.0,2190300000.0,3474700000.0,19744300000.0,5032500000.0,14711800000.0,17015150386.0,-458000000.0,0.0,14000000.0,-102000000.0,-54000000.0,-116000000.0,-641000000.0,-131000000.0,299000000.0,0.0,134000000.0,134000000.0,134000000.0,36000000.0,0.0,0.057,84000000.0,441000000.0,1164100000.0,0.409,2.748,54.694,54.731,14451000000.0,0.0,28.46,1.834,1.834,1271800000.0,-970900000.0,2368000000.0,2368000000.0,0.0,,,,,17000000.0,102000000.0,1.0,597861925.0,598031000.0,611470000.0,3.96,24924600000.0,363800000.0,104000000.0,2961400000.0,41.678,1388200000.0
58,WMB,MRQ,2006-12-31,2006-12-31,2006-12-31,2021-08-25,-60000000.0,25402000000.0,,6322000000.0,19080000000.0,,10.173,-750100000.0,2269000000.0,2269000000.0,1710100000.0,146900000.0,1.347,3.183,8014000000.0,392000000.0,7622000000.0,8014000000.0,0.0,238100000.0,0.0,0.013,0.09,332700000.0,570800000.0,0.262,570800000.0,332700000.0,164900000.0,0.25,0.24,0.25,6073000000.0,,6073000000.0,21799060314.0,18.0,10.603,-174400000.0,-0.292,1.0,470300000.0,0.216,1011000000.0,167800000.0,25442000000.0,,238000000.0,3996000000.0,1286000000.0,2710000000.0,19329000000.0,4694000000.0,14635000000.0,15576360314.0,1194600000.0,33600000.0,12400000.0,588000000.0,-55200000.0,1176300000.0,-557400000.0,91300000.0,575700000.0,0.0,146900000.0,146900000.0,146900000.0,14200000.0,0.0,0.067,121100000.0,349200000.0,906000000.0,0.36,2.565,50.409,50.231,14158000000.0,0.0,26.12,1.675,1.671,981000000.0,-1034000000.0,2180400000.0,2180400000.0,0.0,,,,,11500000.0,122400000.0,1.0,596338450.0,596994000.0,610373000.0,3.652,24391000000.0,337000000.0,18000000.0,2880000000.0,40.856,1628000000.0
59,WMB,MRQ,2006-09-30,2006-09-30,2006-09-30,2021-08-25,68700000.0,24821500000.0,,5690000000.0,19131500000.0,,10.183,-756300000.0,1194800000.0,1194800000.0,2039600000.0,106200000.0,1.198,3.088,7417500000.0,142300000.0,7275200000.0,7417500000.0,0.0,220400000.0,0.0,0.014,0.09,367800000.0,588200000.0,0.234,588200000.0,367800000.0,206800000.0,0.18,0.18,0.18,6071200000.0,,6071200000.0,20586749628.0,17.0,10.031,-115300000.0,-0.193,1.0,472200000.0,0.188,1011400000.0,161000000.0,25281300000.0,,260200000.0,5979900000.0,2311300000.0,3668600000.0,18750300000.0,4751500000.0,13998800000.0,14221749628.0,94200000.0,-14300000.0,6600000.0,1000000.0,-53600000.0,-64800000.0,-482000000.0,240400000.0,641000000.0,0.0,106200000.0,106200000.0,106200000.0,6700000.0,0.0,0.042,109100000.0,363100000.0,1055000000.0,0.5,2.342,62.022,61.205,13651800000.0,0.0,23.87,1.647,1.649,1232900000.0,-1125600000.0,2511800000.0,2511800000.0,0.0,,,,,11100000.0,113000000.0,1.0,595800152.0,596199000.0,609062000.0,4.213,23810100000.0,293100000.0,100600000.0,2897700000.0,39.936,938500000.0
60,WMB,MRQ,2006-06-30,2006-06-30,2006-06-30,2021-08-25,-60200000.0,25617200000.0,,6423700000.0,19193500000.0,,9.877,-534300000.0,1098300000.0,1098300000.0,1776800000.0,-76000000.0,1.226,3.355,7463300000.0,170700000.0,7292600000.0,7463300000.0,0.0,210500000.0,0.0,0.013,0.09,108200000.0,318700000.0,0.144,318700000.0,108200000.0,-71700000.0,-0.13,-0.13,-0.13,5882300000.0,,5882300000.0,20097940352.0,20.0,11.034,-25700000.0,-0.043,1.0,443100000.0,0.2,1014500000.0,179900000.0,25728100000.0,,307700000.0,7086200000.0,2725200000.0,4361000000.0,19734900000.0,5239600000.0,14495300000.0,13902840352.0,-134600000.0,-8800000.0,4800000.0,-22900000.0,-53600000.0,147300000.0,-790500000.0,-236500000.0,508600000.0,0.0,-76000000.0,-76000000.0,-76000000.0,17200000.0,0.0,-0.034,322400000.0,120700000.0,971300000.0,-0.692,2.364,109.042,106.182,13004000000.0,0.0,23.36,1.511,1.512,1164900000.0,-1178300000.0,2219900000.0,2219900000.0,0.0,,,,,10900000.0,95800000.0,1.0,595155837.0,595561000.0,595561000.0,3.727,24602700000.0,314100000.0,4300000.0,2752900000.0,41.31,1184100000.0
61,WMB,MRQ,2006-03-31,2006-03-31,2006-03-31,2021-08-25,-121000000.0,26029000000.0,,6764800000.0,19264200000.0,,10.019,-468300000.0,1233400000.0,1233400000.0,2588700000.0,131900000.0,1.218,3.393,7428500000.0,175700000.0,7252800000.0,7428500000.0,0.0,197000000.0,0.0,0.013,0.075,383000000.0,580000000.0,0.192,580000000.0,383000000.0,220200000.0,0.22,0.22,0.22,5925500000.0,,5925500000.0,18706177017.0,16.0,9.7,-303600000.0,-0.513,1.0,438800000.0,0.145,1014500000.0,162800000.0,25654100000.0,,277800000.0,8004200000.0,3260000000.0,4744200000.0,20103500000.0,5555500000.0,14548000000.0,12719677017.0,-482200000.0,12500000.0,10200000.0,-95100000.0,-44600000.0,-155800000.0,-491100000.0,-54200000.0,164700000.0,0.0,131900000.0,131900000.0,131900000.0,-800000.0,0.0,0.044,48700000.0,390100000.0,994400000.0,0.341,2.147,51.959,50.929,12682500000.0,0.0,21.39,1.291,1.284,1173700000.0,-1048600000.0,3027500000.0,3027500000.0,0.0,,,,,10500000.0,71000000.0,1.0,594655307.0,591407000.0,607073000.0,5.119,25014500000.0,208700000.0,88300000.0,2662900000.0,42.297,1209300000.0
62,WMB,MRQ,2005-12-31,2005-12-31,2005-12-31,2021-08-25,-297800000.0,29442600000.0,,9697300000.0,19745300000.0,,9.465,-413100000.0,1726600000.0,1726600000.0,176900000.0,67200000.0,1.148,4.425,7713100000.0,122600000.0,7590500000.0,7713100000.0,0.0,194100000.0,0.0,0.011,0.075,371300000.0,565400000.0,0.647,565400000.0,371300000.0,199600000.0,0.12,0.11,0.12,5427500000.0,,5427500000.0,19552550182.0,15.0,9.67,-45400000.0,-0.079,1.0,696600000.0,0.797,1014500000.0,171700000.0,25964400000.0,,272600000.0,10844400000.0,5299700000.0,5544700000.0,24015100000.0,8450200000.0,15564900000.0,13276750182.0,236500000.0,317900000.0,6600000.0,-3100000.0,-43000000.0,-81300000.0,-49900000.0,-35300000.0,367700000.0,0.0,67200000.0,67200000.0,67200000.0,155200000.0,0.0,0.077,117500000.0,579100000.0,1360600000.0,0.625,2.446,42.283,42.127,12409200000.0,0.0,23.17,1.357,1.351,1613800000.0,-1135900000.0,873500000.0,873500000.0,0.0,,,,,3100000.0,50200000.0,1.0,573014682.0,573402000.0,609141000.0,1.523,28428100000.0,241000000.0,132400000.0,2508900000.0,49.578,1247100000.0
63,WMB,MRQ,2005-09-30,2005-09-30,2005-09-30,2021-08-25,-527400000.0,33655800000.0,,12628800000.0,21027000000.0,,9.003,-369300000.0,1445300000.0,1445300000.0,2826200000.0,4400000.0,1.067,5.53,7721100000.0,122400000.0,7598700000.0,7721100000.0,0.0,189600000.0,0.0,0.009,0.075,167800000.0,357400000.0,0.116,357400000.0,167800000.0,1800000.0,0.01,0.01,0.01,5154400000.0,,5154400000.0,20679636580.0,17.0,10.536,-80300000.0,-0.14,1.0,256100000.0,0.083,1014500000.0,166000000.0,27082800000.0,,302800000.0,15691300000.0,8636500000.0,7054800000.0,28501400000.0,11834300000.0,16667100000.0,14333136580.0,63300000.0,60800000.0,6800000.0,8900000.0,-42900000.0,84100000.0,-309800000.0,-1200000.0,289000000.0,0.0,4400000.0,4400000.0,4400000.0,1300000.0,0.0,0.001,69200000.0,186900000.0,1217000000.0,7.5,2.781,44.763,43.19,12203000000.0,0.0,25.05,1.207,1.208,1490100000.0,-1159700000.0,3082300000.0,3082300000.0,0.0,,,,,3100000.0,90600000.0,1.0,572181101.0,572543000.0,580735000.0,5.384,32641300000.0,146300000.0,-2600000.0,2268400000.0,57.011,794500000.0
64,WMB,MRQ,2005-06-30,2005-06-30,2005-06-30,2021-08-25,-342200000.0,26399700000.0,,6772600000.0,19627100000.0,,9.372,-293700000.0,1397800000.0,1397800000.0,2491600000.0,41300000.0,1.184,3.931,7744300000.0,98600000.0,7645700000.0,7744300000.0,0.0,178100000.0,0.0,0.008,0.05,247600000.0,425700000.0,0.148,425700000.0,247600000.0,83000000.0,0.07,0.07,0.07,5353600000.0,,5353600000.0,17302761184.0,12.0,8.174,195200000.0,0.342,1.0,379600000.0,0.132,1014500000.0,164600000.0,26009200000.0,,259500000.0,9359000000.0,3496400000.0,5862600000.0,21046100000.0,5722500000.0,15323600000.0,10845761184.0,87200000.0,2600000.0,8600000.0,6000000.0,-28600000.0,-25600000.0,-376100000.0,-83800000.0,488900000.0,0.0,41300000.0,41300000.0,41300000.0,-600000.0,0.0,0.014,84600000.0,295000000.0,944800000.0,0.714,2.026,26.172,25.0,11979100000.0,0.0,19.0,0.892,0.892,1227300000.0,-1121100000.0,2871200000.0,2871200000.0,0.0,,,,,4000000.0,62700000.0,1.0,570829536.0,571208000.0,578902000.0,5.027,25385200000.0,11300000.0,41700000.0,2476000000.0,44.441,1050100000.0
65,WMB,MRQ,2005-03-31,2005-03-31,2005-03-31,2021-08-25,-407400000.0,26434100000.0,,7431000000.0,19003100000.0,,9.321,-222900000.0,1292900000.0,1292900000.0,2390300000.0,201100000.0,1.188,4.024,7749900000.0,99500000.0,7650400000.0,7749900000.0,0.0,178200000.0,0.0,0.006,0.05,495300000.0,673500000.0,0.228,673500000.0,495300000.0,330600000.0,0.36,0.34,0.36,5261100000.0,,5261100000.0,17641967624.0,13.0,8.625,81500000.0,0.144,1.0,563700000.0,0.191,1014500000.0,164700000.0,25621400000.0,,222800000.0,9614100000.0,4237400000.0,5376700000.0,21173000000.0,6255200000.0,14917800000.0,10722667624.0,280000000.0,61700000.0,288000000.0,-199800000.0,-28500000.0,58800000.0,-83200000.0,-17700000.0,304400000.0,0.0,201100000.0,201100000.0,201100000.0,1100000.0,0.0,0.068,71700000.0,492000000.0,954900000.0,0.139,2.038,30.213,28.5,11852300000.0,0.0,18.81,0.869,0.86,1243400000.0,-1134000000.0,2954000000.0,2954000000.0,0.0,,,,,2800000.0,73500000.0,1.0,570051442.0,564437000.0,599422000.0,5.234,25419600000.0,120700000.0,129500000.0,2515300000.0,45.035,1175800000.0
66,WMB,MRQ,2004-12-31,2004-12-31,2004-12-31,2021-08-25,-244200000.0,23993000000.0,,6043600000.0,17949400000.0,,8.971,-248900000.0,1042700000.0,1042700000.0,2543500000.0,73400000.0,1.174,3.841,7962000000.0,250100000.0,7711900000.0,7962000000.0,0.0,173100000.0,0.0,0.005,0.05,333100000.0,506200000.0,0.171,506200000.0,333100000.0,161600000.0,0.14,0.14,0.14,4955900000.0,,4955900000.0,16938897118.0,15.0,9.421,150800000.0,0.273,1.0,420700000.0,0.142,1014500000.0,171500000.0,24751900000.0,,261100000.0,7302500000.0,2961000000.0,4341500000.0,19037100000.0,5145900000.0,13891200000.0,9064597118.0,-46700000.0,32500000.0,5900000.0,-179000000.0,-27800000.0,-230400000.0,-216000000.0,7300000.0,399700000.0,0.0,73400000.0,73400000.0,73400000.0,22100000.0,0.0,0.025,20400000.0,400300000.0,1043200000.0,0.357,1.829,55.373,52.548,11886800000.0,0.0,16.29,0.727,0.692,1422800000.0,-1306500000.0,2964200000.0,2964200000.0,0.0,,,,,9500000.0,97800000.0,1.0,556451634.0,552438000.0,578130000.0,5.366,22978500000.0,89000000.0,88200000.0,2470100000.0,41.595,897700000.0
67,WMB,MRQ,2004-09-30,2004-09-30,2004-09-30,2021-08-25,-326300000.0,25559100000.0,,7120400000.0,18438700000.0,,7.663,-209500000.0,1069400000.0,1069400000.0,2855900000.0,98600000.0,1.129,5.376,8943700000.0,276600000.0,8667100000.0,8943700000.0,0.0,166900000.0,0.0,0.003,0.01,344500000.0,511400000.0,0.152,511400000.0,344500000.0,147200000.0,0.19,0.19,0.19,4008700000.0,,4008700000.0,14873816724.0,17.0,9.798,263600000.0,0.504,1.0,519300000.0,0.154,1014500000.0,197300000.0,26112100000.0,,261700000.0,9050600000.0,4100000000.0,4950600000.0,21550400000.0,6306800000.0,15243600000.0,6320716724.0,-53600000.0,617400000.0,2800000.0,-929900000.0,-5200000.0,-936400000.0,409700000.0,1100000.0,473100000.0,0.0,98600000.0,98600000.0,98600000.0,-82400000.0,0.0,0.029,83700000.0,435600000.0,920700000.0,0.053,1.577,172.697,172.857,11816900000.0,0.0,12.1,0.486,0.486,1266600000.0,-1352100000.0,3375200000.0,3375200000.0,0.0,,,,,0.0,89400000.0,1.0,522373283.0,523111000.0,529525000.0,6.452,24544600000.0,78900000.0,48600000.0,2302600000.0,46.92,813600000.0
68,WMB,MRQ,2004-06-30,2004-06-30,2004-06-30,2021-08-25,-235500000.0,26168400000.0,,7762000000.0,18406400000.0,,7.665,-201200000.0,1206500000.0,1206500000.0,2661400000.0,-18200000.0,1.255,5.544,9759600000.0,276600000.0,9483000000.0,9759600000.0,0.0,168100000.0,0.0,0.003,0.01,186300000.0,354400000.0,0.116,354400000.0,186300000.0,-36000000.0,-0.03,-0.03,-0.03,3998900000.0,,3998900000.0,15258302934.0,17.0,9.679,311100000.0,0.596,1.0,390500000.0,0.128,1014500000.0,222300000.0,27522200000.0,,255300000.0,8734900000.0,3936100000.0,4798800000.0,22169500000.0,6184800000.0,15984700000.0,6185902934.0,-968400000.0,28200000.0,7100000.0,-1609200000.0,-5200000.0,-1603900000.0,123200000.0,293500000.0,512300000.0,0.0,-18200000.0,-18200000.0,-18200000.0,-300000.0,0.0,-0.006,106000000.0,284500000.0,1044800000.0,-0.333,1.547,139.637,132.222,11770100000.0,0.0,11.9,0.43,0.432,1461000000.0,-1445500000.0,3051900000.0,3051900000.0,0.0,,,,,0.0,82800000.0,1.0,519823776.0,521698000.0,521698000.0,5.85,25153900000.0,68200000.0,-17800000.0,2326300000.0,48.215,1577200000.0
69,WMB,MRQ,2004-03-31,2004-03-31,2004-03-31,2021-08-25,-209100000.0,27790200000.0,,9124000000.0,18666200000.0,,7.766,-127800000.0,2195800000.0,2195800000.0,2690900000.0,9900000.0,1.43,5.889,11268200000.0,443400000.0,10824800000.0,11268200000.0,0.0,160400000.0,0.0,0.004,0.01,265500000.0,425900000.0,0.139,425900000.0,265500000.0,22200000.0,0.02,0.02,0.02,4034100000.0,,4034100000.0,14426639366.0,9.0,6.6,-25000000.0,-0.048,1.0,379100000.0,0.123,1014500000.0,243300000.0,29466300000.0,,206900000.0,9097500000.0,4320700000.0,4776800000.0,23756100000.0,6381800000.0,17374300000.0,4969739366.0,-319500000.0,280800000.0,4800000.0,-738400000.0,-5200000.0,-734800000.0,312500000.0,169700000.0,102800000.0,0.0,9900000.0,9900000.0,9900000.0,-9900000.0,0.0,0.003,93800000.0,285300000.0,997300000.0,0.5,1.232,16.057,15.95,12033700000.0,0.0,9.57,0.333,0.333,1511000000.0,-1422000000.0,3070000000.0,3070000000.0,0.0,,,,,0.0,85500000.0,1.0,519304009.0,519485000.0,519485000.0,5.91,26775700000.0,104200000.0,12300000.0,2405000000.0,51.543,2742200000.0
70,WMB,MRQ,2003-12-31,2003-12-31,2003-12-31,2021-08-25,-121000000.0,27021800000.0,,8795000000.0,18226800000.0,,7.911,-221800000.0,2522600000.0,2522600000.0,3168300000.0,-53700000.0,1.403,5.587,11978300000.0,938500000.0,11039800000.0,11978300000.0,0.0,163300000.0,0.0,0.004,0.01,63000000.0,226300000.0,0.064,226300000.0,63000000.0,-195500000.0,-0.11,-0.12,-0.11,4102100000.0,,4102100000.0,14353864013.0,18.0,9.876,-146500000.0,-0.283,1.0,350900000.0,0.1,1014500000.0,258500000.0,29192200000.0,,242900000.0,7507300000.0,3260000000.0,4247300000.0,22919700000.0,6270800000.0,16648900000.0,5088564013.0,-1112700000.0,127300000.0,800000.0,-973800000.0,-5200000.0,-1086600000.0,-101400000.0,-22800000.0,75300000.0,0.0,-53700000.0,-53700000.0,-53700000.0,-94400000.0,0.0,-0.015,332300000.0,18600000.0,1186800000.0,-0.091,1.24,-9.754,-9.723,11734000000.0,0.0,9.82,0.306,0.306,1613200000.0,-1426800000.0,3519200000.0,3519200000.0,0.0,,,,,2800000.0,104200000.0,1.0,518183708.0,518506000.0,500734000.0,6.787,26007300000.0,106600000.0,-141800000.0,2453400000.0,50.158,2524200000.0
71,WMB,MRQ,2003-09-30,2003-09-30,2003-09-30,2021-08-25,-84100000.0,30301700000.0,,11330000000.0,18971700000.0,,8.095,-284400000.0,3644700000.0,3644700000.0,4387600000.0,106300000.0,1.401,6.223,12910000000.0,1919900000.0,10990100000.0,12910000000.0,0.0,164300000.0,0.0,0.004,0.01,405600000.0,569900000.0,0.12,569900000.0,405600000.0,129300000.0,0.21,0.2,0.21,4195400000.0,,4195400000.0,14446335054.0,18.0,9.988,-58500000.0,-0.113,1.0,355800000.0,0.075,1059500000.0,276300000.0,30422800000.0,,270000000.0,8931600000.0,4085300000.0,4846300000.0,26106300000.0,8084700000.0,18021600000.0,4879135054.0,201200000.0,331600000.0,300000.0,-138600000.0,-5200000.0,-131500000.0,106800000.0,56200000.0,225900000.0,0.0,106300000.0,106300000.0,106300000.0,-86300000.0,0.0,0.022,71300000.0,284500000.0,1397900000.0,0.048,1.163,-7.03,-7.083,12125300000.0,0.0,9.42,0.348,0.348,1691400000.0,-1367800000.0,4743400000.0,4743400000.0,0.0,,,,,2900000.0,96100000.0,1.0,517954889.0,518292000.0,524711000.0,9.152,29242200000.0,706700000.0,23000000.0,3127200000.0,56.42,3245300000.0
72,WMB,MRQ,2003-06-30,2003-06-30,2003-06-30,2021-08-25,-174800000.0,33853000000.0,,14283300000.0,19569700000.0,,7.724,-214700000.0,3458800000.0,3458800000.0,3024800000.0,269700000.0,1.253,7.46,13026000000.0,1816300000.0,11209700000.0,13026000000.0,0.0,162100000.0,0.0,0.005,0.01,801500000.0,963600000.0,0.267,963600000.0,801500000.0,395600000.0,0.48,0.46,0.48,4001500000.0,,4001500000.0,15812486460.0,44.0,15.596,350900000.0,0.677,1.0,587500000.0,0.163,1059500000.0,405900000.0,30961800000.0,,299500000.0,12488300000.0,7095200000.0,5393100000.0,29851500000.0,11398900000.0,18452600000.0,4089986460.0,1728100000.0,1731900000.0,100000.0,106500000.0,-30900000.0,100400000.0,1062100000.0,-437700000.0,565600000.0,0.0,269700000.0,247000000.0,247000000.0,-156000000.0,0.0,0.068,-109900000.0,697400000.0,1434400000.0,0.021,1.022,-3.714,-3.726,12188800000.0,22700000.0,7.9,0.409,0.409,1696500000.0,-1469000000.0,3612300000.0,3612300000.0,0.0,,,,,4200000.0,115400000.0,1.0,517719805.0,518090000.0,534839000.0,6.972,32793500000.0,527200000.0,125900000.0,2842800000.0,63.297,2884400000.0
73,WMB,MRQ,2003-03-31,2003-03-31,2003-03-31,2021-08-25,-48300000.0,35442300000.0,,14612400000.0,20829900000.0,,8.023,-235100000.0,2040700000.0,2040700000.0,4473500000.0,-814500000.0,1.007,7.534,13763200000.0,3272100000.0,10491100000.0,13763200000.0,0.0,167700000.0,0.0,0.05,0.01,-473000000.0,-305300000.0,-0.063,-305300000.0,-473000000.0,-825800000.0,-1.59,-1.59,-1.59,4152900000.0,,4152900000.0,14264924851.0,-20.0,-237.353,-331800000.0,-0.641,1.0,359100000.0,0.074,1082500000.0,352800000.0,31573700000.0,,383400000.0,11699000000.0,7772800000.0,3926200000.0,31289400000.0,14508600000.0,16780800000.0,2370324851.0,-234400000.0,679600000.0,0.0,-222900000.0,-12000000.0,-566300000.0,428600000.0,-5600000.0,-96700000.0,0.0,-814500000.0,-821300000.0,-821300000.0,13900000.0,0.0,-0.17,108000000.0,251100000.0,1927300000.0,-0.006,0.571,-1.391,-1.396,14677100000.0,6800000.0,4.58,0.332,0.332,2589400000.0,-1710800000.0,4832600000.0,4832600000.0,0.0,,,,,17200000.0,107400000.0,1.0,517538177.0,517652000.0,517652000.0,9.336,34359800000.0,572900000.0,-11300000.0,2799500000.0,66.376,103800000.0
74,WMB,MRQ,2002-12-31,2002-12-31,2002-12-31,2021-08-25,33800000.0,34988500000.0,,12886100000.0,22102400000.0,,9.772,-447500000.0,1941300000.0,1941300000.0,393300000.0,-219200000.0,1.14,5.93,13155700000.0,2079000000.0,11076700000.0,13155700000.0,0.0,166300000.0,0.0,0.156,0.01,51800000.0,218100000.0,0.26,218100000.0,51800000.0,-318200000.0,-0.43,-0.43,-0.43,5049000000.0,,5049000000.0,14257698924.0,115.0,18.445,416100000.0,0.805,1.0,446700000.0,0.532,1059500000.0,370000000.0,33834900000.0,,368100000.0,8358000000.0,5024300000.0,3333700000.0,29939500000.0,11308500000.0,18631000000.0,1394998924.0,443300000.0,694700000.0,2000000.0,-657300000.0,-12000000.0,-696500000.0,276200000.0,149500000.0,863600000.0,0.0,-219200000.0,-226000000.0,-226000000.0,61300000.0,0.0,-0.269,326200000.0,120500000.0,1878300000.0,-0.023,0.276,-1.651,-1.656,12026000000.0,6800000.0,2.7,0.406,0.406,2415400000.0,-884300000.0,840000000.0,840000000.0,0.0,,,,,6700000.0,122900000.0,1.0,516666268.0,516666268.0,,1.626,33929000000.0,569200000.0,-99000000.0,3353600000.0,65.669,1577600000.0
75,WMB,MRQ,2002-09-30,2002-09-30,2002-09-30,2021-08-25,131200000.0,35867700000.0,,12759900000.0,23107800000.0,,10.387,-414700000.0,1752900000.0,1752900000.0,527300000.0,-294100000.0,1.093,5.681,14615600000.0,2322000000.0,12293600000.0,14615600000.0,0.0,162300000.0,0.0,0.27,0.01,-24800000.0,137500000.0,0.191,137500000.0,-24800000.0,-366300000.0,-0.58,-0.58,-0.58,5369000000.0,,5369000000.0,14442918410.0,-14.0,-28.209,-878700000.0,-1.7,1.0,191900000.0,0.267,1087300000.0,341500000.0,35968700000.0,,820200000.0,1641600000.0,0.0,1641600000.0,30498700000.0,11674400000.0,18824300000.0,1167318410.0,519400000.0,1898100000.0,-8200000.0,-66800000.0,-12300000.0,-561400000.0,1544800000.0,103500000.0,-464000000.0,0.0,-294100000.0,-300900000.0,-300900000.0,122900000.0,0.0,-0.418,48300000.0,143600000.0,2745500000.0,-0.017,0.217,-0.629,-0.611,15386900000.0,6800000.0,2.26,-4.374,-4.377,3714500000.0,-653200000.0,719200000.0,719200000.0,0.0,,,,,9100000.0,158100000.0,1.0,516512571.0,516901000.0,516901000.0,1.391,34780400000.0,253600000.0,-72200000.0,3188900000.0,67.286,1085500000.0
76,WMB,MRQ,2002-06-30,2002-06-30,2002-06-30,2021-08-25,123900000.0,37565600000.0,,12373800000.0,25191800000.0,,10.796,-413400000.0,1043900000.0,1043900000.0,612100000.0,-349100000.0,0.99,5.686,14319500000.0,2347500000.0,11972000000.0,14319500000.0,0.0,141400000.0,0.0,0.13,0.2,-251800000.0,-110400000.0,-0.148,-110400000.0,-251800000.0,-505500000.0,-0.68,-0.68,-0.68,5618300000.0,,5618300000.0,16240266019.0,-37.0,254.949,-330400000.0,-0.635,1.0,135000000.0,0.181,1106800000.0,253700000.0,37241600000.0,,969200000.0,1750500000.0,0.0,1750500000.0,31947300000.0,12492800000.0,19454500000.0,3092766019.0,-929700000.0,37500000.0,-1700000.0,-994300000.0,-103000000.0,-425500000.0,-587200000.0,-138700000.0,83000000.0,0.0,-349100000.0,-355900000.0,-355900000.0,17300000.0,0.0,-0.476,309300000.0,-174300000.0,3423600000.0,-0.294,0.55,-2.318,-2.235,17456500000.0,6800000.0,5.99,1.776,1.79,3966400000.0,-345200000.0,747100000.0,747100000.0,0.0,,,,,7400000.0,162600000.0,1.0,516321539.0,520427000.0,520427000.0,1.436,36458800000.0,479800000.0,-156400000.0,3420900000.0,70.056,-119000000.0
77,WMB,MRQ,2002-03-31,2002-03-31,2002-03-31,2021-08-25,124200000.0,40117500000.0,,13991800000.0,26125700000.0,,11.638,-386400000.0,1703000000.0,1703000000.0,816700000.0,107700000.0,1.041,5.639,14850500000.0,2617000000.0,12233500000.0,14850500000.0,0.0,178800000.0,0.0,0.178,0.2,391500000.0,570300000.0,0.352,570300000.0,391500000.0,180700000.0,0.07,0.07,0.07,6042500000.0,,6042500000.0,22818152780.0,43.0,21.508,-1384300000.0,-2.666,1.0,805300000.0,0.496,1164300000.0,210800000.0,38657000000.0,,908300000.0,1718800000.0,0.0,1718800000.0,34075000000.0,13443700000.0,20631300000.0,12157252780.0,401900000.0,508700000.0,13100000.0,1367500000.0,-103500000.0,1529400000.0,-129600000.0,-150000000.0,-997900000.0,0.0,107700000.0,38000000.0,38000000.0,-9300000.0,0.0,0.023,165100000.0,640200000.0,2847700000.0,2.857,2.012,-19.028,-18.123,17048100000.0,69700000.0,23.56,3.105,3.124,3575600000.0,134400000.0,1622000000.0,1622000000.0,0.0,,,,,8000000.0,166100000.0,1.0,516012427.0,519224000.0,521240000.0,3.124,38953200000.0,391300000.0,73000000.0,3541700000.0,75.022,548100000.0
78,WMB,MRQ,2001-12-31,2001-12-31,2001-12-31,2021-08-25,345100000.0,38614200000.0,,12825000000.0,25789200000.0,,11.728,-298600000.0,1258500000.0,1258500000.0,-3507400000.0,-1237700000.0,0.958,5.389,11116600000.0,2423900000.0,8692700000.0,11116600000.0,0.0,47700000.0,0.0,0.162,0.2,-1157100000.0,-1109400000.0,0.331,-1109400000.0,-1157100000.0,-1341800000.0,-2.51,-2.49,-2.51,6044000000.0,,6044000000.0,24015944799.0,33.0,19.181,722800000.0,1.403,1.0,152200000.0,-0.045,1141400000.0,184700000.0,33949400000.0,,543500000.0,1555900000.0,0.0,1555900000.0,32570200000.0,13381500000.0,19188700000.0,13152044799.0,887200000.0,109300000.0,-8700000.0,679200000.0,-103100000.0,565400000.0,-699600000.0,-148300000.0,1021400000.0,0.0,-1237700000.0,-1237700000.0,-1237700000.0,1013200000.0,0.0,0.369,65100000.0,87100000.0,2571000000.0,-0.08,2.176,-27.532,-26.583,14388900000.0,0.0,25.52,2.48,2.48,2899600000.0,199600000.0,-3355200000.0,-3355200000.0,0.0,,,,,22100000.0,34800000.0,1.0,515362257.0,515362257.0,,-6.51,37472800000.0,440600000.0,-104100000.0,3689900000.0,72.712,-556500000.0
79,WMB,MRQ,2001-09-30,2001-09-30,2001-09-30,2021-08-25,377200000.0,38213100000.0,,12576700000.0,25636400000.0,,14.825,-442700000.0,413900000.0,413900000.0,1814800000.0,221300000.0,0.932,4.126,11277800000.0,2456400000.0,8821400000.0,11277800000.0,0.0,129600000.0,0.0,0.15,0.18,583600000.0,713200000.0,0.262,713200000.0,583600000.0,404100000.0,0.44,0.44,0.44,7455000000.0,,7455000000.0,22347545263.0,10.0,8.394,-666500000.0,-1.325,1.0,912500000.0,0.335,1142400000.0,179500000.0,34436300000.0,,861600000.0,1586300000.0,0.0,1586300000.0,30758100000.0,13498300000.0,17259800000.0,13240745263.0,-600700000.0,-40900000.0,16400000.0,740200000.0,-92600000.0,717100000.0,-1094000000.0,55900000.0,-223800000.0,0.0,221300000.0,221300000.0,221300000.0,-27400000.0,0.0,0.081,246100000.0,666400000.0,3371400000.0,0.409,1.776,18.604,18.828,17697200000.0,0.0,27.3,1.524,1.58,4189600000.0,1763800000.0,2727300000.0,2727300000.0,0.0,,,,,4900000.0,238400000.0,1.0,485008984.0,502877000.0,506165000.0,5.423,37070700000.0,0.0,182800000.0,3989500000.0,73.717,-921600000.0
80,WMB,MRQ,2001-06-30,2001-06-30,2001-06-30,2021-08-25,210500000.0,33625700000.0,,11243000000.0,22382700000.0,,12.113,-401200000.0,1014600000.0,1014600000.0,2119800000.0,339500000.0,0.864,4.698,10121400000.0,3138200000.0,6983200000.0,10121400000.0,0.0,175300000.0,0.0,0.123,3.604,711500000.0,886800000.0,0.304,886800000.0,711500000.0,550400000.0,0.7,0.69,0.7,5901600000.0,,5901600000.0,24679584442.0,13.0,9.768,839000000.0,1.722,1.0,801500000.0,0.274,0.0,161100000.0,29725600000.0,,751300000.0,2769600000.0,0.0,2769600000.0,27724100000.0,13006900000.0,14717200000.0,15967884442.0,680300000.0,-1183900000.0,18400000.0,975700000.0,-72800000.0,902700000.0,-1366100000.0,-144400000.0,1240200000.0,0.0,339500000.0,339500000.0,339500000.0,-10700000.0,0.0,0.116,104100000.0,697400000.0,3714100000.0,5.149,2.706,26.113,25.742,14813200000.0,0.0,32.95,1.926,1.937,3855600000.0,1635200000.0,2921300000.0,2921300000.0,0.0,,,,,6400000.0,193900000.0,1.0,484609543.0,487211000.0,491698000.0,5.996,33625700000.0,26600000.0,210900000.0,3101300000.0,69.017,-1763900000.0
81,WMB,MRQ,2001-03-31,2001-03-31,2001-03-31,2021-08-25,-136600000.0,36492600000.0,,13718800000.0,22773800000.0,,14.747,-307200000.0,237800000.0,237800000.0,2037700000.0,199200000.0,0.949,4.165,8949500000.0,2097800000.0,6851700000.0,8949500000.0,0.0,174300000.0,0.0,0.014,0.15,612100000.0,786400000.0,0.257,786400000.0,612100000.0,432100000.0,0.42,0.41,0.42,7065100000.0,,7065100000.0,33551101701.0,17.0,13.469,-516400000.0,-1.078,1.0,1020000000.0,0.334,0.0,180000000.0,30743900000.0,,672800000.0,1573000000.0,0.0,1573000000.0,29427500000.0,14460400000.0,14967100000.0,20709401701.0,-876400000.0,14500000.0,1362400000.0,-1525500000.0,-72500000.0,1167200000.0,-1834400000.0,-87600000.0,-209200000.0,0.0,199200000.0,199200000.0,199200000.0,167700000.0,0.0,0.065,234600000.0,785400000.0,3293100000.0,0.357,2.931,33.199,31.277,14546900000.0,0.0,42.85,2.683,2.66,3250700000.0,3192400000.0,3057700000.0,3057700000.0,0.0,,,,,15000000.0,224500000.0,1.0,483299923.0,479090000.0,483310000.0,6.382,36492600000.0,78500000.0,232900000.0,2869800000.0,76.171,-741600000.0
82,WMB,MRQ,2000-12-31,2000-12-31,2000-12-31,2021-08-25,28200000.0,34776600000.0,,14197400000.0,20579200000.0,,13.39,-66800000.0,996800000.0,996800000.0,-637800000.0,-48300000.0,0.902,4.902,10501300000.0,3670800000.0,6830500000.0,10501300000.0,0.0,44900000.0,0.0,0.015,0.15,231000000.0,275900000.0,-14.445,275900000.0,231000000.0,97900000.0,-0.11,-0.11,-0.11,5892000000.0,,5892000000.0,30028980568.0,18.0,13.482,30100000.0,0.068,1.0,618700000.0,-32.393,42500000.0,133100000.0,28495100000.0,,848400000.0,1368600000.0,0.0,1368600000.0,28884600000.0,15743500000.0,13141100000.0,17574180568.0,195600000.0,-571900000.0,-1300000.0,570000000.0,-66700000.0,2743600000.0,-2874000000.0,-25200000.0,96900000.0,0.0,-48300000.0,-48300000.0,-48300000.0,266900000.0,0.0,2.529,97500000.0,521200000.0,3088000000.0,-1.364,2.983,33.519,33.847,14205900000.0,0.0,39.94,2.679,2.679,3357300000.0,3065700000.0,-19100000.0,-19100000.0,0.0,,,,,14300000.0,45900000.0,1.0,440014536.0,440014536.0,,-0.043,34734100000.0,64900000.0,146200000.0,2863900000.0,78.939,-1546100000.0
83,WMB,MRQ,2000-09-30,2000-09-30,2000-09-30,2021-08-25,238600000.0,32228300000.0,,8868200000.0,23360100000.0,,13.92,-429400000.0,1027500000.0,1027500000.0,1667300000.0,121100000.0,0.887,4.202,13482300000.0,3468600000.0,10013700000.0,13482300000.0,0.0,161600000.0,0.0,0.014,0.15,415800000.0,577400000.0,0.248,577400000.0,415800000.0,233500000.0,0.27,0.27,0.27,6195400000.0,,6195400000.0,29271316226.0,16.0,12.312,-192900000.0,-0.433,1.0,662100000.0,0.284,393900000.0,182300000.0,34294700000.0,,943700000.0,3754100000.0,921000000.0,2833100000.0,26032900000.0,9994500000.0,16038400000.0,18707616226.0,595300000.0,4500000.0,31200000.0,927700000.0,-66500000.0,890700000.0,-442600000.0,-19500000.0,236500000.0,0.0,121100000.0,121100000.0,121100000.0,55400000.0,0.0,0.052,189900000.0,472200000.0,2705400000.0,0.556,3.02,26.921,27.083,18261500000.0,0.0,42.25,2.648,2.662,3024500000.0,3180700000.0,2329400000.0,2329400000.0,0.0,,,,,9200000.0,178600000.0,1.0,442783816.0,445066000.0,450294000.0,5.234,31834400000.0,259700000.0,112400000.0,2965800000.0,71.527,-1126300000.0
84,WMB,MRQ,2000-06-30,2000-06-30,2000-06-30,2021-08-25,130600000.0,28397100000.0,,6870100000.0,21527000000.0,,13.503,-381600000.0,427400000.0,427400000.0,1489400000.0,351800000.0,0.887,3.739,10991100000.0,1652000000.0,9339100000.0,10991100000.0,0.0,159600000.0,0.0,0.014,0.15,691600000.0,851200000.0,0.362,851200000.0,691600000.0,534400000.0,0.79,0.78,0.79,5992400000.0,,5992400000.0,28669137103.0,17.0,12.849,-57000000.0,-0.128,1.0,860300000.0,0.366,410000000.0,157200000.0,30809800000.0,,811200000.0,2583600000.0,32500000.0,2551100000.0,22404700000.0,7741000000.0,14663700000.0,18417337103.0,-328200000.0,-140700000.0,14000000.0,126200000.0,-66300000.0,83500000.0,-568300000.0,-53700000.0,324600000.0,0.0,351800000.0,351800000.0,351800000.0,-65400000.0,0.0,0.15,228200000.0,632100000.0,2454400000.0,0.19,3.073,30.614,30.881,17022200000.0,0.0,41.69,2.653,2.665,2769000000.0,3126100000.0,2349700000.0,2349700000.0,0.0,,,,,6400000.0,213400000.0,1.0,441768700.0,443778000.0,448617000.0,5.295,27987100000.0,177000000.0,182600000.0,2773500000.0,63.066,-870900000.0
85,WMB,MRQ,2000-03-31,2000-03-31,2000-03-31,2021-08-25,152100000.0,25799900000.0,,5993700000.0,19806200000.0,,12.886,-291400000.0,626100000.0,626100000.0,1310000000.0,99700000.0,0.948,3.521,10877900000.0,1932600000.0,8945300000.0,10877900000.0,0.0,154300000.0,0.0,0.014,0.15,368600000.0,522900000.0,0.275,522900000.0,368600000.0,200000000.0,0.22,0.22,0.22,5706900000.0,,5706900000.0,29119409870.0,25.0,16.542,-365600000.0,-0.825,1.0,589300000.0,0.31,424200000.0,168600000.0,29305100000.0,,707400000.0,3263000000.0,987000000.0,2276000000.0,20093000000.0,6322400000.0,13770600000.0,19401309870.0,-333600000.0,13400000.0,20200000.0,89500000.0,-66300000.0,33200000.0,-320800000.0,-36300000.0,-74200000.0,0.0,99700000.0,99700000.0,99700000.0,39200000.0,0.0,0.052,180800000.0,408500000.0,2172000000.0,0.682,3.4,72.664,73.233,15869400000.0,0.0,43.94,2.946,2.955,2572000000.0,2840600000.0,1899300000.0,1899300000.0,0.0,,,,,6800000.0,179900000.0,1.0,441540962.0,442884000.0,448105000.0,4.288,25375700000.0,127800000.0,100300000.0,2511600000.0,57.296,-328700000.0
86,WMB,MRQ,1999-12-31,1999-12-31,1999-12-31,2021-08-25,99500000.0,24975300000.0,,6564400000.0,18410900000.0,,12.847,276300000.0,1081600000.0,1081600000.0,229100000.0,122300000.0,1.196,3.472,10802600000.0,1572600000.0,9230000000.0,10802600000.0,0.0,60400000.0,0.0,0.02,0.15,365500000.0,425900000.0,0.878,425900000.0,365500000.0,221700000.0,0.28,0.28,0.28,5585200000.0,,5585200000.0,22559444279.0,22.0,13.689,1033600000.0,2.378,1.0,256000000.0,0.528,0.0,143800000.0,29209800000.0,,545700000.0,3400200000.0,1434800000.0,1965400000.0,19390100000.0,5486500000.0,13903600000.0,13246344279.0,800300000.0,-35300000.0,6600000.0,-733600000.0,-65300000.0,-763500000.0,676000000.0,418600000.0,757300000.0,0.0,122300000.0,122300000.0,122300000.0,198700000.0,0.0,0.252,-308600000.0,564600000.0,1972400000.0,0.536,2.372,60.596,60.94,15053700000.0,0.0,30.47,1.998,1.998,1861200000.0,2807200000.0,485100000.0,485100000.0,0.0,,,,,1800000.0,-253500000.0,1.0,434733977.0,434733977.0,,1.116,24975300000.0,203700000.0,99400000.0,2607500000.0,57.45,1077900000.0
87,WMB,MRQ,1999-09-30,1999-09-30,1999-09-30,2021-08-25,16600000.0,21367600000.0,,4256900000.0,17110700000.0,,9.691,-903000000.0,287900000.0,287900000.0,1666900000.0,28100000.0,0.803,4.051,9601000000.0,1828200000.0,7772800000.0,9601000000.0,0.0,194100000.0,0.0,0.016,0.15,237100000.0,431200000.0,0.195,431200000.0,237100000.0,68500000.0,0.06,0.06,0.06,4230400000.0,,4230400000.0,24603045184.0,32.0,16.784,-795500000.0,-1.822,1.0,540300000.0,0.245,548900000.0,168600000.0,24829800000.0,,655700000.0,1280700000.0,0.0,1280700000.0,17137200000.0,5302000000.0,11835200000.0,16208445184.0,87800000.0,11700000.0,-66200000.0,998600000.0,-66300000.0,851400000.0,-871100000.0,-53900000.0,107500000.0,0.0,28100000.0,27800000.0,27800000.0,0.0,0.0,0.013,305000000.0,235300000.0,1664800000.0,2.5,3.831,287.894,311.083,14102800000.0,300000.0,37.33,2.477,2.49,2400000000.0,2734100000.0,2207200000.0,2207200000.0,0.0,,,,,74300000.0,311200000.0,1.0,434193549.0,436546000.0,442244000.0,5.056,20818700000.0,235400000.0,40400000.0,2468400000.0,47.69,-1045100000.0
88,WMB,MRQ,1999-06-30,1999-06-30,1999-06-30,2021-08-25,76300000.0,20012500000.0,,3563600000.0,16448900000.0,,9.959,-750100000.0,200100000.0,200100000.0,1435900000.0,18100000.0,0.661,3.619,8594700000.0,2405000000.0,6189700000.0,8594700000.0,0.0,178100000.0,0.0,0.014,0.15,202200000.0,380300000.0,0.191,380300000.0,202200000.0,67600000.0,0.04,0.04,0.04,4332500000.0,,4332500000.0,26437022278.0,36.0,19.047,-118800000.0,-0.273,1.0,557100000.0,0.28,558400000.0,134600000.0,22461200000.0,,569100000.0,1341000000.0,0.0,1341000000.0,15680000000.0,5387500000.0,10292500000.0,18199122278.0,-130000000.0,9200000.0,42700000.0,34400000.0,-65800000.0,15800000.0,-777100000.0,-51300000.0,631300000.0,0.0,18100000.0,17200000.0,17200000.0,0.0,0.0,0.009,356900000.0,200200000.0,1214200000.0,3.75,4.201,310.036,323.769,13438900000.0,900000.0,42.09,2.924,2.942,1910500000.0,2784700000.0,1993000000.0,1993000000.0,0.0,,,,,0.0,323800000.0,1.0,432385894.0,435052000.0,441746000.0,4.581,19454100000.0,240600000.0,49500000.0,2489300000.0,44.717,-1823900000.0
89,WMB,MRQ,1999-03-31,1999-03-31,1999-03-31,2021-08-25,68400000.0,19172200000.0,,3305800000.0,15866400000.0,,10.022,-418100000.0,330100000.0,330100000.0,1398500000.0,52900000.0,0.67,3.427,8568000000.0,2375600000.0,6192400000.0,8568000000.0,0.0,172900000.0,0.0,0.015,0.15,237700000.0,410600000.0,0.211,410600000.0,237700000.0,94400000.0,0.12,0.12,0.12,4330500000.0,,4330500000.0,24121391000.0,32.0,17.382,-380700000.0,-0.881,1.0,545600000.0,0.281,635000000.0,143300000.0,21842400000.0,,533900000.0,1284200000.0,0.0,1284200000.0,14841700000.0,4932700000.0,9909000000.0,16814991000.0,-173200000.0,-121100000.0,82100000.0,755700000.0,-66300000.0,776300000.0,-986900000.0,-353200000.0,37400000.0,0.0,52900000.0,51300000.0,51300000.0,0.0,0.0,0.026,302200000.0,243400000.0,978300000.0,1.25,3.883,167.147,169.348,12910500000.0,1600000.0,38.95,2.8,2.803,1654400000.0,2833500000.0,1944100000.0,1944100000.0,0.0,,,,,0.0,304700000.0,1.0,431707086.0,432091000.0,437000000.0,4.499,18537200000.0,235600000.0,41500000.0,2132100000.0,42.901,-1626900000.0
90,WMB,MRQ,1998-12-31,1998-12-31,1998-12-31,2021-08-25,16700000.0,18647300000.0,,3485900000.0,15161400000.0,,9.953,-429000000.0,503300000.0,503300000.0,193900000.0,-38600000.0,0.785,3.38,7809700000.0,1443300000.0,6366400000.0,7809700000.0,0.0,141300000.0,0.0,0.019,0.15,102500000.0,243800000.0,0.61,243800000.0,102500000.0,-34400000.0,-0.1,-0.1,-0.1,4257400000.0,,4257400000.0,20516704501.0,27.0,15.042,42700000.0,0.1,1.0,205600000.0,0.515,583600000.0,136900000.0,20930900000.0,,497500000.0,866100000.0,0.0,866100000.0,14389900000.0,4439200000.0,9950700000.0,13342204501.0,414300000.0,391500000.0,-28300000.0,661300000.0,-65600000.0,752400000.0,-415600000.0,-470300000.0,471700000.0,0.0,-38600000.0,-40000000.0,-40000000.0,36400000.0,0.0,-0.1,148600000.0,57000000.0,1158200000.0,-1.5,3.134,115.818,115.519,12585300000.0,1400000.0,31.19,2.217,2.217,1724600000.0,2849500000.0,399500000.0,399500000.0,0.0,,,,,39300000.0,-41200000.0,1.0,427771866.0,427771866.0,,0.934,18063700000.0,239900000.0,4200000.0,2060800000.0,42.227,-953300000.0
91,WMB,MRQ,1998-09-30,1998-09-30,1998-09-30,2021-08-25,0.0,17733900000.0,,2973800000.0,14760100000.0,,10.083,-499200000.0,91600000.0,91600000.0,1377200000.0,32100000.0,0.803,3.104,7266100000.0,942700000.0,6323400000.0,7266100000.0,0.0,166000000.0,0.0,0.021,0.15,187300000.0,353300000.0,0.187,353300000.0,187300000.0,55800000.0,0.07,0.07,0.07,4321600000.0,,4321600000.0,19013793892.0,22.0,12.935,-378100000.0,-0.882,1.0,509600000.0,0.27,588800000.0,131500000.0,20614800000.0,,434900000.0,690700000.0,0.0,690700000.0,13412300000.0,3704800000.0,9707500000.0,12214693892.0,-43900000.0,-48700000.0,4300000.0,336400000.0,-65900000.0,369700000.0,-534700000.0,0.0,121100000.0,0.0,32100000.0,30200000.0,30200000.0,0.0,0.0,0.016,279800000.0,229800000.0,1051300000.0,2.143,2.826,63.092,62.5,12388000000.0,1900000.0,28.75,1.532,1.546,1755900000.0,2948400000.0,1886800000.0,1886800000.0,0.0,,,,,0.0,279800000.0,1.0,424858918.0,428594000.0,442080000.0,4.402,17145100000.0,227600000.0,23700000.0,2072200000.0,40.003,-731000000.0
92,WMB,MRQ,1998-06-30,1998-06-30,1998-06-30,2021-08-25,0.0,17572000000.0,,3203100000.0,14368900000.0,,10.25,-460400000.0,135500000.0,135500000.0,1259100000.0,60700000.0,0.78,3.023,6934600000.0,1091600000.0,5843000000.0,6934600000.0,0.0,150500000.0,0.0,0.017,0.15,229500000.0,380000000.0,0.214,380000000.0,229500000.0,103000000.0,0.14,0.14,0.14,4368000000.0,,4368000000.0,20498875414.0,24.0,14.117,-318800000.0,-0.748,1.0,515200000.0,0.29,598800000.0,126500000.0,19667800000.0,,482200000.0,689500000.0,0.0,689500000.0,13204000000.0,4104500000.0,9099500000.0,14308675414.0,-37700000.0,-252400000.0,21300000.0,577600000.0,-65300000.0,544100000.0,-723400000.0,0.0,141600000.0,0.0,60700000.0,59100000.0,59100000.0,0.0,0.0,0.033,275200000.0,240000000.0,1048900000.0,1.071,3.276,81.904,80.357,12067600000.0,1600000.0,33.75,1.749,1.758,1580600000.0,2982400000.0,1774300000.0,1774300000.0,0.0,,,,,0.0,248900000.0,1.0,423960753.0,426163000.0,441464000.0,4.163,16973200000.0,226000000.0,42300000.0,2069600000.0,39.828,-901400000.0
93,WMB,MRQ,1998-03-31,1998-03-31,1998-03-31,2021-08-25,0.0,16413300000.0,,2689100000.0,13724200000.0,,10.415,-374900000.0,173200000.0,173200000.0,1423100000.0,68100000.0,0.774,2.776,6363400000.0,947200000.0,5416200000.0,6363400000.0,0.0,155300000.0,0.0,0.018,0.15,231600000.0,386900000.0,0.198,386900000.0,231600000.0,113600000.0,0.16,0.16,0.16,4346600000.0,,4346600000.0,15561109728.0,17.0,10.41,-163700000.0,-0.392,1.0,535700000.0,0.273,605500000.0,118000000.0,18524800000.0,,422300000.0,424400000.0,0.0,424400000.0,12066700000.0,3473200000.0,8593500000.0,10343009728.0,51100000.0,-14800000.0,41600000.0,231900000.0,-64600000.0,228900000.0,-389000000.0,0.0,211200000.0,0.0,68100000.0,65900000.0,65900000.0,0.0,0.0,0.034,267500000.0,268200000.0,1067500000.0,0.938,2.38,44.678,57.143,11750000000.0,2200000.0,32.0,1.249,1.613,1486100000.0,2986900000.0,1958800000.0,1958800000.0,0.0,,,,,0.0,235600000.0,1.0,323219054.0,417347000.0,439031000.0,4.693,15807800000.0,219900000.0,45500000.0,2036100000.0,37.877,-784100000.0
94,WMB,MRQ,1997-12-31,1997-12-31,1997-12-31,2021-08-25,-2500000.0,16277600000.0,,2864000000.0,13413600000.0,,12.647,-337900000.0,122100000.0,122100000.0,1800300000.0,40600000.0,0.797,2.947,6124800000.0,773300000.0,5351500000.0,6124800000.0,0.0,153100000.0,0.0,0.019,0.15,196700000.0,349800000.0,0.149,349800000.0,196700000.0,77900000.0,0.09,0.09,0.09,4087800000.0,,4087800000.0,,,,-30000000.0,-0.093,1.0,550700000.0,0.234,600600000.0,118800000.0,18086600000.0,,433900000.0,388100000.0,0.0,388100000.0,12045000000.0,3593100000.0,8451900000.0,9211743039.0,-16400000.0,233100000.0,34800000.0,72300000.0,-57900000.0,48000000.0,-372300000.0,-205600000.0,307900000.0,0.0,40600000.0,38400000.0,38400000.0,6300000.0,0.0,0.016,294400000.0,256300000.0,1356200000.0,1.667,2.253,26.966,34.337,11536800000.0,2200000.0,28.5,1.117,1.117,1714900000.0,2983300000.0,2351000000.0,2351000000.0,0.0,,,,,0.0,255800000.0,1.0,323219054.0,323219054.0,,7.274,15677000000.0,236600000.0,37300000.0,2009100000.0,48.503,-729100000.0
95,WMB,MRQ,1997-09-30,1997-09-30,1997-09-30,2021-08-25,,,,,,,,-453300000.0,,,1609500000.0,13700000.0,,,,,,,,146100000.0,,0.022,0.13,189300000.0,335400000.0,0.16,335400000.0,189300000.0,70800000.0,0.03,0.03,0.03,,,,,,,-271400000.0,-0.659,1.0,489500000.0,0.233,,118500000.0,,,,,,,,,,,-46800000.0,-50300000.0,11700000.0,325900000.0,-52200000.0,266800000.0,-495500000.0,0.0,181900000.0,0.0,13700000.0,11300000.0,11300000.0,0.0,0.0,0.005,220300000.0,269200000.0,,4.333,,,,,2400000.0,23.405,,,,,2099000000.0,2099000000.0,0.0,,,,,0.0,220300000.0,1.0,,411821000.0,429155000.0,5.097,,,57100000.0,,,
96,WMB,MRQ,1997-06-30,1997-06-30,1997-06-30,2021-08-25,,,,,,,,-300800000.0,,,1419200000.0,118500000.0,,,,,,,,146100000.0,,0.023,0.13,276600000.0,422700000.0,0.226,422700000.0,276600000.0,159700000.0,0.28,0.28,0.28,,,,,,,-186700000.0,-0.454,1.0,451700000.0,0.241,,116900000.0,,,,,,,,,,,-7700000.0,-82400000.0,-9000000.0,327600000.0,-51800000.0,265700000.0,-387500000.0,0.0,114100000.0,0.0,118500000.0,115900000.0,115900000.0,0.0,0.0,0.062,201100000.0,250600000.0,,0.464,,,,,2600000.0,21.875,,,,,1870900000.0,1870900000.0,0.0,,,,,0.0,201100000.0,1.0,,411423000.0,428496000.0,4.547,,,41200000.0,,,
97,WMB,MRQ,1997-03-31,1997-03-31,1997-03-31,2021-08-25,,,,,,,,-177300000.0,,,1425600000.0,178600000.0,,,,,,,,140600000.0,,0.022,0.13,393000000.0,533600000.0,0.277,533600000.0,393000000.0,283700000.0,0.43,0.42,0.43,,,,,,,207000000.0,0.503,1.0,503000000.0,0.261,,109300000.0,,,,,,,,,,,-27100000.0,-142900000.0,-15200000.0,-85500000.0,-52500000.0,-156600000.0,-254800000.0,0.0,384300000.0,0.0,178600000.0,176000000.0,176000000.0,0.0,0.0,0.091,167500000.0,335500000.0,,0.302,,,,,2600000.0,22.31,,,,,1928600000.0,1928600000.0,0.0,,,,,0.0,171700000.0,1.0,,411604000.0,429074000.0,4.686,,,105100000.0,,,
98,WMB,MRQ,1996-12-31,1996-12-31,1996-12-31,2021-08-25,0.0,12418800000.0,,1890100000.0,10528700000.0,,,,115300000.0,115300000.0,,,0.859,2.636,4706000000.0,329100000.0,4376900000.0,4706000000.0,0.0,,0.0,0.025,0.13,,,,,,,,,,3413500000.0,,3413500000.0,,,,,,1.0,,,198100000.0,,14612100000.0,,204600000.0,190600000.0,0.0,190600000.0,8997800000.0,2199300000.0,6798500000.0,,,,,,,,,,,,,,,,,,,,757000000.0,,,,17.361,9386300000.0,,18.75,,,1070600000.0,2119500000.0,,,,,,,,,,1.0,,,,,12220700000.0,199500000.0,,1626600000.0,,-309200000.0
0,WMB,MRT,2021-06-30,2021-06-30,2021-06-30,2021-08-25,-110000000.0,45507000000.0,44813500000.0,2625000000.0,42882000000.0,0.199,9.473,-1282000000.0,1201000000.0,1201000000.0,3994000000.0,1210000000.0,0.698,2.714,23234000000.0,2143000000.0,21091000000.0,23234000000.0,0.0,1763000000.0,0.0,0.061,1.62,2770000000.0,4533000000.0,0.508,4533000000.0,2770000000.0,1581000000.0,0.94,0.94,0.94,11512000000.0,11762000000.0,11512000000.0,54359940446.0,20.0,11.992,2256000000.0,1.856,1.0,4926000000.0,0.552,7277000000.0,1189000000.0,56504000000.0,56705500000.0,194000000.0,5124000000.0,0.0,5124000000.0,31242000000.0,3759000000.0,27483000000.0,32251940446.0,68000000.0,0.0,6000000.0,266000000.0,-1966000000.0,-1882000000.0,-1588000000.0,-302000000.0,3538000000.0,0.0,1155000000.0,1152000000.0,1152000000.0,0.0,55000000.0,0.129,2428000000.0,2498000000.0,611000000.0,1.723,2.802,27.996,28.245,29299000000.0,3000000.0,26.55,3.616,3.617,999000000.0,-13022000000.0,8920000000.0,8920000000.0,0.0,0.026,0.098,0.049,0.311,67000000.0,463000000.0,1.0,1214762352.0,1215250000.0,1217476000.0,7.34,38230000000.0,0.0,426000000.0,2179000000.0,31.459,-1134000000.0
1,WMB,MRT,2021-03-31,2021-03-31,2021-03-31,2021-08-25,-100000000.0,45262000000.0,44772500000.0,2497000000.0,42765000000.0,0.188,9.634,-1185000000.0,1126000000.0,1126000000.0,3506000000.0,1203000000.0,0.706,2.631,23234000000.0,2142000000.0,21092000000.0,23234000000.0,0.0,1730000000.0,0.0,0.068,1.61,2765000000.0,4495000000.0,0.534,4495000000.0,2765000000.0,1578000000.0,0.94,0.94,0.94,11702000000.0,11937000000.0,11702000000.0,50956694363.0,18.0,11.336,2439000000.0,2.008,1.0,4912000000.0,0.584,7362000000.0,1187000000.0,56473000000.0,56857500000.0,144000000.0,5129000000.0,0.0,5129000000.0,30789000000.0,3535000000.0,27254000000.0,28754694363.0,726000000.0,0.0,6000000.0,740000000.0,-1954000000.0,-1412000000.0,-1486000000.0,-309000000.0,3624000000.0,0.0,1154000000.0,1151000000.0,1151000000.0,0.0,49000000.0,0.137,2402000000.0,2510000000.0,538000000.0,1.713,2.457,24.982,25.202,29076000000.0,3000000.0,23.69,3.416,3.418,1058000000.0,-12825000000.0,8418000000.0,8418000000.0,0.0,0.026,0.096,0.049,0.328,63000000.0,476000000.0,1.0,1213790391.0,1214646000.0,1217211000.0,6.93,37900000000.0,0.0,424000000.0,2065000000.0,31.203,-1038000000.0
2,WMB,MRT,2020-12-31,2020-12-31,2020-12-31,2021-08-25,-96000000.0,44165000000.0,44614250000.0,1429000000.0,42736000000.0,0.173,9.697,-1238000000.0,142000000.0,142000000.0,2939000000.0,198000000.0,0.616,2.514,22344000000.0,893000000.0,21451000000.0,22344000000.0,0.0,1721000000.0,0.0,0.08,1.6,1482000000.0,3203000000.0,0.415,3203000000.0,1482000000.0,290000000.0,0.17,0.17,0.17,11769000000.0,12100000000.0,11769000000.0,46645393626.0,31.0,14.563,2258000000.0,1.861,1.0,4780000000.0,0.619,7444000000.0,1192000000.0,56604000000.0,56964500000.0,136000000.0,5159000000.0,0.0,5159000000.0,29582000000.0,2319000000.0,27263000000.0,24332393626.0,-147000000.0,0.0,9000000.0,38000000.0,-1941000000.0,-2085000000.0,-1558000000.0,-325000000.0,3496000000.0,0.0,211000000.0,208000000.0,208000000.0,0.0,-13000000.0,0.027,2578000000.0,2202000000.0,482000000.0,9.412,2.067,116.983,117.941,28929000000.0,3000000.0,20.05,3.152,3.152,999000000.0,-12748000000.0,7719000000.0,7719000000.0,0.0,0.005,0.017,0.026,0.192,52000000.0,466000000.0,1.0,1213585717.0,1213631000.0,1215165000.0,6.36,36721000000.0,0.0,79000000.0,1923000000.0,30.257,-890000000.0
3,WMB,MRT,2020-09-30,2020-09-30,2020-09-30,2021-08-25,-160000000.0,44320000000.0,45083000000.0,1403000000.0,42917000000.0,0.172,9.939,-1326000000.0,70000000.0,70000000.0,3007000000.0,2000000.0,0.754,2.439,22383000000.0,432000000.0,21951000000.0,22383000000.0,0.0,1724000000.0,0.0,0.08,1.58,1535000000.0,3259000000.0,0.421,3259000000.0,1535000000.0,334000000.0,0.17,0.17,0.17,12065000000.0,12498500000.0,12065000000.0,45662424053.0,30.0,14.011,2047000000.0,1.686,1.0,4727000000.0,0.611,7531000000.0,1201000000.0,57241000000.0,56841500000.0,157000000.0,5176000000.0,0.0,5176000000.0,29422000000.0,1861000000.0,27561000000.0,23846424053.0,-177000000.0,-2000000.0,9000000.0,112000000.0,-1916000000.0,-1985000000.0,-1565000000.0,-242000000.0,3373000000.0,0.0,219000000.0,216000000.0,216000000.0,15000000.0,-217000000.0,0.028,2809000000.0,1918000000.0,464000000.0,9.294,1.976,110.4,115.588,29107000000.0,3000000.0,19.65,3.083,3.084,1011000000.0,-12376000000.0,7734000000.0,7734000000.0,0.0,0.005,0.017,0.027,0.198,52000000.0,502000000.0,1.0,1213558476.0,1213912000.0,1215335000.0,6.371,36789000000.0,0.0,115000000.0,1846000000.0,30.306,-458000000.0
4,WMB,MRT,2020-06-30,2020-06-30,2020-06-30,2021-08-25,-176000000.0,45343000000.0,45573250000.0,2338000000.0,43005000000.0,0.171,10.063,-1791000000.0,1133000000.0,1133000000.0,3087000000.0,-79000000.0,0.959,2.478,22949000000.0,626000000.0,22323000000.0,22949000000.0,0.0,1733000000.0,0.0,0.082,1.56,1418000000.0,3151000000.0,0.404,3151000000.0,1418000000.0,212000000.0,0.1,0.1,0.1,12212000000.0,12887500000.0,12212000000.0,45151006445.0,32.0,14.329,1988000000.0,1.638,1.0,4713000000.0,0.604,7609000000.0,1206000000.0,57112000000.0,56762750000.0,134000000.0,5155000000.0,0.0,5155000000.0,30263000000.0,2438000000.0,27825000000.0,23075006445.0,327000000.0,-3000000.0,10000000.0,663000000.0,-1892000000.0,-1379000000.0,-2073000000.0,-277000000.0,3779000000.0,0.0,131000000.0,128000000.0,128000000.0,15000000.0,-210000000.0,0.016,2808000000.0,1905000000.0,769000000.0,15.6,1.89,180.273,190.2,29137000000.0,3000000.0,19.02,2.958,2.959,907000000.0,-12197000000.0,7800000000.0,7800000000.0,0.0,0.003,0.01,0.025,0.182,51000000.0,518000000.0,1.0,1213196974.0,1213601000.0,1214581000.0,6.427,37734000000.0,0.0,81000000.0,1729000000.0,31.093,-100000000.0
5,WMB,MRT,2020-03-31,2020-03-31,2020-03-31,2021-08-25,-205000000.0,44629000000.0,45864750000.0,1565000000.0,43064000000.0,0.176,10.185,-1976000000.0,400000000.0,400000000.0,3375000000.0,-70000000.0,0.74,2.377,22476000000.0,628000000.0,21848000000.0,22476000000.0,0.0,1727000000.0,0.0,0.109,1.54,1413000000.0,3140000000.0,0.39,3140000000.0,1413000000.0,200000000.0,0.11,0.11,0.11,12354000000.0,13296500000.0,12354000000.0,39155802255.0,28.0,12.47,1729000000.0,1.425,1.0,4685000000.0,0.581,7688000000.0,1213000000.0,56901000000.0,56601000000.0,105000000.0,5179000000.0,0.0,5179000000.0,29370000000.0,2116000000.0,27254000000.0,17156802255.0,357000000.0,-3000000.0,10000000.0,-816000000.0,-1867000000.0,-1450000000.0,-1898000000.0,101000000.0,3705000000.0,0.0,138000000.0,135000000.0,135000000.0,15000000.0,-208000000.0,0.017,2894000000.0,1791000000.0,359000000.0,14.0,1.389,127.087,128.636,29141000000.0,3000000.0,14.15,2.129,2.13,930000000.0,-12013000000.0,8060000000.0,8060000000.0,0.0,0.003,0.01,0.025,0.175,52000000.0,543000000.0,1.0,1212494859.0,1213019000.0,1213019000.0,6.645,36941000000.0,0.0,62000000.0,1602000000.0,30.454,-551000000.0
6,WMB,MRT,2019-12-31,2019-12-31,2019-12-31,2021-08-25,-199000000.0,46040000000.0,46200000000.0,1580000000.0,44460000000.0,0.178,11.025,-2097000000.0,289000000.0,289000000.0,3534000000.0,714000000.0,0.398,2.221,22288000000.0,2140000000.0,20148000000.0,22288000000.0,0.0,1714000000.0,0.0,0.064,1.52,2403000000.0,4117000000.0,0.502,4117000000.0,2403000000.0,1185000000.0,0.7,0.7,0.7,13363000000.0,13809500000.0,13363000000.0,50759798390.0,21.0,12.329,1596000000.0,1.317,1.0,4667000000.0,0.569,7959000000.0,1218000000.0,56112000000.0,56610750000.0,125000000.0,6235000000.0,0.0,6235000000.0,29676000000.0,3968000000.0,25708000000.0,28749798390.0,121000000.0,-730000000.0,10000000.0,-142000000.0,-1842000000.0,-745000000.0,-2827000000.0,32000000.0,3693000000.0,0.0,850000000.0,847000000.0,847000000.0,15000000.0,-136000000.0,0.103,2746000000.0,1921000000.0,552000000.0,2.171,2.151,33.943,33.886,29200000000.0,3000000.0,23.72,3.506,3.506,996000000.0,-11002000000.0,8201000000.0,8201000000.0,0.0,0.018,0.061,0.042,0.293,57000000.0,558000000.0,1.0,1212048836.0,1212037000.0,1214011000.0,6.766,38081000000.0,0.0,335000000.0,1782000000.0,31.419,-2388000000.0
7,WMB,MRT,2019-09-30,2019-09-30,2019-09-30,2021-08-25,-266000000.0,46281000000.0,46015500000.0,1434000000.0,44847000000.0,0.18,11.236,-2298000000.0,247000000.0,247000000.0,3703000000.0,234000000.0,0.431,2.16,22257000000.0,1538000000.0,20719000000.0,22257000000.0,0.0,1710000000.0,0.0,0.062,1.48,1459000000.0,3169000000.0,0.382,3169000000.0,1459000000.0,240000000.0,-0.03,-0.02,-0.03,13621000000.0,14133750000.0,13621000000.0,50629258896.0,35.0,15.976,1366000000.0,1.127,1.0,4595000000.0,0.554,8041000000.0,1219000000.0,56926000000.0,57075250000.0,129000000.0,6228000000.0,0.0,6228000000.0,29422000000.0,3324000000.0,26098000000.0,29161258896.0,205000000.0,568000000.0,10000000.0,-815000000.0,-1794000000.0,-1373000000.0,-2086000000.0,-205000000.0,3664000000.0,0.0,155000000.0,152000000.0,152000000.0,0.0,79000000.0,0.018,3542000000.0,1053000000.0,602000000.0,-49.333,2.141,191.85,-802.0,29613000000.0,3000000.0,24.06,3.514,3.515,875000000.0,-10664000000.0,8298000000.0,8298000000.0,0.0,0.003,0.011,0.026,0.176,56000000.0,543000000.0,1.0,1212022398.0,1212270000.0,1214165000.0,6.845,38240000000.0,0.0,85000000.0,1651000000.0,31.544,-1890000000.0
8,WMB,MRT,2019-06-30,2019-06-30,2019-06-30,2021-08-25,-265000000.0,46509000000.0,46233500000.0,2028000000.0,44481000000.0,0.186,11.425,-2220000000.0,806000000.0,806000000.0,4095000000.0,192000000.0,0.598,2.125,22274000000.0,1563000000.0,20711000000.0,22274000000.0,0.0,1700000000.0,0.0,0.051,1.44,1463000000.0,3163000000.0,0.368,3163000000.0,1463000000.0,261000000.0,-0.08,-0.07,-0.08,13848000000.0,14631000000.0,13848000000.0,57213037081.0,39.0,18.088,1332000000.0,1.099,1.0,4507000000.0,0.524,8123000000.0,1202000000.0,56465000000.0,57416500000.0,134000000.0,6261000000.0,0.0,6261000000.0,29428000000.0,3389000000.0,26039000000.0,33978037081.0,531000000.0,569000000.0,10000000.0,144000000.0,-1744000000.0,-541000000.0,-2480000000.0,-798000000.0,3552000000.0,0.0,63000000.0,61000000.0,61000000.0,0.0,129000000.0,0.007,3581000000.0,926000000.0,627000000.0,-18.0,2.454,557.017,-350.5,29131000000.0,2000000.0,28.04,3.95,3.951,879000000.0,-10423000000.0,8602000000.0,8602000000.0,0.0,0.001,0.004,0.025,0.17,55000000.0,587000000.0,1.0,1211770224.0,1212045000.0,1214065000.0,7.097,38386000000.0,0.0,198000000.0,1567000000.0,31.67,-1361000000.0
9,WMB,MRT,2019-03-31,2019-03-31,2019-03-31,2021-08-25,-267000000.0,45970000000.0,46199750000.0,1287000000.0,44683000000.0,0.187,11.891,-2500000000.0,43000000.0,43000000.0,4251000000.0,137000000.0,0.309,2.099,23278000000.0,2575000000.0,20703000000.0,23278000000.0,0.0,1710000000.0,0.0,0.049,1.4,1224000000.0,2934000000.0,0.339,2934000000.0,1224000000.0,40000000.0,-0.18,-0.17,-0.18,14406000000.0,13505250000.0,14406000000.0,57025381873.0,47.0,19.436,874000000.0,0.721,1.0,4401000000.0,0.509,8096000000.0,1184000000.0,56940000000.0,57562750000.0,129000000.0,6544000000.0,0.0,6544000000.0,30245000000.0,4169000000.0,26076000000.0,34779381873.0,-1249000000.0,569000000.0,11000000.0,584000000.0,-1565000000.0,-1438000000.0,-3185000000.0,-1210000000.0,3374000000.0,0.0,-112000000.0,-114000000.0,-114000000.0,0.0,249000000.0,-0.013,3563000000.0,838000000.0,620000000.0,-7.778,2.414,-305.082,-159.556,29081000000.0,2000000.0,28.72,4.02,4.021,929000000.0,-10270000000.0,8652000000.0,8652000000.0,0.0,-0.002,-0.008,0.021,0.141,55000000.0,565000000.0,1.0,1210981263.0,1211489000.0,1213592000.0,7.142,37874000000.0,0.0,152000000.0,1601000000.0,31.262,-2882000000.0
10,WMB,MRT,2018-12-31,2018-12-31,2018-12-31,2021-08-25,-270000000.0,45302000000.0,46470250000.0,1464000000.0,43838000000.0,0.187,15.057,-2852000000.0,168000000.0,168000000.0,4351000000.0,193000000.0,0.808,1.999,22414000000.0,47000000.0,22367000000.0,22414000000.0,0.0,1725000000.0,0.0,0.062,1.36,1143000000.0,2868000000.0,0.33,2868000000.0,1143000000.0,-17000000.0,-0.16,-0.16,-0.16,14660000000.0,12272000000.0,14660000000.0,48915451784.0,43.0,17.056,441000000.0,0.453,1.0,4335000000.0,0.499,7767000000.0,1160000000.0,57970000000.0,57535750000.0,130000000.0,7821000000.0,0.0,7821000000.0,29305000000.0,1811000000.0,27494000000.0,26692451784.0,-731000000.0,1296000000.0,15000000.0,696000000.0,-1386000000.0,-1299000000.0,-2725000000.0,-1132000000.0,3293000000.0,0.0,-155000000.0,-156000000.0,-156000000.0,0.0,348000000.0,-0.018,3567000000.0,768000000.0,662000000.0,-8.5,1.821,-171.105,-137.812,27504000000.0,1000000.0,22.05,3.073,2.472,992000000.0,-10002000000.0,8686000000.0,8686000000.0,0.0,-0.003,-0.013,0.02,0.132,55000000.0,569000000.0,1.0,1210542031.0,973626000.0,973626000.0,8.921,37535000000.0,0.0,138000000.0,1524000000.0,38.552,-347000000.0
11,WMB,MRT,2018-09-30,2018-09-30,2018-09-30,2021-08-25,-291000000.0,47153000000.0,46732750000.0,1984000000.0,45169000000.0,0.186,15.25,-2806000000.0,42000000.0,42000000.0,4354000000.0,2361000000.0,0.719,1.934,22265000000.0,856000000.0,21409000000.0,22265000000.0,0.0,1718000000.0,0.0,0.049,1.32,1430000000.0,3148000000.0,0.361,3148000000.0,1430000000.0,300000000.0,2.51,2.5,2.51,15610000000.0,11021000000.0,15610000000.0,43552587800.0,30.0,13.835,383000000.0,0.374,1.0,4356000000.0,0.5,8324000000.0,1130000000.0,58291000000.0,56781000000.0,153000000.0,7427000000.0,0.0,7427000000.0,30194000000.0,2761000000.0,27433000000.0,22512587800.0,-1130000000.0,11000000.0,16000000.0,1206000000.0,-1222000000.0,-774000000.0,-3545000000.0,-832000000.0,3189000000.0,0.0,2103000000.0,2103000000.0,2103000000.0,0.0,258000000.0,0.241,2014000000.0,2342000000.0,739000000.0,0.526,1.442,10.705,10.833,28674000000.0,0.0,27.19,2.585,3.195,883000000.0,-9018000000.0,8710000000.0,8710000000.0,0.0,0.045,0.191,0.025,0.164,60000000.0,578000000.0,1.0,827973071.0,1023587000.0,1026504000.0,8.509,38829000000.0,0.0,-1803000000.0,1648000000.0,37.934,-777000000.0
12,WMB,MRT,2018-06-30,2018-06-30,2018-06-30,2021-08-25,-293000000.0,46374000000.0,46474500000.0,1541000000.0,44833000000.0,0.179,11.288,-2686000000.0,275000000.0,275000000.0,4052000000.0,2286000000.0,0.787,3.309,21315000000.0,2000000.0,21313000000.0,21315000000.0,0.0,1726000000.0,0.0,0.047,1.28,1157000000.0,2883000000.0,0.347,2883000000.0,1157000000.0,38000000.0,2.42,2.41,2.42,9345000000.0,9145750000.0,9345000000.0,43024529791.0,37.0,14.924,462000000.0,0.558,1.0,4246000000.0,0.512,8406000000.0,1119000000.0,57050000000.0,55905750000.0,153000000.0,6810000000.0,0.0,6810000000.0,30927000000.0,1958000000.0,28969000000.0,22436529791.0,-1643000000.0,2067000000.0,17000000.0,-2129000000.0,-1059000000.0,-3990000000.0,-801000000.0,-144000000.0,3148000000.0,0.0,2007000000.0,2007000000.0,2007000000.0,0.0,279000000.0,0.242,3226000000.0,1020000000.0,893000000.0,0.529,2.401,11.179,11.202,28953000000.0,0.0,27.11,2.704,2.705,844000000.0,-8735000000.0,8298000000.0,8298000000.0,0.0,0.043,0.219,0.021,0.139,64000000.0,542000000.0,1.0,827610837.0,827868000.0,830107000.0,10.023,37968000000.0,0.0,-1969000000.0,3267000000.0,45.862,-417000000.0
13,WMB,MRT,2018-03-31,2018-03-31,2018-03-31,2021-08-25,-294000000.0,47052000000.0,47073500000.0,2399000000.0,44653000000.0,0.173,11.448,-2400000000.0,1292000000.0,1292000000.0,3931000000.0,2210000000.0,1.109,3.288,21880000000.0,501000000.0,21379000000.0,21880000000.0,0.0,1725000000.0,0.0,0.05,1.24,1108000000.0,2833000000.0,0.348,2833000000.0,1108000000.0,-3000000.0,2.36,2.35,2.36,9473000000.0,8886000000.0,9473000000.0,40603357573.0,37.0,14.332,656000000.0,0.793,1.0,4200000000.0,0.517,8644000000.0,1111000000.0,56832000000.0,55806000000.0,160000000.0,6513000000.0,0.0,6513000000.0,31149000000.0,2164000000.0,28985000000.0,20567357573.0,653000000.0,2067000000.0,19000000.0,-109000000.0,-1025000000.0,-1948000000.0,-455000000.0,-101000000.0,3056000000.0,0.0,1953000000.0,1953000000.0,1953000000.0,0.0,257000000.0,0.24,3212000000.0,988000000.0,776000000.0,0.525,2.171,10.531,10.534,28847000000.0,0.0,24.86,2.529,2.53,743000000.0,-8587000000.0,8131000000.0,8131000000.0,0.0,0.041,0.22,0.02,0.136,71000000.0,565000000.0,1.0,827327336.0,827509000.0,830197000.0,9.826,38408000000.0,0.0,-1956000000.0,3196000000.0,46.414,235000000.0
14,WMB,MRT,2017-12-31,2017-12-31,2017-12-31,2021-08-25,-238000000.0,46352000000.0,47188500000.0,2179000000.0,44173000000.0,0.17,11.688,-2014000000.0,899000000.0,899000000.0,3876000000.0,2509000000.0,0.824,3.125,20935000000.0,501000000.0,20434000000.0,20935000000.0,0.0,1736000000.0,0.0,0.039,1.2,1316000000.0,3052000000.0,0.38,3052000000.0,1316000000.0,200000000.0,2.63,2.62,2.63,9656000000.0,8628750000.0,9656000000.0,45104502279.0,34.0,14.779,1075000000.0,1.301,1.0,4155000000.0,0.517,8791000000.0,1116000000.0,54951000000.0,55868750000.0,113000000.0,6552000000.0,0.0,6552000000.0,30177000000.0,2646000000.0,27531000000.0,25207502279.0,729000000.0,2067000000.0,2131000000.0,-2702000000.0,-992000000.0,-2460000000.0,100000000.0,68000000.0,3089000000.0,0.0,2174000000.0,2174000000.0,2174000000.0,0.0,335000000.0,0.271,3228000000.0,927000000.0,978000000.0,0.456,2.611,11.595,11.593,28211000000.0,0.0,30.49,3.139,3.137,976000000.0,-8434000000.0,8031000000.0,8031000000.0,0.0,0.046,0.252,0.024,0.164,78000000.0,594000000.0,1.0,826746549.0,826177000.0,828518000.0,9.721,37561000000.0,0.0,-1974000000.0,3147000000.0,45.464,-467000000.0
15,WMB,MRT,2017-09-30,2017-09-30,2017-09-30,2021-08-25,-331000000.0,46120000000.0,47309250000.0,2293000000.0,43827000000.0,0.169,9.808,-1729000000.0,1172000000.0,1172000000.0,3744000000.0,924000000.0,0.974,3.852,21069000000.0,502000000.0,20567000000.0,21069000000.0,0.0,1745000000.0,0.0,0.037,1.1,1790000000.0,3535000000.0,0.442,3535000000.0,1790000000.0,647000000.0,0.57,0.57,0.57,8109000000.0,7375500000.0,8109000000.0,46165792729.0,26.0,13.06,2560000000.0,3.096,1.0,4257000000.0,0.532,8873000000.0,1143000000.0,54790000000.0,56519750000.0,144000000.0,6615000000.0,0.0,6615000000.0,31238000000.0,2354000000.0,28884000000.0,24807792729.0,1095000000.0,2023000000.0,2131000000.0,-3785000000.0,-894000000.0,-3365000000.0,171000000.0,86000000.0,4289000000.0,0.0,472000000.0,472000000.0,472000000.0,0.0,452000000.0,0.059,3700000000.0,557000000.0,773000000.0,1.93,3.059,52.559,52.649,27709000000.0,0.0,30.01,3.101,3.101,783000000.0,-9872000000.0,8001000000.0,8001000000.0,0.0,0.01,0.064,0.032,0.224,79000000.0,618000000.0,1.0,826650874.0,826779000.0,829368000.0,9.677,37247000000.0,0.0,175000000.0,5211000000.0,45.051,-61000000.0
16,WMB,MRT,2017-06-30,2017-06-30,2017-06-30,2021-08-25,-331000000.0,48770000000.0,47601250000.0,3969000000.0,44801000000.0,0.168,10.051,-1641000000.0,1918000000.0,1918000000.0,3692000000.0,930000000.0,0.993,4.044,23276000000.0,1951000000.0,21325000000.0,23276000000.0,0.0,1747000000.0,0.0,0.033,1.0,1892000000.0,3639000000.0,0.454,3639000000.0,1892000000.0,720000000.0,0.61,0.61,0.61,8306000000.0,6563250000.0,8306000000.0,46205599612.0,24.0,12.697,2571000000.0,3.111,1.0,4323000000.0,0.539,9481000000.0,1172000000.0,56651000000.0,57750500000.0,150000000.0,6675000000.0,0.0,6675000000.0,33589000000.0,3996000000.0,29593000000.0,25019599612.0,1769000000.0,759000000.0,2128000000.0,-2044000000.0,-796000000.0,-1530000000.0,-913000000.0,100000000.0,4212000000.0,0.0,500000000.0,500000000.0,500000000.0,0.0,430000000.0,0.062,2600000000.0,1723000000.0,734000000.0,1.639,3.012,50.039,49.639,28042000000.0,0.0,30.28,3.122,3.122,693000000.0,-9654000000.0,8015000000.0,8015000000.0,0.0,0.011,0.076,0.033,0.236,83000000.0,657000000.0,1.0,826274756.0,826426000.0,828575000.0,9.698,39289000000.0,0.0,220000000.0,5200000000.0,47.541,-27000000.0
17,WMB,MRT,2017-03-31,2017-03-31,2017-03-31,2021-08-25,-334000000.0,47512000000.0,47439750000.0,2845000000.0,44667000000.0,0.165,10.241,-1672000000.0,639000000.0,639000000.0,3558000000.0,232000000.0,1.391,3.802,21825000000.0,0.0,21825000000.0,21825000000.0,0.0,1760000000.0,0.0,0.045,1.34,1222000000.0,2982000000.0,0.381,2982000000.0,1222000000.0,24000000.0,-0.03,-0.03,-0.03,8444000000.0,5694250000.0,8444000000.0,47768129734.0,39.0,16.019,2427000000.0,2.943,1.0,4269000000.0,0.545,9570000000.0,1198000000.0,57083000000.0,58781250000.0,148000000.0,6738000000.0,0.0,6738000000.0,32103000000.0,2045000000.0,30058000000.0,24436129734.0,475000000.0,887000000.0,2125000000.0,-2928000000.0,-1029000000.0,-2836000000.0,-788000000.0,68000000.0,4099000000.0,0.0,14000000.0,14000000.0,14000000.0,0.0,218000000.0,0.002,3412000000.0,857000000.0,680000000.0,-44.667,2.894,1745.438,-986.333,27762000000.0,0.0,29.59,3.122,3.117,867000000.0,-9487000000.0,7827000000.0,7827000000.0,0.0,0.0,0.002,0.021,0.156,73000000.0,662000000.0,1.0,825823918.0,824548000.0,826476000.0,9.492,37942000000.0,0.0,10000000.0,5133000000.0,46.016,800000000.0
18,WMB,MRT,2016-12-31,2016-12-31,2016-12-31,2021-08-25,-339000000.0,46835000000.0,47763500000.0,1462000000.0,45373000000.0,0.157,6.185,-1803000000.0,170000000.0,170000000.0,3317000000.0,-350000000.0,0.496,7.062,23502000000.0,878000000.0,22624000000.0,23502000000.0,0.0,1763000000.0,0.0,0.054,1.68,768000000.0,2531000000.0,0.338,2531000000.0,768000000.0,-449000000.0,-0.57,-0.57,-0.57,4643000000.0,5006000000.0,4643000000.0,48023075422.0,63.0,18.974,2352000000.0,3.133,1.0,4182000000.0,0.558,9663000000.0,1217000000.0,57555000000.0,59695000000.0,138000000.0,6701000000.0,0.0,6701000000.0,32789000000.0,2949000000.0,29840000000.0,23381075422.0,70000000.0,1020000000.0,9000000.0,-981000000.0,-1261000000.0,-3194000000.0,-891000000.0,-143000000.0,4155000000.0,0.0,-424000000.0,-424000000.0,-424000000.0,0.0,74000000.0,-0.057,3493000000.0,689000000.0,623000000.0,-2.947,5.036,-55.144,-54.632,28428000000.0,0.0,31.14,3.118,3.117,938000000.0,-9649000000.0,7499000000.0,7499000000.0,0.0,-0.009,-0.085,0.013,0.102,73000000.0,722000000.0,1.0,750837361.0,750673000.0,750673000.0,9.99,37172000000.0,0.0,-25000000.0,4238000000.0,49.518,-1487000000.0
19,WMB,MRT,2016-09-30,2016-09-30,2016-09-30,2021-08-25,-331000000.0,47288000000.0,48309750000.0,1627000000.0,45661000000.0,0.151,6.473,-2200000000.0,77000000.0,77000000.0,3184000000.0,-1724000000.0,0.66,6.803,24719000000.0,787000000.0,23932000000.0,24719000000.0,0.0,1777000000.0,0.0,0.069,2.12,-442000000.0,1335000000.0,0.183,1335000000.0,-442000000.0,-1645000000.0,-1.5,-1.5,-1.5,4860000000.0,5382250000.0,4860000000.0,48308707249.0,-109.0,36.186,519000000.0,0.691,1.0,4123000000.0,0.564,9752000000.0,1203000000.0,59713000000.0,60529500000.0,120000000.0,7084000000.0,0.0,7084000000.0,33064000000.0,2465000000.0,30599000000.0,23067707249.0,-48000000.0,1203000000.0,8000000.0,1134000000.0,-1591000000.0,-1775000000.0,-992000000.0,-198000000.0,2719000000.0,0.0,-1124000000.0,-1124000000.0,-1124000000.0,0.0,-600000000.0,-0.154,4753000000.0,-630000000.0,619000000.0,-1.413,4.746,-20.523,-20.487,28263000000.0,0.0,30.73,3.157,3.157,854000000.0,-9483000000.0,7307000000.0,7307000000.0,0.0,-0.023,-0.209,-0.007,-0.06,72000000.0,750000000.0,1.0,750657574.0,750754000.0,751858000.0,9.733,37536000000.0,38000000.0,-521000000.0,4271000000.0,49.998,-838000000.0
20,WMB,MRT,2016-06-30,2016-06-30,2016-06-30,2021-08-25,-369000000.0,48124000000.0,49192500000.0,2357000000.0,45767000000.0,0.146,6.434,-2461000000.0,135000000.0,135000000.0,3158000000.0,-2028000000.0,0.856,6.978,25376000000.0,982000000.0,24394000000.0,25376000000.0,0.0,1774000000.0,0.0,0.118,2.56,-701000000.0,1073000000.0,0.149,1073000000.0,-701000000.0,-1880000000.0,-1.63,-1.63,-1.63,4830000000.0,6014000000.0,4830000000.0,40881907381.0,-58.0,38.101,233000000.0,0.31,1.0,4043000000.0,0.561,9839000000.0,1179000000.0,60774000000.0,60438750000.0,122000000.0,7125000000.0,0.0,7125000000.0,33702000000.0,2752000000.0,30950000000.0,16233907381.0,-55000000.0,537000000.0,12000000.0,2094000000.0,-1921000000.0,-706000000.0,-2043000000.0,-234000000.0,2694000000.0,0.0,-1225000000.0,-1225000000.0,-1225000000.0,0.0,-803000000.0,-0.17,4662000000.0,-619000000.0,688000000.0,-1.571,3.361,-13.252,-13.27,28249000000.0,0.0,21.63,2.254,2.255,730000000.0,-9394000000.0,7201000000.0,7201000000.0,0.0,-0.025,-0.204,-0.012,-0.097,70000000.0,750000000.0,1.0,750527387.0,750649000.0,750649000.0,9.593,38285000000.0,50000000.0,-655000000.0,4079000000.0,51.003,-395000000.0
21,WMB,MRT,2016-03-31,2016-03-31,2016-03-31,2021-08-25,-378000000.0,48807000000.0,49952250000.0,1261000000.0,47546000000.0,0.146,7.585,-2758000000.0,164000000.0,164000000.0,3294000000.0,-1340000000.0,0.452,5.831,24812000000.0,1111000000.0,23701000000.0,24812000000.0,0.0,1756000000.0,0.0,0.156,2.51,18000000.0,1774000000.0,0.243,1774000000.0,18000000.0,-1133000000.0,-0.94,-0.94,-0.94,5691000000.0,6788500000.0,5691000000.0,36440555237.0,2024.0,20.541,64000000.0,0.085,1.0,4010000000.0,0.549,9928000000.0,1151000000.0,60738000000.0,60068750000.0,142000000.0,7181000000.0,0.0,7181000000.0,33183000000.0,2789000000.0,30394000000.0,12053555237.0,-177000000.0,332000000.0,23000000.0,2458000000.0,-1882000000.0,-110000000.0,-2889000000.0,-575000000.0,2822000000.0,0.0,-706000000.0,-706000000.0,-706000000.0,0.0,-634000000.0,-0.097,3749000000.0,261000000.0,739000000.0,-2.67,2.118,-17.073,-17.096,29823000000.0,0.0,16.07,1.65,1.651,733000000.0,-8508000000.0,7304000000.0,7304000000.0,0.0,-0.014,-0.104,0.0,0.002,80000000.0,766000000.0,1.0,750065665.0,750332000.0,750332000.0,9.734,38879000000.0,48000000.0,-427000000.0,4248000000.0,51.816,-1528000000.0
22,WMB,MRT,2015-12-31,2015-12-31,2015-12-31,2021-08-25,-442000000.0,49020000000.0,50364750000.0,1527000000.0,47493000000.0,0.146,8.205,-3077000000.0,100000000.0,100000000.0,3434000000.0,-1314000000.0,0.612,5.334,24487000000.0,675000000.0,23812000000.0,24487000000.0,0.0,1738000000.0,0.0,0.095,2.45,148000000.0,1886000000.0,0.256,1886000000.0,148000000.0,-970000000.0,-0.76,-0.76,-0.76,6148000000.0,7418750000.0,6148000000.0,42855953741.0,290.0,22.723,-369000000.0,-0.492,1.0,3926000000.0,0.533,10017000000.0,1118000000.0,60893000000.0,59619500000.0,127000000.0,7336000000.0,0.0,7336000000.0,32795000000.0,2497000000.0,30298000000.0,19268953741.0,-140000000.0,292000000.0,27000000.0,2915000000.0,-1836000000.0,451000000.0,-3299000000.0,-595000000.0,2708000000.0,0.0,-571000000.0,-571000000.0,-571000000.0,0.0,-743000000.0,-0.078,3700000000.0,226000000.0,744000000.0,-3.224,3.134,-33.746,-33.816,29579000000.0,0.0,25.7,2.618,2.616,1041000000.0,-7960000000.0,7360000000.0,7360000000.0,0.0,-0.011,-0.077,0.002,0.02,82000000.0,741000000.0,1.0,749764737.0,749271000.0,749271000.0,9.823,39003000000.0,0.0,-399000000.0,4218000000.0,52.055,-970000000.0
23,WMB,MRT,2015-09-30,2015-09-30,2015-09-30,2021-08-25,-425000000.0,50819000000.0,50723500000.0,1264000000.0,49555000000.0,0.148,9.852,-3513000000.0,125000000.0,125000000.0,3799000000.0,331000000.0,0.328,4.408,23712000000.0,1907000000.0,21805000000.0,23712000000.0,0.0,1666000000.0,0.0,0.065,2.38,1597000000.0,3263000000.0,0.435,3263000000.0,1597000000.0,501000000.0,0.43,0.43,0.43,7387000000.0,8076000000.0,7387000000.0,50828860447.0,32.0,15.577,-416000000.0,-0.555,1.0,3696000000.0,0.493,11198000000.0,1096000000.0,59350000000.0,58810500000.0,156000000.0,8198000000.0,0.0,8198000000.0,32559000000.0,3858000000.0,28701000000.0,27626860447.0,-177000000.0,182000000.0,29000000.0,2772000000.0,-1782000000.0,580000000.0,-3854000000.0,-666000000.0,3097000000.0,0.0,337000000.0,337000000.0,337000000.0,0.0,-6000000.0,0.045,2190000000.0,1506000000.0,726000000.0,5.535,3.74,81.979,85.698,29476000000.0,0.0,36.85,3.686,3.687,704000000.0,-6764000000.0,7495000000.0,7495000000.0,0.0,0.007,0.042,0.027,0.213,82000000.0,751000000.0,1.0,749711274.0,749824000.0,749824000.0,9.996,39621000000.0,79000000.0,164000000.0,4582000000.0,52.84,-2594000000.0
24,WMB,MRT,2015-06-30,2015-06-30,2015-06-30,2021-08-25,-384000000.0,51163000000.0,50470500000.0,1426000000.0,49737000000.0,0.154,10.581,-3846000000.0,204000000.0,204000000.0,4189000000.0,2212000000.0,0.378,4.035,23406000000.0,2121000000.0,21285000000.0,23406000000.0,0.0,1603000000.0,0.0,0.04,2.3,4360000000.0,5963000000.0,0.768,5963000000.0,4360000000.0,3282000000.0,2.72,2.7,2.72,7928000000.0,8511500000.0,7928000000.0,65132899452.0,15.0,10.923,-1007000000.0,-1.344,1.0,3576000000.0,0.461,11303000000.0,1078000000.0,59294000000.0,57653250000.0,168000000.0,8712000000.0,0.0,8712000000.0,31992000000.0,3768000000.0,28224000000.0,42982899452.0,-656000000.0,265000000.0,29000000.0,3064000000.0,-1721000000.0,728000000.0,-4223000000.0,-719000000.0,2839000000.0,0.0,2055000000.0,2055000000.0,2055000000.0,0.0,157000000.0,0.265,2119000000.0,1457000000.0,723000000.0,0.846,5.422,20.916,21.099,29089000000.0,0.0,57.39,5.535,5.538,742000000.0,-6243000000.0,7765000000.0,7765000000.0,0.0,0.041,0.241,0.076,0.561,76000000.0,745000000.0,1.0,748961482.0,749253000.0,752775000.0,10.364,39860000000.0,77000000.0,1227000000.0,4665000000.0,53.2,-2342000000.0
25,WMB,MRT,2015-03-31,2015-03-31,2015-03-31,2021-08-25,-395000000.0,50457000000.0,46417000000.0,1622000000.0,48835000000.0,0.164,10.977,-4070000000.0,341000000.0,341000000.0,4290000000.0,2156000000.0,0.696,3.76,22491000000.0,801000000.0,21690000000.0,22491000000.0,0.0,1389000000.0,0.0,0.042,2.135,4264000000.0,5653000000.0,0.743,5653000000.0,4264000000.0,3272000000.0,2.72,2.7,2.72,8212000000.0,8495250000.0,8212000000.0,59286082771.0,14.0,10.488,-1732000000.0,-2.315,1.0,3314000000.0,0.436,11336000000.0,992000000.0,58941000000.0,52761250000.0,200000000.0,8319000000.0,0.0,8319000000.0,30876000000.0,2330000000.0,28546000000.0,37836082771.0,-723000000.0,-5631000000.0,3412000000.0,5546000000.0,-1570000000.0,6860000000.0,-9921000000.0,-337000000.0,2338000000.0,0.0,2044000000.0,2044000000.0,2044000000.0,-4000000.0,112000000.0,0.269,1938000000.0,1376000000.0,728000000.0,0.785,4.607,18.511,18.599,28536000000.0,0.0,50.59,4.976,4.977,748000000.0,-5914000000.0,7604000000.0,7604000000.0,0.0,0.044,0.241,0.081,0.561,65000000.0,707000000.0,1.0,747896477.0,748079000.0,752028000.0,10.165,39121000000.0,127000000.0,1228000000.0,4577000000.0,52.295,-708000000.0
26,WMB,MRT,2014-12-31,2014-12-31,2014-12-31,2021-08-25,-341000000.0,50455000000.0,40879250000.0,1890000000.0,48565000000.0,0.187,12.202,-4031000000.0,240000000.0,240000000.0,4508000000.0,2339000000.0,0.736,3.45,21582000000.0,802000000.0,20780000000.0,21582000000.0,0.0,1176000000.0,0.0,0.044,1.958,4251000000.0,5427000000.0,0.711,5427000000.0,4251000000.0,3363000000.0,2.94,2.92,2.94,8777000000.0,7596250000.0,8777000000.0,54229970772.0,13.0,9.993,-1916000000.0,-2.664,1.0,3129000000.0,0.41,11573000000.0,888000000.0,57657000000.0,46842250000.0,231000000.0,8400000000.0,0.0,8400000000.0,30283000000.0,2567000000.0,27716000000.0,33590970772.0,-441000000.0,-5718000000.0,3416000000.0,6025000000.0,-1412000000.0,7601000000.0,-10157000000.0,-482000000.0,2115000000.0,0.0,2114000000.0,2114000000.0,2114000000.0,-4000000.0,225000000.0,0.277,1560000000.0,1569000000.0,865000000.0,0.666,3.827,15.89,15.286,28081000000.0,0.0,44.94,4.398,4.233,972000000.0,-5548000000.0,7637000000.0,7637000000.0,0.0,0.052,0.278,0.091,0.557,53000000.0,661000000.0,1.0,747462634.0,719325000.0,723641000.0,10.617,38882000000.0,234000000.0,1249000000.0,4712000000.0,54.053,-677000000.0
27,WMB,MRT,2014-09-30,2014-09-30,2014-09-30,2021-08-25,-222000000.0,49807000000.0,35051000000.0,1898000000.0,47909000000.0,0.204,12.214,-3973000000.0,302000000.0,302000000.0,4321000000.0,2080000000.0,0.648,3.19,20941000000.0,1019000000.0,19922000000.0,20941000000.0,0.0,1006000000.0,0.0,0.032,1.768,3961000000.0,4967000000.0,0.694,4967000000.0,3961000000.0,3181000000.0,2.57,2.54,2.57,9129000000.0,6618000000.0,9129000000.0,50798706137.0,13.0,10.227,-2354000000.0,-3.15,1.0,2835000000.0,0.396,12794000000.0,780000000.0,54721000000.0,40869750000.0,284000000.0,7085000000.0,0.0,7085000000.0,29126000000.0,2931000000.0,26195000000.0,41363706137.0,-430000000.0,-5761000000.0,3418000000.0,6102000000.0,-1246000000.0,8110000000.0,-10159000000.0,-450000000.0,1619000000.0,0.0,1907000000.0,1907000000.0,1907000000.0,-4000000.0,173000000.0,0.266,1534000000.0,1301000000.0,1017000000.0,0.688,4.531,21.69,21.537,27398000000.0,0.0,55.35,5.78,5.781,860000000.0,-5315000000.0,7156000000.0,7156000000.0,0.0,0.054,0.288,0.097,0.554,45000000.0,584000000.0,1.0,747311764.0,747412000.0,752064000.0,9.574,37013000000.0,228000000.0,1274000000.0,4657000000.0,49.522,-1033000000.0
28,WMB,MRT,2014-06-30,2014-06-30,2014-06-30,2021-08-25,-194000000.0,34949000000.0,29213000000.0,2119000000.0,32830000000.0,0.23,11.288,-3881000000.0,6855000000.0,6855000000.0,4081000000.0,569000000.0,0.884,2.929,16290000000.0,751000000.0,15539000000.0,16290000000.0,0.0,844000000.0,0.0,0.027,1.574,1377000000.0,2221000000.0,0.331,2221000000.0,1377000000.0,708000000.0,0.54,0.52,0.54,7863000000.0,5572750000.0,7863000000.0,51690029324.0,38.0,23.273,-2068000000.0,-2.969,1.0,2629000000.0,0.392,2262000000.0,669000000.0,39726000000.0,35205250000.0,276000000.0,4489000000.0,0.0,4489000000.0,23027000000.0,2396000000.0,20631000000.0,39904029324.0,36000000.0,-5970000000.0,3417000000.0,5165000000.0,-1077000000.0,8485000000.0,-10262000000.0,-513000000.0,1813000000.0,0.0,370000000.0,370000000.0,370000000.0,-4000000.0,199000000.0,0.055,1299000000.0,1330000000.0,990000000.0,2.915,5.075,107.849,107.796,19442000000.0,0.0,58.21,5.947,6.043,576000000.0,-6574000000.0,6710000000.0,6710000000.0,0.0,0.013,0.066,0.039,0.205,40000000.0,543000000.0,1.0,685518456.0,696553000.0,700696000.0,9.633,32687000000.0,214000000.0,338000000.0,3658000000.0,46.927,-277000000.0
29,WMB,MRT,2014-03-31,2014-03-31,2014-03-31,2021-08-25,-223000000.0,28306000000.0,26890000000.0,2178000000.0,26128000000.0,0.253,6.741,-3652000000.0,1064000000.0,1064000000.0,4141000000.0,634000000.0,0.854,4.244,12850000000.0,751000000.0,12099000000.0,12850000000.0,0.0,828000000.0,0.0,0.037,1.501,1393000000.0,2221000000.0,0.327,2221000000.0,1393000000.0,765000000.0,0.6,0.58,0.6,4616000000.0,4780500000.0,4616000000.0,38671661136.0,28.0,17.412,-1484000000.0,-2.167,1.0,2658000000.0,0.391,2278000000.0,628000000.0,35265000000.0,33076750000.0,222000000.0,4520000000.0,0.0,4520000000.0,19589000000.0,2549000000.0,17040000000.0,27773661136.0,362000000.0,3000000.0,25000000.0,2212000000.0,-1027000000.0,2430000000.0,-4236000000.0,-590000000.0,2168000000.0,0.0,409000000.0,409000000.0,409000000.0,0.0,225000000.0,0.06,1289000000.0,1369000000.0,1094000000.0,2.502,6.017,67.906,67.633,18711000000.0,0.0,40.58,4.085,4.087,629000000.0,-6385000000.0,6799000000.0,6799000000.0,0.0,0.015,0.086,0.042,0.205,39000000.0,530000000.0,1.0,684417475.0,684773000.0,688904000.0,9.929,26028000000.0,170000000.0,356000000.0,3528000000.0,38.01,-371000000.0
30,WMB,MRT,2013-12-31,2013-12-31,2013-12-31,2021-08-25,-164000000.0,27142000000.0,26017500000.0,1683000000.0,25459000000.0,0.264,7.122,-3572000000.0,681000000.0,681000000.0,4124000000.0,668000000.0,0.849,3.746,11579000000.0,226000000.0,11353000000.0,11579000000.0,0.0,815000000.0,0.0,0.037,1.438,1442000000.0,2257000000.0,0.329,2257000000.0,1442000000.0,831000000.0,0.63,0.62,0.63,4864000000.0,4825250000.0,4864000000.0,36358834082.0,25.0,16.109,-1355000000.0,-1.984,1.0,2736000000.0,0.399,2290000000.0,611000000.0,33767000000.0,31968000000.0,194000000.0,4360000000.0,0.0,4360000000.0,18221000000.0,1983000000.0,16238000000.0,26359834082.0,-158000000.0,-3000000.0,18000000.0,827000000.0,-982000000.0,1677000000.0,-4052000000.0,-455000000.0,2217000000.0,0.0,430000000.0,430000000.0,430000000.0,0.0,238000000.0,0.063,1361000000.0,1375000000.0,960000000.0,2.283,5.419,61.302,61.222,18210000000.0,0.0,38.57,3.843,3.84,600000000.0,-6248000000.0,6860000000.0,6860000000.0,0.0,0.017,0.089,0.045,0.21,37000000.0,512000000.0,1.0,683428418.0,682948000.0,687185000.0,10.045,24852000000.0,101000000.0,401000000.0,3529000000.0,36.389,-300000000.0
31,WMB,MRT,2013-09-30,2013-09-30,2013-09-30,2021-08-25,-338000000.0,26455000000.0,25313750000.0,1782000000.0,24673000000.0,0.279,7.242,-3419000000.0,732000000.0,732000000.0,4250000000.0,821000000.0,0.854,3.539,10731000000.0,372000000.0,10359000000.0,10731000000.0,0.0,817000000.0,0.0,0.038,1.383,1533000000.0,2350000000.0,0.332,2350000000.0,1533000000.0,932000000.0,0.89,0.86,0.89,4948000000.0,4797250000.0,4948000000.0,35086967582.0,23.0,14.931,-1171000000.0,-1.714,1.0,2819000000.0,0.399,2305000000.0,601000000.0,32063000000.0,31106750000.0,230000000.0,4278000000.0,0.0,4278000000.0,17509000000.0,2086000000.0,15423000000.0,24840967582.0,-264000000.0,0.0,1629000000.0,1199000000.0,-926000000.0,3632000000.0,-6144000000.0,-2719000000.0,2248000000.0,0.0,593000000.0,593000000.0,593000000.0,1000000.0,228000000.0,0.084,1327000000.0,1492000000.0,1014000000.0,1.554,5.02,41.89,40.854,17467000000.0,0.0,36.36,3.514,3.514,590000000.0,-5973000000.0,7069000000.0,7069000000.0,0.0,0.023,0.124,0.049,0.217,37000000.0,541000000.0,1.0,683194928.0,683274000.0,687306000.0,10.346,24150000000.0,117000000.0,339000000.0,3414000000.0,35.345,-304000000.0
32,WMB,MRT,2013-06-30,2013-06-30,2013-06-30,2021-08-25,-394000000.0,25657000000.0,24015750000.0,1946000000.0,23711000000.0,0.3,6.874,-3137000000.0,824000000.0,824000000.0,4303000000.0,827000000.0,0.821,3.768,11070000000.0,711000000.0,10359000000.0,11070000000.0,0.0,806000000.0,0.0,0.041,1.329,1551000000.0,2357000000.0,0.327,2357000000.0,1551000000.0,961000000.0,0.93,0.91,0.93,4694000000.0,4333250000.0,4694000000.0,32076052133.0,21.0,13.609,-997000000.0,-1.46,1.0,2895000000.0,0.402,2320000000.0,590000000.0,31212000000.0,29597500000.0,174000000.0,4135000000.0,0.0,4135000000.0,17686000000.0,2371000000.0,15315000000.0,22167052133.0,145000000.0,0.0,1631000000.0,2015000000.0,-872000000.0,3762000000.0,-5757000000.0,-2654000000.0,2140000000.0,0.0,607000000.0,607000000.0,607000000.0,1000000.0,220000000.0,0.084,1366000000.0,1529000000.0,969000000.0,1.429,4.722,36.519,34.914,16599000000.0,0.0,32.47,3.08,3.081,698000000.0,-5863000000.0,7198000000.0,7198000000.0,0.0,0.025,0.14,0.052,0.215,38000000.0,548000000.0,1.0,682693321.0,682893000.0,686924000.0,10.54,23337000000.0,122000000.0,354000000.0,3182000000.0,34.174,-425000000.0
33,WMB,MRT,2013-03-31,2013-03-31,2013-03-31,2021-08-25,-374000000.0,24816000000.0,22668250000.0,1864000000.0,22952000000.0,0.321,7.03,-2913000000.0,702000000.0,702000000.0,4386000000.0,800000000.0,1.195,3.534,10611000000.0,1000000.0,10610000000.0,10611000000.0,0.0,789000000.0,0.0,0.034,1.276,1499000000.0,2288000000.0,0.314,2288000000.0,1499000000.0,920000000.0,0.93,0.91,0.93,4795000000.0,3900000000.0,4795000000.0,35427215129.0,24.0,15.484,-1017000000.0,-1.491,1.0,2891000000.0,0.397,2335000000.0,579000000.0,30830000000.0,28029750000.0,190000000.0,4039000000.0,0.0,4039000000.0,16946000000.0,1560000000.0,15386000000.0,25530215129.0,-398000000.0,-1724000000.0,2531000000.0,1901000000.0,-819000000.0,4944000000.0,-7238000000.0,-2695000000.0,1896000000.0,0.0,597000000.0,597000000.0,597000000.0,1000000.0,203000000.0,0.082,1380000000.0,1511000000.0,935000000.0,1.372,5.324,42.764,40.28,15995000000.0,0.0,37.46,3.508,3.511,760000000.0,-5765000000.0,7277000000.0,7277000000.0,0.0,0.026,0.153,0.053,0.206,36000000.0,574000000.0,1.0,681532705.0,682052000.0,687143000.0,10.669,22481000000.0,117000000.0,323000000.0,3015000000.0,32.961,304000000.0
34,WMB,MRT,2012-12-31,2012-12-31,2012-12-31,2021-08-25,-362000000.0,24327000000.0,20911750000.0,1924000000.0,22403000000.0,0.358,7.667,-2529000000.0,839000000.0,839000000.0,4523000000.0,1065000000.0,1.242,3.556,10736000000.0,1000000.0,10735000000.0,10736000000.0,0.0,756000000.0,0.0,0.037,1.196,1787000000.0,2543000000.0,0.34,2543000000.0,1787000000.0,1219000000.0,1.39,1.37,1.39,4752000000.0,3186250000.0,4752000000.0,29056691677.0,16.0,11.426,-694000000.0,-1.12,1.0,2963000000.0,0.396,2353000000.0,568000000.0,30322000000.0,26118000000.0,175000000.0,3987000000.0,0.0,3987000000.0,16900000000.0,1549000000.0,15351000000.0,20538691677.0,-50000000.0,-1928000000.0,2550000000.0,2001000000.0,-742000000.0,5036000000.0,-6921000000.0,-2572000000.0,1835000000.0,0.0,859000000.0,859000000.0,859000000.0,0.0,206000000.0,0.115,1351000000.0,1612000000.0,920000000.0,0.86,4.322,23.91,23.554,15467000000.0,0.0,32.74,2.744,2.711,620000000.0,-5695000000.0,7486000000.0,7486000000.0,0.0,0.041,0.27,0.068,0.239,36000000.0,571000000.0,1.0,627327174.0,619792000.0,625486000.0,12.078,21974000000.0,185000000.0,360000000.0,2841000000.0,35.454,375000000.0
35,WMB,MRT,2012-09-30,2012-09-30,2012-09-30,2021-08-25,-330000000.0,21263000000.0,18955500000.0,1961000000.0,19302000000.0,0.407,4.933,-2615000000.0,996000000.0,996000000.0,4217000000.0,501000000.0,1.422,4.939,9514000000.0,2000000.0,9512000000.0,9514000000.0,0.0,957000000.0,0.0,0.032,1.121,1106000000.0,2063000000.0,0.267,2063000000.0,1106000000.0,551000000.0,0.42,0.42,0.42,3092000000.0,2322250000.0,3092000000.0,30265563649.0,27.0,14.671,-239000000.0,-0.381,1.0,3503000000.0,0.454,2376000000.0,555000000.0,26026000000.0,24191500000.0,161000000.0,1626000000.0,0.0,1626000000.0,15272000000.0,1379000000.0,13893000000.0,21907563649.0,0.0,-1928000000.0,950000000.0,1383000000.0,-686000000.0,2319000000.0,-4695000000.0,-263000000.0,2376000000.0,0.0,266000000.0,266000000.0,266000000.0,0.0,235000000.0,0.034,1900000000.0,1603000000.0,768000000.0,2.669,7.085,82.359,83.262,14684000000.0,0.0,34.97,2.838,2.839,624000000.0,-5648000000.0,7720000000.0,7720000000.0,0.0,0.014,0.115,0.046,0.143,43000000.0,659000000.0,1.0,626467362.0,626809000.0,632019000.0,12.316,18887000000.0,0.0,285000000.0,2648000000.0,30.132,582000000.0
36,WMB,MRT,2012-06-30,2012-06-30,2012-06-30,2021-08-25,-357000000.0,20267000000.0,20176250000.0,1682000000.0,18585000000.0,0.394,4.764,-2624000000.0,679000000.0,679000000.0,4577000000.0,640000000.0,1.296,4.944,9037000000.0,4000000.0,9033000000.0,9037000000.0,0.0,1179000000.0,0.0,0.035,1.009,1192000000.0,2371000000.0,0.299,2371000000.0,1192000000.0,624000000.0,0.63,0.63,0.63,2961000000.0,3526500000.0,2961000000.0,25626302312.0,21.0,10.808,-11000000.0,-0.018,1.0,3363000000.0,0.424,2386000000.0,568000000.0,24941000000.0,25709000000.0,159000000.0,1533000000.0,0.0,1533000000.0,14640000000.0,1298000000.0,13342000000.0,18031302312.0,-487000000.0,-1969000000.0,948000000.0,983000000.0,-608000000.0,1594000000.0,-4694000000.0,-203000000.0,2613000000.0,0.0,383000000.0,383000000.0,383000000.0,0.0,257000000.0,0.048,1628000000.0,1735000000.0,695000000.0,1.602,6.09,47.079,45.746,14056000000.0,0.0,28.82,2.271,2.256,636000000.0,-5607000000.0,7940000000.0,7940000000.0,0.0,0.019,0.109,0.046,0.15,45000000.0,597000000.0,1.0,625652405.0,621483000.0,626620000.0,12.776,17881000000.0,0.0,241000000.0,2555000000.0,28.772,384000000.0
37,WMB,MRT,2012-03-31,2012-03-31,2012-03-31,2021-08-25,-367000000.0,17790000000.0,21535750000.0,2119000000.0,15671000000.0,0.375,3.27,-2599000000.0,1100000000.0,1100000000.0,4800000000.0,772000000.0,1.381,7.251,8695000000.0,329000000.0,8366000000.0,8695000000.0,0.0,1401000000.0,0.0,0.03,0.909,1340000000.0,2741000000.0,0.339,2741000000.0,1340000000.0,757000000.0,0.81,0.8,0.81,1940000000.0,4715250000.0,1940000000.0,26078115435.0,19.0,9.514,463000000.0,0.78,1.0,3278000000.0,0.406,668000000.0,583000000.0,23183000000.0,27338500000.0,186000000.0,1418000000.0,0.0,1418000000.0,14066000000.0,1534000000.0,12532000000.0,18245115435.0,177000000.0,-245000000.0,49000000.0,838000000.0,-538000000.0,30000000.0,-2915000000.0,-134000000.0,3062000000.0,0.0,478000000.0,478000000.0,478000000.0,0.0,294000000.0,0.059,1370000000.0,1908000000.0,676000000.0,1.122,9.405,38.17,38.037,12964000000.0,0.0,30.81,2.259,2.263,641000000.0,-5551000000.0,8078000000.0,8078000000.0,0.0,0.022,0.101,0.049,0.166,47000000.0,526000000.0,1.0,592181611.0,593231000.0,600520000.0,13.617,17122000000.0,0.0,279000000.0,2435000000.0,28.862,585000000.0
38,WMB,MRT,2011-12-31,2011-12-31,2011-12-31,2021-08-25,-389000000.0,16502000000.0,23359000000.0,1894000000.0,14608000000.0,0.339,2.202,-2796000000.0,889000000.0,889000000.0,4924000000.0,661000000.0,1.131,10.738,8722000000.0,353000000.0,8369000000.0,8722000000.0,0.0,1614000000.0,0.0,0.023,0.775,1098000000.0,2712000000.0,0.342,2712000000.0,1098000000.0,500000000.0,0.64,0.63,0.64,1296000000.0,6114500000.0,1296000000.0,27851352012.0,25.0,10.27,643000000.0,1.093,1.0,3006000000.0,0.379,44000000.0,598000000.0,22616000000.0,29245500000.0,169000000.0,1391000000.0,0.0,1391000000.0,13916000000.0,1675000000.0,12241000000.0,19462352012.0,94000000.0,-41000000.0,49000000.0,863000000.0,-457000000.0,-342000000.0,-3003000000.0,-195000000.0,3439000000.0,0.0,376000000.0,376000000.0,376000000.0,0.0,285000000.0,0.047,1139000000.0,1867000000.0,691000000.0,1.211,15.017,51.762,51.594,12580000000.0,0.0,33.02,2.454,2.451,637000000.0,-5820000000.0,7930000000.0,7930000000.0,0.0,0.016,0.061,0.038,0.138,52000000.0,477000000.0,1.0,589411024.0,588553000.0,598175000.0,13.474,16458000000.0,52000000.0,124000000.0,2157000000.0,27.963,219000000.0
39,WMB,MRT,2011-09-30,2011-09-30,2011-09-30,2021-08-25,-74000000.0,26146000000.0,25476500000.0,2889000000.0,23257000000.0,0.207,13.429,-2510000000.0,996000000.0,996000000.0,2847000000.0,1251000000.0,1.185,2.136,9385000000.0,361000000.0,9024000000.0,9385000000.0,0.0,1608000000.0,0.0,0.027,0.65,1984000000.0,3592000000.0,0.68,3592000000.0,1984000000.0,1368000000.0,1.69,1.69,1.69,7909000000.0,7491250000.0,7909000000.0,22477704568.0,11.0,6.258,552000000.0,0.937,1.0,2438000000.0,0.461,0.0,616000000.0,32096000000.0,31278500000.0,287000000.0,1991000000.0,381000000.0,1610000000.0,16893000000.0,2439000000.0,14454000000.0,14333704568.0,-19000000.0,-681000000.0,46000000.0,869000000.0,-383000000.0,731000000.0,-3812000000.0,-577000000.0,3062000000.0,0.0,994000000.0,994000000.0,994000000.0,0.0,257000000.0,0.188,-687000000.0,3125000000.0,1174000000.0,0.385,1.812,14.42,14.402,20973000000.0,0.0,24.34,2.712,2.712,1039000000.0,33000000.0,5285000000.0,5285000000.0,0.0,0.039,0.133,0.063,0.375,47000000.0,383000000.0,1.0,588895011.0,588950000.0,597550000.0,8.974,26146000000.0,0.0,374000000.0,3609000000.0,44.394,450000000.0
40,WMB,MRT,2011-06-30,2011-06-30,2011-06-30,2021-08-25,-95000000.0,25705000000.0,24902000000.0,2830000000.0,22875000000.0,0.225,13.116,-2942000000.0,1166000000.0,1166000000.0,3203000000.0,-317000000.0,1.184,2.159,9310000000.0,383000000.0,8927000000.0,9310000000.0,0.0,1564000000.0,0.0,0.019,0.575,271000000.0,1835000000.0,0.327,1835000000.0,271000000.0,-350000000.0,-0.93,-0.93,-0.93,7716000000.0,7270250000.0,7716000000.0,25977421158.0,96.0,14.157,96000000.0,0.163,1.0,2410000000.0,0.429,0.0,621000000.0,31459000000.0,30451000000.0,282000000.0,1864000000.0,263000000.0,1601000000.0,16660000000.0,2390000000.0,14270000000.0,17791421158.0,-435000000.0,-1099000000.0,41000000.0,785000000.0,-338000000.0,1089000000.0,-4562000000.0,-520000000.0,3038000000.0,0.0,-541000000.0,-541000000.0,-541000000.0,0.0,224000000.0,-0.096,1037000000.0,1373000000.0,988000000.0,-0.618,2.306,-32.886,-32.527,20600000000.0,0.0,30.25,3.17,3.171,913000000.0,-122000000.0,5613000000.0,5613000000.0,0.0,-0.022,-0.074,0.009,0.048,47000000.0,430000000.0,1.0,588146154.0,588310000.0,597633000.0,9.541,25705000000.0,0.0,191000000.0,3572000000.0,43.693,440000000.0
41,WMB,MRT,2011-03-31,2011-03-31,2011-03-31,2021-08-25,-116000000.0,25083000000.0,24712500000.0,2505000000.0,22578000000.0,0.239,12.84,-2886000000.0,923000000.0,923000000.0,3522000000.0,-392000000.0,1.019,2.15,9109000000.0,532000000.0,8577000000.0,9109000000.0,0.0,1527000000.0,0.0,0.016,0.5,223000000.0,1750000000.0,0.296,1750000000.0,223000000.0,-397000000.0,-1.0,-1.0,-1.0,7537000000.0,7249500000.0,7537000000.0,26590962914.0,119.0,15.195,-41000000.0,-0.07,1.0,2396000000.0,0.405,0.0,620000000.0,30811000000.0,29769750000.0,264000000.0,1849000000.0,301000000.0,1548000000.0,16204000000.0,2458000000.0,13746000000.0,18277962914.0,-721000000.0,-1099000000.0,38000000.0,476000000.0,-293000000.0,874000000.0,-4440000000.0,-460000000.0,2845000000.0,0.0,-583000000.0,-583000000.0,-583000000.0,0.0,191000000.0,-0.099,1067000000.0,1329000000.0,913000000.0,-0.5,2.425,-31.352,-31.18,20341000000.0,0.0,31.18,3.089,3.093,850000000.0,-230000000.0,5918000000.0,5918000000.0,0.0,-0.024,-0.08,0.007,0.038,48000000.0,475000000.0,1.0,586207919.0,586977000.0,596567000.0,10.082,25083000000.0,0.0,186000000.0,3448000000.0,42.733,47000000.0
42,WMB,MRT,2010-12-31,2010-12-31,2010-12-31,2021-08-25,-82000000.0,24972000000.0,24724000000.0,2530000000.0,22442000000.0,0.268,11.638,-2788000000.0,758000000.0,758000000.0,4130000000.0,-922000000.0,0.983,2.475,9108000000.0,508000000.0,8600000000.0,9108000000.0,0.0,1507000000.0,0.0,0.02,0.485,-355000000.0,1152000000.0,0.174,1152000000.0,-355000000.0,-983000000.0,-1.88,-1.86,-1.88,6803000000.0,7258500000.0,6803000000.0,21950628977.0,-62.0,19.054,-137000000.0,-0.234,1.0,2508000000.0,0.378,0.0,628000000.0,30748000000.0,29317500000.0,225000000.0,1240000000.0,0.0,1240000000.0,16838000000.0,2574000000.0,14264000000.0,14455628977.0,-1072000000.0,-1099000000.0,12000000.0,179000000.0,-284000000.0,573000000.0,-4296000000.0,-442000000.0,2651000000.0,0.0,-1097000000.0,-1097000000.0,-1097000000.0,0.0,175000000.0,-0.165,1101000000.0,1407000000.0,432000000.0,-0.258,2.125,-13.177,-13.149,11754000000.0,0.0,24.72,2.178,2.177,497000000.0,-478000000.0,6638000000.0,6638000000.0,0.0,-0.044,-0.151,-0.012,-0.053,48000000.0,504000000.0,1.0,584774635.0,584552000.0,590699000.0,11.356,24972000000.0,0.0,114000000.0,2223000000.0,42.72,-44000000.0
43,WMB,MRT,2010-09-30,2010-09-30,2010-09-30,2021-08-25,34000000.0,23848000000.0,24801000000.0,2803000000.0,21045000000.0,0.263,12.014,-2669000000.0,1015000000.0,1015000000.0,4721000000.0,-928000000.0,1.1,2.231,8510000000.0,508000000.0,8002000000.0,8510000000.0,0.0,1483000000.0,0.0,0.025,0.47,-623000000.0,860000000.0,0.132,860000000.0,-623000000.0,-1258000000.0,-1.87,-1.88,-1.87,7025000000.0,7669500000.0,7025000000.0,18090036400.0,-29.0,21.035,86000000.0,0.147,1.0,1808000000.0,0.277,8000000.0,635000000.0,28786000000.0,28680750000.0,270000000.0,2139000000.0,572000000.0,1567000000.0,15672000000.0,2549000000.0,13123000000.0,11173036400.0,-625000000.0,-459000000.0,0.0,-369000000.0,-274000000.0,-416000000.0,-2964000000.0,-10000000.0,2755000000.0,0.0,-1099000000.0,-1099000000.0,-1099000000.0,0.0,171000000.0,-0.168,1903000000.0,-95000000.0,869000000.0,-0.251,1.59,-10.167,-10.219,18909000000.0,0.0,19.11,1.711,1.712,744000000.0,-578000000.0,6529000000.0,6529000000.0,0.0,-0.044,-0.143,-0.022,-0.095,44000000.0,306000000.0,1.0,584669618.0,584744000.0,584744000.0,11.166,23840000000.0,0.0,-159000000.0,3496000000.0,40.77,254000000.0
44,WMB,MRT,2010-06-30,2010-06-30,2010-06-30,2021-08-25,-63000000.0,24947000000.0,25077000000.0,3359000000.0,21588000000.0,0.252,13.061,-2250000000.0,1601000000.0,1601000000.0,4510000000.0,492000000.0,1.585,2.086,8518000000.0,160000000.0,8358000000.0,8518000000.0,0.0,1470000000.0,0.0,0.025,0.455,1030000000.0,2500000000.0,0.395,2500000000.0,1030000000.0,385000000.0,0.53,0.52,0.53,7633000000.0,7990000000.0,7633000000.0,17661508813.0,17.0,7.065,485000000.0,0.83,1.0,1817000000.0,0.287,1011000000.0,645000000.0,28734000000.0,28574500000.0,279000000.0,1736000000.0,546000000.0,1190000000.0,15921000000.0,2119000000.0,13802000000.0,10680508813.0,-252000000.0,0.0,0.0,-347000000.0,-265000000.0,-807000000.0,-2180000000.0,-33000000.0,2735000000.0,0.0,307000000.0,307000000.0,307000000.0,0.0,185000000.0,0.049,231000000.0,1586000000.0,806000000.0,0.858,1.399,34.79,34.491,18831000000.0,0.0,18.28,1.688,1.688,722000000.0,758000000.0,6327000000.0,6327000000.0,0.0,0.012,0.038,0.036,0.163,44000000.0,310000000.0,1.0,584272911.0,584414000.0,592498000.0,10.826,23936000000.0,0.0,78000000.0,3724000000.0,40.957,1240000000.0
45,WMB,MRT,2010-03-31,2010-03-31,2010-03-31,2021-08-25,3000000.0,25129000000.0,25096750000.0,3589000000.0,21540000000.0,0.237,12.969,-2203000000.0,1644000000.0,1644000000.0,4185000000.0,439000000.0,1.711,2.135,8625000000.0,10000000.0,8615000000.0,8625000000.0,0.0,1463000000.0,0.0,0.019,0.44,976000000.0,2439000000.0,0.41,2439000000.0,976000000.0,318000000.0,0.45,0.45,0.45,7573000000.0,8162750000.0,7573000000.0,19890117080.0,20.0,8.155,474000000.0,0.812,1.0,1762000000.0,0.296,1011000000.0,658000000.0,29002000000.0,28422250000.0,221000000.0,1967000000.0,703000000.0,1264000000.0,16167000000.0,2097000000.0,14070000000.0,13481117080.0,-142000000.0,148000000.0,0.0,-265000000.0,-256000000.0,-695000000.0,-2124000000.0,-155000000.0,2677000000.0,0.0,264000000.0,264000000.0,264000000.0,0.0,175000000.0,0.044,248000000.0,1514000000.0,907000000.0,0.978,1.78,51.065,51.333,18714000000.0,0.0,23.1,2.267,2.268,831000000.0,646000000.0,5947000000.0,5947000000.0,0.0,0.011,0.032,0.034,0.164,57000000.0,316000000.0,1.0,583598142.0,583929000.0,583929000.0,10.184,24118000000.0,0.0,54000000.0,3708000000.0,41.303,1492000000.0
46,WMB,MRT,2009-12-31,2009-12-31,2009-12-31,2021-08-25,-168000000.0,25280000000.0,25156500000.0,3793000000.0,21487000000.0,0.21,14.522,-2387000000.0,1867000000.0,1867000000.0,3712000000.0,361000000.0,1.531,1.925,8276000000.0,17000000.0,8259000000.0,8276000000.0,0.0,1469000000.0,0.0,0.021,0.44,1145000000.0,2614000000.0,0.495,2614000000.0,1145000000.0,489000000.0,0.49,0.49,0.49,8447000000.0,8351000000.0,8447000000.0,18929385459.0,17.0,7.242,185000000.0,0.318,1.0,1566000000.0,0.297,1011000000.0,656000000.0,28201000000.0,28270750000.0,222000000.0,1980000000.0,650000000.0,1330000000.0,16261000000.0,2477000000.0,13784000000.0,12292385459.0,428000000.0,148000000.0,0.0,555000000.0,-256000000.0,166000000.0,-2310000000.0,-142000000.0,2572000000.0,0.0,285000000.0,285000000.0,285000000.0,0.0,76000000.0,0.054,296000000.0,1270000000.0,934000000.0,0.898,1.455,43.131,43.02,18644000000.0,0.0,21.08,2.329,2.323,816000000.0,903000000.0,5278000000.0,5278000000.0,0.0,0.011,0.034,0.041,0.217,43000000.0,330000000.0,1.0,583130240.0,581674000.0,585955000.0,9.074,24269000000.0,0.0,204000000.0,3656000000.0,41.723,1316000000.0
47,WMB,MRT,2009-09-30,2009-09-30,2009-09-30,2021-08-25,-194000000.0,24952000000.0,25338000000.0,3490000000.0,21462000000.0,0.308,14.246,-2632000000.0,1640000000.0,1640000000.0,5775000000.0,271000000.0,1.574,1.938,8277000000.0,19000000.0,8258000000.0,8277000000.0,0.0,1444000000.0,0.0,0.025,0.44,1071000000.0,2515000000.0,0.323,2515000000.0,1071000000.0,421000000.0,0.38,0.4,0.38,8307000000.0,8349250000.0,8307000000.0,16842608371.0,16.0,6.697,-125000000.0,-0.214,1.0,2022000000.0,0.259,1011000000.0,650000000.0,28361000000.0,28155250000.0,232000000.0,2179000000.0,700000000.0,1479000000.0,16097000000.0,2217000000.0,13880000000.0,10417608371.0,116000000.0,148000000.0,0.0,471000000.0,-256000000.0,145000000.0,-2536000000.0,-138000000.0,2507000000.0,0.0,228000000.0,228000000.0,228000000.0,0.0,43000000.0,0.029,615000000.0,1407000000.0,799000000.0,1.158,1.254,45.691,47.026,18464000000.0,0.0,17.87,1.336,1.336,705000000.0,795000000.0,7797000000.0,7797000000.0,0.0,0.009,0.027,0.038,0.137,34000000.0,509000000.0,1.0,582966333.0,583103000.0,590059000.0,13.372,23941000000.0,0.0,193000000.0,3466000000.0,41.058,1273000000.0
48,WMB,MRT,2009-06-30,2009-06-30,2009-06-30,2021-08-25,-84000000.0,25026000000.0,25823250000.0,3899000000.0,21127000000.0,0.345,14.334,-2950000000.0,1853000000.0,1853000000.0,6582000000.0,498000000.0,1.684,1.943,8278000000.0,13000000.0,8265000000.0,8278000000.0,0.0,1416000000.0,0.0,0.028,0.44,1400000000.0,2816000000.0,0.316,2816000000.0,1400000000.0,756000000.0,0.77,0.78,0.77,8324000000.0,8416000000.0,8324000000.0,15711304585.0,11.0,5.579,-227000000.0,-0.391,1.0,2318000000.0,0.26,1011000000.0,644000000.0,28125000000.0,28062000000.0,249000000.0,2521000000.0,882000000.0,1639000000.0,16173000000.0,2315000000.0,13858000000.0,9055304585.0,-84000000.0,148000000.0,-115000000.0,469000000.0,-255000000.0,46000000.0,-2853000000.0,-173000000.0,2723000000.0,0.0,451000000.0,451000000.0,451000000.0,0.0,47000000.0,0.051,622000000.0,1696000000.0,772000000.0,0.571,1.088,20.078,20.273,17966000000.0,0.0,15.61,1.017,1.019,677000000.0,716000000.0,8900000000.0,8900000000.0,0.0,0.017,0.054,0.05,0.157,22000000.0,516000000.0,1.0,580096386.0,580726000.0,588780000.0,15.326,24015000000.0,0.0,305000000.0,3378000000.0,41.353,1584000000.0
49,WMB,MRT,2009-03-31,2009-03-31,2009-03-31,2021-08-25,37000000.0,25368000000.0,27370750000.0,4059000000.0,21309000000.0,0.389,14.368,-3427000000.0,1786000000.0,1786000000.0,7887000000.0,829000000.0,1.551,1.983,8442000000.0,164000000.0,8278000000.0,8442000000.0,0.0,1375000000.0,0.0,0.039,0.44,1866000000.0,3241000000.0,0.304,3241000000.0,1866000000.0,1228000000.0,1.28,1.27,1.28,8326000000.0,8248000000.0,8326000000.0,13031448094.0,7.0,4.021,-353000000.0,-0.609,1.0,2761000000.0,0.259,1011000000.0,638000000.0,28396000000.0,27814750000.0,242000000.0,2856000000.0,1077000000.0,1779000000.0,16512000000.0,2617000000.0,13895000000.0,6591448094.0,-454000000.0,0.0,-381000000.0,574000000.0,-255000000.0,-138000000.0,-3390000000.0,-111000000.0,3074000000.0,0.0,746000000.0,746000000.0,746000000.0,0.0,83000000.0,0.07,593000000.0,2168000000.0,828000000.0,0.344,0.792,8.836,8.891,17994000000.0,0.0,11.38,0.619,0.619,683000000.0,639000000.0,10648000000.0,10648000000.0,0.0,0.027,0.09,0.067,0.175,31000000.0,518000000.0,1.0,579213365.0,579495000.0,582361000.0,18.375,24357000000.0,0.0,482000000.0,3374000000.0,42.031,1442000000.0
50,WMB,MRT,2008-12-31,2008-12-31,2008-12-31,2021-08-25,-80000000.0,26006000000.0,27821750000.0,4411000000.0,21595000000.0,0.427,14.518,-3394000000.0,1438000000.0,1438000000.0,8776000000.0,1592000000.0,1.253,2.009,7701000000.0,18000000.0,7683000000.0,7701000000.0,0.0,1310000000.0,0.0,0.03,0.43,2731000000.0,4041000000.0,0.34,4041000000.0,2731000000.0,2095000000.0,2.44,2.4,2.44,8440000000.0,8116750000.0,8440000000.0,14766204545.0,5.0,3.654,-39000000.0,-0.067,1.0,3114000000.0,0.262,1011000000.0,636000000.0,27739000000.0,27251000000.0,260000000.0,3421000000.0,1464000000.0,1957000000.0,16952000000.0,3519000000.0,13433000000.0,8379204545.0,-260000000.0,0.0,-474000000.0,5000000.0,-250000000.0,-432000000.0,-3183000000.0,-111000000.0,3355000000.0,0.0,1418000000.0,1418000000.0,1418000000.0,0.0,174000000.0,0.119,432000000.0,2682000000.0,1052000000.0,0.176,0.993,5.909,5.934,17741000000.0,0.0,14.48,0.705,0.708,884000000.0,874000000.0,11890000000.0,11890000000.0,0.0,0.051,0.175,0.1,0.23,31000000.0,504000000.0,1.0,578674347.0,581342000.0,592719000.0,20.453,24995000000.0,0.0,677000000.0,3315000000.0,42.995,892000000.0
51,WMB,MRT,2008-09-30,2008-09-30,2008-09-30,2021-08-25,102000000.0,26893000000.0,27585500000.0,5481000000.0,21412000000.0,0.444,14.848,-3359000000.0,1524000000.0,1524000000.0,8981000000.0,1775000000.0,1.28,2.137,7911000000.0,84000000.0,7827000000.0,7911000000.0,0.0,1243000000.0,0.0,0.018,0.42,2957000000.0,4200000000.0,0.343,4200000000.0,2957000000.0,2320000000.0,2.61,2.57,2.61,8574000000.0,7600500000.0,8574000000.0,19643696363.0,7.0,4.677,-193000000.0,-0.334,1.0,3268000000.0,0.267,1011000000.0,637000000.0,27988000000.0,26771250000.0,324000000.0,4089000000.0,2091000000.0,1998000000.0,18319000000.0,4281000000.0,14038000000.0,13628696363.0,69000000.0,482000000.0,-747000000.0,38000000.0,-245000000.0,-319000000.0,-2778000000.0,-101000000.0,3166000000.0,0.0,1528000000.0,1528000000.0,1528000000.0,124000000.0,247000000.0,0.125,407000000.0,2861000000.0,1072000000.0,0.161,1.59,8.919,9.061,17649000000.0,0.0,23.65,1.113,1.115,1089000000.0,823000000.0,12249000000.0,12249000000.0,0.0,0.055,0.201,0.11,0.241,45000000.0,520000000.0,1.0,576266231.0,577448000.0,589138000.0,21.212,25882000000.0,72000000.0,792000000.0,3525000000.0,44.821,1200000000.0
52,WMB,MRT,2008-06-30,2008-06-30,2008-06-30,2021-08-25,-590000000.0,31216000000.0,27321425000.0,9936000000.0,21280000000.0,0.436,13.116,-3162000000.0,1937000000.0,1937000000.0,8859000000.0,1552000000.0,1.094,3.079,7952000000.0,83000000.0,7869000000.0,7952000000.0,0.0,1185000000.0,0.0,0.01,0.41,2759000000.0,3944000000.0,0.331,3944000000.0,2759000000.0,2113000000.0,2.31,2.28,2.31,7652000000.0,7070900000.0,7652000000.0,29201535699.0,11.0,7.404,-143000000.0,-0.245,1.0,3049000000.0,0.256,1011000000.0,646000000.0,27136000000.0,26231000000.0,341000000.0,8035000000.0,5435000000.0,2600000000.0,23564000000.0,9084000000.0,14480000000.0,23557535699.0,198000000.0,493000000.0,-858000000.0,26000000.0,-242000000.0,-439000000.0,-2382000000.0,137000000.0,3019000000.0,0.0,1360000000.0,1360000000.0,1360000000.0,154000000.0,192000000.0,0.114,378000000.0,2671000000.0,1473000000.0,0.177,3.079,17.322,17.45,16933000000.0,0.0,40.31,1.978,1.975,1642000000.0,521000000.0,11908000000.0,11908000000.0,0.0,0.05,0.192,0.105,0.232,71000000.0,494000000.0,1.0,584409221.0,583400000.0,596187000.0,20.411,30205000000.0,176000000.0,753000000.0,3026000000.0,51.774,852000000.0
53,WMB,MRT,2008-03-31,2008-03-31,2008-03-31,2021-08-25,-262000000.0,27172000000.0,26028950000.0,7152000000.0,20020000000.0,0.425,13.323,-2938000000.0,2240000000.0,2240000000.0,8342000000.0,1485000000.0,1.263,2.483,7884000000.0,85000000.0,7799000000.0,7884000000.0,0.0,1136000000.0,0.0,0.012,0.4,2662000000.0,3798000000.0,0.343,3798000000.0,2662000000.0,2005000000.0,2.28,2.26,2.28,7801000000.0,6763725000.0,7801000000.0,25494994922.0,10.0,6.713,-207000000.0,-0.354,1.0,2733000000.0,0.247,1011000000.0,657000000.0,26141000000.0,25800600000.0,289000000.0,4859000000.0,2813000000.0,2046000000.0,19371000000.0,5664000000.0,13707000000.0,19293994922.0,429000000.0,483000000.0,-577000000.0,-41000000.0,-238000000.0,-233000000.0,-2069000000.0,212000000.0,2731000000.0,0.0,1356000000.0,1356000000.0,1356000000.0,-36000000.0,129000000.0,0.122,369000000.0,2364000000.0,1285000000.0,0.175,2.473,14.229,14.465,16257000000.0,0.0,32.98,1.742,1.744,1334000000.0,148000000.0,11075000000.0,11075000000.0,0.0,0.052,0.2,0.103,0.24,53000000.0,471000000.0,1.0,585021071.0,585518000.0,598627000.0,18.915,26161000000.0,160000000.0,649000000.0,3039000000.0,44.68,1488000000.0
54,WMB,MRT,2007-12-31,2007-12-31,2007-12-31,2021-08-25,-121000000.0,25061000000.0,25719950000.0,5538000000.0,19523000000.0,0.398,10.693,-2868000000.0,1699000000.0,1699000000.0,7832000000.0,1080000000.0,1.25,2.931,7900000000.0,143000000.0,7757000000.0,7900000000.0,0.0,1082000000.0,0.0,0.011,0.39,2144000000.0,3226000000.0,0.315,3226000000.0,2144000000.0,1480000000.0,1.66,1.63,1.66,6375000000.0,6361400000.0,6375000000.0,27540778778.0,13.0,8.537,-631000000.0,-1.058,1.0,2407000000.0,0.235,1011000000.0,664000000.0,25820000000.0,25736475000.0,209000000.0,3496000000.0,1736000000.0,1760000000.0,18686000000.0,4431000000.0,14255000000.0,21236378778.0,-570000000.0,483000000.0,-470000000.0,-97000000.0,-233000000.0,-511000000.0,-2296000000.0,81000000.0,2237000000.0,0.0,990000000.0,990000000.0,990000000.0,0.0,90000000.0,0.097,459000000.0,1948000000.0,1131000000.0,0.235,3.331,21.451,21.554,15981000000.0,0.0,35.78,2.074,2.083,1192000000.0,-293000000.0,10239000000.0,10239000000.0,0.0,0.038,0.156,0.083,0.209,70000000.0,461000000.0,1.0,593526517.0,596174000.0,609866000.0,17.175,24050000000.0,199000000.0,490000000.0,2996000000.0,40.341,1107000000.0
55,WMB,MRT,2007-09-30,2007-09-30,2007-09-30,2021-08-25,-133000000.0,25836700000.0,25805200000.0,6286200000.0,19550500000.0,0.397,10.816,-2850100000.0,1585800000.0,1585800000.0,7955100000.0,911900000.0,1.185,3.002,7890200000.0,465600000.0,7424600000.0,7890200000.0,0.0,1030100000.0,0.0,0.011,0.38,2029700000.0,3059800000.0,0.299,3059800000.0,2029700000.0,1346900000.0,1.52,1.5,1.52,6455600000.0,6285900000.0,6455600000.0,26487033153.0,13.0,8.656,-597400000.0,-1.001,1.0,2277300000.0,0.223,1011400000.0,682800000.0,25827000000.0,25641975000.0,214500000.0,3308300000.0,1068300000.0,2240000000.0,19381100000.0,5302700000.0,14078400000.0,20443933153.0,380600000.0,34600000.0,-184600000.0,497000000.0,-229200000.0,668300000.0,-2540400000.0,168300000.0,2252700000.0,0.0,911900000.0,911900000.0,911900000.0,-109800000.0,0.0,0.089,400100000.0,1877200000.0,1020500000.0,0.25,3.167,22.419,22.408,15599900000.0,0.0,34.06,1.998,1.987,955100000.0,-459600000.0,10232400000.0,10232400000.0,0.0,0.035,0.145,0.079,0.198,69500000.0,439400000.0,1.0,600232917.0,596836000.0,610651000.0,17.144,24825300000.0,307100000.0,435000000.0,3177200000.0,41.595,983500000.0
56,WMB,MRT,2007-06-30,2007-06-30,2007-06-30,2021-08-25,-222000000.0,26046100000.0,25551400000.0,7208000000.0,18838100000.0,0.387,10.714,-2733400000.0,1868200000.0,1868200000.0,7772700000.0,820100000.0,1.273,3.055,7911300000.0,468100000.0,7443200000.0,7911300000.0,0.0,975500000.0,0.0,0.012,0.37,1868500000.0,2844000000.0,0.288,2844000000.0,1868500000.0,1195700000.0,1.37,1.35,1.37,6423300000.0,6189800000.0,6423300000.0,24928306276.0,13.0,8.765,-532700000.0,-0.889,1.0,2111500000.0,0.214,1011400000.0,672800000.0,25414400000.0,25505550000.0,223500000.0,3187600000.0,1000200000.0,2187400000.0,19622800000.0,5663400000.0,13959400000.0,18935906276.0,758800000.0,9300000.0,48000000.0,498000000.0,-222800000.0,904500000.0,-2346400000.0,208700000.0,2200700000.0,0.0,820100000.0,820100000.0,820100000.0,-133100000.0,0.0,0.083,404200000.0,1707300000.0,1038600000.0,0.27,2.948,23.09,23.08,14928100000.0,0.0,31.62,1.916,1.918,1030600000.0,-598000000.0,9884200000.0,9884200000.0,0.0,0.032,0.132,0.073,0.189,55600000.0,445400000.0,1.0,598858516.0,599518000.0,613172000.0,16.487,25034700000.0,363800000.0,375600000.0,3083800000.0,41.758,1544600000.0
57,WMB,MRT,2007-03-31,2007-03-31,2007-03-31,2021-08-25,-42200000.0,25936000000.0,25444175000.0,6420700000.0,19515300000.0,0.365,10.353,-2549700000.0,1902800000.0,1902800000.0,7369500000.0,311100000.0,1.276,3.189,7895200000.0,387700000.0,7507500000.0,7895200000.0,0.0,917000000.0,0.0,0.013,0.36,1218700000.0,2135700000.0,0.23,2135700000.0,1218700000.0,538000000.0,0.52,0.51,0.52,6191700000.0,6054550000.0,6191700000.0,22634550386.0,19.0,10.598,-525400000.0,-0.879,1.0,1910600000.0,0.206,1011400000.0,680700000.0,25884500000.0,25583975000.0,266100000.0,5665000000.0,2190300000.0,3474700000.0,19744300000.0,5032500000.0,14711800000.0,17015150386.0,696200000.0,10500000.0,37800000.0,464100000.0,-216400000.0,1142800000.0,-2470900000.0,-35800000.0,2024300000.0,0.0,311100000.0,311100000.0,311100000.0,74100000.0,0.0,0.034,636600000.0,1274000000.0,1164100000.0,0.692,2.748,54.694,54.731,14451000000.0,0.0,28.46,1.834,1.834,1271800000.0,-970900000.0,9280100000.0,9280100000.0,0.0,0.012,0.051,0.048,0.131,50500000.0,433200000.0,1.0,597861925.0,598031000.0,611470000.0,15.518,24924600000.0,363800000.0,226900000.0,2961400000.0,41.678,1388200000.0
58,WMB,MRT,2006-12-31,2006-12-31,2006-12-31,2021-08-25,-60000000.0,25402000000.0,25467425000.0,6322000000.0,19080000000.0,0.365,10.206,-2509000000.0,2269000000.0,2269000000.0,7489000000.0,309000000.0,1.347,3.183,8014000000.0,392000000.0,7622000000.0,8014000000.0,0.0,866000000.0,0.0,0.013,0.345,1190000000.0,2056000000.0,0.221,2056000000.0,1190000000.0,520000000.0,0.52,0.51,0.52,6073000000.0,5988000000.0,6073000000.0,21799060314.0,18.0,10.603,-619000000.0,-1.04,1.0,1810000000.0,0.195,1011000000.0,670000000.0,25442000000.0,25526375000.0,238000000.0,3996000000.0,1286000000.0,2710000000.0,19329000000.0,4694000000.0,14635000000.0,15576360314.0,672000000.0,23000000.0,34000000.0,471000000.0,-207000000.0,1103000000.0,-2321000000.0,41000000.0,1890000000.0,0.0,309000000.0,309000000.0,309000000.0,38000000.0,0.0,0.033,590000000.0,1220000000.0,906000000.0,0.663,2.565,50.409,50.231,14158000000.0,0.0,26.12,1.675,1.671,981000000.0,-1034000000.0,9299000000.0,9299000000.0,0.0,0.012,0.052,0.047,0.128,44000000.0,389000000.0,1.0,596338450.0,595053000.0,608627000.0,15.627,24391000000.0,337000000.0,211000000.0,2880000000.0,40.99,1628000000.0
59,WMB,MRT,2006-09-30,2006-09-30,2006-09-30,2021-08-25,68700000.0,24821500000.0,26477575000.0,5690000000.0,19131500000.0,0.326,10.183,-2172000000.0,1194800000.0,1194800000.0,6582000000.0,229300000.0,1.198,3.088,7417500000.0,142300000.0,7275200000.0,7417500000.0,0.0,822000000.0,0.0,0.014,0.33,1230300000.0,2052300000.0,0.238,2052300000.0,1230300000.0,554900000.0,0.39,0.38,0.39,6071200000.0,5826625000.0,6071200000.0,20586749628.0,17.0,10.031,-490000000.0,-0.822,1.0,2050700000.0,0.238,1011400000.0,675400000.0,25281300000.0,25656975000.0,260200000.0,5979900000.0,2311300000.0,3668600000.0,18750300000.0,4751500000.0,13998800000.0,14221749628.0,-286100000.0,307300000.0,28200000.0,-120100000.0,-194800000.0,-154600000.0,-1813500000.0,-85600000.0,1682000000.0,0.0,229300000.0,229300000.0,229300000.0,178300000.0,0.0,0.027,597700000.0,1453000000.0,1055000000.0,0.846,2.342,62.022,61.205,13651800000.0,0.0,23.87,1.647,1.649,1232900000.0,-1125600000.0,8632700000.0,8632700000.0,0.0,0.009,0.039,0.048,0.143,35600000.0,330000000.0,1.0,595800152.0,596199000.0,609062000.0,14.48,23810100000.0,293100000.0,325600000.0,2897700000.0,39.936,938500000.0
60,WMB,MRT,2006-06-30,2006-06-30,2006-06-30,2021-08-25,-60200000.0,25617200000.0,28686150000.0,6423700000.0,19193500000.0,0.321,9.877,-1785000000.0,1098300000.0,1098300000.0,7368600000.0,127500000.0,1.226,3.355,7463300000.0,170700000.0,7292600000.0,7463300000.0,0.0,791200000.0,0.0,0.013,0.315,1030300000.0,1821500000.0,0.198,1821500000.0,1030300000.0,349900000.0,0.22,0.21,0.22,5882300000.0,5597425000.0,5882300000.0,20097940352.0,20.0,11.034,-455000000.0,-0.764,1.0,1834600000.0,0.199,1014500000.0,680400000.0,25728100000.0,26107350000.0,307700000.0,7086200000.0,2725200000.0,4361000000.0,19734900000.0,5239600000.0,14495300000.0,13902840352.0,-317000000.0,382400000.0,28400000.0,-112200000.0,-184100000.0,-5700000.0,-1641300000.0,-327200000.0,1330000000.0,0.0,127500000.0,127500000.0,127500000.0,172900000.0,0.0,0.014,557800000.0,1276800000.0,971300000.0,1.432,2.364,109.042,106.182,13004000000.0,0.0,23.36,1.511,1.512,1164900000.0,-1178300000.0,9203200000.0,9203200000.0,0.0,0.004,0.023,0.039,0.112,27600000.0,307600000.0,1.0,595155837.0,595561000.0,595561000.0,15.453,24602700000.0,314100000.0,222400000.0,2752900000.0,41.31,1184100000.0
61,WMB,MRT,2006-03-31,2006-03-31,2006-03-31,2021-08-25,-121000000.0,26029000000.0,28881775000.0,6764800000.0,19264200000.0,0.341,10.019,-1544400000.0,1233400000.0,1233400000.0,8083400000.0,244800000.0,1.218,3.393,7428500000.0,175700000.0,7252800000.0,7428500000.0,0.0,758800000.0,0.0,0.013,0.275,1169700000.0,1928500000.0,0.196,1928500000.0,1169700000.0,504600000.0,0.42,0.41,0.42,5925500000.0,5465250000.0,5925500000.0,18706177017.0,16.0,9.7,-234100000.0,-0.396,1.0,1771100000.0,0.18,1014500000.0,665100000.0,25654100000.0,26177625000.0,277800000.0,8004200000.0,3260000000.0,4744200000.0,20103500000.0,5555500000.0,14548000000.0,12719677017.0,-95200000.0,393800000.0,32200000.0,-83300000.0,-159100000.0,-178600000.0,-1226900000.0,-174500000.0,1310300000.0,0.0,244800000.0,244800000.0,244800000.0,155100000.0,0.0,0.025,320000000.0,1451100000.0,994400000.0,0.655,2.147,51.959,50.929,12682500000.0,0.0,21.39,1.291,1.284,1173700000.0,-1048600000.0,9854500000.0,9854500000.0,0.0,0.008,0.045,0.045,0.119,20700000.0,274500000.0,1.0,594655307.0,591407000.0,607073000.0,16.663,25014500000.0,208700000.0,259800000.0,2662900000.0,42.297,1209300000.0
62,WMB,MRT,2005-12-31,2005-12-31,2005-12-31,2021-08-25,-297800000.0,29442600000.0,28983050000.0,9697300000.0,19745300000.0,0.337,9.515,-1299000000.0,1726600000.0,1726600000.0,7885000000.0,314000000.0,1.148,4.425,7713100000.0,122600000.0,7590500000.0,7713100000.0,0.0,740000000.0,0.0,0.011,0.25,1282000000.0,2022000000.0,0.207,2022000000.0,1282000000.0,615000000.0,0.55,0.53,0.55,5427500000.0,5299150000.0,5427500000.0,19552550182.0,15.0,9.67,151000000.0,0.265,1.0,1896000000.0,0.194,1014500000.0,667000000.0,25964400000.0,26169450000.0,272600000.0,10844400000.0,5299700000.0,5544700000.0,24015100000.0,8450200000.0,15564900000.0,13276750182.0,667000000.0,443000000.0,310000000.0,-188000000.0,-143000000.0,36000000.0,-819000000.0,-138000000.0,1450000000.0,0.0,314000000.0,314000000.0,314000000.0,157000000.0,0.0,0.032,343000000.0,1553000000.0,1360600000.0,0.455,2.446,42.283,42.127,12409200000.0,0.0,23.17,1.357,1.351,1613800000.0,-1135900000.0,9781000000.0,9781000000.0,0.0,0.011,0.059,0.049,0.131,13000000.0,277000000.0,1.0,573014682.0,570420000.0,605847000.0,17.147,28428100000.0,241000000.0,301000000.0,2508900000.0,49.837,1247100000.0
63,WMB,MRT,2005-09-30,2005-09-30,2005-09-30,2021-08-25,-527400000.0,33655800000.0,27620650000.0,12628800000.0,21027000000.0,0.43,9.003,-1134800000.0,1445300000.0,1445300000.0,10251600000.0,320200000.0,1.067,5.53,7721100000.0,122400000.0,7598700000.0,7721100000.0,0.0,719000000.0,0.0,0.009,0.225,1243800000.0,1962800000.0,0.165,1962800000.0,1243800000.0,577000000.0,0.58,0.56,0.58,5154400000.0,5181250000.0,5154400000.0,20679636580.0,17.0,10.536,347200000.0,0.606,1.0,1620100000.0,0.136,1014500000.0,666800000.0,27082800000.0,25866325000.0,302800000.0,15691300000.0,8636500000.0,7054800000.0,28501400000.0,11834300000.0,16667100000.0,14333136580.0,383800000.0,157600000.0,309300000.0,-363900000.0,-127800000.0,-113100000.0,-985100000.0,-95400000.0,1482000000.0,0.0,320200000.0,320200000.0,320200000.0,23900000.0,0.0,0.027,245900000.0,1374200000.0,1217000000.0,0.388,2.781,44.763,43.19,12203000000.0,0.0,25.05,1.207,1.208,1490100000.0,-1159700000.0,11871700000.0,11871700000.0,0.0,0.012,0.062,0.048,0.105,19400000.0,324600000.0,1.0,572181101.0,572543000.0,580735000.0,20.735,32641300000.0,146300000.0,256800000.0,2268400000.0,57.011,794500000.0
64,WMB,MRT,2005-06-30,2005-06-30,2005-06-30,2021-08-25,-342200000.0,26399700000.0,25596475000.0,6772600000.0,19627100000.0,0.475,9.372,-975000000.0,1397800000.0,1397800000.0,10281300000.0,414400000.0,1.184,3.931,7744300000.0,98600000.0,7645700000.0,7744300000.0,0.0,696300000.0,0.0,0.008,0.16,1420500000.0,2116800000.0,0.174,2116800000.0,1420500000.0,722400000.0,0.76,0.74,0.76,5353600000.0,4894825000.0,5353600000.0,17302761184.0,12.0,8.174,691100000.0,1.21,1.0,1883300000.0,0.155,1014500000.0,698100000.0,26009200000.0,25623650000.0,259500000.0,9359000000.0,3496400000.0,5862600000.0,21046100000.0,5722500000.0,15323600000.0,10845761184.0,266900000.0,714200000.0,305300000.0,-1302700000.0,-90100000.0,-1133600000.0,-265600000.0,-93100000.0,1666100000.0,0.0,414400000.0,414400000.0,414400000.0,-59800000.0,0.0,0.034,260400000.0,1622900000.0,944800000.0,0.211,2.026,26.172,25.0,11979100000.0,0.0,19.0,0.892,0.892,1227300000.0,-1121100000.0,12164600000.0,12164600000.0,0.0,0.016,0.085,0.055,0.117,16300000.0,323400000.0,1.0,570829536.0,571208000.0,578902000.0,21.296,25385200000.0,11300000.0,308000000.0,2476000000.0,44.441,1050100000.0
65,WMB,MRT,2005-03-31,2005-03-31,2005-03-31,2021-08-25,-407400000.0,26434100000.0,25538650000.0,7431000000.0,19003100000.0,0.483,9.321,-882500000.0,1292900000.0,1292900000.0,10451100000.0,354900000.0,1.188,4.024,7749900000.0,99500000.0,7650400000.0,7749900000.0,0.0,686300000.0,0.0,0.006,0.12,1359200000.0,2045500000.0,0.166,2045500000.0,1359200000.0,603400000.0,0.66,0.64,0.66,5261100000.0,4556150000.0,5261100000.0,17641967624.0,13.0,8.625,807000000.0,1.43,1.0,1894200000.0,0.153,1014500000.0,755800000.0,25621400000.0,26001900000.0,222800000.0,9614100000.0,4237400000.0,5376700000.0,21173000000.0,6255200000.0,14917800000.0,10722667624.0,-788700000.0,739800000.0,303800000.0,-2917900000.0,-66700000.0,-2711900000.0,233700000.0,284200000.0,1689500000.0,0.0,354900000.0,354900000.0,354900000.0,-59500000.0,0.0,0.029,281800000.0,1612400000.0,954900000.0,0.182,2.038,30.213,28.5,11852300000.0,0.0,18.81,0.869,0.86,1243400000.0,-1134000000.0,12345300000.0,12345300000.0,0.0,0.014,0.078,0.052,0.11,12300000.0,343500000.0,1.0,570051442.0,564437000.0,599422000.0,21.872,25419600000.0,120700000.0,248500000.0,2515300000.0,45.035,1175800000.0
66,WMB,MRT,2004-12-31,2004-12-31,2004-12-31,2021-08-25,-244200000.0,23993000000.0,25877675000.0,6043600000.0,17949400000.0,0.482,9.365,-787400000.0,1042700000.0,1042700000.0,10751700000.0,163700000.0,1.174,3.841,7962000000.0,250100000.0,7711900000.0,7962000000.0,0.0,668500000.0,0.0,0.005,0.08,1129400000.0,1797900000.0,0.144,1797900000.0,1129400000.0,295000000.0,0.31,0.31,0.31,4955900000.0,4249400000.0,4955900000.0,16938897118.0,15.0,9.421,700500000.0,1.324,1.0,1709600000.0,0.137,1014500000.0,834400000.0,24751900000.0,26963125000.0,261100000.0,7302500000.0,2961000000.0,4341500000.0,19037100000.0,5145900000.0,13891200000.0,9064597118.0,-1388200000.0,958900000.0,20600000.0,-3456500000.0,-43400000.0,-3505500000.0,629400000.0,471600000.0,1487900000.0,0.0,163700000.0,163700000.0,163700000.0,-70500000.0,0.0,0.013,303900000.0,1405700000.0,1043200000.0,0.258,1.829,55.373,52.548,11886800000.0,0.0,16.29,0.727,0.692,1422800000.0,-1306500000.0,12461300000.0,12461300000.0,0.0,0.006,0.039,0.042,0.091,9500000.0,355500000.0,1.0,556451634.0,529188000.0,535611000.0,23.548,22978500000.0,89000000.0,131300000.0,2470100000.0,43.422,897700000.0
67,WMB,MRT,2004-09-30,2004-09-30,2004-09-30,2021-08-25,-326300000.0,25559100000.0,26634875000.0,7120400000.0,18438700000.0,0.489,7.663,-760300000.0,1069400000.0,1069400000.0,11376500000.0,36600000.0,1.129,5.376,8943700000.0,276600000.0,8667100000.0,8943700000.0,0.0,658700000.0,0.0,0.003,0.04,859300000.0,1518000000.0,0.117,1518000000.0,859300000.0,-62100000.0,0.07,0.06,0.07,4008700000.0,4035950000.0,4008700000.0,14873816724.0,17.0,9.798,403200000.0,0.771,1.0,1639800000.0,0.126,1014500000.0,921400000.0,26112100000.0,28073200000.0,261700000.0,9050600000.0,4100000000.0,4950600000.0,21550400000.0,6306800000.0,15243600000.0,6320716724.0,-2454200000.0,1053700000.0,15500000.0,-4251300000.0,-20800000.0,-4361700000.0,744000000.0,441500000.0,1163500000.0,0.0,36600000.0,36600000.0,36600000.0,-187000000.0,0.0,0.003,615800000.0,1024000000.0,920700000.0,0.571,1.577,172.697,172.857,11816900000.0,0.0,12.1,0.486,0.486,1266600000.0,-1352100000.0,13016300000.0,13016300000.0,0.0,0.001,0.009,0.031,0.066,2800000.0,361900000.0,1.0,522373283.0,523111000.0,529525000.0,24.882,24544600000.0,78900000.0,-98700000.0,2302600000.0,46.92,813600000.0
68,WMB,MRT,2004-06-30,2004-06-30,2004-06-30,2021-08-25,-235500000.0,26168400000.0,27820525000.0,7762000000.0,18406400000.0,0.517,7.665,-835200000.0,1206500000.0,1206500000.0,12908200000.0,44300000.0,1.255,5.544,9759600000.0,276600000.0,9483000000.0,9759600000.0,0.0,656100000.0,0.0,0.003,0.04,920400000.0,1576500000.0,0.11,1576500000.0,920400000.0,-80000000.0,0.09,0.07,0.09,3998900000.0,4082625000.0,3998900000.0,15258302934.0,17.0,9.679,81100000.0,0.155,1.0,1476300000.0,0.103,1014500000.0,1000400000.0,27522200000.0,29150875000.0,255300000.0,8734900000.0,3936100000.0,4798800000.0,22169500000.0,6184800000.0,15984700000.0,6185902934.0,-2199400000.0,767900000.0,13000000.0,-3460000000.0,-20800000.0,-3556800000.0,441100000.0,496600000.0,916300000.0,0.0,44300000.0,44300000.0,44300000.0,-190900000.0,0.0,0.003,603400000.0,872900000.0,1044800000.0,0.444,1.547,139.637,132.222,11770100000.0,0.0,11.9,0.43,0.432,1461000000.0,-1445500000.0,14384500000.0,14384500000.0,0.0,0.002,0.011,0.032,0.064,5700000.0,368600000.0,1.0,519823776.0,521698000.0,521698000.0,27.572,25153900000.0,68200000.0,-124300000.0,2326300000.0,48.215,1577200000.0
69,WMB,MRT,2004-03-31,2004-03-31,2004-03-31,2021-08-25,-209100000.0,27790200000.0,29741675000.0,9124000000.0,18666200000.0,0.502,7.766,-848700000.0,2195800000.0,2195800000.0,13271600000.0,332200000.0,1.43,5.889,11268200000.0,443400000.0,10824800000.0,11268200000.0,0.0,650100000.0,0.0,0.004,0.04,1535600000.0,2185700000.0,0.146,2185700000.0,1535600000.0,351600000.0,0.6,0.56,0.6,4034100000.0,4083275000.0,4034100000.0,14426639366.0,9.0,6.6,120900000.0,0.233,1.0,1673300000.0,0.112,1014500000.0,1184000000.0,29466300000.0,30010775000.0,206900000.0,9097500000.0,4320700000.0,4776800000.0,23756100000.0,6381800000.0,17374300000.0,4969739366.0,497100000.0,2471600000.0,6000000.0,-1744300000.0,-46500000.0,-1852500000.0,1380000000.0,-234600000.0,969600000.0,0.0,332200000.0,309500000.0,309500000.0,-346600000.0,0.0,0.021,387500000.0,1285800000.0,997300000.0,0.067,1.232,16.057,15.95,12033700000.0,22700000.0,9.57,0.333,0.333,1511000000.0,-1422000000.0,14944900000.0,14944900000.0,0.0,0.01,0.076,0.051,0.103,9900000.0,401200000.0,1.0,519304009.0,519485000.0,519485000.0,28.769,26775700000.0,104200000.0,19400000.0,2405000000.0,51.543,2742200000.0
70,WMB,MRT,2003-12-31,2003-12-31,2003-12-31,2021-08-25,-121000000.0,27021800000.0,31654700000.0,8795000000.0,18226800000.0,0.526,7.917,-956000000.0,2522600000.0,2522600000.0,15004300000.0,-492200000.0,1.403,5.587,11978300000.0,938500000.0,11039800000.0,11978300000.0,0.0,657400000.0,0.0,0.004,0.04,796000000.0,1453400000.0,0.087,1453400000.0,796000000.0,-497500000.0,-1.01,-1.01,-1.01,4102100000.0,4112975000.0,4102100000.0,14353864013.0,18.0,9.876,-185900000.0,-0.359,1.0,1646700000.0,0.099,1014500000.0,1293500000.0,29192200000.0,30537625000.0,242900000.0,7507300000.0,3260000000.0,4247300000.0,22919700000.0,6270800000.0,16648900000.0,5088564013.0,582200000.0,2870400000.0,1200000.0,-1228800000.0,-53300000.0,-1684000000.0,1496100000.0,-409900000.0,770100000.0,0.0,-492200000.0,-521700000.0,-521700000.0,-326600000.0,0.0,-0.031,400000000.0,1246700000.0,1186800000.0,-0.04,1.24,-9.754,-9.723,11734000000.0,29500000.0,9.82,0.306,0.306,1613200000.0,-1426800000.0,16651000000.0,16651000000.0,0.0,-0.016,-0.127,0.026,0.048,27100000.0,421300000.0,1.0,518183708.0,518137000.0,518137000.0,32.136,26007300000.0,106600000.0,-5300000.0,2453400000.0,50.194,2524200000.0
71,WMB,MRT,2003-09-30,2003-09-30,2003-09-30,2021-08-25,-84100000.0,30301700000.0,33646375000.0,11330000000.0,18971700000.0,0.417,8.095,-1181700000.0,3644700000.0,3644700000.0,12279200000.0,-657700000.0,1.401,6.223,12910000000.0,1919900000.0,10990100000.0,12910000000.0,0.0,660400000.0,0.0,0.004,0.04,785900000.0,1446300000.0,0.103,1446300000.0,785900000.0,-619100000.0,-1.33,-1.36,-1.33,4195400000.0,4349700000.0,4195400000.0,14446335054.0,18.0,9.988,376700000.0,0.727,1.0,1749100000.0,0.125,1059500000.0,1405000000.0,30422800000.0,31698300000.0,270000000.0,8931600000.0,4085300000.0,4846300000.0,26106300000.0,8084700000.0,18021600000.0,4879135054.0,2138200000.0,3437800000.0,2400000.0,-912300000.0,-60100000.0,-1293900000.0,1873700000.0,-237600000.0,1558400000.0,0.0,-657700000.0,-694000000.0,-694000000.0,-167100000.0,0.0,-0.049,395600000.0,1353500000.0,1397900000.0,-0.03,1.163,-7.03,-7.083,12125300000.0,36300000.0,9.42,0.348,0.348,1691400000.0,-1367800000.0,14028300000.0,14028300000.0,0.0,-0.021,-0.16,0.025,0.056,31000000.0,441800000.0,1.0,517954889.0,518292000.0,,27.066,29242200000.0,706700000.0,38600000.0,3127200000.0,56.42,3245300000.0
72,WMB,MRT,2003-06-30,2003-06-30,2003-06-30,2021-08-25,-174800000.0,33853000000.0,35037875000.0,14283300000.0,19569700000.0,0.286,7.724,-1312000000.0,3458800000.0,3458800000.0,8418900000.0,-1058100000.0,1.253,7.46,13026000000.0,1816300000.0,11209700000.0,13026000000.0,0.0,658400000.0,0.0,0.005,0.04,355500000.0,1013900000.0,0.101,1013900000.0,355500000.0,-1114700000.0,-2.12,-2.14,-2.12,4001500000.0,4643100000.0,4001500000.0,15812486460.0,44.0,15.596,-443500000.0,-0.856,1.0,1585200000.0,0.158,1059500000.0,1470200000.0,30961800000.0,33084775000.0,299500000.0,12488300000.0,7095200000.0,5393100000.0,29851500000.0,11398900000.0,18452600000.0,4089986460.0,2456400000.0,5004300000.0,-6100000.0,-840500000.0,-67200000.0,-1723800000.0,3311700000.0,-190300000.0,868500000.0,0.0,-1058100000.0,-1101200000.0,-1101200000.0,42100000.0,0.0,-0.11,372600000.0,1212600000.0,1434400000.0,-0.019,1.022,-3.714,-3.726,12188800000.0,43100000.0,7.9,0.409,0.409,1696500000.0,-1469000000.0,10004100000.0,10004100000.0,0.0,-0.031,-0.237,0.011,0.036,37200000.0,503800000.0,1.0,517719805.0,518090000.0,,19.31,32793500000.0,527200000.0,-56600000.0,2842800000.0,63.297,2884400000.0
73,WMB,MRT,2003-03-31,2003-03-31,2003-03-31,2021-08-25,-48300000.0,35442300000.0,35966025000.0,14612400000.0,20829900000.0,0.198,8.023,-1510700000.0,2040700000.0,2040700000.0,6006200000.0,-1676900000.0,1.007,7.534,13763200000.0,3272100000.0,10491100000.0,13763200000.0,0.0,637700000.0,0.0,0.05,0.23,-697800000.0,-60100000.0,-0.008,-60100000.0,-697800000.0,-2015800000.0,-3.28,-3.28,-3.28,4152900000.0,5047300000.0,4152900000.0,14264924851.0,-20.0,-237.353,-1124800000.0,-2.173,1.0,1132700000.0,0.159,1082500000.0,1318000000.0,31573700000.0,34654725000.0,383400000.0,11699000000.0,7772800000.0,3926200000.0,31289400000.0,14508600000.0,16780800000.0,2370324851.0,-201400000.0,3309900000.0,-7900000.0,-1941300000.0,-139300000.0,-2249700000.0,1662400000.0,108700000.0,385900000.0,0.0,-1676900000.0,-1704100000.0,-1704100000.0,215400000.0,0.0,-0.239,791800000.0,340900000.0,1927300000.0,-0.07,0.571,-1.391,-1.396,14677100000.0,27200000.0,4.58,0.332,0.332,2589400000.0,-1710800000.0,7138900000.0,7138900000.0,0.0,-0.047,-0.338,-0.02,-0.098,40400000.0,551000000.0,1.0,517538177.0,517652000.0,,13.791,34359800000.0,572900000.0,-338900000.0,2799500000.0,66.376,103800000.0
74,WMB,MRT,2002-12-31,2002-12-31,2002-12-31,2021-08-25,33800000.0,34988500000.0,37134825000.0,12886100000.0,22102400000.0,0.092,9.772,-1662000000.0,1941300000.0,1941300000.0,1987700000.0,-754700000.0,1.14,5.93,13155700000.0,2079000000.0,11076700000.0,13155700000.0,0.0,648800000.0,0.0,0.156,0.42,124200000.0,773000000.0,0.225,773000000.0,124200000.0,-1045000000.0,-1.63,-1.63,-1.63,5049000000.0,5519700000.0,5049000000.0,14257698924.0,115.0,18.445,-2177300000.0,-4.214,1.0,1446800000.0,0.421,1059500000.0,1169200000.0,33834900000.0,36425550000.0,368100000.0,8358000000.0,5024300000.0,3333700000.0,29939500000.0,11308500000.0,18631000000.0,1394998924.0,434900000.0,3139000000.0,5200000.0,-350900000.0,-230800000.0,-154000000.0,1104200000.0,-35700000.0,-515300000.0,0.0,-754700000.0,-844800000.0,-844800000.0,136300000.0,0.0,-0.246,816000000.0,630800000.0,1878300000.0,-0.258,0.276,-1.651,-1.656,12026000000.0,90100000.0,2.7,0.406,0.406,2415400000.0,-884300000.0,3434500000.0,3434500000.0,0.0,-0.023,-0.153,0.003,0.036,31200000.0,575600000.0,1.0,516666268.0,516666268.0,,6.647,33929000000.0,569200000.0,-290300000.0,3353600000.0,65.669,1577600000.0
75,WMB,MRT,2002-09-30,2002-09-30,2002-09-30,2021-08-25,131200000.0,35867700000.0,38041250000.0,12759900000.0,23107800000.0,-0.007,10.387,-1513100000.0,1752900000.0,1752900000.0,-1551300000.0,-1773200000.0,1.093,5.681,14615600000.0,2322000000.0,12293600000.0,14615600000.0,0.0,530200000.0,0.0,0.27,0.61,-1042200000.0,-512000000.0,1.918,-512000000.0,-1042200000.0,-2032900000.0,-3.7,-3.68,-3.7,5369000000.0,5768450000.0,5369000000.0,14442918410.0,-14.0,-28.209,-1870600000.0,-3.619,1.0,1284400000.0,-4.812,1087300000.0,990700000.0,35968700000.0,36454175000.0,820200000.0,1641600000.0,0.0,1641600000.0,30498700000.0,11674400000.0,18824300000.0,1167318410.0,878800000.0,2553600000.0,-5500000.0,985600000.0,-321900000.0,1107900000.0,128400000.0,-333500000.0,-357500000.0,0.0,-1773200000.0,-1856500000.0,-1856500000.0,1144100000.0,0.0,6.956,587800000.0,696600000.0,2745500000.0,-0.165,0.217,-0.629,-0.611,15386900000.0,83300000.0,2.26,-4.374,-4.377,3714500000.0,-653200000.0,-266900000.0,-266900000.0,0.0,-0.049,-0.322,-0.029,3.905,46600000.0,521600000.0,1.0,516512571.0,516901000.0,,-0.516,34780400000.0,253600000.0,-259700000.0,3188900000.0,67.286,1085500000.0
76,WMB,MRT,2002-06-30,2002-06-30,2002-06-30,2021-08-25,123900000.0,37565600000.0,38627600000.0,12373800000.0,25191800000.0,0.045,10.796,-1541100000.0,1043900000.0,1043900000.0,-263800000.0,-1257800000.0,0.99,5.686,14319500000.0,2347500000.0,11972000000.0,14319500000.0,0.0,497500000.0,0.0,0.13,0.78,-433800000.0,63700000.0,0.037,63700000.0,-433800000.0,-1262500000.0,-2.68,-2.66,-2.68,5618300000.0,6289950000.0,5618300000.0,16240266019.0,-37.0,254.949,-1658400000.0,-3.187,1.0,2005000000.0,1.152,1106800000.0,828700000.0,37241600000.0,36071075000.0,969200000.0,1750500000.0,0.0,1750500000.0,31947300000.0,12492800000.0,19454500000.0,3092766019.0,-241300000.0,614600000.0,19100000.0,1792600000.0,-402200000.0,2386400000.0,-2510400000.0,-381100000.0,-117300000.0,0.0,-1257800000.0,-1334300000.0,-1334300000.0,993800000.0,0.0,-0.766,785600000.0,1219400000.0,3423600000.0,-0.291,0.55,-2.318,-2.235,17456500000.0,76500000.0,5.99,1.776,1.79,3966400000.0,-345200000.0,1741200000.0,1741200000.0,0.0,-0.035,-0.212,-0.012,-0.249,42400000.0,601900000.0,1.0,516321539.0,520427000.0,,3.346,36458800000.0,479800000.0,-4700000.0,3420900000.0,70.056,-119000000.0
77,WMB,MRT,2002-03-31,2002-03-31,2002-03-31,2021-08-25,124200000.0,40117500000.0,37642625000.0,13991800000.0,26125700000.0,0.104,11.638,-1528900000.0,1703000000.0,1703000000.0,1243900000.0,-569200000.0,1.041,5.639,14850500000.0,2617000000.0,12233500000.0,14850500000.0,0.0,531400000.0,0.0,0.178,4.184,529500000.0,1060900000.0,0.271,1060900000.0,529500000.0,-206600000.0,-1.3,-1.29,-1.3,6042500000.0,6360775000.0,6042500000.0,22818152780.0,43.0,21.508,-489000000.0,-0.942,1.0,2671500000.0,0.682,1164300000.0,736100000.0,38657000000.0,34192075000.0,908300000.0,1718800000.0,0.0,1718800000.0,34075000000.0,13443700000.0,20631300000.0,12157252780.0,1368700000.0,-606800000.0,39200000.0,3762600000.0,-372000000.0,3714600000.0,-3289300000.0,-386800000.0,1039900000.0,0.0,-569200000.0,-638900000.0,-638900000.0,965800000.0,0.0,-0.163,580400000.0,2091100000.0,2847700000.0,-3.218,2.012,-19.028,-18.123,17048100000.0,69700000.0,23.56,3.105,3.124,3575600000.0,134400000.0,3915400000.0,3915400000.0,0.0,-0.017,-0.1,0.015,0.135,41400000.0,633200000.0,1.0,516012427.0,519224000.0,,7.541,38953200000.0,391300000.0,362600000.0,3541700000.0,75.022,548100000.0
78,WMB,MRT,2001-12-31,2001-12-31,2001-12-31,2021-08-25,345100000.0,38614200000.0,36736400000.0,12825000000.0,25789200000.0,0.144,11.728,-1449700000.0,1258500000.0,1258500000.0,2498400000.0,-477700000.0,0.958,5.389,11116600000.0,2423900000.0,8692700000.0,11116600000.0,0.0,526900000.0,0.0,0.162,4.134,725200000.0,1252100000.0,0.236,1252100000.0,725200000.0,33400000.0,-0.96,-0.95,-0.96,6044000000.0,6616425000.0,6044000000.0,24015944799.0,33.0,19.181,378900000.0,0.735,1.0,2804800000.0,0.529,1141400000.0,691800000.0,33949400000.0,32213800000.0,543500000.0,1555900000.0,0.0,1555900000.0,32570200000.0,13381500000.0,19188700000.0,13152044799.0,90400000.0,-1101000000.0,1388500000.0,869600000.0,-341000000.0,3352400000.0,-4994100000.0,-324400000.0,1828600000.0,0.0,-477700000.0,-477700000.0,-477700000.0,1126000000.0,0.0,-0.09,648100000.0,2156700000.0,2571000000.0,-4.306,2.176,-27.532,-26.583,14388900000.0,0.0,25.52,2.48,2.48,2899600000.0,199600000.0,5303200000.0,5303200000.0,0.0,-0.013,-0.072,0.023,0.137,48400000.0,660500000.0,1.0,515362257.0,515362257.0,,10.29,37472800000.0,440600000.0,511100000.0,3689900000.0,72.712,-556500000.0
79,WMB,MRT,2001-09-30,2001-09-30,2001-09-30,2021-08-25,377200000.0,38213100000.0,35777000000.0,12576700000.0,25636400000.0,0.243,14.825,-1217900000.0,413900000.0,413900000.0,5334500000.0,711700000.0,0.932,4.126,11277800000.0,2456400000.0,8821400000.0,11277800000.0,0.0,524100000.0,0.0,0.15,4.084,2138200000.0,2662300000.0,0.306,2662300000.0,2138200000.0,1484500000.0,1.45,1.43,1.45,7455000000.0,6578425000.0,7455000000.0,22347545263.0,10.0,8.394,-313800000.0,-0.624,1.0,3352700000.0,0.386,1142400000.0,653700000.0,34436300000.0,30850225000.0,861600000.0,1586300000.0,0.0,1586300000.0,30758100000.0,13498300000.0,17259800000.0,13240745263.0,-601200000.0,-1782200000.0,1395900000.0,760400000.0,-304600000.0,5530600000.0,-7168500000.0,-201300000.0,904100000.0,0.0,711700000.0,711700000.0,711700000.0,396500000.0,0.0,0.082,682300000.0,2670400000.0,3371400000.0,2.817,1.776,18.604,18.828,17697200000.0,0.0,27.3,1.524,1.58,4189600000.0,1763800000.0,8687200000.0,8687200000.0,0.0,0.02,0.108,0.069,0.246,40600000.0,702700000.0,1.0,485008984.0,502877000.0,,17.275,37070700000.0,0.0,772800000.0,3989500000.0,73.717,-921600000.0
80,WMB,MRT,2001-06-30,2001-06-30,2001-06-30,2021-08-25,210500000.0,33625700000.0,34280800000.0,11243000000.0,22382700000.0,0.242,12.113,-1204600000.0,1014600000.0,1014600000.0,5187000000.0,611500000.0,0.864,4.698,10121400000.0,3138200000.0,6983200000.0,10121400000.0,0.0,556100000.0,0.0,0.123,4.054,1970400000.0,2526500000.0,0.305,2526500000.0,1970400000.0,1313900000.0,1.28,1.26,1.28,5901600000.0,6263525000.0,5901600000.0,24679584442.0,13.0,9.768,159800000.0,0.328,1.0,3102300000.0,0.374,0.0,656500000.0,29725600000.0,30814825000.0,751300000.0,2769600000.0,0.0,2769600000.0,27724100000.0,13006900000.0,14717200000.0,15967884442.0,594800000.0,-1736800000.0,1410700000.0,947900000.0,-278500000.0,5704200000.0,-6517100000.0,-276700000.0,1364400000.0,0.0,611500000.0,611500000.0,611500000.0,479300000.0,0.0,0.074,626100000.0,2476200000.0,3714100000.0,3.167,2.706,26.113,25.742,14813200000.0,0.0,32.95,1.926,1.937,3855600000.0,1635200000.0,8289300000.0,8289300000.0,0.0,0.018,0.098,0.064,0.238,44900000.0,642900000.0,1.0,484609543.0,487211000.0,,17.014,33625700000.0,26600000.0,702400000.0,3101300000.0,69.017,-1763900000.0
81,WMB,MRT,2001-03-31,2001-03-31,2001-03-31,2021-08-25,-136600000.0,36492600000.0,32973650000.0,13718800000.0,22773800000.0,0.234,14.747,-1185000000.0,237800000.0,237800000.0,4556600000.0,623800000.0,0.949,4.165,8949500000.0,2097800000.0,6851700000.0,8949500000.0,0.0,540400000.0,0.0,0.014,0.6,1950500000.0,2490900000.0,0.323,2490900000.0,1950500000.0,1297900000.0,1.37,1.35,1.37,7065100000.0,6286225000.0,7065100000.0,33551101701.0,17.0,13.469,-736200000.0,-1.537,1.0,3161100000.0,0.41,0.0,652600000.0,30743900000.0,31085875000.0,672800000.0,1573000000.0,0.0,1573000000.0,29427500000.0,14460400000.0,14967100000.0,20709401701.0,-413700000.0,-693600000.0,1406300000.0,98400000.0,-272000000.0,4885000000.0,-5719300000.0,-186000000.0,448800000.0,0.0,623800000.0,623800000.0,623800000.0,424600000.0,0.0,0.081,750200000.0,2410900000.0,3293100000.0,0.438,2.931,33.199,31.277,14546900000.0,0.0,42.85,2.683,2.66,3250700000.0,3192400000.0,7717700000.0,7717700000.0,0.0,0.019,0.099,0.063,0.253,44900000.0,662400000.0,1.0,483299923.0,479090000.0,,16.109,36492600000.0,78500000.0,674100000.0,2869800000.0,76.171,-741600000.0
82,WMB,MRT,2000-12-31,2000-12-31,2000-12-31,2021-08-25,28200000.0,34776600000.0,30300475000.0,14197400000.0,20579200000.0,0.216,13.39,-1169200000.0,996800000.0,996800000.0,3828900000.0,524300000.0,0.902,4.902,10501300000.0,3670800000.0,6830500000.0,10501300000.0,0.0,520400000.0,0.0,0.015,0.6,1707000000.0,2227400000.0,0.34,2227400000.0,1707000000.0,1065800000.0,1.18,1.17,1.18,5892000000.0,5946675000.0,5892000000.0,30028980568.0,18.0,13.482,-585400000.0,-1.33,1.0,2730400000.0,0.416,42500000.0,641200000.0,28495100000.0,30726175000.0,848400000.0,1368600000.0,0.0,1368600000.0,28884600000.0,15743500000.0,13141100000.0,17574180568.0,129100000.0,-694700000.0,64100000.0,1713400000.0,-265800000.0,3751000000.0,-4205700000.0,-134700000.0,583800000.0,0.0,524300000.0,524300000.0,524300000.0,296100000.0,0.0,0.08,696400000.0,2034000000.0,3088000000.0,0.508,2.983,33.519,33.847,14205900000.0,0.0,39.94,2.679,2.679,3357300000.0,3065700000.0,6559300000.0,6559300000.0,0.0,0.017,0.088,0.056,0.26,36700000.0,617800000.0,1.0,440014536.0,440014536.0,,14.907,34734100000.0,64900000.0,541500000.0,2863900000.0,78.939,-1546100000.0
83,WMB,MRT,2000-09-30,2000-09-30,2000-09-30,2021-08-25,238600000.0,32228300000.0,27850150000.0,8868200000.0,23360100000.0,0.254,13.92,-826100000.0,1027500000.0,1027500000.0,4695800000.0,694900000.0,0.887,4.202,13482300000.0,3468600000.0,10013700000.0,13482300000.0,0.0,535900000.0,0.0,0.014,0.6,1841500000.0,2377400000.0,0.337,2377400000.0,1841500000.0,1189600000.0,1.56,1.55,1.56,6195400000.0,5869975000.0,6195400000.0,29271316226.0,16.0,12.312,418100000.0,0.939,1.0,2367700000.0,0.335,393900000.0,651900000.0,34294700000.0,30904850000.0,943700000.0,3754100000.0,921000000.0,2833100000.0,26032900000.0,9994500000.0,16038400000.0,18707616226.0,733800000.0,-158100000.0,72000000.0,409800000.0,-264400000.0,243900000.0,-655700000.0,309100000.0,1244200000.0,0.0,694900000.0,694900000.0,694900000.0,227900000.0,0.0,0.098,290300000.0,2077400000.0,2705400000.0,0.385,3.02,26.921,27.083,18261500000.0,0.0,42.25,2.648,2.662,3024500000.0,3180700000.0,7063500000.0,7063500000.0,0.0,0.025,0.118,0.06,0.261,24200000.0,318400000.0,1.0,442783816.0,445066000.0,,15.871,31834400000.0,259700000.0,494700000.0,2965800000.0,71.527,-1126300000.0
84,WMB,MRT,2000-06-30,2000-06-30,2000-06-30,2021-08-25,130600000.0,28397100000.0,25134975000.0,6870100000.0,21527000000.0,0.276,13.503,-1299700000.0,427400000.0,427400000.0,4695400000.0,601900000.0,0.887,3.739,10991100000.0,1652000000.0,9339100000.0,10991100000.0,0.0,568400000.0,0.0,0.014,0.6,1662800000.0,2231200000.0,0.321,2231200000.0,1662800000.0,1024600000.0,1.35,1.34,1.35,5992400000.0,5378725000.0,5992400000.0,28669137103.0,17.0,12.849,-184500000.0,-0.416,1.0,2245900000.0,0.324,410000000.0,638200000.0,30809800000.0,28538625000.0,811200000.0,2583600000.0,32500000.0,2551100000.0,22404700000.0,7741000000.0,14663700000.0,18417337103.0,226300000.0,-150900000.0,-25400000.0,480700000.0,-264200000.0,204600000.0,-1084200000.0,274700000.0,1115200000.0,0.0,601900000.0,601600000.0,601600000.0,172500000.0,0.0,0.087,405400000.0,1840500000.0,2454400000.0,0.444,3.073,30.614,30.881,17022200000.0,300000.0,41.69,2.653,2.665,2769000000.0,3126100000.0,6941300000.0,6941300000.0,0.0,0.024,0.112,0.058,0.24,89300000.0,451000000.0,1.0,441768700.0,443778000.0,,15.641,27987100000.0,177000000.0,422700000.0,2773500000.0,63.066,-870900000.0
85,WMB,MRT,2000-03-31,2000-03-31,2000-03-31,2021-08-25,152100000.0,25799900000.0,23038825000.0,5993700000.0,19806200000.0,0.286,12.886,-1668200000.0,626100000.0,626100000.0,4641900000.0,268200000.0,0.948,3.521,10877900000.0,1932600000.0,8945300000.0,10877900000.0,0.0,586900000.0,0.0,0.014,0.6,1173400000.0,1760300000.0,0.267,1760300000.0,1173400000.0,557800000.0,0.6,0.6,0.6,5706900000.0,4963750000.0,5706900000.0,29119409870.0,25.0,16.542,-246300000.0,-0.556,1.0,1942700000.0,0.295,424200000.0,615600000.0,29305100000.0,26451475000.0,707400000.0,3263000000.0,987000000.0,2276000000.0,20093000000.0,6322400000.0,13770600000.0,19401309870.0,424500000.0,-1000000.0,3300000.0,388900000.0,-263700000.0,136900000.0,-1293000000.0,277100000.0,1421900000.0,0.0,268200000.0,267000000.0,267000000.0,237900000.0,0.0,0.041,534100000.0,1408600000.0,2172000000.0,1.0,3.4,72.664,73.233,15869400000.0,1200000.0,43.94,2.946,2.955,2572000000.0,2840600000.0,6584600000.0,6584600000.0,0.0,0.012,0.054,0.044,0.178,82900000.0,561400000.0,1.0,441540962.0,442884000.0,,14.868,25375700000.0,127800000.0,289600000.0,2511600000.0,57.296,-328700000.0
86,WMB,MRT,1999-12-31,1999-12-31,1999-12-31,2021-08-25,99500000.0,24975300000.0,21381900000.0,6564400000.0,18410900000.0,0.31,12.847,-1794900000.0,1081600000.0,1081600000.0,4730400000.0,221400000.0,1.196,3.472,10802600000.0,1572600000.0,9230000000.0,10802600000.0,0.0,605500000.0,0.0,0.02,0.6,1042500000.0,1648000000.0,0.249,1648000000.0,1042500000.0,452200000.0,0.5,0.5,0.5,5585200000.0,4619650000.0,5585200000.0,22559444279.0,22.0,13.689,-261400000.0,-0.601,1.0,1899000000.0,0.286,0.0,590300000.0,29209800000.0,24585800000.0,545700000.0,3400200000.0,1434800000.0,1965400000.0,19390100000.0,5486500000.0,13903600000.0,13246344279.0,584900000.0,-135500000.0,65200000.0,1055100000.0,-263700000.0,880000000.0,-1959100000.0,-39800000.0,1533500000.0,0.0,221400000.0,218600000.0,218600000.0,198700000.0,0.0,0.033,655500000.0,1243500000.0,1972400000.0,1.2,2.372,60.596,60.94,15053700000.0,2800000.0,30.47,1.998,1.998,1861200000.0,2807200000.0,6629400000.0,6629400000.0,0.0,0.01,0.047,0.042,0.157,76100000.0,686200000.0,1.0,434733977.0,434733977.0,,15.249,24975300000.0,203700000.0,230800000.0,2607500000.0,57.45,1077900000.0
87,WMB,MRT,1999-09-30,1999-09-30,1999-09-30,2021-08-25,16600000.0,21367600000.0,19799900000.0,4256900000.0,17110700000.0,0.33,9.691,-2500200000.0,287900000.0,287900000.0,4695200000.0,60500000.0,0.803,4.051,9601000000.0,1828200000.0,7772800000.0,9601000000.0,0.0,686400000.0,0.0,0.016,0.6,779500000.0,1465900000.0,0.224,1465900000.0,779500000.0,196100000.0,0.12,0.12,0.12,4230400000.0,4287700000.0,4230400000.0,24603045184.0,32.0,16.784,-1252300000.0,-2.869,1.0,1848600000.0,0.282,548900000.0,583400000.0,24829800000.0,22516075000.0,655700000.0,1280700000.0,0.0,1280700000.0,17137200000.0,5302000000.0,11835200000.0,16208445184.0,198900000.0,291300000.0,30300000.0,2450000000.0,-264000000.0,2395900000.0,-3050700000.0,-928700000.0,1247900000.0,0.0,60500000.0,56300000.0,56300000.0,36400000.0,0.0,0.009,1112700000.0,735900000.0,1664800000.0,5.0,3.831,287.894,311.083,14102800000.0,4200000.0,37.33,2.477,2.49,2400000000.0,2734100000.0,6543800000.0,6543800000.0,0.0,0.003,0.013,0.035,0.119,113600000.0,898500000.0,1.0,434193549.0,436546000.0,,14.99,20818700000.0,235400000.0,135600000.0,2468400000.0,47.69,-1045100000.0
88,WMB,MRT,1999-06-30,1999-06-30,1999-06-30,2021-08-25,76300000.0,20012500000.0,18891475000.0,3563600000.0,16448900000.0,0.329,9.959,-2096400000.0,200100000.0,200100000.0,4405500000.0,64500000.0,0.661,3.619,8594700000.0,2405000000.0,6189700000.0,8594700000.0,0.0,658300000.0,0.0,0.014,0.6,729700000.0,1388000000.0,0.223,1388000000.0,729700000.0,183400000.0,0.13,0.13,0.13,4332500000.0,4310500000.0,4332500000.0,26437022278.0,36.0,19.047,-834900000.0,-1.919,1.0,1817900000.0,0.292,558400000.0,546300000.0,22461200000.0,21462325000.0,569100000.0,1341000000.0,0.0,1341000000.0,15680000000.0,5387500000.0,10292500000.0,18199122278.0,67200000.0,230900000.0,100800000.0,1787800000.0,-263600000.0,1914200000.0,-2714300000.0,-874800000.0,1261500000.0,0.0,64500000.0,58700000.0,58700000.0,36400000.0,0.0,0.009,1087500000.0,730400000.0,1214200000.0,4.615,4.201,310.036,323.769,13438900000.0,5800000.0,42.09,2.924,2.942,1910500000.0,2784700000.0,6223400000.0,6223400000.0,0.0,0.003,0.014,0.034,0.117,39300000.0,867100000.0,1.0,432385894.0,435052000.0,,14.305,19454100000.0,240600000.0,118900000.0,2489300000.0,44.717,-1823900000.0
89,WMB,MRT,1999-03-31,1999-03-31,1999-03-31,2021-08-25,68400000.0,19172200000.0,18281350000.0,3305800000.0,15866400000.0,0.328,10.022,-1806700000.0,330100000.0,330100000.0,4228700000.0,107100000.0,0.67,3.427,8568000000.0,2375600000.0,6192400000.0,8568000000.0,0.0,630700000.0,0.0,0.015,0.6,757000000.0,1387700000.0,0.231,1387700000.0,757000000.0,218800000.0,0.23,0.23,0.23,4330500000.0,4319375000.0,4330500000.0,24121391000.0,32.0,17.382,-1034900000.0,-2.395,1.0,1776000000.0,0.296,635000000.0,538200000.0,21842400000.0,20763975000.0,533900000.0,1284200000.0,0.0,1284200000.0,14841700000.0,4932700000.0,9909000000.0,16814991000.0,159500000.0,-30700000.0,79400000.0,2331000000.0,-263100000.0,2442500000.0,-2660600000.0,-823500000.0,771800000.0,0.0,107100000.0,100600000.0,100600000.0,36400000.0,0.0,0.017,1005800000.0,770200000.0,978300000.0,2.609,3.883,167.147,169.348,12910500000.0,6500000.0,38.95,2.8,2.803,1654400000.0,2833500000.0,6004700000.0,6004700000.0,0.0,0.006,0.023,0.036,0.126,39300000.0,792200000.0,1.0,431707086.0,432091000.0,,13.897,18537200000.0,235600000.0,111700000.0,2132100000.0,42.901,-1626900000.0
90,WMB,MRT,1998-12-31,1998-12-31,1998-12-31,2021-08-25,16700000.0,18647300000.0,17591625000.0,3485900000.0,15161400000.0,0.342,9.953,-1763500000.0,503300000.0,503300000.0,4253300000.0,122300000.0,0.785,3.38,7809700000.0,1443300000.0,6366400000.0,7809700000.0,0.0,613100000.0,0.0,0.019,0.6,750900000.0,1364000000.0,0.227,1364000000.0,750900000.0,238000000.0,0.27,0.27,0.27,4257400000.0,4323400000.0,4257400000.0,20516704501.0,27.0,15.042,-817900000.0,-1.912,1.0,1766100000.0,0.293,583600000.0,512900000.0,20930900000.0,19934575000.0,497500000.0,866100000.0,0.0,866100000.0,14389900000.0,4439200000.0,9950700000.0,13342204501.0,383800000.0,75600000.0,38900000.0,1807200000.0,-261400000.0,1895100000.0,-2062700000.0,-470300000.0,945600000.0,0.0,122300000.0,115200000.0,115200000.0,36400000.0,0.0,0.019,912900000.0,853200000.0,1158200000.0,2.222,3.134,115.818,115.519,12585300000.0,7100000.0,31.19,2.217,2.217,1724600000.0,2849500000.0,6019400000.0,6019400000.0,0.0,0.007,0.027,0.038,0.125,39300000.0,723100000.0,1.0,427771866.0,427771866.0,,14.072,18063700000.0,239900000.0,115700000.0,2060800000.0,42.227,-953300000.0
91,WMB,MRT,1998-09-30,1998-09-30,1998-09-30,2021-08-25,0.0,17733900000.0,16999200000.0,2973800000.0,14760100000.0,0.469,10.083,-1672400000.0,91600000.0,91600000.0,5859700000.0,201500000.0,0.803,3.104,7266100000.0,942700000.0,6323400000.0,7266100000.0,0.0,624900000.0,0.0,0.021,0.6,845100000.0,1470000000.0,0.184,1470000000.0,845100000.0,350300000.0,0.46,0.46,0.46,4321600000.0,4281000000.0,4321600000.0,19013793892.0,22.0,12.935,-890600000.0,-2.078,1.0,2111200000.0,0.265,588800000.0,494800000.0,20614800000.0,19223500000.0,434900000.0,690700000.0,0.0,690700000.0,13412300000.0,3704800000.0,9707500000.0,12214693892.0,-46900000.0,-82800000.0,102000000.0,1218200000.0,-253700000.0,1190700000.0,-2019400000.0,-205600000.0,781800000.0,0.0,201500000.0,193600000.0,193600000.0,6300000.0,0.0,0.024,1116900000.0,994300000.0,1051300000.0,1.304,2.826,63.092,62.5,12388000000.0,7900000.0,28.75,1.532,1.546,1755900000.0,2948400000.0,7970900000.0,7970900000.0,0.0,0.011,0.045,0.044,0.106,0.0,1020100000.0,1.0,424858918.0,428594000.0,,18.598,17145100000.0,227600000.0,148800000.0,2072200000.0,40.003,-731000000.0
92,WMB,MRT,1998-06-30,1998-06-30,1998-06-30,2021-08-25,0.0,17572000000.0,,3203100000.0,14368900000.0,,10.25,-1626500000.0,135500000.0,135500000.0,6092000000.0,183100000.0,0.78,3.023,6934600000.0,1091600000.0,5843000000.0,6934600000.0,0.0,605000000.0,0.0,0.017,0.58,847100000.0,1452100000.0,0.177,1452100000.0,847100000.0,365300000.0,0.42,0.42,0.42,4368000000.0,,4368000000.0,20498875414.0,24.0,14.117,-783900000.0,-1.839,1.0,2091100000.0,0.256,598800000.0,481800000.0,19667800000.0,,482200000.0,689500000.0,0.0,689500000.0,13204000000.0,4104500000.0,9099500000.0,14308675414.0,-49800000.0,-84400000.0,109400000.0,1207700000.0,-240000000.0,1087800000.0,-1980200000.0,-205600000.0,842600000.0,0.0,183100000.0,174700000.0,174700000.0,6300000.0,0.0,0.021,1057400000.0,1033700000.0,1048900000.0,1.381,3.276,81.904,80.357,12067600000.0,8400000.0,33.75,1.749,1.758,1580600000.0,2982400000.0,8183100000.0,8183100000.0,0.0,,,,0.104,0.0,960600000.0,1.0,423960753.0,426163000.0,,19.202,16973200000.0,226000000.0,182200000.0,2069600000.0,39.828,-901400000.0
93,WMB,MRT,1998-03-31,1998-03-31,1998-03-31,2021-08-25,0.0,16413300000.0,,2689100000.0,13724200000.0,,10.415,-1466900000.0,173200000.0,173200000.0,6252100000.0,240900000.0,0.774,2.776,6363400000.0,947200000.0,5416200000.0,6363400000.0,0.0,600600000.0,0.0,0.018,0.56,894200000.0,1494800000.0,0.181,1494800000.0,894200000.0,422000000.0,0.56,0.56,0.56,4346600000.0,,4346600000.0,15561109728.0,17.0,10.41,-651800000.0,-1.562,1.0,2027600000.0,0.245,605500000.0,472200000.0,18524800000.0,,422300000.0,424400000.0,0.0,424400000.0,12066700000.0,3473200000.0,8593500000.0,10343009728.0,-19800000.0,85600000.0,79100000.0,957700000.0,-226500000.0,809400000.0,-1644300000.0,-205600000.0,815100000.0,0.0,240900000.0,231500000.0,231500000.0,6300000.0,0.0,0.028,983300000.0,1044300000.0,1067500000.0,1.0,2.38,44.678,57.143,11750000000.0,9400000.0,32.0,1.249,1.613,1486100000.0,2986900000.0,8279700000.0,8279700000.0,0.0,,,,0.108,0.0,912800000.0,1.0,323219054.0,417347000.0,,19.839,15807800000.0,219900000.0,181100000.0,2036100000.0,37.877,-784100000.0
94,WMB,MRT,1997-12-31,1997-12-31,1997-12-31,2021-08-25,-2500000.0,16277600000.0,14348200000.0,2864000000.0,13413600000.0,0.575,12.647,-1269300000.0,122100000.0,122100000.0,6254600000.0,351400000.0,0.797,2.947,6124800000.0,773300000.0,5351500000.0,6124800000.0,0.0,585900000.0,0.0,0.019,0.54,1055600000.0,1641500000.0,0.199,1641500000.0,1055600000.0,592100000.0,0.83,0.81,0.83,4087800000.0,3750650000.0,4087800000.0,,,,-281100000.0,-0.87,1.0,1994900000.0,0.242,600600000.0,463500000.0,18086600000.0,16349350000.0,433900000.0,388100000.0,0.0,388100000.0,12045000000.0,3593100000.0,8451900000.0,9211743039.0,-98000000.0,-42500000.0,22300000.0,640300000.0,-214400000.0,423900000.0,-1510100000.0,-205600000.0,988200000.0,0.0,351400000.0,341600000.0,341600000.0,6300000.0,0.0,0.041,887500000.0,1107400000.0,1356200000.0,0.651,2.253,26.966,34.337,11536800000.0,9800000.0,28.5,1.117,1.117,1714900000.0,2983300000.0,8249500000.0,8249500000.0,0.0,0.024,0.091,0.065,0.128,0.0,848900000.0,1.0,323219054.0,323219054.0,,25.523,15677000000.0,236600000.0,240700000.0,2009100000.0,48.503,-729100000.0
95,WMB,MRT,1997-09-30,1997-09-30,1997-09-30,2021-08-25,,,,,,,,,,,,,,,,,,,,,,0.022,0.52,,,,,,,,,,,,,,,,,,1.0,,,,,,,,,,,,,,,,,,,,,,,,,,,,,,,,,,,,,,,,23.405,,,,,,,,,,,,,,1.0,,411821000.0,,,,,,,,
96,WMB,MRT,1997-06-30,1997-06-30,1997-06-30,2021-08-25,,,,,,,,,,,,,,,,,,,,,,0.023,0.503,,,,,,,,,,,,,,,,,,1.0,,,,,,,,,,,,,,,,,,,,,,,,,,,,,,,,,,,,,,,,21.875,,,,,,,,,,,,,,1.0,,411423000.0,,,,,,,,
97,WMB,MRT,1997-03-31,1997-03-31,1997-03-31,2021-08-25,,,,,,,,,,,,,,,,,,,,,,0.022,0.487,,,,,,,,,,,,,,,,,,1.0,,,,,,,,,,,,,,,,,,,,,,,,,,,,,,,,,,,,,,,,22.31,,,,,,,,,,,,,,1.0,,411604000.0,,,,,,,,
98,WMB,MRT,1996-12-31,1996-12-31,1996-12-31,2021-08-25,0.0,12418800000.0,,1890100000.0,10528700000.0,,,-904400000.0,115300000.0,115300000.0,5063900000.0,459800000.0,0.859,2.636,4706000000.0,329100000.0,4376900000.0,4706000000.0,0.0,500300000.0,0.0,0.025,0.47,1143800000.0,1644100000.0,0.24,1644100000.0,1143800000.0,725700000.0,1.08,1.06,1.08,3413500000.0,,3413500000.0,,,,68700000.0,,1.0,1785100000.0,0.261,198100000.0,418100000.0,14612100000.0,,204600000.0,190600000.0,0.0,190600000.0,8997800000.0,2199300000.0,6798500000.0,,96400000.0,-161600000.0,-76100000.0,700200000.0,-188500000.0,429400000.0,-1306100000.0,0.0,973100000.0,0.0,459800000.0,449400000.0,449400000.0,32700000.0,0.0,0.066,629000000.0,1156100000.0,757000000.0,0.435,,,17.361,9386300000.0,10400000.0,18.75,,,1070600000.0,2119500000.0,6849000000.0,6849000000.0,0.0,,,,0.167,0.0,629000000.0,1.0,,,,,12220700000.0,199500000.0,265900000.0,1626600000.0,,-309200000.0
99,WMB,MRT,1995-12-31,1995-12-31,1995-12-31,2021-08-25,,,,,,,,-702400000.0,,,1700700000.0,1318200000.0,,,,,,,,375500000.0,,0.025,0.36,1698100000.0,2073600000.0,0.726,2073600000.0,1698100000.0,1420200000.0,4.3,4.17,4.3,,,,,,,126300000.0,,1.0,1155000000.0,0.404,,277900000.0,,,,,,,,,,,54300000.0,1707900000.0,74400000.0,-1117400000.0,-119100000.0,-1359300000.0,584900000.0,-75100000.0,828700000.0,0.0,1318200000.0,1302900000.0,1302900000.0,-1018800000.0,0.0,0.456,484300000.0,670700000.0,,0.084,,,3.401,,15300000.0,14.623,,,,,2855700000.0,2855700000.0,0.0,,,,0.595,0.0,488800000.0,1.0,,,,,,,102000000.0,,,
