None,ticker,dimension,calendardate,datekey,reportperiod,lastupdated,accoci,assets,assetsavg,assetsc,assetsnc,assetturnover,bvps,capex,cashneq,cashnequsd,cor,consolinc,currentratio,de,debt,debtc,debtnc,debtusd,deferredrev,depamor,deposits,divyield,dps,ebit,ebitda,ebitdamargin,ebitdausd,ebitusd,ebt,eps,epsdil,epsusd,equity,equityavg,equityusd,ev,evebit,evebitda,fcf,fcfps,fxusd,gp,grossmargin,intangibles,intexp,invcap,invcapavg,inventory,investments,investmentsc,investmentsnc,liabilities,liabilitiesc,liabilitiesnc,marketcap,ncf,ncfbus,ncfcommon,ncfdebt,ncfdiv,ncff,ncfi,ncfinv,ncfo,ncfx,netinc,netinccmn,netinccmnusd,netincdis,netincnci,netmargin,opex,opinc,payables,payoutratio,pb,pe,pe1,ppnenet,prefdivis,price,ps,ps1,receivables,retearn,revenue,revenueusd,rnd,roa,roe,roic,ros,sbcomp,sgna,sharefactor,sharesbas,shareswa,shareswadil,sps,tangibles,taxassets,taxexp,taxliabilities,tbvps,workingcapital
0,ABC,MRY,2020-12-31,2020-09-30,2020-09-30,2021-08-04,-108830000.0,44274830000.0,41780883250.0,33055702000.0,11219128000.0,4.545,-4.976,-333313000.0,4597746000.0,4597746000.0,184702042000.0,-3399558000.0,0.976,-44.277,4119520000.0,501259000.0,3618261000.0,4119520000.0,0.0,290744000.0,0.0,0.017,1.66,-5165106000.0,-4874362000.0,-0.026,-4874362000.0,-5165106000.0,-5302989000.0,-16.65,-16.65,-16.65,-1018924000.0,2345886000.0,-1018924000.0,20505501771.0,-4.0,-4.207,1873727000.0,9.15,1.0,5191884000.0,0.027,8592826000.0,137883000.0,1350701000.0,1708375250.0,12589278000.0,0.0,0.0,0.0,45114466000.0,33853077000.0,11261389000.0,19785422771.0,1223552000.0,0.0,-194561000.0,-53454000.0,-343578000.0,-603617000.0,-379871000.0,-56080000.0,2207040000.0,0.0,-3408716000.0,-3408716000.0,-3408716000.0,0.0,9158000.0,-0.018,10327238000.0,-5135354000.0,31705055000.0,-0.1,-19.418,-5.804,-5.821,1484808000.0,0.0,96.92,0.104,0.105,13846301000.0,518335000.0,189893926000.0,189893926000.0,0.0,-0.082,-1.453,-3.023,-0.027,74411000.0,2767217000.0,1.0,204141795.0,204783000.0,204783000.0,927.293,35682004000.0,850068000.0,-1894273000.0,971330000.0,174.243,-797375000.0
1,ABC,MRY,2019-12-31,2019-09-30,2019-09-30,2021-08-04,-111965000.0,39171980000.0,38932162750.0,28132054000.0,11039926000.0,4.613,13.698,-308927000.0,3374194000.0,3374194000.0,174450809000.0,854135000.0,0.951,12.567,4493410000.0,139012000.0,4354398000.0,4493410000.0,0.0,321102000.0,0.0,0.019,1.6,1126105000.0,1447207000.0,0.008,1447207000.0,1126105000.0,968336000.0,4.07,4.04,4.07,2878917000.0,2959501750.0,2878917000.0,18657945497.0,17.0,12.892,2035096000.0,9.683,1.0,5138312000.0,0.029,9000343000.0,157769000.0,1709559000.0,2151292500.0,11060254000.0,0.0,0.0,0.0,36178774000.0,29581294000.0,6597480000.0,17151438497.0,881678000.0,-63951000.0,-597797000.0,-133073000.0,-338974000.0,-1086513000.0,-375832000.0,0.0,2344023000.0,0.0,855365000.0,855365000.0,855365000.0,0.0,-1230000.0,0.005,4026389000.0,1111923000.0,28385074000.0,0.393,5.958,20.052,20.229,1770516000.0,0.0,82.33,0.096,0.096,12386879000.0,4235491000.0,179589121000.0,179589121000.0,0.0,0.022,0.289,0.523,0.006,58874000.0,2663508000.0,1.0,208325501.0,210165000.0,211840000.0,854.515,30171637000.0,5859000.0,112971000.0,2144270000.0,143.562,-1449240000.0
2,ABC,MRY,2018-12-31,2018-09-30,2018-09-30,2021-08-04,-79253000.0,37669838000.0,37684168000.0,25894372000.0,11775466000.0,4.457,13.461,-328311000.0,2492516000.0,2492516000.0,163327318000.0,1615892000.0,0.929,11.804,4662485000.0,151657000.0,4510828000.0,4662485000.0,0.0,318483000.0,0.0,0.016,1.52,1394635000.0,1713118000.0,0.01,1713118000.0,1394635000.0,1219936000.0,7.61,7.53,7.61,2932824000.0,3023194250.0,2932824000.0,22328835710.0,16.0,13.034,1083077000.0,4.971,1.0,4612317000.0,0.027,9612100000.0,174699000.0,2358020000.0,2723342000.0,11918508000.0,0.0,0.0,0.0,34619877000.0,27869687000.0,6750190000.0,19952409710.0,57401000.0,-785299000.0,-500779000.0,613347000.0,-333041000.0,-242873000.0,-1111114000.0,0.0,1411388000.0,0.0,1658405000.0,1658405000.0,1658405000.0,0.0,-42513000.0,0.01,3168632000.0,1443685000.0,26836873000.0,0.2,6.803,12.031,12.118,1892424000.0,0.0,92.22,0.119,0.12,11314226000.0,3720582000.0,167939635000.0,167939635000.0,0.0,0.044,0.549,0.512,0.008,62316000.0,2460301000.0,1.0,216356644.0,217872000.0,220336000.0,770.818,28057738000.0,0.0,-438469000.0,2129010000.0,128.781,-1975315000.0
3,ABC,MRY,2017-12-31,2017-09-30,2017-09-30,2021-08-04,-95850000.0,35316470000.0,34571691250.0,24303299000.0,11013171000.0,4.43,9.454,-466397000.0,2435115000.0,2435115000.0,148597824000.0,364484000.0,0.906,16.107,3793690000.0,12121000.0,3781569000.0,3793690000.0,0.0,262420000.0,0.0,0.018,1.46,1063072000.0,1325492000.0,0.009,1325492000.0,1063072000.0,917887000.0,1.67,1.64,1.67,2064461000.0,2315956000.0,2064461000.0,20605927004.0,19.0,15.546,1037741000.0,4.752,1.0,4546002000.0,0.03,8877562000.0,145185000.0,979318000.0,1908328500.0,11461428000.0,0.0,0.0,0.0,33252009000.0,26818165000.0,6433844000.0,18131482004.0,-306717000.0,-49554000.0,-227006000.0,-749553000.0,-320270000.0,-1312814000.0,-498041000.0,14796000.0,1504138000.0,0.0,364484000.0,364484000.0,364484000.0,0.0,0.0,0.002,3485660000.0,1060342000.0,25404042000.0,0.874,8.783,49.746,49.551,1797945000.0,0.0,82.75,0.118,0.118,10303324000.0,2395218000.0,153143826000.0,153143826000.0,0.0,0.011,0.157,0.557,0.007,62206000.0,2128730000.0,1.0,219111565.0,218375000.0,221602000.0,701.288,26438908000.0,0.0,553403000.0,2576869000.0,121.071,-2514866000.0
4,ABC,MRY,2016-12-31,2016-09-30,2016-09-30,2021-08-04,-114308000.0,33637501000.0,32200725250.0,22851847000.0,10785654000.0,4.56,10.035,-464616000.0,2741832000.0,2741832000.0,142577080000.0,1427929000.0,0.904,14.797,4462694000.0,610210000.0,3852484000.0,4462694000.0,0.0,232538000.0,0.0,0.017,1.36,1530822000.0,1763360000.0,0.012,1763360000.0,1530822000.0,1390910000.0,6.73,6.32,6.73,2129404000.0,1874975500.0,2129404000.0,19888247119.0,13.0,11.279,2713881000.0,12.789,1.0,4272606000.0,0.029,8959346000.0,139912000.0,1118648000.0,1363154000.0,10723920000.0,0.0,0.0,0.0,31508097000.0,25280369000.0,6227728000.0,17346233119.0,574390000.0,-2731356000.0,-2191576000.0,713214000.0,-288477000.0,565072000.0,-3169179000.0,40712000.0,3178497000.0,0.0,1427929000.0,1427929000.0,1427929000.0,0.0,0.0,0.01,2746832000.0,1525774000.0,23926320000.0,0.202,8.146,12.148,12.003,1530682000.0,0.0,80.78,0.118,0.117,9175876000.0,2303941000.0,146849686000.0,146849686000.0,0.0,0.044,0.762,1.123,0.01,64992000.0,2091237000.0,1.0,214734255.0,212206000.0,225959000.0,692.015,24678155000.0,0.0,-37019000.0,2214774000.0,116.293,-2428522000.0
5,ABC,MRY,2015-12-31,2015-09-30,2015-09-30,2021-08-04,-136333000.0,27962982000.0,26801733000.0,20334488000.0,7628494000.0,5.073,2.83,-231585000.0,2167442000.0,2167442000.0,132432490000.0,-138165000.0,0.942,44.366,3739225000.0,0.0,3739225000.0,3739225000.0,0.0,193290000.0,0.0,0.012,1.16,378000000.0,571290000.0,0.004,571290000.0,378000000.0,268964000.0,-0.63,-0.63,-0.63,616386000.0,1469152750.0,616386000.0,21732006999.0,57.0,38.04,3690643000.0,16.946,1.0,3529313000.0,0.026,6137510000.0,109036000.0,1819028000.0,1434475250.0,9755094000.0,0.0,0.0,0.0,27346596000.0,21578227000.0,5768369000.0,20537038999.0,358929000.0,-2616249000.0,-1859106000.0,1496390000.0,-253919000.0,-632134000.0,-2931165000.0,-86214000.0,3922228000.0,0.0,-138165000.0,-138165000.0,-138165000.0,0.0,0.0,-0.001,3107093000.0,422220000.0,20886439000.0,-1.841,33.318,-148.641,-150.778,1192510000.0,0.0,94.99,0.151,0.152,8222951000.0,1164489000.0,135961803000.0,135961803000.0,0.0,-0.005,-0.094,0.264,0.003,60944000.0,1907840000.0,1.0,216202116.0,217786000.0,217786000.0,624.291,21825472000.0,0.0,407129000.0,1944240000.0,100.215,-1243739000.0
6,ABC,MRY,2014-12-31,2014-09-30,2014-09-30,2021-08-04,-52046000.0,21532183000.0,20580032750.0,16800205000.0,4731978000.0,5.81,8.607,-264457000.0,1808513000.0,1808513000.0,116586761000.0,274230000.0,0.974,10.003,1995632000.0,0.0,1995632000.0,1995632000.0,0.0,165479000.0,0.0,0.012,0.94,745951000.0,911430000.0,0.008,911430000.0,745951000.0,662317000.0,1.21,1.16,1.21,1956899000.0,2084142750.0,1956899000.0,18078319158.0,24.0,19.835,1200197000.0,5.279,1.0,2982366000.0,0.025,3481744000.0,83634000.0,987398000.0,1381876000.0,8593852000.0,0.0,0.0,0.0,19575284000.0,17250160000.0,2325124000.0,17344701158.0,577507000.0,-9103000.0,-626020000.0,548894000.0,-214469000.0,-502992000.0,-384155000.0,-117794000.0,1464654000.0,0.0,274230000.0,274230000.0,274230000.0,7546000.0,0.0,0.002,2200275000.0,782091000.0,15592834000.0,0.777,8.863,63.249,63.884,899582000.0,0.0,77.3,0.145,0.147,6312883000.0,1570429000.0,119569127000.0,119569127000.0,0.0,0.013,0.132,0.54,0.006,43107000.0,1580664000.0,1.0,224381645.0,227367000.0,235405000.0,525.886,18050439000.0,0.0,388087000.0,1336668000.0,79.389,-449955000.0
7,ABC,MRY,2013-12-31,2013-09-30,2013-09-30,2021-08-04,-35483000.0,18918638000.0,16776233250.0,14393651000.0,4524987000.0,5.243,10.039,-202450000.0,1231006000.0,1231006000.0,85451348000.0,433707000.0,0.968,7.155,1396606000.0,0.0,1396606000.0,1396606000.0,0.0,138690000.0,0.0,0.017,1.05,838627000.0,977317000.0,0.011,977317000.0,838627000.0,764730000.0,1.88,1.84,1.88,2319745000.0,2355363500.0,2319745000.0,13937034510.0,17.0,14.261,585675000.0,2.535,1.0,2507819000.0,0.029,3499713000.0,73897000.0,713890000.0,817735750.0,6981494000.0,0.0,0.0,0.0,16598893000.0,14870635000.0,1728258000.0,14108180510.0,164398000.0,329980000.0,-328463000.0,-8975000.0,-195716000.0,-740987000.0,117260000.0,0.0,788125000.0,0.0,433707000.0,433707000.0,433707000.0,59728000.0,0.0,0.005,1609420000.0,898399000.0,13335792000.0,0.559,6.082,32.529,32.5,803561000.0,0.0,61.1,0.16,0.161,6051920000.0,1508414000.0,87959167000.0,87959167000.0,0.0,0.026,0.184,1.026,0.01,36275000.0,1333712000.0,1.0,230903118.0,231067000.0,235345000.0,380.665,15418925000.0,0.0,331023000.0,1002279000.0,66.729,-476984000.0
8,ABC,MRY,2012-12-31,2012-09-30,2012-09-30,2021-08-04,-32657000.0,15442256000.0,15703287500.0,11058464000.0,4383792000.0,4.972,9.707,-133292000.0,1066608000.0,1066608000.0,75446120000.0,718986000.0,0.982,5.291,1395931000.0,0.0,1395931000.0,1395931000.0,0.0,113765000.0,0.0,0.013,0.52,1267067000.0,1380832000.0,0.018,1380832000.0,1267067000.0,1174498000.0,2.84,2.8,2.84,2454842000.0,2808907750.0,2454842000.0,9961086618.0,8.0,7.214,1172157000.0,4.635,1.0,2634686000.0,0.034,3523432000.0,92569000.0,982561000.0,1180396250.0,5472010000.0,0.0,0.0,0.0,12987414000.0,11265586000.0,1721828000.0,9740862618.0,-759382000.0,-775670000.0,-1047022000.0,41306000.0,-132760000.0,-1116882000.0,-947949000.0,0.0,1305449000.0,0.0,718986000.0,718986000.0,718986000.0,42375000.0,0.0,0.009,1331071000.0,1303615000.0,9492589000.0,0.183,3.968,13.548,13.63,743684000.0,0.0,38.71,0.125,0.125,3784619000.0,1270423000.0,78080806000.0,78080806000.0,0.0,0.046,0.256,1.073,0.016,25954000.0,1152556000.0,1.0,251636854.0,252906000.0,256903000.0,308.734,11918824000.0,0.0,455512000.0,963081000.0,47.127,-207122000.0
9,ABC,MRY,2011-12-31,2011-09-30,2011-09-30,2021-08-04,-50868000.0,14982671000.0,14662933750.0,11375041000.0,3607630000.0,5.367,10.522,-155274000.0,1825990000.0,1825990000.0,76236682000.0,706624000.0,1.046,4.226,1364952000.0,392089000.0,972863000.0,1364952000.0,0.0,89659000.0,0.0,0.012,0.43,1203266000.0,1292925000.0,0.016,1292925000.0,1203266000.0,1127118000.0,2.59,2.54,2.59,2866858000.0,3041243500.0,2866858000.0,9396805041.0,8.0,7.268,1012674000.0,3.717,1.0,2458977000.0,0.031,2805720000.0,76148000.0,840649000.0,1292304750.0,5443101000.0,0.0,0.0,0.0,12115813000.0,10875264000.0,1240549000.0,10035194041.0,167808000.0,-45380000.0,-685046000.0,-7481000.0,-117624000.0,-787722000.0,-212418000.0,0.0,1167948000.0,0.0,706624000.0,706624000.0,706624000.0,-9129000.0,0.0,0.009,1269457000.0,1189520000.0,9191428000.0,0.166,3.5,14.202,14.39,672862000.0,0.0,37.27,0.128,0.129,3793850000.0,4055664000.0,78695659000.0,78695659000.0,0.0,0.048,0.232,0.931,0.015,27279000.0,1138022000.0,1.0,269256615.0,272471000.0,277717000.0,288.822,12176951000.0,0.0,420494000.0,838718000.0,44.691,499777000.0
10,ABC,MRY,2010-12-31,2010-09-30,2010-09-30,2021-08-04,-42536000.0,14434843000.0,13954296750.0,10748350000.0,3686493000.0,5.574,10.467,-176209000.0,1658182000.0,1658182000.0,75451410000.0,636748000.0,1.085,3.886,1343580000.0,422000.0,1343158000.0,1343580000.0,0.0,70172000.0,0.0,0.01,0.32,1095501000.0,1165673000.0,0.015,1165673000.0,1095501000.0,1023108000.0,2.26,2.22,2.26,2954297000.0,2864567750.0,2954297000.0,8598606017.0,8.0,7.377,932415000.0,3.303,1.0,2325050000.0,0.03,2845343000.0,72393000.0,1368554000.0,1660264250.0,5210098000.0,0.0,0.0,0.0,11480546000.0,9906344000.0,1574202000.0,8549152017.0,648814000.0,0.0,-337637000.0,168696000.0,-90622000.0,-275439000.0,-184371000.0,0.0,1108624000.0,0.0,636748000.0,636748000.0,636748000.0,-6946000.0,0.0,0.008,1233123000.0,1091927000.0,8833285000.0,0.142,2.894,13.426,13.566,711712000.0,0.0,30.66,0.11,0.111,3827484000.0,3465886000.0,77776460000.0,77776460000.0,0.0,0.046,0.222,0.66,0.014,30049000.0,1150833000.0,1.0,278837313.0,282258000.0,287246000.0,275.551,11589500000.0,0.0,386360000.0,703621000.0,41.06,842006000.0
11,ABC,MRY,2009-12-31,2009-09-30,2009-09-30,2021-08-04,-46096000.0,13572740000.0,12854838250.0,9953753000.0,3618987000.0,5.582,9.038,-145729000.0,1009368000.0,1009368000.0,69659915000.0,503397000.0,1.05,3.996,1178001000.0,1068000.0,1176933000.0,1178001000.0,0.0,74612000.0,0.0,0.009,0.21,873926000.0,948538000.0,0.013,948538000.0,873926000.0,815619000.0,1.67,1.66,1.67,2716469000.0,2743825000.0,2716469000.0,6930627181.0,8.0,7.307,638034000.0,2.123,1.0,2100075000.0,0.029,2859064000.0,58307000.0,1402699000.0,1655682750.0,4972820000.0,0.0,0.0,0.0,10856271000.0,9479610000.0,1376661000.0,6652616181.0,131254000.0,-1482000.0,-428284000.0,-13180000.0,-62696000.0,-504160000.0,-148349000.0,0.0,783763000.0,0.0,503397000.0,503397000.0,503397000.0,8455000.0,0.0,0.007,1216326000.0,883749000.0,8517162000.0,0.126,2.449,13.215,13.401,619238000.0,0.0,22.38,0.093,0.094,3916509000.0,2919760000.0,71759990000.0,71759990000.0,0.0,0.039,0.183,0.528,0.012,27138000.0,1120240000.0,1.0,297257202.0,300573000.0,302754000.0,238.744,10713676000.0,0.0,312222000.0,645723000.0,35.644,474143000.0
12,ABC,MRY,2008-12-31,2008-09-30,2008-09-30,2021-08-04,-16490000.0,12217786000.0,12347714750.0,8669761000.0,3548025000.0,5.684,8.435,-134289000.0,878114000.0,878114000.0,68142731000.0,250559000.0,1.061,3.508,1189131000.0,1719000.0,1187412000.0,1189131000.0,0.0,75239000.0,0.0,0.008,0.15,607329000.0,682568000.0,0.01,682568000.0,607329000.0,542833000.0,0.78,0.77,0.78,2710045000.0,2816747750.0,2710045000.0,6616058969.0,11.0,9.693,602780000.0,1.876,1.0,2047002000.0,0.029,2875366000.0,64496000.0,1485848000.0,1687240750.0,4211775000.0,0.0,0.0,0.0,9507741000.0,8167589000.0,1340152000.0,5966073969.0,237910000.0,-169230000.0,-595290000.0,-18453000.0,-48674000.0,-662580000.0,163421000.0,467419000.0,737069000.0,0.0,250559000.0,250559000.0,250559000.0,218505000.0,0.0,0.004,1221168000.0,825834000.0,7326580000.0,0.192,2.201,23.811,24.135,552159000.0,0.0,18.825,0.085,0.086,3480267000.0,2479078000.0,70189733000.0,70189733000.0,0.0,0.02,0.089,0.36,0.009,25503000.0,1119393000.0,1.0,316922920.0,321284000.0,324920000.0,218.466,9342420000.0,0.0,292274000.0,550708000.0,29.078,502172000.0
13,ABC,MRY,2007-12-31,2007-09-30,2007-09-30,2021-08-04,-5247000.0,12310064000.0,12957743500.0,8937852000.0,3372212000.0,5.068,8.369,-103201000.0,640204000.0,640204000.0,63453013000.0,469167000.0,1.137,2.971,1227553000.0,476000.0,1227077000.0,1227553000.0,0.0,76680000.0,0.0,0.035,0.799,780097000.0,856777000.0,0.013,856777000.0,780097000.0,747853000.0,1.27,1.25,1.27,3099720000.0,3717378500.0,3099720000.0,8893864292.0,11.0,10.381,1104703000.0,2.983,1.0,2219059000.0,0.034,2743285000.0,32244000.0,2290018000.0,2490703500.0,4097811000.0,467419000.0,467419000.0,0.0,9210344000.0,7864110000.0,1346234000.0,8167317292.0,-621064000.0,-86266000.0,-1339765000.0,226753000.0,-37249000.0,-1154531000.0,-674437000.0,-399579000.0,1207904000.0,0.0,469167000.0,469167000.0,469167000.0,5636000.0,0.0,0.007,1433326000.0,785733000.0,6964594000.0,0.629,2.635,17.408,17.846,493647000.0,0.0,22.665,0.124,0.128,3415772000.0,2286489000.0,65672072000.0,65672072000.0,0.0,0.036,0.126,0.313,0.012,24059000.0,1339885000.0,1.0,360349318.0,370362000.0,375772000.0,177.319,9566779000.0,0.0,278686000.0,538513000.0,25.831,1073742000.0
14,ABC,MRY,2006-12-31,2006-09-30,2006-09-30,2021-08-04,-15303000.0,12783920000.0,12752102000.0,9210407000.0,3573513000.0,4.769,10.1,-62232000.0,1261268000.0,1261268000.0,58690805000.0,467714000.0,1.235,2.087,1095491000.0,1560000.0,1093931000.0,1095491000.0,0.0,76018000.0,0.0,0.002,0.05,730522000.0,806540000.0,0.013,806540000.0,730522000.0,718058000.0,1.14,1.125,1.14,4141157000.0,4289435500.0,4141157000.0,8537127021.0,12.0,10.585,745033000.0,1.817,1.0,2121616000.0,0.035,3063767000.0,12464000.0,2095188000.0,2157395250.0,4422055000.0,67840000.0,67840000.0,0.0,8642763000.0,7459188000.0,1183575000.0,9110710021.0,294715000.0,-296224000.0,-581200000.0,134888000.0,-20595000.0,-469848000.0,-42702000.0,309433000.0,807265000.0,0.0,467714000.0,467714000.0,467714000.0,-33251000.0,0.0,0.008,1428732000.0,692884000.0,6499264000.0,0.044,2.2,19.479,19.825,509746000.0,0.0,22.6,0.15,0.152,3427139000.0,2051212000.0,60812421000.0,60812421000.0,0.0,0.037,0.109,0.339,0.012,15975000.0,1326713000.0,1.0,403128762.0,410018000.0,414892000.0,148.316,9720153000.0,0.0,250344000.0,554453000.0,23.707,1751219000.0
15,ABC,MRY,2005-12-31,2005-09-30,2005-09-30,2021-08-04,-24814000.0,11381174000.0,11432804250.0,7987692000.0,3393482000.0,4.774,10.127,-199157000.0,966553000.0,966553000.0,52597137000.0,264645000.0,1.32,1.659,952711000.0,1232000.0,951479000.0,952711000.0,0.0,76546000.0,0.0,0.001,0.025,498771000.0,575317000.0,0.011,575317000.0,498771000.0,441548000.0,0.625,0.62,0.625,4280357000.0,4209784750.0,4280357000.0,7887292326.0,16.0,13.709,1327481000.0,3.141,1.0,1980184000.0,0.036,2878724000.0,57223000.0,2436512000.0,2433475000.0,4003690000.0,349130000.0,349130000.0,0.0,7100817000.0,6052096000.0,1048721000.0,8023491326.0,95210000.0,10156000.0,-613697000.0,-286839000.0,-10598000.0,-929993000.0,-501435000.0,-312434000.0,1526638000.0,0.0,264645000.0,264645000.0,264645000.0,17105000.0,0.0,0.005,1343238000.0,636946000.0,5292253000.0,0.04,1.874,30.318,30.92,514758000.0,0.0,19.325,0.147,0.15,2640646000.0,1604093000.0,54577321000.0,54577321000.0,0.0,0.023,0.063,0.205,0.009,520000.0,1234057000.0,1.0,415187132.0,422668000.0,431080000.0,129.126,8502450000.0,0.0,176903000.0,422961000.0,20.116,1935596000.0
16,ABC,MRY,2004-12-31,2004-09-30,2004-09-30,2021-08-04,-13577000.0,11654003000.0,12033397500.0,8295389000.0,3358614000.0,4.414,9.719,-188942000.0,871343000.0,871343000.0,50954361000.0,468390000.0,1.359,1.686,1438471000.0,281360000.0,1157111000.0,1438471000.0,0.0,68071000.0,0.0,0.002,0.025,877119000.0,945190000.0,0.018,945190000.0,877119000.0,764415000.0,1.05,1.015,1.05,4339045000.0,4279075500.0,4339045000.0,6591969075.0,8.0,6.974,636139000.0,1.425,1.0,2166430000.0,0.041,2893350000.0,112704000.0,3223873000.0,3805346750.0,5135830000.0,0.0,0.0,0.0,7314958000.0,6103908000.0,1211050000.0,6039068075.0,71307000.0,-68882000.0,-130540000.0,-368425000.0,-11197000.0,-511552000.0,-242222000.0,15602000.0,825081000.0,0.0,468390000.0,468390000.0,468390000.0,6484000.0,0.0,0.009,1259235000.0,907195000.0,4947037000.0,0.024,1.392,12.893,12.788,465264000.0,0.0,13.428,0.114,0.113,2260973000.0,1350046000.0,53120791000.0,53120791000.0,0.0,0.039,0.109,0.23,0.017,2059000.0,1184529000.0,1.0,449753720.0,446468000.0,471116000.0,118.98,8760653000.0,0.0,296025000.0,456130000.0,19.622,2191481000.0
17,ABC,MRY,2003-12-31,2003-09-30,2003-09-30,2021-08-04,-14217000.0,12040125000.0,12233177000.0,8858518000.0,3181607000.0,4.053,9.143,-89828000.0,800036000.0,800036000.0,47358426000.0,441229000.0,1.416,2.006,1784154000.0,61430000.0,1722724000.0,1784154000.0,0.0,65005000.0,0.0,0.002,0.025,872058000.0,937063000.0,0.019,937063000.0,872058000.0,727310000.0,1.008,0.973,1.008,4005317000.0,3751118750.0,4005317000.0,8123048515.0,9.0,8.669,264987000.0,0.605,1.0,2225613000.0,0.045,2828437000.0,144748000.0,3939704000.0,4740158000.0,5733837000.0,0.0,0.0,0.0,8034808000.0,6256102000.0,1778706000.0,6048174515.0,136696000.0,-111981000.0,40956000.0,-38989000.0,-10995000.0,-16310000.0,-201809000.0,0.0,354815000.0,0.0,441229000.0,441229000.0,441229000.0,1836000.0,0.0,0.009,1339484000.0,886129000.0,5393769000.0,0.025,1.51,13.708,13.405,353170000.0,0.0,13.512,0.122,0.119,2295437000.0,892853000.0,49584039000.0,49584039000.0,0.0,0.036,0.118,0.184,0.018,1880000.0,1261357000.0,1.0,447598484.0,438052000.0,463816000.0,113.192,9211688000.0,0.0,286081000.0,364814000.0,21.029,2602416000.0
18,ABC,MRY,2002-12-31,2002-09-30,2002-09-30,2021-08-04,-5943000.0,11213012000.0,10794811250.0,8349637000.0,2863375000.0,4.19,7.901,-62461000.0,663340000.0,663340000.0,43210320000.0,344941000.0,1.369,2.381,1817313000.0,60819000.0,1756494000.0,1817313000.0,0.0,58250000.0,0.0,0.001,0.025,712781000.0,771031000.0,0.017,771031000.0,712781000.0,572047000.0,0.823,0.79,0.823,3316338000.0,3118547000.0,3316338000.0,9013391954.0,13.0,11.69,473465000.0,1.128,1.0,2024474000.0,0.045,2568397000.0,140734000.0,3699071000.0,4046998500.0,5437878000.0,0.0,0.0,0.0,7896674000.0,6099517000.0,1797157000.0,7563166954.0,365714000.0,-140353000.0,101509000.0,-60119000.0,-10500000.0,32602000.0,-202814000.0,0.0,535926000.0,0.0,344941000.0,344941000.0,344941000.0,0.0,0.0,0.008,1306046000.0,718428000.0,5367837000.0,0.03,2.281,21.926,21.695,282578000.0,0.0,17.855,0.167,0.166,2222156000.0,462619000.0,45234794000.0,45234794000.0,0.0,0.032,0.111,0.176,0.016,3236000.0,1220651000.0,1.0,423588180.0,419740000.0,448912000.0,107.769,8644615000.0,12400000.0,227106000.0,237026000.0,20.595,2250120000.0
19,ABC,MRY,2001-12-31,2001-09-30,2001-09-30,2021-08-04,-336000.0,10291245000.0,4729839000.0,7512502000.0,2778743000.0,3.423,12.41,-22679000.0,297626000.0,297626000.0,15491235000.0,123796000.0,1.358,2.626,1874379000.0,2468000.0,1871911000.0,1874379000.0,0.0,18604000.0,0.0,0.0,0.0,248510000.0,267114000.0,0.016,267114000.0,248510000.0,200657000.0,0.54,0.525,0.54,2838564000.0,982424750.0,2838564000.0,4307061349.0,17.0,16.124,-68533000.0,-0.3,1.0,700118000.0,0.043,2466848000.0,47853000.0,3868697000.0,2055428500.0,5056257000.0,0.0,0.0,0.0,7452681000.0,5532453000.0,1920228000.0,3760425349.0,176808000.0,140169000.0,30835000.0,106624000.0,0.0,105172000.0,117490000.0,0.0,-45854000.0,0.0,123796000.0,123796000.0,123796000.0,0.0,0.0,0.008,440742000.0,259376000.0,4991884000.0,0.0,1.325,30.376,32.847,289569000.0,0.0,17.738,0.232,0.251,2142663000.0,128178000.0,16191353000.0,16191353000.0,0.0,0.026,0.126,0.121,0.015,7546000.0,397848000.0,1.0,212004248.0,228740000.0,251228000.0,70.785,7824397000.0,22326000.0,76861000.0,178970000.0,34.207,1980049000.0
20,ABC,MRY,2000-12-31,2000-09-30,2000-09-30,2021-08-04,0.0,2458567000.0,2326887250.0,2320619000.0,137948000.0,5.005,1.369,-14983000.0,120818000.0,120818000.0,11125440000.0,99014000.0,1.325,7.709,413217000.0,0.0,413217000.0,413217000.0,0.0,14129000.0,0.0,0.0,0.0,201557000.0,215686000.0,0.019,215686000.0,201557000.0,159700000.0,0.48,0.475,0.48,282294000.0,232602000.0,282294000.0,2930840070.0,15.0,13.588,201597000.0,0.978,1.0,519581000.0,0.045,72986000.0,41857000.0,926511000.0,1225927500.0,1570504000.0,0.0,0.0,0.0,2176273000.0,1751469000.0,424804000.0,2434121070.0,61321000.0,-6692000.0,11924000.0,-145452000.0,0.0,-133770000.0,-21489000.0,0.0,216580000.0,0.0,99014000.0,99014000.0,99014000.0,0.0,0.0,0.009,317456000.0,202125000.0,1584133000.0,0.0,8.623,24.584,24.479,64962000.0,0.0,11.75,0.209,0.208,623961000.0,4382000.0,11645021000.0,11645021000.0,0.0,0.043,0.426,0.164,0.017,0.0,302470000.0,1.0,207159240.0,206208000.0,208080000.0,56.472,2385581000.0,0.0,60686000.0,117938000.0,11.569,569150000.0
21,ABC,MRY,1999-12-31,1999-09-30,1999-09-30,2021-08-04,0.0,2060599000.0,1875488500.0,1920006000.0,140593000.0,5.229,0.82,-13357000.0,59497000.0,59497000.0,9334298000.0,67466000.0,1.447,11.393,558705000.0,0.0,558705000.0,558705000.0,0.0,15387000.0,0.0,0.0,0.0,155553000.0,170940000.0,0.017,170940000.0,155553000.0,115863000.0,0.333,0.328,0.333,166277000.0,133381500.0,166277000.0,1629909962.0,10.0,9.535,-10357000.0,-0.051,1.0,473065000.0,0.048,0.0,39690000.0,1232524000.0,1190616500.0,1243153000.0,0.0,0.0,0.0,1894322000.0,1327283000.0,567039000.0,1154776962.0,10986000.0,-3570000.0,-449000.0,16849000.0,0.0,24767000.0,-16781000.0,0.0,3000000.0,0.0,67466000.0,67466000.0,67466000.0,0.0,0.0,0.007,314063000.0,159002000.0,1175619000.0,0.0,6.945,17.116,17.785,64384000.0,0.0,5.923,0.118,0.122,612520000.0,-94632000.0,9807363000.0,9807363000.0,0.0,0.036,0.506,0.131,0.016,0.0,281798000.0,1.0,194981336.0,202792000.0,206732000.0,48.362,2060599000.0,0.0,48397000.0,101335000.0,10.161,592723000.0
22,ABC,MRY,1998-12-31,1998-09-30,1998-09-30,2021-08-04,0.0,1726272000.0,1678378750.0,1558526000.0,167746000.0,5.662,0.378,-9646000.0,90344000.0,90344000.0,9041140000.0,46030000.0,1.426,21.909,539464000.0,0.0,539464000.0,539464000.0,0.0,19526000.0,0.0,0.0,0.0,138931000.0,158457000.0,0.017,158457000.0,138931000.0,80752000.0,0.23,0.228,0.23,75355000.0,55433000.0,75355000.0,1733990099.0,12.0,10.943,111270000.0,0.558,1.0,461897000.0,0.049,0.0,58179000.0,1082360000.0,1224363500.0,954010000.0,0.0,0.0,0.0,1650917000.0,1093032000.0,557885000.0,1308949099.0,-11569000.0,-29097000.0,-180000.0,-98744000.0,0.0,-93887000.0,-38598000.0,0.0,120916000.0,0.0,46030000.0,46030000.0,46030000.0,0.0,0.0,0.005,322966000.0,138931000.0,947016000.0,0.0,17.37,28.437,29.587,67955000.0,0.0,6.805,0.138,0.143,0.0,-162098000.0,9503037000.0,9503037000.0,0.0,0.027,0.83,0.113,0.015,0.0,279392000.0,1.0,192351080.0,199508000.0,202852000.0,47.632,1726272000.0,0.0,34722000.0,93828000.0,8.653,465494000.0
23,ABC,MRY,1997-12-31,1997-09-30,1997-09-30,2021-08-04,0.0,1745040000.0,,1624654000.0,120386000.0,,0.072,-14368000.0,68931000.0,68931000.0,7894499000.0,48141000.0,1.438,120.937,589819000.0,0.0,589819000.0,589819000.0,0.0,14645000.0,0.0,0.0,0.0,123463000.0,138108000.0,0.017,138108000.0,123463000.0,80204000.0,0.242,0.24,0.242,14311000.0,,14311000.0,,,,-24989000.0,-0.126,1.0,404136000.0,0.049,0.0,43259000.0,1135829000.0,,1017782000.0,0.0,0.0,0.0,1730729000.0,1130099000.0,600630000.0,,-5520000.0,-130962000.0,-201000.0,150400000.0,0.0,150233000.0,-145132000.0,0.0,-10621000.0,0.0,48141000.0,48141000.0,48141000.0,0.0,0.0,0.006,278691000.0,125445000.0,1036462000.0,0.0,,,30.186,67462000.0,0.0,7.305,,0.174,0.0,-213928000.0,8298635000.0,8298635000.0,0.0,,,,0.015,0.0,254354000.0,1.0,,197868000.0,201204000.0,41.94,1745040000.0,0.0,32063000.0,49839000.0,8.819,494555000.0
24,ABC,MRY,1996-12-31,1996-09-30,1996-09-30,2021-08-04,,,,,,,,-15178000.0,,,5360284000.0,35408000.0,,,,,,,,11582000.0,,0.0,0.0,90647000.0,102229000.0,0.018,102229000.0,90647000.0,54667000.0,0.195,0.194,0.195,,,,,,,24803000.0,0.137,1.0,302433000.0,0.053,,35980000.0,,,,,,,,,,,33404000.0,-29467000.0,49342000.0,-11274000.0,0.0,38068000.0,-44645000.0,0.0,39981000.0,0.0,35408000.0,35408000.0,35408000.0,0.0,0.0,0.006,204544000.0,97889000.0,,0.0,,,28.526,,0.0,5.562,,0.178,,,5662717000.0,5662717000.0,0.0,,,,0.016,0.0,195350000.0,1.0,,181496000.0,183168000.0,31.2,,,19259000.0,,,
0,ABC,MRQ,2021-06-30,2021-06-30,2021-06-30,2021-08-04,-233238000.0,55930936000.0,,37259766000.0,18671170000.0,,0.184,-121795000.0,2553217000.0,2553217000.0,51517489000.0,295448000.0,0.941,1462.581,7102792000.0,455609000.0,6647183000.0,7102792000.0,0.0,83172000.0,0.0,0.015,0.44,621542000.0,704714000.0,0.013,704714000.0,621542000.0,570204000.0,1.42,1.4,1.42,37962000.0,,37962000.0,23067289989.0,-5.0,-5.745,1085824000.0,5.267,1.0,1888206000.0,0.035,14570548000.0,51338000.0,6320125000.0,,14996364000.0,0.0,0.0,0.0,55522495000.0,39589838000.0,15932657000.0,23517472989.0,-3959437000.0,-5536717000.0,33971000.0,550670000.0,-91676000.0,488940000.0,-5655996000.0,0.0,1207619000.0,0.0,292122000.0,292122000.0,292122000.0,0.0,3326000.0,0.005,1267479000.0,620727000.0,36502816000.0,0.31,619.5,-6.282,-6.26,2143080000.0,0.0,114.49,0.115,0.116,17695170000.0,1325422000.0,53405695000.0,53405695000.0,0.0,,,,,14355000.0,913414000.0,1.0,205410717.0,206156000.0,208912000.0,259.055,41360388000.0,543105000.0,278082000.0,1955431000.0,200.627,-2330072000.0
1,ABC,MRQ,2021-03-31,2021-03-31,2021-03-31,2021-08-04,-69248000.0,47003250000.0,,35469149000.0,11534101000.0,,-1.375,-86202000.0,6641180000.0,6641180000.0,47620790000.0,434005000.0,1.075,-167.187,6190997000.0,43885000.0,6147112000.0,6190997000.0,0.0,77539000.0,0.0,0.015,0.44,602299000.0,679838000.0,0.014,679838000.0,602299000.0,567773000.0,2.12,2.1,2.12,-281756000.0,,-281756000.0,22978849130.0,-5.0,-5.388,-540105000.0,-2.636,1.0,1533381000.0,0.031,8548906000.0,34526000.0,5007715000.0,,12954676000.0,0.0,0.0,0.0,47106032000.0,32996446000.0,14109586000.0,24169655130.0,1750262000.0,0.0,46135000.0,2500895000.0,-91262000.0,2452987000.0,-248822000.0,-162620000.0,-453903000.0,0.0,435267000.0,435267000.0,435267000.0,0.0,-1262000.0,0.009,909034000.0,624347000.0,31420390000.0,0.208,-85.782,-6.451,-6.455,1482753000.0,0.0,118.07,0.123,0.123,14134326000.0,1124976000.0,49154171000.0,49154171000.0,0.0,,,,,18793000.0,730081000.0,1.0,204706150.0,204916000.0,207315000.0,239.875,38454344000.0,633845000.0,132506000.0,1041582000.0,187.659,2472703000.0
2,ABC,MRQ,2020-12-31,2020-12-31,2020-12-31,2021-08-04,-70467000.0,45846768000.0,,34700221000.0,11146547000.0,,-3.406,-65410000.0,4890918000.0,4890918000.0,51064326000.0,378707000.0,0.99,-66.49,3700112000.0,59371000.0,3640741000.0,3700112000.0,0.0,77143000.0,0.0,0.017,0.44,557634000.0,634777000.0,0.012,634777000.0,557634000.0,524020000.0,1.83,1.81,1.83,-697222000.0,,-697222000.0,19489229267.0,-4.0,-4.262,837643000.0,4.092,1.0,1452230000.0,0.028,8571661000.0,33614000.0,1039850000.0,,13178958000.0,0.0,0.0,0.0,46358316000.0,35044451000.0,11313865000.0,19967455267.0,293172000.0,0.0,2041000.0,-431250000.0,-91103000.0,-544471000.0,-65410000.0,0.0,903053000.0,0.0,374845000.0,374845000.0,374845000.0,0.0,3862000.0,0.007,905002000.0,547228000.0,33449690000.0,0.24,-28.639,-6.198,-6.215,1477040000.0,0.0,97.76,0.103,0.103,14886252000.0,780971000.0,52516556000.0,52516556000.0,0.0,,,,,48317000.0,735068000.0,1.0,204249747.0,204683000.0,206801000.0,256.575,37275107000.0,644476000.0,149175000.0,990890000.0,182.111,-344230000.0
3,ABC,MRQ,2020-09-30,2020-09-30,2020-09-30,2021-08-04,-108830000.0,44274830000.0,,33055702000.0,11219128000.0,,-4.993,-82212000.0,4597746000.0,4597746000.0,47897921000.0,-4844505000.0,0.976,-44.277,4119520000.0,501259000.0,3618261000.0,4119520000.0,0.0,75549000.0,0.0,0.017,0.42,-6110317000.0,-6034768000.0,-0.123,-6034768000.0,-6110317000.0,-6145024000.0,-23.66,-23.6,-23.66,-1018924000.0,,-1018924000.0,20505501771.0,-4.0,-4.207,1217020000.0,5.963,1.0,1346847000.0,0.027,8592826000.0,34707000.0,1350701000.0,,12589278000.0,0.0,0.0,0.0,45114466000.0,33853077000.0,11261389000.0,19785422771.0,1177474000.0,0.0,88140000.0,-21046000.0,-86814000.0,-19994000.0,-101764000.0,-21250000.0,1299232000.0,0.0,-4846072000.0,-4846072000.0,-4846072000.0,0.0,1567000.0,-0.098,7459984000.0,-6113137000.0,31705055000.0,-0.018,-19.418,-5.804,-5.821,1484808000.0,0.0,96.92,0.104,0.105,13846301000.0,518335000.0,49244768000.0,49244768000.0,0.0,,,,,16832000.0,720966000.0,1.0,204141795.0,204081000.0,198990000.0,241.3,35682004000.0,850068000.0,-1298952000.0,971330000.0,174.842,-797375000.0
4,ABC,MRQ,2020-06-30,2020-06-30,2020-06-30,2021-08-04,-128664000.0,40789703000.0,,29918572000.0,10871131000.0,,18.94,-106719000.0,3420272000.0,3420272000.0,44141061000.0,287268000.0,0.977,9.546,4140351000.0,519710000.0,3620641000.0,4140351000.0,0.0,71591000.0,0.0,0.016,0.42,383754000.0,455345000.0,0.01,455345000.0,383754000.0,346006000.0,1.42,1.41,1.42,3857252000.0,,3857252000.0,20950153133.0,19.0,14.789,-194618000.0,-0.956,1.0,1225716000.0,0.027,8615677000.0,37748000.0,2262534000.0,,11849201000.0,0.0,0.0,0.0,36821752000.0,30631571000.0,6190181000.0,20496897133.0,-271666000.0,0.0,47694000.0,-33355000.0,-86223000.0,-73460000.0,-110307000.0,-4250000.0,-87899000.0,0.0,289439000.0,289439000.0,289439000.0,0.0,-2171000.0,0.006,820885000.0,404831000.0,29145149000.0,0.296,5.314,13.056,13.207,1455008000.0,0.0,100.77,0.11,0.11,12548399000.0,5451221000.0,45366777000.0,45366777000.0,0.0,,,,,11816000.0,666885000.0,1.0,203402770.0,203654000.0,205544000.0,222.764,32174026000.0,596024000.0,56567000.0,2074779000.0,157.984,-712999000.0
5,ABC,MRQ,2020-03-31,2020-03-31,2020-03-31,2021-08-04,-132808000.0,42042262000.0,,31180650000.0,10861612000.0,,17.484,-77077000.0,3691938000.0,3691938000.0,46029532000.0,971111000.0,0.971,10.677,4145194000.0,522807000.0,3622387000.0,4145194000.0,0.0,71758000.0,0.0,0.018,0.42,299790000.0,371548000.0,0.008,371548000.0,299790000.0,265369000.0,4.68,4.64,4.68,3590590000.0,,3590590000.0,19157419229.0,17.0,13.279,775820000.0,3.778,1.0,1388107000.0,0.029,8639581000.0,34421000.0,1744147000.0,,11102566000.0,0.0,0.0,0.0,38337149000.0,32111790000.0,6225359000.0,18221420229.0,459334000.0,0.0,-215380000.0,14928000.0,-87453000.0,-288102000.0,-105461000.0,-30580000.0,852897000.0,0.0,960277000.0,960277000.0,960277000.0,0.0,10834000.0,0.02,1078592000.0,309515000.0,30719987000.0,0.09,5.075,11.514,11.569,1421768000.0,0.0,88.5,0.098,0.098,14210170000.0,5248005000.0,47417639000.0,47417639000.0,0.0,,,,,14389000.0,693413000.0,1.0,205891754.0,205370000.0,207062000.0,230.889,33402681000.0,699494000.0,-694908000.0,2123313000.0,162.646,-931140000.0
6,ABC,MRQ,2019-12-31,2019-12-31,2019-12-31,2021-08-04,-87731000.0,40016738000.0,,28954816000.0,11061922000.0,,14.342,-67305000.0,3232604000.0,3232604000.0,46633528000.0,186568000.0,0.945,12.505,4168603000.0,532489000.0,3636114000.0,4168603000.0,0.0,71846000.0,0.0,0.019,0.4,261667000.0,333513000.0,0.007,333513000.0,261667000.0,230660000.0,0.91,0.9,0.91,2954626000.0,,2954626000.0,18626720254.0,20.0,15.292,75505000.0,0.367,1.0,1231214000.0,0.026,8846162000.0,31007000.0,1476119000.0,,11686466000.0,0.0,0.0,0.0,36947657000.0,30630456000.0,6317201000.0,17507504254.0,-141590000.0,0.0,-115015000.0,-13981000.0,-83088000.0,-222061000.0,-62339000.0,0.0,142810000.0,0.0,187640000.0,187640000.0,187640000.0,0.0,-1072000.0,0.004,967777000.0,263437000.0,29181860000.0,0.44,5.925,26.961,27.426,1442383000.0,0.0,85.02,0.096,0.096,12568816000.0,4375181000.0,47864742000.0,47864742000.0,0.0,,,,,31374000.0,685953000.0,1.0,205922186.0,206008000.0,207517000.0,232.344,31170576000.0,0.0,43020000.0,2184500000.0,151.308,-1675640000.0
7,ABC,MRQ,2019-09-30,2019-09-30,2019-09-30,2021-08-04,-111965000.0,39171980000.0,,28132054000.0,11039926000.0,,13.566,-78160000.0,3374194000.0,3374194000.0,44453065000.0,132307000.0,0.951,12.567,4493410000.0,139012000.0,4354398000.0,4493410000.0,0.0,74812000.0,0.0,0.019,0.4,181366000.0,256178000.0,0.006,256178000.0,181366000.0,144963000.0,0.62,0.62,0.62,2878917000.0,,2878917000.0,18657945497.0,17.0,12.892,594662000.0,2.802,1.0,1184737000.0,0.026,9000343000.0,36403000.0,1709559000.0,,11060254000.0,0.0,0.0,0.0,36178774000.0,29581294000.0,6597480000.0,17151438497.0,374635000.0,93000.0,-129879000.0,-2580000.0,-83910000.0,-219388000.0,-78799000.0,0.0,672822000.0,0.0,132619000.0,132619000.0,132619000.0,0.0,-312000.0,0.003,1004896000.0,179841000.0,28385074000.0,0.645,5.958,20.052,20.229,1770516000.0,0.0,82.33,0.096,0.096,12386879000.0,4235491000.0,45637802000.0,45637802000.0,0.0,,,,,10443000.0,721944000.0,1.0,208325501.0,212208000.0,213907000.0,215.062,30171637000.0,5859000.0,12344000.0,2144270000.0,142.18,-1449240000.0
8,ABC,MRQ,2019-06-30,2019-06-30,2019-06-30,2021-08-04,-86883000.0,38478538000.0,,27401778000.0,11076760000.0,,14.255,-69279000.0,2999559000.0,2999559000.0,44008026000.0,302002000.0,0.952,11.832,4506066000.0,166137000.0,4339929000.0,4506066000.0,0.0,74501000.0,0.0,0.019,0.4,406993000.0,481494000.0,0.011,481494000.0,406993000.0,371072000.0,1.44,1.43,1.44,2989422000.0,,2989422000.0,19686809842.0,17.0,13.391,498590000.0,2.378,1.0,1231239000.0,0.027,9036963000.0,35921000.0,2159211000.0,,11247776000.0,0.0,0.0,0.0,35371341000.0,28788871000.0,6582470000.0,17919686842.0,123809000.0,-11646000.0,-157549000.0,-114476000.0,-84636000.0,-358254000.0,-85806000.0,0.0,567869000.0,0.0,301959000.0,301959000.0,301959000.0,0.0,43000.0,0.007,824545000.0,406694000.0,27807403000.0,0.278,5.994,18.744,18.863,1767426000.0,0.0,85.26,0.101,0.101,11989030000.0,4186782000.0,45239265000.0,45239265000.0,0.0,,,,,10562000.0,656943000.0,1.0,210176951.0,209705000.0,211161000.0,215.728,29441575000.0,0.0,69113000.0,2148257000.0,140.395,-1387093000.0
9,ABC,MRQ,2019-03-31,2019-03-31,2019-03-31,2021-08-04,-85142000.0,38810310000.0,,27622183000.0,11188127000.0,,13.849,-82255000.0,2875750000.0,2875750000.0,41894846000.0,28073000.0,0.946,12.246,4642873000.0,282973000.0,4359900000.0,4642873000.0,0.0,85793000.0,0.0,0.02,0.4,61121000.0,146914000.0,0.003,146914000.0,61121000.0,17846000.0,0.13,0.13,0.13,2921215000.0,,2921215000.0,18918571291.0,17.0,12.867,542109000.0,2.57,1.0,1424756000.0,0.033,9055678000.0,43275000.0,2309856000.0,,11373730000.0,0.0,0.0,0.0,35771979000.0,29211899000.0,6560080000.0,16785868291.0,335594000.0,0.0,-93761000.0,-24459000.0,-84893000.0,-205161000.0,-83609000.0,0.0,624364000.0,0.0,27135000.0,27135000.0,27135000.0,0.0,938000.0,0.001,1377191000.0,47565000.0,28189390000.0,3.077,5.746,18.052,18.323,1858867000.0,0.0,79.52,0.096,0.096,12222271000.0,3969459000.0,43319602000.0,43319602000.0,0.0,,,,,6101000.0,628036000.0,1.0,211089893.0,210934000.0,212563000.0,205.37,29754632000.0,0.0,-9289000.0,2130863000.0,141.061,-1589716000.0
10,ABC,MRQ,2018-12-31,2018-12-31,2018-12-31,2021-08-04,-92883000.0,39267823000.0,,27476207000.0,11791616000.0,,14.376,-79233000.0,2540156000.0,2540156000.0,44094872000.0,391753000.0,0.936,11.843,4672859000.0,156276000.0,4516583000.0,4672859000.0,0.0,85996000.0,0.0,0.021,0.4,476625000.0,562621000.0,0.012,562621000.0,476625000.0,434455000.0,1.86,1.84,1.86,3048453000.0,,3048453000.0,17937820879.0,12.0,9.903,399735000.0,1.885,1.0,1297580000.0,0.029,9622245000.0,42170000.0,2426544000.0,,11800185000.0,0.0,0.0,0.0,36103090000.0,29351737000.0,6751353000.0,15767851879.0,47640000.0,-52398000.0,-216608000.0,8442000.0,-85535000.0,-303710000.0,-127618000.0,0.0,478968000.0,0.0,393652000.0,393652000.0,393652000.0,0.0,-1899000.0,0.009,822854000.0,474726000.0,28336293000.0,0.215,5.172,13.248,13.478,1896943000.0,0.0,74.4,0.091,0.091,11979382000.0,4027217000.0,45392452000.0,45392452000.0,0.0,,,,,31768000.0,656585000.0,1.0,211933493.0,212054000.0,213969000.0,214.061,29645578000.0,0.0,40803000.0,2149438000.0,139.802,-1875530000.0
11,ABC,MRQ,2018-09-30,2018-09-30,2018-09-30,2021-08-04,-79253000.0,37669838000.0,,25894372000.0,11775466000.0,,13.616,-79952000.0,2492516000.0,2492516000.0,42264495000.0,194004000.0,0.929,11.804,4662485000.0,151657000.0,4510828000.0,4662485000.0,0.0,84975000.0,0.0,0.016,0.38,194201000.0,279176000.0,0.006,279176000.0,194201000.0,151154000.0,1.09,1.09,1.09,2932824000.0,,2932824000.0,22328835710.0,16.0,13.034,585393000.0,2.718,1.0,1032641000.0,0.024,9612100000.0,43047000.0,2358020000.0,,11918508000.0,0.0,0.0,0.0,34619877000.0,27869687000.0,6750190000.0,19952409710.0,103588000.0,-2037000.0,-327844000.0,-63464000.0,-82077000.0,-476515000.0,-85242000.0,0.0,665345000.0,0.0,233288000.0,233288000.0,233288000.0,0.0,-39284000.0,0.005,878544000.0,154097000.0,26836873000.0,0.349,6.803,12.031,12.118,1892424000.0,0.0,92.22,0.119,0.12,11314226000.0,3720582000.0,43297136000.0,43297136000.0,0.0,,,,,8712000.0,657805000.0,1.0,216356644.0,215394000.0,217453000.0,201.014,28057738000.0,0.0,-82134000.0,2129010000.0,130.262,-1975315000.0
12,ABC,MRQ,2018-06-30,2018-06-30,2018-06-30,2021-08-04,-82020000.0,38309592000.0,,26404401000.0,11905191000.0,,14.173,-79543000.0,2388928000.0,2388928000.0,41930968000.0,277875000.0,0.94,11.309,4765354000.0,195592000.0,4569762000.0,4765354000.0,0.0,91321000.0,0.0,0.018,0.38,390287000.0,481608000.0,0.011,481608000.0,390287000.0,343136000.0,1.26,1.25,1.26,3097821000.0,,3097821000.0,21544248964.0,20.0,15.757,743742000.0,3.403,1.0,1211341000.0,0.028,9713641000.0,47151000.0,2872706000.0,,12074347000.0,0.0,0.0,0.0,35033660000.0,28099671000.0,6933989000.0,18742692964.0,297569000.0,-6177000.0,-227963000.0,-121565000.0,-83431000.0,-435266000.0,-90450000.0,0.0,823285000.0,0.0,275809000.0,275809000.0,275809000.0,0.0,2066000.0,0.006,822146000.0,389195000.0,26449542000.0,0.302,6.05,17.346,17.261,1903357000.0,0.0,85.27,0.114,0.114,11764614000.0,3569371000.0,43142309000.0,43142309000.0,0.0,,,,,9396000.0,626548000.0,1.0,219804069.0,218569000.0,220760000.0,197.385,28595951000.0,0.0,67327000.0,2247269000.0,130.833,-1695270000.0
13,ABC,MRQ,2018-03-31,2018-03-31,2018-03-31,2021-08-04,-43506000.0,38395732000.0,,26397211000.0,11998521000.0,,14.542,-95175000.0,2091359000.0,2091359000.0,39778175000.0,282160000.0,0.94,10.99,4892915000.0,252894000.0,4640021000.0,4892915000.0,0.0,72711000.0,0.0,0.017,0.38,415264000.0,487975000.0,0.012,487975000.0,415264000.0,366627000.0,1.31,1.29,1.31,3187550000.0,,3187550000.0,20537245335.0,24.0,18.332,-182743000.0,-0.834,1.0,1255683000.0,0.031,9759889000.0,48637000.0,3342995000.0,,12867481000.0,0.0,0.0,0.0,35032136000.0,28094404000.0,6937732000.0,18937672335.0,-946388000.0,-706755000.0,47950000.0,-23469000.0,-83978000.0,-65721000.0,-793099000.0,0.0,-87568000.0,0.0,287455000.0,287455000.0,287455000.0,0.0,-5295000.0,0.007,774263000.0,481420000.0,26403594000.0,0.29,5.941,22.147,22.049,1940154000.0,0.0,86.21,0.119,0.119,11265014000.0,3376993000.0,41033858000.0,41033858000.0,0.0,,,,,11600000.0,617426000.0,1.0,219669091.0,219200000.0,222303000.0,187.198,28635843000.0,0.0,79172000.0,2175879000.0,130.638,-1697193000.0
14,ABC,MRQ,2017-12-31,2017-12-31,2017-12-31,2021-08-04,-96338000.0,36361510000.0,,25296432000.0,11065078000.0,,13.167,-73641000.0,3037747000.0,3037747000.0,39353680000.0,861853000.0,0.946,11.649,4637320000.0,20061000.0,4617259000.0,4637320000.0,0.0,69476000.0,0.0,0.016,0.38,394883000.0,464359000.0,0.011,464359000.0,394883000.0,359019000.0,3.95,3.9,3.95,2874582000.0,,2874582000.0,21382868923.0,20.0,16.119,-63315000.0,-0.29,1.0,1112652000.0,0.027,8901145000.0,35864000.0,2319647000.0,,12020660000.0,0.0,0.0,0.0,33486928000.0,26740291000.0,6746637000.0,20024293923.0,602632000.0,-70330000.0,7078000.0,821845000.0,-83555000.0,734629000.0,-142323000.0,0.0,10326000.0,0.0,861853000.0,861853000.0,861853000.0,0.0,0.0,0.021,694003000.0,418649000.0,25346694000.0,0.096,6.966,20.452,20.45,1829117000.0,0.0,91.82,0.129,0.129,10127783000.0,3173516000.0,40466332000.0,40466332000.0,0.0,,,,,32608000.0,558522000.0,1.0,218082051.0,218323000.0,220822000.0,185.351,27460365000.0,0.0,-502834000.0,2050726000.0,125.779,-1443859000.0
15,ABC,MRQ,2017-09-30,2017-09-30,2017-09-30,2021-08-04,-95850000.0,35316470000.0,,24303299000.0,11013171000.0,,9.449,-94969000.0,2435115000.0,2435115000.0,37947995000.0,-344587000.0,0.906,16.107,3793690000.0,12121000.0,3781569000.0,3793690000.0,0.0,69555000.0,0.0,0.018,0.365,-136230000.0,-66675000.0,-0.002,-66675000.0,-136230000.0,-171541000.0,-1.58,-1.56,-1.58,2064461000.0,,2064461000.0,20605927004.0,19.0,15.546,1285485000.0,5.883,1.0,1172020000.0,0.03,8877562000.0,35311000.0,979318000.0,,11461428000.0,0.0,0.0,0.0,33252009000.0,26818165000.0,6433844000.0,18131482004.0,1123648000.0,12079000.0,-91403000.0,7699000.0,-80102000.0,-165331000.0,-91475000.0,-6577000.0,1380454000.0,0.0,-344587000.0,-344587000.0,-344587000.0,0.0,0.0,-0.009,1307022000.0,-135002000.0,25404042000.0,-0.231,8.783,49.746,49.551,1797945000.0,0.0,82.75,0.118,0.118,10303324000.0,2395218000.0,39120015000.0,39120015000.0,0.0,,,,,10614000.0,560877000.0,1.0,219111565.0,218492000.0,221314000.0,179.046,26438908000.0,0.0,173046000.0,2576869000.0,121.006,-2514866000.0
16,ABC,MRQ,2017-06-30,2017-06-30,2017-06-30,2021-08-04,-112458000.0,34654010000.0,,23677224000.0,10976786000.0,,11.677,-108728000.0,1311467000.0,1311467000.0,37627269000.0,50352000.0,0.919,12.571,3785912000.0,4119000.0,3781793000.0,3785912000.0,0.0,65681000.0,0.0,0.015,0.365,168978000.0,234659000.0,0.006,234659000.0,168978000.0,133375000.0,0.23,0.23,0.23,2553514000.0,,2553514000.0,22692215740.0,16.0,13.511,-353428000.0,-1.616,1.0,1079875000.0,0.028,8913978000.0,35603000.0,2463401000.0,,11669529000.0,0.0,0.0,0.0,32100496000.0,25751076000.0,6349420000.0,20641203740.0,-1092966000.0,-59230000.0,32942000.0,-662369000.0,-80075000.0,-711174000.0,-137092000.0,33880000.0,-244700000.0,0.0,50352000.0,50352000.0,50352000.0,0.0,0.0,0.001,909499000.0,170376000.0,24804544000.0,1.587,8.083,24.149,24.426,1749914000.0,0.0,94.53,0.136,0.136,10553258000.0,2819907000.0,38707144000.0,38707144000.0,0.0,,,,,10342000.0,525463000.0,1.0,218356117.0,218676000.0,221873000.0,177.007,25740032000.0,0.0,83023000.0,2400467000.0,117.709,-2073852000.0
17,ABC,MRQ,2017-03-31,2017-03-31,2017-03-31,2021-08-04,-123490000.0,34397013000.0,,23493921000.0,10903092000.0,,11.621,-125418000.0,2404433000.0,2404433000.0,35890975000.0,411473000.0,0.92,12.599,4455445000.0,615847000.0,3839598000.0,4455445000.0,0.0,64004000.0,0.0,0.016,0.365,630214000.0,694218000.0,0.019,694218000.0,630214000.0,592915000.0,1.89,1.86,1.89,2529292000.0,,2529292000.0,21917682211.0,12.0,10.772,673321000.0,3.094,1.0,1256427000.0,0.034,8876649000.0,37299000.0,2039950000.0,,11335816000.0,0.0,0.0,0.0,31867721000.0,25531426000.0,6336295000.0,19229252211.0,613299000.0,-906000.0,51154000.0,-42754000.0,-79924000.0,-72823000.0,-112617000.0,7451000.0,798739000.0,0.0,411473000.0,411473000.0,411473000.0,0.0,0.0,0.011,631446000.0,624981000.0,24276019000.0,0.193,7.603,16.67,16.825,1702060000.0,0.0,88.5,0.128,0.129,9583520000.0,2849630000.0,37147402000.0,37147402000.0,0.0,,,,,12058000.0,521843000.0,1.0,217279686.0,217650000.0,221221000.0,170.675,25520364000.0,0.0,181442000.0,2332051000.0,117.254,-2037505000.0
18,ABC,MRQ,2016-12-31,2016-12-31,2016-12-31,2021-08-04,-141851000.0,33919272000.0,,23078756000.0,10840516000.0,,9.68,-137282000.0,1791134000.0,1791134000.0,37131585000.0,247246000.0,0.904,15.026,4479564000.0,607980000.0,3871584000.0,4479564000.0,0.0,63180000.0,0.0,0.018,0.365,400110000.0,463290000.0,0.012,463290000.0,400110000.0,363138000.0,1.13,1.11,1.13,2116557000.0,,2116557000.0,18949196107.0,9.0,8.066,-567637000.0,-2.596,1.0,1037680000.0,0.027,8914299000.0,36972000.0,2150645000.0,,11414771000.0,0.0,0.0,0.0,31802715000.0,25542758000.0,6259957000.0,17209635107.0,-950698000.0,-1497000.0,-219699000.0,-52129000.0,-80169000.0,-363486000.0,-156857000.0,-19958000.0,-430355000.0,0.0,247246000.0,247246000.0,247246000.0,0.0,0.0,0.006,637693000.0,399987000.0,24172341000.0,0.323,8.131,12.79,12.47,1630741000.0,0.0,78.19,0.116,0.115,9696200000.0,2518081000.0,38169265000.0,38169265000.0,0.0,,,,,29192000.0,520547000.0,1.0,220100206.0,218661000.0,221979000.0,174.559,25004973000.0,0.0,115892000.0,2222866000.0,114.355,-2464002000.0
19,ABC,MRQ,2016-09-30,2016-09-30,2016-09-30,2021-08-04,-114308000.0,33637501000.0,,22851847000.0,10785654000.0,,9.718,-154438000.0,2741832000.0,2741832000.0,36436068000.0,145685000.0,0.904,14.797,4462694000.0,610210000.0,3852484000.0,4462694000.0,0.0,60785000.0,0.0,0.017,0.34,226625000.0,287410000.0,0.008,287410000.0,226625000.0,191573000.0,0.62,0.64,0.62,2129404000.0,,2129404000.0,19888247119.0,13.0,11.279,1200083000.0,5.477,1.0,1124535000.0,0.03,8959346000.0,35052000.0,1118648000.0,,10723920000.0,0.0,0.0,0.0,31508097000.0,25280369000.0,6227728000.0,17346233119.0,876630000.0,0.0,-1168427000.0,-201608000.0,-73407000.0,-329773000.0,-148118000.0,-947000.0,1354521000.0,0.0,145685000.0,145685000.0,145685000.0,0.0,0.0,0.004,899734000.0,224801000.0,23926320000.0,0.548,8.146,12.148,12.003,1530682000.0,0.0,80.78,0.118,0.117,9175876000.0,2303941000.0,37560603000.0,37560603000.0,0.0,,,,,8431000.0,530256000.0,1.0,214734255.0,219130000.0,226898000.0,171.408,24678155000.0,0.0,45888000.0,2214774000.0,112.619,-2428522000.0
20,ABC,MRQ,2016-06-30,2016-06-30,2016-06-30,2021-08-04,-110978000.0,31914243000.0,,21457255000.0,10456988000.0,,8.713,-130166000.0,1865202000.0,1865202000.0,35773817000.0,349155000.0,0.894,15.982,4407216000.0,613180000.0,3794036000.0,4407216000.0,0.0,58909000.0,0.0,0.017,0.34,530785000.0,589694000.0,0.016,589694000.0,530785000.0,495632000.0,1.62,1.55,1.62,1879317000.0,,1879317000.0,19084450373.0,11.0,9.352,61790000.0,0.286,1.0,1107863000.0,0.03,8986106000.0,35153000.0,1472896000.0,,10492561000.0,0.0,0.0,0.0,30034926000.0,23997255000.0,6037671000.0,17121598373.0,-660085000.0,0.0,-623630000.0,-80121000.0,-73241000.0,-705533000.0,-146508000.0,-6034000.0,191956000.0,0.0,349155000.0,349155000.0,349155000.0,0.0,0.0,0.009,579236000.0,528627000.0,22692064000.0,0.21,9.111,10.419,10.222,1165663000.0,0.0,79.32,0.118,0.118,8984533000.0,2250868000.0,36881680000.0,36881680000.0,0.0,,,,,16774000.0,516438000.0,1.0,215854745.0,215688000.0,224802000.0,170.996,22928137000.0,0.0,146477000.0,2121331000.0,106.302,-2540000000.0
21,ABC,MRQ,2016-03-31,2016-03-31,2016-03-31,2021-08-04,-102184000.0,32495355000.0,,22070068000.0,10425287000.0,,10.542,-89902000.0,2525287000.0,2525287000.0,34623026000.0,603450000.0,0.928,13.83,4488139000.0,119553000.0,4368586000.0,4488139000.0,0.0,57652000.0,0.0,0.015,0.34,951238000.0,1008890000.0,0.028,1008890000.0,951238000.0,915272000.0,2.9,2.68,2.9,2191162000.0,,2191162000.0,21306415346.0,13.0,11.621,790504000.0,3.803,1.0,1075331000.0,0.03,9028488000.0,35966000.0,1658809000.0,,10644586000.0,0.0,0.0,0.0,30304193000.0,23770910000.0,6533283000.0,17782776346.0,1547197000.0,-4724000.0,-280944000.0,-13601000.0,-70630000.0,768857000.0,-102066000.0,0.0,880406000.0,0.0,603450000.0,603450000.0,603450000.0,0.0,0.0,0.017,124093000.0,951238000.0,22986172000.0,0.117,8.116,11.79,12.156,1094711000.0,0.0,86.55,0.125,0.127,8766994000.0,1974306000.0,35698357000.0,35698357000.0,0.0,,,,,17532000.0,519466000.0,1.0,205462465.0,207858000.0,225450000.0,171.744,23466867000.0,0.0,311822000.0,2041191000.0,112.899,-1700842000.0
22,ABC,MRQ,2015-12-31,2015-12-31,2015-12-31,2021-08-04,-115814000.0,30755802000.0,,20361675000.0,10394127000.0,,6.305,-90110000.0,978090000.0,978090000.0,35744169000.0,329639000.0,0.848,22.658,4501729000.0,108412000.0,4393317000.0,4501729000.0,0.0,55192000.0,0.0,0.012,0.34,-177826000.0,-122634000.0,-0.003,-122634000.0,-177826000.0,-211567000.0,1.6,1.45,1.6,1300019000.0,,1300019000.0,22651798519.0,78.0,45.868,661504000.0,3.208,1.0,964877000.0,0.026,9052837000.0,33741000.0,1202263000.0,,10863974000.0,0.0,0.0,0.0,29455783000.0,24024341000.0,5431442000.0,21326192519.0,-1189352000.0,-2726632000.0,-118575000.0,1008544000.0,-71199000.0,831521000.0,-2772487000.0,47693000.0,751614000.0,0.0,329639000.0,329639000.0,329639000.0,0.0,0.0,0.009,1142703000.0,-177826000.0,22536323000.0,0.212,16.405,54.484,54.873,1059501000.0,0.0,103.71,0.153,0.154,8380652000.0,1440801000.0,36709046000.0,36709046000.0,0.0,,,,,22255000.0,525077000.0,1.0,205632943.0,206180000.0,226718000.0,178.044,21702965000.0,0.0,-541206000.0,1719352000.0,105.262,-3662666000.0
23,ABC,MRQ,2015-09-30,2015-09-30,2015-09-30,2021-08-04,-136333000.0,27962982000.0,,20334488000.0,7628494000.0,,2.906,-74496000.0,2167442000.0,2167442000.0,34496804000.0,361009000.0,0.942,44.366,3739225000.0,0.0,3739225000.0,3739225000.0,0.0,55420000.0,0.0,0.012,0.29,509266000.0,564686000.0,0.016,564686000.0,509266000.0,470311000.0,1.64,1.64,1.64,616386000.0,,616386000.0,21732006999.0,57.0,38.04,1087467000.0,5.128,1.0,973574000.0,0.027,6137510000.0,38955000.0,1819028000.0,,9755094000.0,0.0,0.0,0.0,27346596000.0,21578227000.0,5768369000.0,20537038999.0,-387741000.0,-26909000.0,-1236953000.0,-228861000.0,-61865000.0,-1363178000.0,-186526000.0,-86214000.0,1161963000.0,0.0,361009000.0,361009000.0,361009000.0,0.0,0.0,0.01,431273000.0,542301000.0,20886439000.0,0.177,33.318,-148.641,-150.778,1192510000.0,0.0,94.99,0.151,0.152,8222951000.0,1164489000.0,35470378000.0,35470378000.0,0.0,,,,,14448000.0,546162000.0,1.0,216202116.0,212077000.0,212077000.0,167.252,21825472000.0,0.0,109302000.0,1944240000.0,102.913,-1243739000.0
24,ABC,MRQ,2015-06-30,2015-06-30,2015-06-30,2021-08-04,-69006000.0,27333504000.0,,19902034000.0,7431470000.0,,7.183,-51888000.0,2555183000.0,2555183000.0,33342092000.0,214163000.0,0.942,16.348,3750151000.0,7370000.0,3742781000.0,3750151000.0,0.0,48434000.0,0.0,0.01,0.29,334099000.0,382533000.0,0.011,382533000.0,334099000.0,304306000.0,0.98,0.89,0.98,1575624000.0,,1575624000.0,25031104174.0,321.0,95.097,1069693000.0,4.876,1.0,891464000.0,0.026,6115499000.0,29793000.0,1295682000.0,,9639961000.0,0.0,0.0,0.0,25757880000.0,21117291000.0,4640589000.0,23361361174.0,218204000.0,-3920000.0,-447568000.0,-256688000.0,-63935000.0,-848191000.0,-55186000.0,0.0,1121581000.0,0.0,214163000.0,214163000.0,214163000.0,0.0,0.0,0.006,558899000.0,332565000.0,19348994000.0,0.296,14.827,-53.874,-54.255,958687000.0,0.0,106.34,0.177,0.177,7596558000.0,879201000.0,34233556000.0,34233556000.0,0.0,,,,,13088000.0,502744000.0,1.0,219685548.0,219359000.0,240236000.0,156.062,21218005000.0,0.0,90143000.0,1127877000.0,96.727,-1215257000.0
25,ABC,MRQ,2015-03-31,2015-03-31,2015-03-31,2021-08-04,-75585000.0,27005530000.0,,19556823000.0,7448707000.0,,8.701,-52644000.0,2336979000.0,2336979000.0,31757291000.0,-513390000.0,0.967,13.093,4006722000.0,64205000.0,3942517000.0,4006722000.0,0.0,44918000.0,0.0,0.009,0.29,-375654000.0,-330736000.0,-0.01,-330736000.0,-375654000.0,-398600000.0,-2.33,-2.33,-2.33,1916255000.0,,1916255000.0,24659629009.0,-139.0,16138.501,689076000.0,3.129,1.0,911976000.0,0.028,6122137000.0,22946000.0,2327230000.0,,9517312000.0,0.0,0.0,0.0,25089275000.0,20225906000.0,4863369000.0,24962500009.0,38223000.0,-2560816000.0,85464000.0,1987430000.0,-64094000.0,1908800000.0,-2612297000.0,0.0,741720000.0,0.0,-513390000.0,-513390000.0,-513390000.0,0.0,0.0,-0.016,1276225000.0,-364249000.0,18395154000.0,-0.124,13.027,-37.789,-37.89,955558000.0,0.0,113.67,0.195,0.195,7560122000.0,728973000.0,32669267000.0,32669267000.0,0.0,,,,,13841000.0,442443000.0,1.0,219604997.0,220243000.0,220243000.0,148.333,20883393000.0,0.0,114790000.0,1116910000.0,94.82,-669083000.0
26,ABC,MRQ,2014-12-31,2014-12-31,2014-12-31,2021-08-04,-60727000.0,24904916000.0,,20144710000.0,4760206000.0,,8.058,-52557000.0,2298756000.0,2298756000.0,32836303000.0,-199947000.0,0.968,13.084,1995885000.0,0.0,1995885000.0,1995885000.0,0.0,44518000.0,0.0,0.011,0.29,-89711000.0,-45193000.0,-0.001,-45193000.0,-89711000.0,-107053000.0,-0.91,-0.91,-0.91,1768346000.0,,1768346000.0,19904377909.0,40.0,29.458,844407000.0,3.848,1.0,752299000.0,0.022,3501051000.0,17342000.0,295961000.0,,10628342000.0,0.0,0.0,0.0,23136570000.0,20805033000.0,2331537000.0,19717258909.0,490243000.0,-24604000.0,-260049000.0,-5491000.0,-64025000.0,-329565000.0,-77156000.0,0.0,896964000.0,0.0,-199947000.0,-199947000.0,-199947000.0,0.0,0.0,-0.006,840696000.0,-88397000.0,19031658000.0,-0.319,11.15,599.345,819.636,907004000.0,0.0,90.16,0.159,0.16,7144031000.0,1306457000.0,33588602000.0,33588602000.0,0.0,,,,,19567000.0,416491000.0,1.0,218691869.0,219456000.0,219456000.0,153.054,21403865000.0,0.0,92894000.0,1099865000.0,97.531,-660323000.0
27,ABC,MRQ,2014-09-30,2014-09-30,2014-09-30,2021-08-04,-52046000.0,21532183000.0,,16800205000.0,4731978000.0,,8.735,-65787000.0,1808513000.0,1808513000.0,30716164000.0,65548000.0,0.974,10.003,1995632000.0,0.0,1995632000.0,1995632000.0,0.0,47475000.0,0.0,0.012,0.235,209138000.0,256613000.0,0.008,256613000.0,209138000.0,184713000.0,0.3,0.27,0.3,1956899000.0,,1956899000.0,18078319158.0,24.0,19.835,766372000.0,3.421,1.0,872544000.0,0.028,3481744000.0,24425000.0,987398000.0,,8593852000.0,0.0,0.0,0.0,19575284000.0,17250160000.0,2325124000.0,17344701158.0,546649000.0,0.0,-165121000.0,-2524000.0,-52911000.0,-220556000.0,-64954000.0,0.0,832159000.0,0.0,65548000.0,65548000.0,65548000.0,0.0,0.0,0.002,662074000.0,210470000.0,15592834000.0,0.783,8.863,63.249,63.884,899582000.0,0.0,77.3,0.145,0.147,6312883000.0,1570429000.0,31588708000.0,31588708000.0,0.0,,,,,10942000.0,452652000.0,1.0,224381645.0,224037000.0,235024000.0,140.998,18050439000.0,0.0,119165000.0,1336668000.0,80.569,-449955000.0
28,ABC,MRQ,2014-06-30,2014-06-30,2014-06-30,2021-08-04,-39378000.0,20630606000.0,,15891386000.0,4739220000.0,,8.8,-73278000.0,1261864000.0,1261864000.0,29656150000.0,-12780000.0,0.973,9.386,1995482000.0,0.0,1995482000.0,1995482000.0,0.0,41609000.0,0.0,0.015,0.235,79235000.0,120844000.0,0.004,120844000.0,79235000.0,58332000.0,-0.06,-0.06,-0.06,1986355000.0,,1986355000.0,17109745861.0,26.0,21.211,446564000.0,1.978,1.0,692004000.0,0.023,3489315000.0,20903000.0,1535550000.0,,8421977000.0,0.0,0.0,0.0,18644251000.0,16339359000.0,2304892000.0,16409527861.0,565134000.0,0.0,-268613000.0,558132000.0,-53161000.0,236358000.0,-191066000.0,-117794000.0,519842000.0,0.0,-12780000.0,-12780000.0,-12780000.0,0.0,0.0,0.0,581127000.0,110877000.0,14809789000.0,-3.917,8.261,63.185,64.301,882162000.0,0.0,72.66,0.146,0.146,6133228000.0,1555538000.0,30348154000.0,30348154000.0,0.0,,,,,10147000.0,387611000.0,1.0,225839910.0,225727000.0,225727000.0,134.446,17141291000.0,0.0,71112000.0,1058496000.0,75.938,-447973000.0
29,ABC,MRQ,2014-03-31,2014-03-31,2014-03-31,2021-08-04,-44514000.0,20361247000.0,,15760027000.0,4601220000.0,,9.352,-66209000.0,696730000.0,696730000.0,27726310000.0,180077000.0,0.955,8.49,1396948000.0,0.0,1396948000.0,1396948000.0,0.0,38508000.0,0.0,0.017,0.235,304911000.0,343419000.0,0.012,343419000.0,304911000.0,285437000.0,0.78,0.76,0.78,2145515000.0,,2145515000.0,16505614625.0,20.0,17.207,1050087000.0,4.577,1.0,729593000.0,0.026,3495145000.0,19474000.0,1066389000.0,,8493269000.0,0.0,0.0,0.0,18215732000.0,16499931000.0,1715801000.0,15033303625.0,349265000.0,0.0,-204960000.0,-429707000.0,-54030000.0,-707099000.0,-59932000.0,0.0,1116296000.0,0.0,180077000.0,180077000.0,180077000.0,0.0,0.0,0.006,428465000.0,301128000.0,14909626000.0,0.301,7.007,34.095,34.161,850847000.0,0.0,65.59,0.145,0.145,6506412000.0,1621479000.0,28455903000.0,28455903000.0,0.0,,,,,10792000.0,376341000.0,1.0,229201153.0,229409000.0,236268000.0,124.04,16866102000.0,0.0,105360000.0,1003120000.0,73.52,-739904000.0
30,ABC,MRQ,2013-12-31,2013-12-31,2013-12-31,2021-08-04,-41076000.0,19796095000.0,,15228345000.0,4567750000.0,,9.761,-59183000.0,347465000.0,347465000.0,28488137000.0,41385000.0,0.962,7.807,1819776000.0,423000000.0,1396776000.0,1819776000.0,0.0,37887000.0,0.0,0.015,0.235,152667000.0,190554000.0,0.007,190554000.0,152667000.0,133835000.0,0.18,0.17,0.18,2247802000.0,,2247802000.0,16339156529.0,23.0,19.432,-1062826000.0,-4.615,1.0,688225000.0,0.024,3501341000.0,18832000.0,1938167000.0,,8602809000.0,0.0,0.0,0.0,17548293000.0,15828898000.0,1719395000.0,16173556529.0,-883541000.0,-9103000.0,12674000.0,422993000.0,-54367000.0,188305000.0,-68203000.0,0.0,-1003643000.0,0.0,41385000.0,41385000.0,41385000.0,7546000.0,0.0,0.001,528609000.0,159616000.0,13858659000.0,1.306,7.195,52.772,52.47,824105000.0,0.0,70.31,0.168,0.169,6214193000.0,1495432000.0,29176362000.0,29176362000.0,0.0,,,,,11226000.0,364060000.0,1.0,230032094.0,230277000.0,237012000.0,126.701,16294754000.0,0.0,92450000.0,1014149000.0,70.762,-600553000.0
31,ABC,MRQ,2013-09-30,2013-09-30,2013-09-30,2021-08-04,-35483000.0,18918638000.0,,14393651000.0,4524987000.0,,10.066,-64523000.0,1231006000.0,1231006000.0,23901488000.0,51023000.0,0.968,7.155,1396606000.0,0.0,1396606000.0,1396606000.0,0.0,35953000.0,0.0,0.017,0.42,115859000.0,151812000.0,0.006,151812000.0,115859000.0,97187000.0,0.23,0.21,0.23,2319745000.0,,2319745000.0,13937034510.0,17.0,14.261,-95462000.0,-0.414,1.0,567552000.0,0.023,3499713000.0,18672000.0,713890000.0,,6981494000.0,0.0,0.0,0.0,16598893000.0,14870635000.0,1728258000.0,14108180510.0,-336579000.0,-1650000.0,-60138000.0,-2108000.0,-48711000.0,-240346000.0,-65294000.0,0.0,-30939000.0,0.0,51023000.0,51023000.0,51023000.0,-462000.0,0.0,0.002,453362000.0,114190000.0,13335792000.0,1.826,6.082,32.529,32.5,803561000.0,0.0,61.1,0.16,0.161,6051920000.0,1508414000.0,24469040000.0,24469040000.0,0.0,,,,,9375000.0,358303000.0,1.0,230903118.0,230449000.0,235096000.0,106.18,15418925000.0,0.0,46164000.0,1002279000.0,66.908,-476984000.0
32,ABC,MRQ,2013-06-30,2013-06-30,2013-06-30,2021-08-04,-55097000.0,16579332000.0,,12139073000.0,4440259000.0,,10.468,-49550000.0,1567585000.0,1567585000.0,21344198000.0,168439000.0,0.976,5.856,1396439000.0,0.0,1396439000.0,1396439000.0,0.0,34987000.0,0.0,0.014,0.21,238450000.0,273437000.0,0.012,273437000.0,238450000.0,220260000.0,0.73,0.71,0.73,2418194000.0,,2418194000.0,12940536873.0,13.0,11.252,25859000.0,0.112,1.0,562450000.0,0.026,3504803000.0,18190000.0,461735000.0,,5895089000.0,0.0,0.0,0.0,14161138000.0,12441648000.0,1719490000.0,12891561873.0,220288000.0,331630000.0,-49484000.0,-781000.0,-48802000.0,-135614000.0,280493000.0,0.0,75409000.0,0.0,168439000.0,168439000.0,168439000.0,-104329000.0,0.0,0.008,427804000.0,134646000.0,11009224000.0,0.288,5.331,23.603,23.961,777091000.0,0.0,55.83,0.156,0.156,4585488000.0,1506102000.0,21906648000.0,21906648000.0,0.0,,,,,8396000.0,331173000.0,1.0,230907431.0,231002000.0,235669000.0,94.833,13074529000.0,0.0,51821000.0,991407000.0,56.599,-302575000.0
33,ABC,MRQ,2013-03-31,2013-03-31,2013-03-31,2021-08-04,-56244000.0,16111431000.0,,11724784000.0,4386647000.0,,10.183,-32091000.0,1347297000.0,1347297000.0,19806679000.0,45634000.0,0.974,5.867,1396272000.0,0.0,1396272000.0,1396272000.0,0.0,34156000.0,0.0,0.013,0.21,190865000.0,225021000.0,0.011,225021000.0,190865000.0,172355000.0,0.2,0.19,0.2,2346280000.0,,2346280000.0,12821087643.0,12.0,10.452,953271000.0,4.137,1.0,716989000.0,0.035,3512000000.0,18510000.0,605755000.0,,5662556000.0,0.0,0.0,0.0,13765151000.0,12042651000.0,1722500000.0,11842384643.0,929893000.0,0.0,26100000.0,-4996000.0,-48608000.0,-18909000.0,-36560000.0,0.0,985362000.0,0.0,45634000.0,45634000.0,45634000.0,158509000.0,0.0,0.002,366866000.0,350123000.0,10362227000.0,1.05,5.047,21.185,22.177,762237000.0,0.0,51.45,0.148,0.148,4180449000.0,1386465000.0,20523668000.0,20523668000.0,0.0,,,,,9178000.0,323536000.0,1.0,230172685.0,230422000.0,234587000.0,89.07,12599431000.0,0.0,126721000.0,1005103000.0,54.68,-317867000.0
34,ABC,MRQ,2012-12-31,2012-12-31,2012-12-31,2021-08-04,-33890000.0,15495532000.0,,11022199000.0,4473333000.0,,10.059,-56286000.0,417404000.0,417404000.0,20398983000.0,168611000.0,0.964,5.63,1396107000.0,0.0,1396107000.0,1396107000.0,0.0,33594000.0,0.0,0.014,0.21,293453000.0,327047000.0,0.016,327047000.0,293453000.0,274928000.0,0.73,0.71,0.73,2337235000.0,,2337235000.0,10548003244.0,8.0,7.544,-297993000.0,-1.282,1.0,660828000.0,0.031,3548935000.0,18525000.0,1489563000.0,,5965563000.0,0.0,0.0,0.0,13158297000.0,11435737000.0,1722560000.0,10167841244.0,-649204000.0,0.0,-244941000.0,-1090000.0,-49595000.0,-346118000.0,-61379000.0,0.0,-241707000.0,0.0,168611000.0,168611000.0,168611000.0,6010000.0,0.0,0.008,361365000.0,299463000.0,9879850000.0,0.288,4.35,14.015,14.687,800340000.0,0.0,43.18,0.128,0.127,4361266000.0,1389439000.0,21059811000.0,21059811000.0,0.0,,,,,9326000.0,320700000.0,1.0,235475712.0,232361000.0,235992000.0,90.634,11946597000.0,0.0,106317000.0,981464000.0,51.414,-413538000.0
35,ABC,MRQ,2012-09-30,2012-09-30,2012-09-30,2021-08-04,-32657000.0,15442256000.0,,11058464000.0,4383792000.0,,10.109,-40411000.0,1066608000.0,1066608000.0,18350626000.0,163494000.0,0.982,5.291,1395931000.0,0.0,1395931000.0,1395931000.0,0.0,31800000.0,0.0,0.013,0.13,292721000.0,324521000.0,0.017,324521000.0,292721000.0,269584000.0,0.67,0.67,0.67,2454842000.0,,2454842000.0,9961086618.0,8.0,7.214,504983000.0,2.079,1.0,713817000.0,0.037,3523432000.0,23137000.0,982561000.0,,5472010000.0,0.0,0.0,0.0,12987414000.0,11265586000.0,1721828000.0,9740862618.0,-589140000.0,3085000.0,-623856000.0,-392456000.0,-32679000.0,-1092910000.0,-41624000.0,0.0,545394000.0,0.0,163494000.0,163494000.0,163494000.0,26955000.0,0.0,0.009,395051000.0,318766000.0,9492589000.0,0.194,3.968,13.548,13.63,743684000.0,0.0,38.71,0.125,0.125,3784619000.0,1270423000.0,19064443000.0,19064443000.0,0.0,,,,,7517000.0,329138000.0,1.0,251636854.0,242844000.0,246400000.0,78.505,11918824000.0,0.0,106090000.0,963081000.0,49.08,-207122000.0
36,ABC,MRQ,2012-06-30,2012-06-30,2012-06-30,2021-08-04,-43253000.0,15747592000.0,,11170422000.0,4577170000.0,,11.621,-29400000.0,1655748000.0,1655748000.0,18658941000.0,181271000.0,1.02,4.375,1875972000.0,392246000.0,1483726000.0,1875972000.0,0.0,29793000.0,0.0,0.013,0.13,320265000.0,350058000.0,0.018,350058000.0,320265000.0,296494000.0,0.72,0.71,0.72,2929715000.0,,2929715000.0,9509132453.0,8.0,7.25,62531000.0,0.248,1.0,667866000.0,0.035,3586651000.0,23771000.0,1429802000.0,,5447126000.0,0.0,0.0,0.0,12817877000.0,10951363000.0,1866514000.0,9954091453.0,-671346000.0,-521097000.0,-165746000.0,-5000.0,-32652000.0,-202808000.0,-560469000.0,0.0,91931000.0,0.0,181271000.0,181271000.0,181271000.0,8906000.0,0.0,0.009,343480000.0,324386000.0,9170863000.0,0.181,3.398,14.163,14.467,865046000.0,0.0,39.35,0.127,0.127,3943347000.0,1139608000.0,19326807000.0,19326807000.0,0.0,,,,,6066000.0,303812000.0,1.0,252962934.0,252116000.0,255725000.0,76.658,12160941000.0,0.0,115223000.0,906014000.0,48.235,219059000.0
37,ABC,MRQ,2012-03-31,2012-03-31,2012-03-31,2021-08-04,-37362000.0,15645036000.0,,11603641000.0,4041395000.0,,11.413,-17950000.0,2327094000.0,2327094000.0,19028630000.0,212105000.0,1.063,4.31,1882135000.0,392164000.0,1489971000.0,1882135000.0,0.0,26372000.0,0.0,0.012,0.13,370153000.0,396525000.0,0.02,396525000.0,370153000.0,346778000.0,0.82,0.81,0.82,2946475000.0,,2946475000.0,9784397978.0,8.0,7.495,218471000.0,0.846,1.0,679741000.0,0.034,3108418000.0,23375000.0,1176659000.0,,5354338000.0,0.0,0.0,0.0,12698561000.0,10915000000.0,1783561000.0,10225712978.0,-43241000.0,-7157000.0,-145828000.0,-122814000.0,-33721000.0,-232445000.0,-47217000.0,0.0,236421000.0,0.0,212105000.0,212105000.0,212105000.0,7038000.0,0.0,0.011,302681000.0,377060000.0,9249766000.0,0.159,3.47,14.485,14.854,803419000.0,0.0,39.66,0.129,0.129,3868647000.0,990989000.0,19708371000.0,19708371000.0,0.0,,,,,6103000.0,262421000.0,1.0,257834417.0,258162000.0,262363000.0,76.341,12536618000.0,0.0,134673000.0,860471000.0,48.561,688641000.0
38,ABC,MRQ,2011-12-31,2011-12-31,2011-12-31,2021-08-04,-44381000.0,15978266000.0,,11955780000.0,4022486000.0,,11.238,-45531000.0,2370335000.0,2370335000.0,19728005000.0,162116000.0,1.058,4.501,1929020000.0,447081000.0,1481939000.0,1929020000.0,0.0,25800000.0,0.0,0.012,0.13,283579000.0,309379000.0,0.015,309379000.0,283579000.0,261003000.0,0.63,0.62,0.63,2904599000.0,,2904599000.0,9146755612.0,8.0,7.039,386172000.0,1.494,1.0,583917000.0,0.029,3103011000.0,22576000.0,1132563000.0,,5824358000.0,0.0,0.0,0.0,13073667000.0,11301377000.0,1772290000.0,9607793612.0,544345000.0,-250501000.0,-111592000.0,556581000.0,-33708000.0,411281000.0,-298639000.0,0.0,431703000.0,0.0,162116000.0,162116000.0,162116000.0,-2159000.0,0.0,0.008,302497000.0,281420000.0,9589019000.0,0.206,3.308,13.566,14.141,793604000.0,0.0,37.19,0.121,0.121,3724456000.0,812605000.0,20311922000.0,20311922000.0,0.0,,,,,6268000.0,268893000.0,1.0,258343469.0,258461000.0,263084000.0,78.588,12875255000.0,0.0,98887000.0,846313000.0,49.815,654403000.0
39,ABC,MRQ,2011-09-30,2011-09-30,2011-09-30,2021-08-04,-50868000.0,14982671000.0,,11375041000.0,3607630000.0,,10.76,-27801000.0,1825990000.0,1825990000.0,18347943000.0,147324000.0,1.046,4.226,1364952000.0,392089000.0,972863000.0,1364952000.0,0.0,13262000.0,0.0,0.012,0.115,242345000.0,255607000.0,0.014,255607000.0,242345000.0,223002000.0,0.55,0.54,0.55,2866858000.0,,2866858000.0,9396805041.0,8.0,7.268,332302000.0,1.247,1.0,537828000.0,0.028,2805720000.0,19343000.0,840649000.0,,5443101000.0,0.0,0.0,0.0,12115813000.0,10875264000.0,1240549000.0,10035194041.0,-174463000.0,-45380000.0,-422923000.0,-17547000.0,-30704000.0,-448745000.0,-85821000.0,0.0,360103000.0,0.0,147324000.0,147324000.0,147324000.0,-9129000.0,0.0,0.008,307482000.0,230346000.0,9191428000.0,0.209,3.5,14.202,14.39,672862000.0,0.0,37.27,0.128,0.129,3793850000.0,4055664000.0,18885771000.0,18885771000.0,0.0,,,,,5671000.0,255051000.0,1.0,269256615.0,266432000.0,271357000.0,70.884,12176951000.0,0.0,75678000.0,838718000.0,45.704,499777000.0
40,ABC,MRQ,2011-06-30,2011-06-30,2011-06-30,2021-08-04,-22488000.0,14855729000.0,,11121305000.0,3734424000.0,,11.712,-33700000.0,2000453000.0,2000453000.0,19507441000.0,184419000.0,1.111,3.638,1362064000.0,175000.0,1361889000.0,1362064000.0,0.0,26832000.0,0.0,0.01,0.115,317097000.0,343929000.0,0.017,343929000.0,317097000.0,298492000.0,0.67,0.66,0.67,3203080000.0,,3203080000.0,10772481595.0,9.0,8.362,196941000.0,0.72,1.0,653581000.0,0.032,2843931000.0,18605000.0,1365624000.0,,5157796000.0,0.0,0.0,0.0,11652649000.0,10007785000.0,1644864000.0,11342058595.0,88017000.0,0.0,-96372000.0,18221000.0,-31649000.0,-109800000.0,-32824000.0,0.0,230641000.0,0.0,184419000.0,184419000.0,184419000.0,0.0,0.0,0.009,336422000.0,317159000.0,8893332000.0,0.172,3.541,16.191,16.299,761988000.0,0.0,41.4,0.143,0.143,3907112000.0,3939044000.0,20161022000.0,20161022000.0,0.0,,,,,9486000.0,308806000.0,1.0,273962768.0,273492000.0,279015000.0,73.717,12011798000.0,0.0,114073000.0,781852000.0,43.92,1113520000.0
41,ABC,MRQ,2011-03-31,2011-03-31,2011-03-31,2021-08-04,-26707000.0,14681016000.0,,10956246000.0,3724770000.0,,11.421,-43682000.0,1912436000.0,1912436000.0,19072921000.0,214381000.0,1.101,3.686,1342859000.0,278000.0,1342581000.0,1342859000.0,0.0,25048000.0,0.0,0.009,0.1,365391000.0,390439000.0,0.02,390439000.0,365391000.0,346335000.0,0.78,0.77,0.78,3133030000.0,,3133030000.0,10845075071.0,9.0,8.701,632722000.0,2.307,1.0,687336000.0,0.035,2846206000.0,19056000.0,1315061000.0,,5195946000.0,0.0,0.0,0.0,11547986000.0,9950172000.0,1597814000.0,10843181071.0,511541000.0,0.0,-27371000.0,-66274000.0,-27536000.0,-121181000.0,-43682000.0,0.0,676404000.0,0.0,214381000.0,214381000.0,214381000.0,0.0,0.0,0.011,321945000.0,365391000.0,8909481000.0,0.128,3.461,15.962,16.147,755155000.0,0.0,39.56,0.138,0.138,3802240000.0,3786274000.0,19760257000.0,19760257000.0,0.0,,,,,5342000.0,296132000.0,1.0,274094567.0,274319000.0,279766000.0,72.034,11834810000.0,0.0,131954000.0,739730000.0,43.143,1006074000.0
42,ABC,MRQ,2010-12-31,2010-12-31,2010-12-31,2021-08-04,-35834000.0,14132319000.0,,10428173000.0,3704146000.0,,10.747,-50091000.0,1400895000.0,1400895000.0,19308377000.0,160500000.0,1.082,3.771,1402789000.0,115379000.0,1287410000.0,1402789000.0,0.0,24517000.0,0.0,0.01,0.1,278433000.0,302950000.0,0.015,302950000.0,278433000.0,259289000.0,0.58,0.57,0.58,2962006000.0,,2962006000.0,9114383605.0,8.0,7.68,-149291000.0,-0.542,1.0,580232000.0,0.029,2845423000.0,19144000.0,1647885000.0,,5440751000.0,0.0,0.0,0.0,11170313000.0,9640905000.0,1529408000.0,9428985605.0,-257287000.0,0.0,-138380000.0,58119000.0,-27735000.0,-107996000.0,-50091000.0,0.0,-99200000.0,0.0,160500000.0,160500000.0,160500000.0,0.0,0.0,0.008,301799000.0,278433000.0,8467004000.0,0.172,3.183,14.597,14.771,736812000.0,0.0,34.12,0.12,0.12,3551315000.0,3598651000.0,19888609000.0,19888609000.0,0.0,,,,,6780000.0,278033000.0,1.0,276347761.0,275605000.0,280693000.0,72.163,11286896000.0,0.0,98789000.0,720061000.0,40.953,787268000.0
43,ABC,MRQ,2010-09-30,2010-09-30,2010-09-30,2021-08-04,-42536000.0,14434843000.0,,10748350000.0,3686493000.0,,10.594,-43907000.0,1658182000.0,1658182000.0,18976612000.0,141228000.0,1.085,3.886,1343580000.0,422000.0,1343158000.0,1343580000.0,0.0,9814000.0,0.0,0.01,0.08,241071000.0,250885000.0,0.013,250885000.0,241071000.0,223125000.0,0.51,0.5,0.51,2954297000.0,,2954297000.0,8598606017.0,8.0,7.377,505326000.0,1.812,1.0,561242000.0,0.029,2845343000.0,17946000.0,1368554000.0,,5210098000.0,0.0,0.0,0.0,11480546000.0,9906344000.0,1574202000.0,8549152017.0,347466000.0,0.0,-110090000.0,-1273000.0,-22316000.0,-149555000.0,-52212000.0,0.0,549233000.0,0.0,141228000.0,141228000.0,141228000.0,-6946000.0,0.0,0.007,324778000.0,236464000.0,8833285000.0,0.157,2.894,13.426,13.566,711712000.0,0.0,30.66,0.11,0.111,3827484000.0,3465886000.0,19537854000.0,19537854000.0,0.0,,,,,5930000.0,301815000.0,1.0,278837313.0,278862000.0,283748000.0,70.063,11589500000.0,0.0,81897000.0,703621000.0,41.56,842006000.0
44,ABC,MRQ,2010-06-30,2010-06-30,2010-06-30,2021-08-04,-50159000.0,14003785000.0,,10338003000.0,3665782000.0,,10.424,-44265000.0,1310716000.0,1310716000.0,19013750000.0,163205000.0,1.09,3.778,1360170000.0,489000.0,1359681000.0,1360170000.0,0.0,20751000.0,0.0,0.009,0.08,281366000.0,302117000.0,0.015,302117000.0,281366000.0,263465000.0,0.58,0.57,0.58,2931191000.0,,2931191000.0,9129156541.0,8.0,7.877,168733000.0,0.6,1.0,588370000.0,0.03,2846301000.0,17901000.0,1720251000.0,,5096601000.0,0.0,0.0,0.0,11072594000.0,9486687000.0,1585907000.0,8970020541.0,110844000.0,0.0,-36844000.0,1498000.0,-22552000.0,-57898000.0,-44256000.0,0.0,212998000.0,0.0,163205000.0,163205000.0,163205000.0,0.0,0.0,0.008,306516000.0,281854000.0,8452112000.0,0.138,3.06,14.337,14.498,688184000.0,0.0,31.75,0.117,0.116,3887827000.0,3346975000.0,19602120000.0,19602120000.0,0.0,,,,,7328000.0,289288000.0,1.0,282520332.0,281195000.0,286693000.0,69.71,11157484000.0,0.0,100260000.0,703019000.0,39.679,851316000.0
45,ABC,MRQ,2010-03-31,2010-03-31,2010-03-31,2021-08-04,-38293000.0,13822288000.0,,10167030000.0,3655258000.0,,10.045,-45463000.0,1199872000.0,1199872000.0,18688559000.0,181008000.0,1.079,3.881,1359008000.0,503000.0,1358505000.0,1359008000.0,0.0,19787000.0,0.0,0.009,0.08,310959000.0,330746000.0,0.017,330746000.0,310959000.0,291680000.0,0.64,0.63,0.64,2831922000.0,,2831922000.0,8562799604.0,9.0,7.914,342619000.0,1.215,1.0,612068000.0,0.032,2854637000.0,19279000.0,1700389000.0,,4980895000.0,0.0,0.0,0.0,10990366000.0,9426398000.0,1563968000.0,8166517604.0,220305000.0,0.0,-76493000.0,-23223000.0,-22605000.0,-122321000.0,-45456000.0,0.0,388082000.0,0.0,181008000.0,181008000.0,181008000.0,0.0,0.0,0.009,300841000.0,311227000.0,8434934000.0,0.125,2.884,14.049,14.388,665801000.0,0.0,28.92,0.108,0.108,3948478000.0,3206322000.0,19300627000.0,19300627000.0,0.0,,,,,9615000.0,279491000.0,1.0,282383043.0,281926000.0,287162000.0,68.46,10967651000.0,0.0,110672000.0,678792000.0,38.903,740632000.0
46,ABC,MRQ,2009-12-31,2009-12-31,2009-12-31,2021-08-04,-42818000.0,13556271000.0,,9916131000.0,3640140000.0,,9.552,-42574000.0,979567000.0,979567000.0,18772489000.0,151307000.0,1.073,3.946,1375849000.0,593000.0,1375256000.0,1375849000.0,0.0,19820000.0,0.0,0.009,0.08,262105000.0,281925000.0,0.015,281925000.0,262105000.0,244838000.0,0.53,0.52,0.53,2740861000.0,,2740861000.0,7679004283.0,8.0,7.553,-84263000.0,-0.294,1.0,563370000.0,0.029,2857242000.0,17267000.0,1851863000.0,,5361851000.0,0.0,0.0,0.0,10815410000.0,9243448000.0,1571962000.0,7510371283.0,-29801000.0,0.0,-114210000.0,191694000.0,-23149000.0,54335000.0,-42447000.0,0.0,-41689000.0,0.0,151307000.0,151307000.0,151307000.0,0.0,0.0,0.008,300988000.0,262382000.0,8225557000.0,0.151,2.74,13.815,14.168,641909000.0,0.0,26.07,0.102,0.101,3540919000.0,3047918000.0,19335859000.0,19335859000.0,0.0,,,,,7176000.0,280239000.0,1.0,288084821.0,286955000.0,291287000.0,67.383,10699029000.0,0.0,93531000.0,661468000.0,37.285,672683000.0
47,ABC,MRQ,2009-09-30,2009-09-30,2009-09-30,2021-08-04,-46096000.0,13572740000.0,,9953753000.0,3618987000.0,,9.283,-43508000.0,1009368000.0,1009368000.0,18177530000.0,130147000.0,1.05,3.996,1178001000.0,1068000.0,1176933000.0,1178001000.0,0.0,19765000.0,0.0,0.009,0.06,224363000.0,244128000.0,0.013,244128000.0,224363000.0,209412000.0,0.44,0.44,0.44,2716469000.0,,2716469000.0,6930627181.0,8.0,7.307,309796000.0,1.059,1.0,538533000.0,0.029,2859064000.0,14951000.0,1402699000.0,,4972820000.0,0.0,0.0,0.0,10856271000.0,9479610000.0,1376661000.0,6652616181.0,96444000.0,-2996000.0,-162255000.0,-31297000.0,-16772000.0,-210324000.0,-46536000.0,0.0,353304000.0,0.0,130147000.0,130147000.0,130147000.0,0.0,0.0,0.007,312802000.0,225731000.0,8517162000.0,0.136,2.449,13.215,13.401,619238000.0,0.0,22.38,0.093,0.094,3916509000.0,2919760000.0,18716063000.0,18716063000.0,0.0,,,,,6754000.0,291571000.0,1.0,297257202.0,292617000.0,295503000.0,63.961,10713676000.0,0.0,79265000.0,645723000.0,36.613,474143000.0
48,ABC,MRQ,2009-06-30,2009-06-30,2009-06-30,2021-08-04,-20983000.0,12735751000.0,,9138380000.0,3597371000.0,,9.328,-33634000.0,912924000.0,912924000.0,17874676000.0,118807000.0,1.064,3.574,1190935000.0,710000.0,1190225000.0,1190935000.0,0.0,18716000.0,0.0,0.011,0.05,206474000.0,225190000.0,0.012,225190000.0,206474000.0,191822000.0,0.4,0.4,0.4,2784318000.0,,2784318000.0,5861954175.0,7.0,6.353,364407000.0,1.221,1.0,519223000.0,0.028,2855763000.0,14652000.0,1571025000.0,,4424228000.0,0.0,0.0,0.0,9951433000.0,8586974000.0,1364459000.0,5357237175.0,257595000.0,-13422000.0,-90565000.0,12269000.0,-15126000.0,-93422000.0,-47024000.0,0.0,398041000.0,0.0,118807000.0,118807000.0,118807000.0,6327000.0,0.0,0.006,306422000.0,212801000.0,7700516000.0,0.125,1.924,10.974,11.157,595045000.0,0.0,17.74,0.076,0.075,3746643000.0,2806404000.0,18393899000.0,18393899000.0,0.0,,,,,5785000.0,277434000.0,1.0,301986312.0,298477000.0,300592000.0,61.626,9879988000.0,0.0,73015000.0,596016000.0,33.101,551406000.0
49,ABC,MRQ,2009-03-31,2009-03-31,2009-03-31,2021-08-04,-27731000.0,12549716000.0,,9005379000.0,3544337000.0,,9.121,-26243000.0,655329000.0,655329000.0,16759180000.0,143387000.0,1.062,3.549,1160046000.0,695000.0,1159351000.0,1160046000.0,0.0,18318000.0,0.0,0.011,0.05,247107000.0,265425000.0,0.015,265425000.0,247107000.0,232586000.0,0.47,0.47,0.47,2758696000.0,,2758696000.0,5689118187.0,9.0,8.201,310541000.0,1.027,1.0,552471000.0,0.032,2844783000.0,14521000.0,1731544000.0,,4578950000.0,0.0,0.0,0.0,9791020000.0,8478106000.0,1312914000.0,4973386187.0,184412000.0,0.0,-88443000.0,-22459000.0,-15227000.0,-126129000.0,-26243000.0,0.0,336784000.0,0.0,143387000.0,143387000.0,143387000.0,655000.0,0.0,0.008,304709000.0,247762000.0,7651455000.0,0.106,1.803,19.031,19.212,576645000.0,0.0,16.33,0.071,0.071,3734251000.0,2702724000.0,17311651000.0,17311651000.0,0.0,,,,,7225000.0,279209000.0,1.0,304555186.0,302446000.0,304584000.0,57.239,9704933000.0,0.0,89199000.0,574365000.0,32.088,527273000.0
50,ABC,MRQ,2008-12-31,2008-12-31,2008-12-31,2021-08-04,-26556000.0,12561146000.0,,9007069000.0,3554077000.0,,8.801,-42344000.0,470917000.0,470917000.0,16848529000.0,111056000.0,1.059,3.625,1186649000.0,1310000.0,1185339000.0,1186649000.0,0.0,17813000.0,0.0,0.009,0.05,195982000.0,213795000.0,0.012,213795000.0,195982000.0,181799000.0,0.36,0.36,0.36,2715817000.0,,2715817000.0,5881778659.0,10.0,8.591,-346710000.0,-1.124,1.0,489848000.0,0.028,2852618000.0,14183000.0,1917463000.0,,4963704000.0,0.0,0.0,0.0,9845329000.0,8506797000.0,1338532000.0,5570761659.0,-407197000.0,14936000.0,-87021000.0,28307000.0,-15571000.0,-74285000.0,-28546000.0,0.0,-304366000.0,0.0,111056000.0,111056000.0,111056000.0,1473000.0,0.0,0.006,292393000.0,197455000.0,7655869000.0,0.139,2.051,22.124,22.428,572444000.0,0.0,17.83,0.079,0.078,3537704000.0,2574563000.0,17338377000.0,17338377000.0,0.0,,,,,7374000.0,272026000.0,1.0,312437558.0,308594000.0,310178000.0,56.185,9708528000.0,0.0,70743000.0,593923000.0,31.461,500272000.0
51,ABC,MRQ,2008-09-30,2008-09-30,2008-09-30,2021-08-04,-16490000.0,12217786000.0,,8669761000.0,3548025000.0,,8.662,-55085000.0,878114000.0,878114000.0,16630393000.0,114907000.0,1.061,3.508,1189131000.0,1719000.0,1187412000.0,1189131000.0,0.0,17323000.0,0.0,0.008,0.037,201023000.0,218346000.0,0.013,218346000.0,201023000.0,187608000.0,0.36,0.36,0.36,2710045000.0,,2710045000.0,6616058969.0,11.0,9.693,459029000.0,1.467,1.0,527453000.0,0.031,2875366000.0,13415000.0,1485848000.0,,4211775000.0,0.0,0.0,0.0,9507741000.0,8167589000.0,1340152000.0,5966073969.0,295028000.0,-7010000.0,-113835000.0,-32215000.0,-11926000.0,-156609000.0,-62477000.0,0.0,514114000.0,0.0,114907000.0,114907000.0,114907000.0,155000.0,0.0,0.007,326275000.0,201178000.0,7326580000.0,0.103,2.201,23.811,24.135,552159000.0,0.0,18.825,0.085,0.086,3480267000.0,2479078000.0,17157846000.0,17157846000.0,0.0,,,,,6120000.0,297989000.0,1.0,316922920.0,312854000.0,315818000.0,54.843,9342420000.0,0.0,72701000.0,550708000.0,29.862,502172000.0
52,ABC,MRQ,2008-06-30,2008-06-30,2008-06-30,2021-08-04,-8071000.0,11988340000.0,,8447791000.0,3540549000.0,,8.537,-25203000.0,583086000.0,583086000.0,17498621000.0,-108020000.0,1.073,3.401,1233071000.0,1872000.0,1231199000.0,1233071000.0,0.0,20137000.0,0.0,0.042,0.037,-24028000.0,-3891000.0,0.0,-3891000.0,-24028000.0,-39994000.0,-0.34,-0.34,-0.34,2723965000.0,,2723965000.0,7072964542.0,13.0,11.074,105469000.0,0.331,1.0,498045000.0,0.028,3019326000.0,15966000.0,1747497000.0,,4116250000.0,0.0,0.0,0.0,9264375000.0,7871502000.0,1392873000.0,6438940542.0,-8274000.0,-13000.0,-108476000.0,6685000.0,-12089000.0,-114509000.0,-24437000.0,0.0,130672000.0,0.0,-108020000.0,-108020000.0,-108020000.0,220785000.0,0.0,-0.006,301288000.0,196757000.0,7039074000.0,-0.109,2.364,28.845,29.843,521223000.0,0.0,19.995,0.093,0.092,3667083000.0,2376097000.0,17996666000.0,17996666000.0,0.0,,,,,4759000.0,271098000.0,1.0,322027534.0,319064000.0,322234000.0,56.405,8969014000.0,0.0,68026000.0,526287000.0,28.11,576289000.0
53,ABC,MRQ,2008-03-31,2008-03-31,2008-03-31,2021-08-04,-8064000.0,12572976000.0,,8808756000.0,3764220000.0,,9.142,-27826000.0,591360000.0,591360000.0,17218550000.0,133852000.0,1.07,3.265,1225384000.0,1616000.0,1223768000.0,1225384000.0,0.0,19339000.0,0.0,0.04,0.037,237017000.0,256356000.0,0.014,256356000.0,237017000.0,218316000.0,0.415,0.41,0.415,2947799000.0,,2947799000.0,7391227724.0,9.0,8.554,165487000.0,0.513,1.0,537288000.0,0.03,3235121000.0,18701000.0,1736914000.0,,4528110000.0,0.0,0.0,0.0,9625177000.0,8234965000.0,1390212000.0,6663595724.0,67221000.0,299000.0,-65786000.0,-19729000.0,-12161000.0,-98425000.0,-27667000.0,0.0,193313000.0,0.0,133852000.0,133852000.0,133852000.0,-1024000.0,0.0,0.008,302287000.0,235001000.0,7396677000.0,0.089,2.261,14.45,15.066,529099000.0,0.0,20.49,0.098,0.098,3648094000.0,2496207000.0,17755838000.0,17755838000.0,0.0,,,,,7207000.0,279536000.0,1.0,325212090.0,322436000.0,326536000.0,55.068,9337855000.0,0.0,84464000.0,529397000.0,28.96,573791000.0
54,ABC,MRQ,2007-12-31,2007-12-31,2007-12-31,2021-08-04,-8035000.0,12611757000.0,,8838836000.0,3772921000.0,,8.748,-26175000.0,524139000.0,524139000.0,16795167000.0,109820000.0,1.063,3.371,1251771000.0,1487000.0,1250284000.0,1251771000.0,0.0,18440000.0,0.0,0.036,0.037,193317000.0,211757000.0,0.012,211757000.0,193317000.0,176903000.0,0.335,0.33,0.335,2885182000.0,,2885182000.0,8123986935.0,11.0,9.575,-127205000.0,-0.386,1.0,484216000.0,0.028,3249174000.0,16414000.0,1778704000.0,,4822362000.0,0.0,0.0,0.0,9726575000.0,8311511000.0,1415064000.0,7536416935.0,-116065000.0,-162506000.0,-307193000.0,26806000.0,-12498000.0,-293037000.0,278002000.0,467419000.0,-101030000.0,0.0,109820000.0,109820000.0,109820000.0,-1411000.0,0.0,0.006,292310000.0,191906000.0,7414854000.0,0.11,2.612,16.498,17.391,523747000.0,0.0,22.435,0.113,0.111,3461562000.0,2374515000.0,17279383000.0,17279383000.0,0.0,,,,,7417000.0,270770000.0,1.0,335922306.0,329810000.0,334124000.0,52.392,9362583000.0,0.0,67083000.0,562433000.0,28.388,527325000.0
55,ABC,MRQ,2007-09-30,2007-09-30,2007-09-30,2021-08-04,-5247000.0,12310064000.0,,8937852000.0,3372212000.0,,8.89,-30618000.0,640204000.0,640204000.0,15790736000.0,87576000.0,1.137,2.971,1227553000.0,476000.0,1227077000.0,1227553000.0,0.0,18704000.0,0.0,0.035,0.724,155752000.0,174456000.0,0.011,174456000.0,155752000.0,147832000.0,0.26,0.255,0.26,3099720000.0,,3099720000.0,8893864292.0,11.0,10.381,96959000.0,0.278,1.0,501743000.0,0.031,2743285000.0,7920000.0,2290018000.0,,4097811000.0,467419000.0,467419000.0,0.0,9210344000.0,7864110000.0,1346234000.0,8167317292.0,153195000.0,-614000.0,-540412000.0,123074000.0,-8734000.0,-428185000.0,453803000.0,486781000.0,127577000.0,0.0,87576000.0,87576000.0,87576000.0,22176000.0,0.0,0.005,323815000.0,177928000.0,6964594000.0,2.785,2.635,17.408,17.846,493647000.0,0.0,22.665,0.124,0.128,3415772000.0,2286489000.0,16292479000.0,16292479000.0,0.0,,,,,5764000.0,308234000.0,1.0,360349318.0,348678000.0,353548000.0,46.726,9566779000.0,0.0,60256000.0,538513000.0,27.437,1073742000.0
56,ABC,MRQ,2007-06-30,2007-06-30,2007-06-30,2021-08-04,-9371000.0,12891220000.0,,9150181000.0,3741039000.0,,10.087,-19289000.0,487009000.0,487009000.0,15773173000.0,129908000.0,1.167,2.451,1213556000.0,621000.0,1212935000.0,1213556000.0,0.0,18164000.0,0.0,0.004,0.025,203368000.0,221532000.0,0.014,221532000.0,203368000.0,197055000.0,0.35,0.345,0.35,3735839000.0,,3735839000.0,9874399512.0,12.0,11.231,350231000.0,0.946,1.0,570803000.0,0.035,3212052000.0,6313000.0,2564821000.0,,4129002000.0,954200000.0,954200000.0,0.0,9155381000.0,7840894000.0,1314487000.0,9452810512.0,-291373000.0,58997000.0,-479529000.0,-4123000.0,-9322000.0,-493211000.0,-167682000.0,-123745000.0,369520000.0,0.0,129908000.0,129908000.0,129908000.0,-4027000.0,0.0,0.008,371462000.0,199341000.0,6887324000.0,0.071,2.53,18.772,18.739,528987000.0,0.0,24.735,0.146,0.141,3549026000.0,2404288000.0,16343976000.0,16343976000.0,0.0,,,,,7215000.0,341855000.0,1.0,382163352.0,370344000.0,375902000.0,44.132,9679168000.0,0.0,67147000.0,559291000.0,26.136,1309287000.0
57,ABC,MRQ,2007-03-31,2007-03-31,2007-03-31,2021-08-04,-16564000.0,13586772000.0,,9874810000.0,3711962000.0,,10.846,-27139000.0,778382000.0,778382000.0,15906098000.0,129496000.0,1.206,2.318,1199971000.0,833000.0,1199138000.0,1199971000.0,0.0,20178000.0,0.0,0.003,0.025,220516000.0,240694000.0,0.015,240694000.0,220516000.0,210627000.0,0.345,0.34,0.345,4094684000.0,,4094684000.0,10407906315.0,13.0,12.003,395797000.0,1.048,1.0,606443000.0,0.037,3186390000.0,9889000.0,2631028000.0,,4602195000.0,830455000.0,830455000.0,0.0,9492088000.0,8190943000.0,1301145000.0,9994202315.0,-20007000.0,-1106000.0,-6033000.0,-14014000.0,-9534000.0,-29896000.0,-413047000.0,-384802000.0,422936000.0,0.0,129496000.0,129496000.0,129496000.0,0.0,0.0,0.008,385551000.0,220892000.0,7301994000.0,0.072,2.441,20.267,20.933,525572000.0,0.0,26.375,0.156,0.155,3633713000.0,2283702000.0,16512541000.0,16512541000.0,0.0,,,,,6192000.0,363367000.0,1.0,378927102.0,377544000.0,383594000.0,43.737,10400382000.0,0.0,81131000.0,567895000.0,27.547,1683867000.0
58,ABC,MRQ,2006-12-31,2006-12-31,2006-12-31,2021-08-04,-16371000.0,13042918000.0,,9331881000.0,3711037000.0,,10.238,-26155000.0,798389000.0,798389000.0,16130750000.0,122187000.0,1.198,2.311,1212093000.0,1155000.0,1210938000.0,1212093000.0,0.0,19634000.0,0.0,0.003,0.025,208793000.0,228427000.0,0.014,228427000.0,208793000.0,200650000.0,0.32,0.315,0.32,3939271000.0,,3939271000.0,8470522589.0,11.0,9.97,261716000.0,0.68,1.0,594643000.0,0.036,3192353000.0,8143000.0,2476947000.0,,4628473000.0,445653000.0,445653000.0,0.0,9103647000.0,7787322000.0,1316325000.0,8636299589.0,-462879000.0,-143543000.0,-313791000.0,121816000.0,-9659000.0,-203239000.0,-547511000.0,-377813000.0,287871000.0,0.0,122187000.0,122187000.0,122187000.0,0.0,0.0,0.007,385850000.0,208793000.0,6766052000.0,0.078,2.192,17.531,18.351,518684000.0,0.0,22.48,0.137,0.138,3422833000.0,2163741000.0,16725393000.0,16725393000.0,0.0,,,,,4888000.0,356961000.0,1.0,384177028.0,384782000.0,389940000.0,43.467,9850565000.0,0.0,78463000.0,624869000.0,25.6,1544559000.0
59,ABC,MRQ,2006-09-30,2006-09-30,2006-09-30,2021-08-04,-15303000.0,12783920000.0,,9210407000.0,3573513000.0,,10.413,-18857000.0,1261268000.0,1261268000.0,14776984000.0,121978000.0,1.235,2.087,1095491000.0,1560000.0,1093931000.0,1095491000.0,0.0,16042000.0,0.0,0.002,0.013,172491000.0,188533000.0,0.012,188533000.0,172491000.0,173299000.0,0.305,0.3,0.305,4141157000.0,,4141157000.0,8537127021.0,12.0,10.585,-96267000.0,-0.242,1.0,475296000.0,0.031,3063767000.0,-808000.0,2095188000.0,,4422055000.0,67840000.0,67840000.0,0.0,8642763000.0,7459188000.0,1183575000.0,9110710021.0,-373777000.0,-47506000.0,-189913000.0,11071000.0,-5025000.0,-184198000.0,-112169000.0,-44545000.0,-77410000.0,0.0,121978000.0,121978000.0,121978000.0,-33549000.0,0.0,0.008,335785000.0,139511000.0,6499264000.0,0.043,2.2,19.479,19.825,509746000.0,0.0,22.6,0.15,0.152,3427139000.0,2051212000.0,15252280000.0,15252280000.0,0.0,,,,,4463000.0,309347000.0,1.0,403128762.0,397706000.0,402550000.0,38.351,9720153000.0,0.0,51321000.0,554453000.0,24.441,1751219000.0
60,ABC,MRQ,2006-06-30,2006-06-30,2006-06-30,2021-08-04,-25115000.0,12867042000.0,,9304575000.0,3562467000.0,,10.326,14575000.0,1658340000.0,1658340000.0,15129136000.0,119468000.0,1.251,2.042,1084757000.0,2545000.0,1082212000.0,1084757000.0,0.0,20713000.0,0.0,0.002,0.013,188757000.0,209470000.0,0.013,209470000.0,188757000.0,189341000.0,0.29,0.29,0.29,4230280000.0,,4230280000.0,8827849149.0,15.0,12.982,196612000.0,0.48,1.0,557179000.0,0.036,3049844000.0,-584000.0,1803621000.0,,4471178000.0,0.0,0.0,0.0,8636762000.0,7439994000.0,1196768000.0,8798998149.0,664492000.0,-17873000.0,-355828000.0,-1099000.0,-5106000.0,-363651000.0,846106000.0,841822000.0,182037000.0,0.0,119468000.0,119468000.0,119468000.0,0.0,0.0,0.008,368335000.0,188844000.0,6529909000.0,0.045,2.08,24.091,23.684,512623000.0,0.0,20.96,0.148,0.144,3146606000.0,1934257000.0,15686315000.0,15686315000.0,0.0,,,,,4863000.0,346394000.0,1.0,419799530.0,409660000.0,414670000.0,38.291,9817198000.0,0.0,69873000.0,525788000.0,23.964,1864581000.0
61,ABC,MRQ,2006-03-31,2006-03-31,2006-03-31,2021-08-04,-25573000.0,12781568000.0,,9205113000.0,3576455000.0,,10.734,-31905000.0,1051725000.0,1051725000.0,14659916000.0,129001000.0,1.291,1.862,1080576000.0,3043000.0,1077533000.0,1080576000.0,0.0,19041000.0,0.0,0.002,0.013,204161000.0,223202000.0,0.015,223202000.0,204161000.0,196817000.0,0.31,0.305,0.31,4466592000.0,,4466592000.0,9635948308.0,17.0,14.772,440226000.0,1.058,1.0,560763000.0,0.037,3052114000.0,7344000.0,2625852000.0,,4353870000.0,783945000.0,783945000.0,0.0,8314976000.0,7132453000.0,1182523000.0,10089360308.0,174087000.0,-149726000.0,19856000.0,25177000.0,-5254000.0,39082000.0,-337126000.0,-155495000.0,472131000.0,0.0,129001000.0,129001000.0,129001000.0,-411000.0,0.0,0.008,362839000.0,197924000.0,6319118000.0,0.042,2.259,29.627,29.255,524341000.0,0.0,24.135,0.175,0.174,2990279000.0,1819895000.0,15220679000.0,15220679000.0,0.0,,,,,3972000.0,339113000.0,1.0,418038546.0,416100000.0,421542000.0,36.579,9729454000.0,0.0,67816000.0,478970000.0,23.382,2072660000.0
62,ABC,MRQ,2005-12-31,2005-12-31,2005-12-31,2021-08-04,-24877000.0,12575878000.0,,9166460000.0,3409418000.0,,10.371,-26045000.0,1506088000.0,1506088000.0,14124769000.0,97267000.0,1.29,1.911,1052676000.0,1243000.0,1051433000.0,1052676000.0,0.0,20222000.0,0.0,0.001,0.013,165113000.0,185335000.0,0.013,185335000.0,165113000.0,158601000.0,0.235,0.23,0.235,4319713000.0,,4319713000.0,8269810979.0,15.0,13.216,204462000.0,0.491,1.0,528378000.0,0.036,2911439000.0,6512000.0,2104920000.0,,4972288000.0,0.0,0.0,0.0,8256165000.0,7106107000.0,1150058000.0,8632782979.0,-170087000.0,-81119000.0,-55315000.0,99739000.0,-5210000.0,38919000.0,-439513000.0,-332349000.0,230507000.0,0.0,97267000.0,97267000.0,97267000.0,709000.0,0.0,0.007,362556000.0,165822000.0,6307065000.0,0.055,1.998,27.761,27.973,497979000.0,0.0,20.7,0.155,0.155,2663779000.0,1696148000.0,14653147000.0,14653147000.0,0.0,,,,,2677000.0,331859000.0,1.0,417042656.0,416500000.0,420698000.0,35.182,9664439000.0,0.0,61334000.0,476010000.0,23.204,2060353000.0
63,ABC,MRQ,2005-09-30,2005-09-30,2005-09-30,2021-08-04,-24814000.0,11381174000.0,,7987692000.0,3393482000.0,,10.317,-35565000.0,966553000.0,966553000.0,13396579000.0,19501000.0,1.32,1.659,952711000.0,1232000.0,951479000.0,952711000.0,0.0,19874000.0,0.0,0.001,0.006,42123000.0,61997000.0,0.004,61997000.0,42123000.0,32768000.0,0.05,0.05,0.05,4280357000.0,,4280357000.0,7887292326.0,16.0,13.709,240523000.0,0.58,1.0,521774000.0,0.037,2878724000.0,9355000.0,2436512000.0,,4003690000.0,349130000.0,349130000.0,0.0,7100817000.0,6052096000.0,1048721000.0,8023491326.0,281982000.0,10056000.0,81356000.0,-6839000.0,-2606000.0,56888000.0,-50994000.0,-25485000.0,276088000.0,0.0,19501000.0,19501000.0,19501000.0,1842000.0,0.0,0.001,366776000.0,154998000.0,5292253000.0,0.12,1.874,30.318,30.92,514758000.0,0.0,19.325,0.147,0.15,2640646000.0,1604093000.0,13918353000.0,13918353000.0,0.0,,,,,-256000.0,333874000.0,1.0,415187132.0,414880000.0,419188000.0,33.548,8502450000.0,0.0,13267000.0,422961000.0,20.494,1935596000.0
64,ABC,MRQ,2005-06-30,2005-06-30,2005-06-30,2021-08-04,-13595000.0,11406961000.0,,8001915000.0,3405046000.0,,10.08,-40346000.0,993731000.0,993731000.0,13329897000.0,94777000.0,1.276,1.726,857532000.0,1464000.0,856068000.0,857532000.0,0.0,18507000.0,0.0,0.001,0.006,163250000.0,181757000.0,0.013,181757000.0,163250000.0,151979000.0,0.23,0.225,0.23,4184365000.0,,4184365000.0,7010379472.0,11.0,9.949,17198000.0,0.041,1.0,502069000.0,0.036,2892278000.0,11271000.0,2108149000.0,,4533744000.0,0.0,0.0,0.0,7222596000.0,6270335000.0,952261000.0,7206007472.0,-169116000.0,-2872000.0,-72574000.0,-100000000.0,-2611000.0,-175506000.0,-51154000.0,-7936000.0,57544000.0,0.0,94777000.0,94777000.0,94777000.0,5067000.0,0.0,0.007,333461000.0,168608000.0,5467417000.0,0.026,1.722,21.374,22.107,512768000.0,0.0,17.288,0.133,0.133,2455124000.0,1587197000.0,13831966000.0,13831966000.0,0.0,,,,,198000.0,310112000.0,1.0,416833404.0,415128000.0,417680000.0,33.32,8514683000.0,0.0,57202000.0,458023000.0,20.511,1731580000.0
65,ABC,MRQ,2005-03-31,2005-03-31,2005-03-31,2021-08-04,-13577000.0,11632812000.0,,8245901000.0,3386911000.0,,9.49,-44087000.0,1153432000.0,1153432000.0,12688417000.0,99422000.0,1.258,1.795,957804000.0,101433000.0,856371000.0,957804000.0,0.0,19284000.0,0.0,0.002,0.006,177348000.0,196632000.0,0.015,196632000.0,177348000.0,162829000.0,0.225,0.225,0.225,4161993000.0,,4161993000.0,7061033294.0,10.0,9.132,1026186000.0,2.34,1.0,501750000.0,0.038,2892896000.0,14519000.0,1991561000.0,,4623581000.0,0.0,0.0,0.0,7470819000.0,6552727000.0,918092000.0,6365211294.0,324148000.0,198000.0,-399372000.0,0.0,-2753000.0,-402491000.0,-343634000.0,-299745000.0,1070273000.0,0.0,99422000.0,99422000.0,99422000.0,2291000.0,0.0,0.008,322111000.0,179639000.0,5655556000.0,0.027,1.529,17.291,17.194,494015000.0,0.0,14.322,0.12,0.118,2450124000.0,1495031000.0,13190167000.0,13190167000.0,0.0,,,,,379000.0,295246000.0,1.0,444420408.0,438580000.0,440936000.0,30.075,8739916000.0,0.0,63407000.0,456792000.0,19.928,1693174000.0
66,ABC,MRQ,2004-12-31,2004-12-31,2004-12-31,2021-08-04,-13577000.0,11310270000.0,,7947422000.0,3362848000.0,,9.976,-79159000.0,529539000.0,529539000.0,13182244000.0,50946000.0,1.343,1.685,1225361000.0,101395000.0,1123966000.0,1225361000.0,0.0,18881000.0,0.0,0.002,0.006,116051000.0,134932000.0,0.01,134932000.0,116051000.0,93973000.0,0.12,0.12,0.12,4212424000.0,,4212424000.0,6735394616.0,9.0,7.872,43574000.0,0.103,1.0,454592000.0,0.033,2892689000.0,22078000.0,3197678000.0,,5185239000.0,0.0,0.0,0.0,7097846000.0,5915725000.0,1182121000.0,6168266616.0,-341804000.0,2774000.0,-223107000.0,-180000000.0,-2628000.0,-408884000.0,-55653000.0,20732000.0,122733000.0,0.0,50946000.0,50946000.0,50946000.0,7905000.0,0.0,0.004,320507000.0,134085000.0,5017561000.0,0.05,1.464,15.013,15.859,470159000.0,0.0,14.67,0.115,0.116,2210474000.0,1411871000.0,13636836000.0,13636836000.0,0.0,,,,,199000.0,294825000.0,1.0,420468072.0,422244000.0,446428000.0,32.296,8417581000.0,0.0,43027000.0,466717000.0,19.935,2031697000.0
67,ABC,MRQ,2004-09-30,2004-09-30,2004-09-30,2021-08-04,-13577000.0,11654003000.0,,8295389000.0,3358614000.0,,9.776,-45011000.0,871343000.0,871343000.0,12883536000.0,91989000.0,1.359,1.686,1438471000.0,281360000.0,1157111000.0,1438471000.0,0.0,18345000.0,0.0,0.002,0.006,172992000.0,191337000.0,0.014,191337000.0,172992000.0,149510000.0,0.208,0.202,0.208,4339045000.0,,4339045000.0,6591969075.0,8.0,6.974,118698000.0,0.267,1.0,490695000.0,0.037,2893350000.0,23482000.0,3223873000.0,,5135830000.0,0.0,0.0,0.0,7314958000.0,6103908000.0,1211050000.0,6039068075.0,-31828000.0,-922000.0,-144799000.0,-15000000.0,-2781000.0,-165206000.0,-30331000.0,15602000.0,163709000.0,0.0,91989000.0,91989000.0,91989000.0,1898000.0,0.0,0.007,309820000.0,180875000.0,4947037000.0,0.029,1.392,12.893,12.788,465264000.0,0.0,13.428,0.114,0.113,2260973000.0,1350046000.0,13374231000.0,13374231000.0,0.0,,,,,521000.0,294046000.0,1.0,449753720.0,443828000.0,467936000.0,30.134,8760653000.0,0.0,57521000.0,456130000.0,19.739,2191481000.0
68,ABC,MRQ,2004-06-30,2004-06-30,2004-06-30,2021-08-04,-14049000.0,12242551000.0,,8909094000.0,3333457000.0,,9.811,-58596000.0,903171000.0,903171000.0,12484345000.0,125775000.0,1.39,1.787,1456072000.0,76350000.0,1379722000.0,1456072000.0,0.0,18112000.0,0.0,0.002,0.006,232232000.0,250344000.0,0.019,250344000.0,232232000.0,205388000.0,0.28,0.273,0.28,4393438000.0,,4393438000.0,7804503617.0,8.0,7.781,580758000.0,1.297,1.0,572068000.0,0.044,2890514000.0,26844000.0,3497364000.0,,5597240000.0,0.0,0.0,0.0,7849113000.0,6407574000.0,1441539000.0,6713593617.0,239407000.0,-22250000.0,6036000.0,-323425000.0,-2809000.0,-319101000.0,-80846000.0,0.0,639354000.0,0.0,125775000.0,125775000.0,125775000.0,1400000.0,0.0,0.01,319753000.0,252315000.0,5458916000.0,0.021,1.528,13.537,13.488,442943000.0,0.0,14.945,0.128,0.128,2391514000.0,1260838000.0,13056413000.0,13056413000.0,0.0,,,,,302000.0,298970000.0,1.0,449220048.0,447824000.0,472624000.0,29.155,9352037000.0,0.0,79613000.0,430943000.0,20.883,2501520000.0
69,ABC,MRQ,2004-03-31,2004-03-31,2004-03-31,2021-08-04,-14049000.0,12427058000.0,,9148240000.0,3278818000.0,,9.529,-33819000.0,663764000.0,663764000.0,12771318000.0,142152000.0,1.365,1.915,1754674000.0,356126000.0,1398548000.0,1754674000.0,0.0,16682000.0,0.0,0.002,0.006,262357000.0,279039000.0,0.021,279039000.0,262357000.0,231486000.0,0.318,0.307,0.318,4262955000.0,,4262955000.0,7623826024.0,8.0,7.703,442597000.0,0.989,1.0,580443000.0,0.043,2864981000.0,30871000.0,3951854000.0,,5606439000.0,0.0,0.0,0.0,8164103000.0,6701133000.0,1462970000.0,6137256024.0,380539000.0,-45710000.0,1646000.0,-15000000.0,-2805000.0,-16471000.0,-79406000.0,0.0,476416000.0,0.0,142152000.0,142152000.0,142152000.0,554000.0,0.0,0.011,317532000.0,262911000.0,5499671000.0,0.019,1.44,12.714,12.622,413837000.0,0.0,13.67,0.119,0.118,2848634000.0,1137872000.0,13351761000.0,13351761000.0,0.0,,,,,488000.0,300463000.0,1.0,448958012.0,447388000.0,471784000.0,29.844,9562077000.0,0.0,89334000.0,435108000.0,21.373,2447107000.0
70,ABC,MRQ,2003-12-31,2003-12-31,2003-12-31,2021-08-04,-14216000.0,11809978000.0,,8596361000.0,3213617000.0,,9.222,-51516000.0,283225000.0,283225000.0,12817121000.0,108474000.0,1.451,1.866,1769795000.0,66392000.0,1703403000.0,1769795000.0,0.0,14932000.0,0.0,0.002,0.006,208244000.0,223176000.0,0.017,223176000.0,208244000.0,176737000.0,0.242,0.235,0.242,4120864000.0,,4120864000.0,7280636435.0,8.0,7.61,-505914000.0,-1.132,1.0,525050000.0,0.039,2824798000.0,31507000.0,4548296000.0,,5658862000.0,0.0,0.0,0.0,7689114000.0,5923454000.0,1765660000.0,6296518435.0,-516811000.0,0.0,6577000.0,-15000000.0,-2802000.0,-10774000.0,-51639000.0,0.0,-454398000.0,0.0,108474000.0,108474000.0,108474000.0,567000.0,0.0,0.008,313652000.0,211398000.0,5024801000.0,0.025,1.528,13.779,13.629,388819000.0,0.0,14.037,0.125,0.124,2623384000.0,998525000.0,13342171000.0,13342171000.0,0.0,,,,,748000.0,295383000.0,1.0,448549844.0,446836000.0,472116000.0,29.859,8985180000.0,0.0,68263000.0,425389000.0,20.108,2672907000.0
71,ABC,MRQ,2003-09-30,2003-09-30,2003-09-30,2021-08-04,-14217000.0,12040125000.0,,8858518000.0,3181607000.0,,8.979,-38938000.0,800036000.0,800036000.0,12003674000.0,119530000.0,1.416,2.006,1784154000.0,61430000.0,1722724000.0,1784154000.0,0.0,19234000.0,0.0,0.002,0.006,231223000.0,250457000.0,0.02,250457000.0,231223000.0,196493000.0,0.268,0.26,0.268,4005317000.0,,4005317000.0,8123048515.0,9.0,8.669,1108281000.0,2.485,1.0,562620000.0,0.045,2828437000.0,34730000.0,3939704000.0,,5733837000.0,0.0,0.0,0.0,8034808000.0,6256102000.0,1778706000.0,6048174515.0,575213000.0,-18620000.0,6621000.0,-517285000.0,-2798000.0,-514448000.0,-57558000.0,0.0,1147219000.0,0.0,119530000.0,119530000.0,119530000.0,1836000.0,0.0,0.01,329104000.0,233516000.0,5393769000.0,0.022,1.51,13.708,13.405,353170000.0,0.0,13.512,0.122,0.119,2295437000.0,892853000.0,12566294000.0,12566294000.0,0.0,,,,,1177000.0,308159000.0,1.0,447598484.0,446068000.0,471640000.0,28.171,9211688000.0,0.0,76963000.0,364814000.0,20.651,2602416000.0
72,ABC,MRQ,2003-06-30,2003-06-30,2003-06-30,2021-08-04,-5943000.0,12609772000.0,,9470237000.0,3139535000.0,,8.808,-15728000.0,224823000.0,224823000.0,11860292000.0,112546000.0,1.471,2.244,2299697000.0,60907000.0,2238790000.0,2299697000.0,0.0,14704000.0,0.0,0.001,0.006,222344000.0,237048000.0,0.019,237048000.0,222344000.0,185110000.0,0.255,0.247,0.255,3887180000.0,,3887180000.0,9491098258.0,11.0,10.645,-192861000.0,-0.437,1.0,560379000.0,0.045,2808472000.0,37234000.0,5437630000.0,,6729477000.0,0.0,0.0,0.0,8722592000.0,6438544000.0,2284048000.0,7655316258.0,-1133000.0,-60730000.0,22245000.0,234362000.0,-2765000.0,252458000.0,-76458000.0,0.0,-177133000.0,0.0,112546000.0,112546000.0,112546000.0,0.0,0.0,0.009,332173000.0,228206000.0,5588138000.0,0.024,1.969,18.373,18.004,309906000.0,0.0,17.337,0.157,0.157,2500776000.0,776121000.0,12420671000.0,12420671000.0,0.0,,,,,225000.0,311953000.0,1.0,441546720.0,441328000.0,467096000.0,28.144,9801300000.0,21157000.0,72564000.0,355045000.0,22.209,3031693000.0
73,ABC,MRQ,2003-03-31,2003-03-31,2003-03-31,2021-08-04,-5944000.0,12323639000.0,,9304657000.0,3018982000.0,,8.434,-18675000.0,225956000.0,225956000.0,11581352000.0,116414000.0,1.412,2.338,2061738000.0,60948000.0,2000790000.0,2061738000.0,0.0,15264000.0,0.0,0.002,0.006,230819000.0,246083000.0,0.02,246083000.0,230819000.0,192420000.0,0.265,0.258,0.265,3691954000.0,,3691954000.0,7622427548.0,10.0,8.949,32403000.0,0.074,1.0,581189000.0,0.048,2705247000.0,38399000.0,4865850000.0,,6898825000.0,0.0,0.0,0.0,8631685000.0,6588324000.0,2043361000.0,5786499548.0,-140820000.0,-31279000.0,2267000.0,-141066000.0,-2758000.0,-141944000.0,-49954000.0,0.0,51078000.0,0.0,116414000.0,116414000.0,116414000.0,0.0,0.0,0.01,344637000.0,236552000.0,5782858000.0,0.023,1.567,14.674,14.235,286365000.0,0.0,13.125,0.121,0.12,2163665000.0,666340000.0,12162541000.0,12162541000.0,0.0,,,,,272000.0,323563000.0,1.0,440876156.0,437752000.0,463024000.0,27.784,9618392000.0,27370000.0,76006000.0,285191000.0,21.972,2716333000.0
74,ABC,MRQ,2002-12-31,2002-12-31,2002-12-31,2021-08-04,-5944000.0,11959172000.0,,9095771000.0,2863401000.0,,8.006,-16487000.0,366776000.0,366776000.0,11913108000.0,92739000.0,1.398,2.497,2202704000.0,210998000.0,1991706000.0,2202704000.0,0.0,15803000.0,0.0,0.002,0.006,187672000.0,203475000.0,0.016,203475000.0,187672000.0,153287000.0,0.217,0.21,0.217,3420024000.0,,3420024000.0,6962127383.0,9.0,8.588,-682836000.0,-1.599,1.0,521425000.0,0.042,2572244000.0,34385000.0,4717448000.0,,6381477000.0,0.0,0.0,0.0,8539148000.0,6505408000.0,2033740000.0,5808154383.0,-296564000.0,-1352000.0,9823000.0,385000000.0,-2674000.0,387624000.0,-17839000.0,0.0,-666349000.0,0.0,92739000.0,92739000.0,92739000.0,0.0,0.0,0.007,333570000.0,187855000.0,5542195000.0,0.028,1.698,15.706,15.482,281806000.0,0.0,13.578,0.125,0.124,2328398000.0,552684000.0,12434533000.0,12434533000.0,0.0,,,,,206000.0,317682000.0,1.0,427777896.0,427160000.0,453608000.0,29.11,9386928000.0,9351000.0,60548000.0,302847000.0,21.975,2590363000.0
75,ABC,MRQ,2002-09-30,2002-09-30,2002-09-30,2021-08-04,-5943000.0,11213012000.0,,8349637000.0,2863375000.0,,7.805,-23462000.0,663340000.0,663340000.0,11072301000.0,94960000.0,1.369,2.381,1817313000.0,60819000.0,1756494000.0,1817313000.0,0.0,15842000.0,0.0,0.001,0.006,189154000.0,204996000.0,0.018,204996000.0,189154000.0,157491000.0,0.225,0.215,0.225,3316338000.0,,3316338000.0,9013391954.0,13.0,11.69,396086000.0,0.932,1.0,528619000.0,0.046,2568397000.0,31663000.0,3699071000.0,,5437878000.0,0.0,0.0,0.0,7896674000.0,6099517000.0,1797157000.0,7563166954.0,299934000.0,-122747000.0,26424000.0,0.0,-2658000.0,26595000.0,-146209000.0,0.0,419548000.0,0.0,94960000.0,94960000.0,94960000.0,0.0,0.0,0.008,335005000.0,193614000.0,5367837000.0,0.027,2.281,21.926,21.695,282578000.0,0.0,17.855,0.167,0.166,2222156000.0,462619000.0,11600920000.0,11600920000.0,0.0,,,,,470000.0,314184000.0,1.0,423588180.0,424900000.0,452536000.0,27.303,8644615000.0,12400000.0,62531000.0,237026000.0,20.345,2250120000.0
76,ABC,MRQ,2002-06-30,2002-06-30,2002-06-30,2021-08-04,-562000.0,10432694000.0,,7687496000.0,2745198000.0,,7.568,-19518000.0,363406000.0,363406000.0,11110898000.0,90224000.0,1.412,2.27,1813631000.0,45000000.0,1768631000.0,1813631000.0,0.0,14310000.0,0.0,0.001,0.006,182933000.0,197243000.0,0.017,197243000.0,182933000.0,149607000.0,0.215,0.205,0.215,3190071000.0,,3190071000.0,9320885328.0,16.0,14.373,-128594000.0,-0.305,1.0,509929000.0,0.044,2454820000.0,33326000.0,3984785000.0,,5174024000.0,0.0,0.0,0.0,7242623000.0,5443314000.0,1799309000.0,7970859328.0,-100409000.0,-3727000.0,34551000.0,0.0,-2640000.0,31912000.0,-23245000.0,0.0,-109076000.0,0.0,90224000.0,90224000.0,90224000.0,0.0,0.0,0.008,327186000.0,182743000.0,4764316000.0,0.028,2.499,28.011,26.573,279785000.0,0.0,19.0,0.202,0.203,2131273000.0,370315000.0,11620827000.0,11620827000.0,0.0,,,,,2355000.0,304299000.0,1.0,419518912.0,421496000.0,451564000.0,27.57,7977874000.0,10593000.0,59383000.0,217286000.0,18.928,2244182000.0
77,ABC,MRQ,2002-03-31,2002-03-31,2002-03-31,2021-08-04,-370000.0,10600219000.0,,7838901000.0,2761318000.0,,7.303,-9465000.0,463815000.0,463815000.0,10429774000.0,91874000.0,1.37,2.476,1813841000.0,30000000.0,1783841000.0,1813841000.0,0.0,13851000.0,0.0,0.001,0.006,191128000.0,204979000.0,0.019,204979000.0,191128000.0,152376000.0,0.22,0.21,0.22,3049726000.0,,3049726000.0,9105724770.0,19.0,17.744,634538000.0,1.519,1.0,514493000.0,0.047,2464430000.0,38752000.0,3762423000.0,,5295924000.0,0.0,0.0,0.0,7550493000.0,5723392000.0,1827101000.0,7098272770.0,207126000.0,-5639000.0,31025000.0,-450044000.0,-2607000.0,-421773000.0,-15104000.0,0.0,644003000.0,0.0,91874000.0,91874000.0,91874000.0,0.0,0.0,0.008,323719000.0,190774000.0,5076767000.0,0.027,2.328,31.43,26.269,277475000.0,0.0,17.075,0.226,0.227,2061331000.0,282733000.0,10944267000.0,10944267000.0,0.0,,,,,206000.0,304576000.0,1.0,415711436.0,417616000.0,446816000.0,26.207,8135789000.0,19413000.0,60502000.0,213680000.0,19.482,2115509000.0
78,ABC,MRQ,2001-12-31,2001-12-31,2001-12-31,2021-08-04,258000.0,10933320000.0,,8158750000.0,2774570000.0,,7.032,-10016000.0,256689000.0,256689000.0,10597347000.0,67883000.0,1.426,2.747,2264141000.0,15000000.0,2249141000.0,2264141000.0,0.0,14247000.0,0.0,0.0,0.006,149566000.0,163813000.0,0.015,163813000.0,149566000.0,112573000.0,0.163,0.158,0.163,2918053000.0,,2918053000.0,8167363954.0,24.0,21.808,-428565000.0,-1.033,1.0,471433000.0,0.043,2476857000.0,36993000.0,4741715000.0,,5778905000.0,0.0,0.0,0.0,8015267000.0,5722200000.0,2293067000.0,6593078954.0,-40937000.0,-8240000.0,9509000.0,389925000.0,-2595000.0,395868000.0,-18256000.0,0.0,-418549000.0,0.0,67883000.0,67883000.0,67883000.0,0.0,0.0,0.006,320136000.0,151297000.0,5122086000.0,0.037,2.259,39.84,27.392,279957000.0,0.0,15.887,0.275,0.275,2106068000.0,193466000.0,11068780000.0,11068780000.0,0.0,,,,,205000.0,297592000.0,1.0,414985300.0,414944000.0,444728000.0,26.675,8456463000.0,17756000.0,44690000.0,207794000.0,20.38,2436550000.0
79,ABC,MRQ,2001-09-30,2001-09-30,2001-09-30,2021-08-04,-336000.0,10291245000.0,,7512502000.0,2778743000.0,,12.41,-4891000.0,297626000.0,297626000.0,5617654000.0,34583000.0,1.358,2.626,1874379000.0,2468000.0,1871911000.0,1874379000.0,0.0,7882000.0,0.0,0.0,0.0,74578000.0,82460000.0,0.014,82460000.0,74578000.0,56755000.0,0.118,0.115,0.118,2838564000.0,,2838564000.0,4307061349.0,17.0,16.124,203050000.0,0.888,1.0,266577000.0,0.045,2466848000.0,17823000.0,3868697000.0,,5056257000.0,0.0,0.0,0.0,7452681000.0,5532453000.0,1920228000.0,3760425349.0,203328000.0,132415000.0,9242000.0,-123080000.0,0.0,-136692000.0,132079000.0,0.0,207941000.0,0.0,34583000.0,34583000.0,34583000.0,0.0,0.0,0.006,185714000.0,80863000.0,4991884000.0,0.0,1.325,30.376,32.847,289569000.0,0.0,17.738,0.232,0.251,2142663000.0,128178000.0,5884231000.0,5884231000.0,0.0,,,,,7546000.0,156103000.0,1.0,212004248.0,228740000.0,251228000.0,25.725,7824397000.0,22326000.0,22172000.0,178970000.0,34.207,1980049000.0
80,ABC,MRQ,2001-06-30,2001-06-30,2001-06-30,2021-08-04,0.0,2887944000.0,,2731129000.0,156815000.0,,1.904,-5853000.0,94298000.0,94298000.0,3373990000.0,31506000.0,1.489,6.167,640934000.0,0.0,640934000.0,640934000.0,0.0,3744000.0,0.0,0.0,0.0,58187000.0,61931000.0,0.018,61931000.0,58187000.0,50826000.0,0.15,0.142,0.15,402925000.0,,402925000.0,3271145762.0,14.0,13.535,-199225000.0,-0.941,1.0,144939000.0,0.041,0.0,7361000.0,1600745000.0,,1955385000.0,0.0,0.0,0.0,2485019000.0,1833835000.0,651184000.0,2923800762.0,-31970000.0,-1957000.0,4084000.0,169766000.0,0.0,173767000.0,-12365000.0,0.0,-193372000.0,0.0,31506000.0,31506000.0,31506000.0,0.0,0.0,0.009,84746000.0,60193000.0,1639876000.0,0.0,7.256,24.945,24.71,71009000.0,0.0,13.838,0.219,0.22,677180000.0,93595000.0,3518929000.0,3518929000.0,0.0,,,,,0.0,79638000.0,1.0,211295448.0,211648000.0,238312000.0,16.626,2887944000.0,0.0,19320000.0,137255000.0,13.645,897294000.0
81,ABC,MRQ,2001-03-31,2001-03-31,2001-03-31,2021-08-04,0.0,2784410000.0,,2627465000.0,156945000.0,,1.734,-6757000.0,126268000.0,126268000.0,3329829000.0,31516000.0,1.356,6.619,473613000.0,0.0,473613000.0,473613000.0,0.0,3680000.0,0.0,0.0,0.0,62625000.0,66305000.0,0.019,66305000.0,62625000.0,50832000.0,0.15,0.142,0.15,365437000.0,,365437000.0,3109778216.0,14.0,13.359,166949000.0,0.792,1.0,151169000.0,0.043,0.0,11793000.0,1193929000.0,,1820202000.0,0.0,0.0,0.0,2418973000.0,1937826000.0,481147000.0,2578986216.0,-36092000.0,9711000.0,7669000.0,-220006000.0,0.0,-212752000.0,2954000.0,0.0,173706000.0,0.0,31516000.0,31516000.0,31516000.0,0.0,0.0,0.009,86743000.0,64426000.0,1756364000.0,0.0,7.057,23.271,23.05,69154000.0,0.0,12.262,0.202,0.203,676654000.0,62089000.0,3480998000.0,3480998000.0,0.0,,,,,0.0,82462000.0,1.0,210314880.0,210804000.0,237396000.0,16.513,2784410000.0,0.0,19316000.0,129729000.0,13.209,689639000.0
82,ABC,MRQ,2000-12-31,2000-12-31,2000-12-31,2021-08-04,0.0,2955757000.0,,2807749000.0,148008000.0,,1.541,-5178000.0,162360000.0,162360000.0,3169762000.0,26191000.0,1.456,8.157,693152000.0,0.0,693152000.0,693152000.0,0.0,3298000.0,0.0,0.0,0.0,53120000.0,56418000.0,0.017,56418000.0,53120000.0,42244000.0,0.125,0.122,0.125,322773000.0,,322773000.0,2932475168.0,14.0,13.197,-239307000.0,-1.143,1.0,137433000.0,0.042,0.0,10876000.0,1558343000.0,,1917605000.0,0.0,0.0,0.0,2632984000.0,1928206000.0,704778000.0,2640076168.0,41542000.0,0.0,9840000.0,279944000.0,0.0,280849000.0,-5178000.0,0.0,-234129000.0,0.0,26191000.0,26191000.0,26191000.0,0.0,0.0,0.008,83539000.0,53894000.0,1755469000.0,0.0,8.179,25.482,25.25,66801000.0,0.0,12.625,0.218,0.218,722930000.0,30573000.0,3307195000.0,3307195000.0,0.0,,,,,0.0,79645000.0,1.0,209114944.0,209416000.0,218312000.0,15.792,2955757000.0,0.0,16053000.0,129470000.0,14.114,879543000.0
83,ABC,MRQ,2000-09-30,2000-09-30,2000-09-30,2021-08-04,0.0,2458567000.0,,2320619000.0,137948000.0,,1.369,-3881000.0,120818000.0,120818000.0,2893112000.0,27996000.0,1.325,7.709,413217000.0,0.0,413217000.0,413217000.0,0.0,1220000.0,0.0,0.0,0.0,55809000.0,57029000.0,0.019,57029000.0,55809000.0,45155000.0,0.135,0.133,0.135,282294000.0,,282294000.0,2930840070.0,15.0,13.588,200594000.0,0.973,1.0,138618000.0,0.046,72986000.0,10654000.0,926511000.0,,1570504000.0,0.0,0.0,0.0,2176273000.0,1751469000.0,424804000.0,2434121070.0,84658000.0,-3286000.0,7125000.0,-119707000.0,0.0,-112650000.0,-7167000.0,0.0,204475000.0,0.0,27996000.0,27996000.0,27996000.0,0.0,0.0,0.009,82241000.0,56377000.0,1584133000.0,0.0,8.623,24.584,24.479,64962000.0,0.0,11.75,0.209,0.208,623961000.0,4382000.0,3031730000.0,3031730000.0,0.0,,,,,0.0,77958000.0,1.0,207159240.0,206208000.0,,14.702,2385581000.0,0.0,17159000.0,117938000.0,11.569,569150000.0
84,ABC,MRQ,2000-06-30,2000-06-30,2000-06-30,2021-08-04,0.0,2402780000.0,,2266194000.0,136586000.0,,1.193,-4673000.0,36160000.0,36160000.0,2802076000.0,25120000.0,1.402,8.802,532879000.0,0.0,532879000.0,532879000.0,0.0,4126000.0,0.0,0.0,0.0,48899000.0,53025000.0,0.018,53025000.0,48899000.0,40516000.0,0.122,0.12,0.122,245143000.0,,245143000.0,2013866832.0,12.0,10.768,-77455000.0,-0.377,1.0,129630000.0,0.044,0.0,8383000.0,1283369000.0,,1629073000.0,0.0,0.0,0.0,2157637000.0,1616130000.0,541507000.0,1593708832.0,-13080000.0,-3406000.0,4295000.0,63545000.0,0.0,67781000.0,-8079000.0,0.0,-72782000.0,0.0,25120000.0,25120000.0,25120000.0,0.0,0.0,0.009,80731000.0,48899000.0,1449529000.0,0.0,6.501,20.274,20.408,64884000.0,0.0,7.755,0.142,0.142,595397000.0,-23614000.0,2931706000.0,2931706000.0,0.0,,,,,0.0,77944000.0,1.0,205507264.0,205507264.0,,14.266,2402780000.0,0.0,15396000.0,114956000.0,11.692,650064000.0
85,ABC,MRQ,2000-03-31,2000-03-31,2000-03-31,2021-08-04,0.0,2101696000.0,,1969070000.0,132626000.0,,1.041,-2580000.0,49240000.0,49240000.0,2710797000.0,24299000.0,1.397,8.831,469398000.0,0.0,469398000.0,469398000.0,0.0,4630000.0,0.0,0.0,0.0,51114000.0,55744000.0,0.02,55744000.0,51114000.0,39192000.0,0.117,0.117,0.117,213792000.0,,213792000.0,1434025990.0,9.0,7.953,243114000.0,1.183,1.0,131406000.0,0.046,0.0,11922000.0,1112328000.0,,1272795000.0,0.0,0.0,0.0,1887904000.0,1409526000.0,478378000.0,770460990.0,-7628000.0,0.0,136000.0,-251027000.0,0.0,-250891000.0,-2431000.0,0.0,245694000.0,0.0,24299000.0,24299000.0,24299000.0,0.0,0.0,0.009,80292000.0,51114000.0,1254829000.0,0.0,3.604,10.239,10.274,63400000.0,0.0,3.75,0.072,0.072,642485000.0,-48734000.0,2842203000.0,2842203000.0,0.0,,,,,0.0,76323000.0,1.0,205456264.0,205456264.0,,13.834,2101696000.0,0.0,14893000.0,108450000.0,10.229,559544000.0
86,ABC,MRQ,1999-12-31,1999-12-31,1999-12-31,2021-08-04,0.0,2344506000.0,,2205867000.0,138639000.0,,0.921,-3849000.0,56868000.0,56868000.0,2719455000.0,21599000.0,1.546,11.393,720433000.0,0.0,720433000.0,720433000.0,0.0,4153000.0,0.0,0.0,0.0,45735000.0,49888000.0,0.018,49888000.0,45735000.0,34837000.0,0.105,0.105,0.105,189179000.0,,189179000.0,1279245883.0,8.0,7.269,-164656000.0,-0.802,1.0,119927000.0,0.042,0.0,10898000.0,1581502000.0,,1442867000.0,0.0,0.0,0.0,2155327000.0,1426569000.0,728758000.0,780037883.0,-2629000.0,0.0,368000.0,161737000.0,0.0,161990000.0,-3812000.0,0.0,-160807000.0,0.0,21599000.0,21599000.0,21599000.0,0.0,0.0,0.008,74192000.0,45735000.0,1267093000.0,0.0,4.123,10.96,10.912,64613000.0,0.0,3.797,0.076,0.076,700851000.0,-73033000.0,2839382000.0,2839382000.0,0.0,,,,,0.0,70245000.0,1.0,205408264.0,205408264.0,,13.823,2344506000.0,0.0,13238000.0,110568000.0,11.414,779298000.0
87,ABC,MRQ,1999-09-30,1999-09-30,1999-09-30,2021-08-04,0.0,2060599000.0,,1920006000.0,140593000.0,,0.82,-1850000.0,59497000.0,59497000.0,2452992000.0,7592000.0,1.447,11.393,558705000.0,0.0,558705000.0,558705000.0,0.0,420000.0,0.0,0.0,0.0,27942000.0,28362000.0,0.011,28362000.0,27942000.0,18470000.0,0.035,0.045,0.035,166277000.0,,166277000.0,1629909962.0,10.0,9.535,105025000.0,0.518,1.0,125928000.0,0.049,0.0,9472000.0,1232524000.0,,1243153000.0,0.0,0.0,0.0,1894322000.0,1327283000.0,567039000.0,1154776962.0,13369000.0,0.0,-8602000.0,-92007000.0,0.0,-91693000.0,-1813000.0,0.0,106875000.0,0.0,7592000.0,7592000.0,7592000.0,0.0,0.0,0.003,94537000.0,31391000.0,1175619000.0,0.0,6.945,17.116,17.785,64384000.0,0.0,5.923,0.118,0.122,612520000.0,-94632000.0,2578920000.0,2578920000.0,0.0,,,,,0.0,75057000.0,1.0,194981336.0,202792000.0,,12.717,2060599000.0,0.0,10878000.0,101335000.0,10.161,592723000.0
88,ABC,MRQ,1999-06-30,1999-06-30,1999-06-30,2021-08-04,0.0,1914912000.0,,1795883000.0,119029000.0,,0.746,-4166000.0,100110000.0,100110000.0,2355512000.0,21760000.0,1.514,12.189,575243000.0,0.0,575243000.0,575243000.0,0.0,4859000.0,0.0,0.0,0.0,41467000.0,46326000.0,0.019,46326000.0,41467000.0,34748000.0,0.107,0.098,0.107,145188000.0,,145188000.0,1604438517.0,10.0,9.058,-117612000.0,-0.604,1.0,113025000.0,0.046,0.0,6719000.0,1204225000.0,,1205632000.0,0.0,0.0,0.0,1769724000.0,1185820000.0,583904000.0,1241348517.0,-73067000.0,0.0,542000.0,44516000.0,0.0,44509000.0,-4130000.0,0.0,-113446000.0,0.0,21760000.0,21760000.0,21760000.0,0.0,0.0,0.009,71558000.0,41467000.0,1049916000.0,0.0,8.55,21.133,22.687,59727000.0,0.0,6.375,0.123,0.123,485868000.0,-105185000.0,2468537000.0,2468537000.0,0.0,,,,,0.0,67330000.0,1.0,194721336.0,194721336.0,,12.677,1914912000.0,0.0,12988000.0,96108000.0,9.834,610063000.0
89,ABC,MRQ,1999-03-31,1999-03-31,1999-03-31,2021-08-04,0.0,1719525000.0,,1581768000.0,137757000.0,,0.639,-4343000.0,155474000.0,155474000.0,2262185000.0,20219000.0,1.48,12.88,518564000.0,0.0,518564000.0,518564000.0,0.0,4921000.0,0.0,0.0,0.0,46480000.0,51401000.0,0.022,51401000.0,46480000.0,33675000.0,0.1,0.098,0.1,123889000.0,,123889000.0,2222350048.0,15.0,12.944,186180000.0,0.96,1.0,122986000.0,0.052,0.0,12805000.0,1014207000.0,,942152000.0,0.0,0.0,0.0,1595636000.0,1068408000.0,527228000.0,1658012048.0,74616000.0,-19000.0,4539000.0,-116121000.0,0.0,-111582000.0,-4325000.0,0.0,190523000.0,0.0,20219000.0,20219000.0,20219000.0,0.0,0.0,0.008,76506000.0,46480000.0,917292000.0,0.0,13.383,31.019,33.002,59752000.0,0.0,8.547,0.17,0.17,480326000.0,-125196000.0,2385171000.0,2385171000.0,0.0,,,,,0.0,72238000.0,1.0,193976256.0,193976256.0,,12.296,1719525000.0,0.0,13456000.0,108598000.0,8.865,513360000.0
90,ABC,MRQ,1998-12-31,1998-12-31,1998-12-31,2021-08-04,0.0,1806918000.0,,1667693000.0,139225000.0,,0.506,-2998000.0,75932000.0,75932000.0,2263609000.0,17895000.0,1.574,17.406,640270000.0,0.0,640270000.0,640270000.0,0.0,5187000.0,0.0,0.0,0.0,39664000.0,44851000.0,0.019,44851000.0,39664000.0,28970000.0,0.09,0.087,0.09,98172000.0,,98172000.0,1943153805.0,14.0,11.918,-183950000.0,-0.949,1.0,111126000.0,0.047,0.0,10694000.0,1311510000.0,,1066567000.0,0.0,0.0,0.0,1708746000.0,1059746000.0,649000000.0,1574897805.0,-3932000.0,-3551000.0,3072000.0,180461000.0,0.0,183533000.0,-6513000.0,0.0,-180952000.0,0.0,17895000.0,17895000.0,17895000.0,0.0,0.0,0.008,71462000.0,39664000.0,908529000.0,0.0,16.042,31.853,33.299,59851000.0,0.0,8.125,0.164,0.164,522044000.0,-145564000.0,2374735000.0,2374735000.0,0.0,,,,,0.0,67173000.0,1.0,193833576.0,193833576.0,,12.251,1806918000.0,0.0,11075000.0,109059000.0,9.322,607947000.0
91,ABC,MRQ,1998-09-30,1998-09-30,1998-09-30,2021-08-04,0.0,1726272000.0,,1558526000.0,167746000.0,,0.378,-3220000.0,90344000.0,90344000.0,2732124000.0,-1135000.0,1.426,21.909,539464000.0,0.0,539464000.0,539464000.0,0.0,7191000.0,0.0,0.0,0.0,27352000.0,34543000.0,0.012,34543000.0,27352000.0,3423000.0,-0.016,-0.015,-0.016,75355000.0,,75355000.0,1733990099.0,12.0,10.943,76481000.0,0.383,1.0,143809000.0,0.05,0.0,23929000.0,1082360000.0,,954010000.0,0.0,0.0,0.0,1650917000.0,1093032000.0,557885000.0,1308949099.0,-3087000.0,-29097000.0,-5058000.0,-50543000.0,0.0,-50616000.0,-32172000.0,0.0,79701000.0,0.0,-1135000.0,-1135000.0,-1135000.0,0.0,0.0,0.0,116457000.0,27352000.0,947016000.0,0.0,17.37,28.437,29.587,67955000.0,0.0,6.805,0.138,0.143,0.0,-162098000.0,2875933000.0,2875933000.0,0.0,,,,,0.0,83931000.0,1.0,192351080.0,199508000.0,,14.415,1726272000.0,0.0,4558000.0,93828000.0,8.653,465494000.0
92,ABC,MRQ,1998-06-30,1998-06-30,1998-06-30,2021-08-04,0.0,1575976000.0,,1447148000.0,128828000.0,,0.36,-2615000.0,116575000.0,116575000.0,2029723000.0,16472000.0,1.516,21.905,541616000.0,0.0,541616000.0,541616000.0,0.0,4321000.0,0.0,0.0,0.0,36568000.0,40889000.0,0.019,40889000.0,36568000.0,27010000.0,0.085,0.085,0.085,68804000.0,,68804000.0,2115036381.0,14.0,12.377,85149000.0,0.445,1.0,99469000.0,0.047,0.0,9558000.0,1046327000.0,,876111000.0,0.0,0.0,0.0,1507172000.0,954690000.0,552482000.0,1571503381.0,3378000.0,0.0,2905000.0,-88935000.0,0.0,-81771000.0,-2615000.0,0.0,87764000.0,0.0,16472000.0,16472000.0,16472000.0,0.0,0.0,0.008,62901000.0,36568000.0,841696000.0,0.0,22.84,23.808,,64291000.0,0.0,8.211,0.168,0.168,0.0,-166763000.0,2129192000.0,2129192000.0,0.0,,,,,0.0,59009000.0,1.0,191384184.0,191384184.0,,11.125,1575976000.0,0.0,10538000.0,64795000.0,8.235,492458000.0
93,ABC,MRQ,1998-03-31,1998-03-31,1998-03-31,2021-08-04,0.0,1631171000.0,,1512922000.0,118249000.0,,0.251,-2550000.0,87007000.0,87007000.0,2105341000.0,16210000.0,1.606,32.974,630540000.0,0.0,630540000.0,630540000.0,0.0,4148000.0,0.0,0.0,0.0,38607000.0,42755000.0,0.019,42755000.0,38607000.0,26577000.0,0.085,0.083,0.085,48013000.0,,48013000.0,2149781267.0,15.0,13.869,144235000.0,0.755,1.0,113013000.0,0.051,0.0,12030000.0,1232664000.0,,959308000.0,0.0,0.0,0.0,1583158000.0,942040000.0,641118000.0,1434807267.0,-8937000.0,0.0,1508000.0,-150473000.0,0.0,-153172000.0,-2550000.0,0.0,146785000.0,0.0,16210000.0,16210000.0,16210000.0,0.0,0.0,0.007,74406000.0,38607000.0,849310000.0,0.0,29.884,25.683,,65395000.0,0.0,7.515,0.155,0.155,462427000.0,-183235000.0,2218354000.0,2218354000.0,0.0,,,,,0.0,70687000.0,1.0,190925784.0,190925784.0,,11.619,1631171000.0,0.0,10367000.0,54141000.0,8.543,570882000.0
94,ABC,MRQ,1997-12-31,1997-12-31,1997-12-31,2021-08-04,0.0,1780096000.0,,1664738000.0,115358000.0,,0.155,-1261000.0,66031000.0,66031000.0,2173952000.0,14483000.0,1.736,59.22,781005000.0,0.0,781005000.0,781005000.0,0.0,3866000.0,0.0,0.0,0.0,36404000.0,40270000.0,0.018,40270000.0,36404000.0,23742000.0,0.076,0.075,0.076,29560000.0,,29560000.0,,,,-194595000.0,-1.019,1.0,105606000.0,0.046,0.0,12662000.0,1536103000.0,,1034110000.0,0.0,0.0,0.0,1750536000.0,958967000.0,791569000.0,1390178365.0,-2923000.0,0.0,465000.0,191207000.0,0.0,191672000.0,-1261000.0,0.0,-193334000.0,0.0,14483000.0,14483000.0,14483000.0,0.0,0.0,0.006,69202000.0,36404000.0,865170000.0,0.0,47.029,27.362,,66217000.0,0.0,7.281,0.157,0.157,560217000.0,-199445000.0,2279558000.0,2279558000.0,0.0,,,,,0.0,65765000.0,1.0,190925784.0,190925784.0,,11.939,1780096000.0,0.0,9259000.0,57442000.0,9.323,705771000.0
95,ABC,MRQ,1997-09-30,1997-09-30,1997-09-30,2021-08-04,0.0,1745040000.0,,1624654000.0,120386000.0,,0.072,-3600000.0,68931000.0,68931000.0,2577434000.0,18842000.0,1.438,120.937,589819000.0,0.0,589819000.0,589819000.0,0.0,4093000.0,0.0,0.0,0.0,42876000.0,46969000.0,0.017,46969000.0,42876000.0,30583000.0,,0.087,,14311000.0,,14311000.0,,,,-83811000.0,-0.424,1.0,124623000.0,0.046,0.0,12293000.0,1135829000.0,,1017782000.0,0.0,0.0,0.0,1730729000.0,1130099000.0,600630000.0,,-23870000.0,7690000.0,-1665000.0,51784000.0,0.0,52053000.0,4288000.0,0.0,-80211000.0,0.0,18842000.0,18842000.0,18842000.0,0.0,0.0,0.007,81747000.0,42876000.0,1036462000.0,,,,30.186,67462000.0,0.0,7.305,,0.174,0.0,-213928000.0,2702057000.0,2702057000.0,0.0,,,,,0.0,66510000.0,1.0,,197868000.0,,13.656,1745040000.0,0.0,11741000.0,49839000.0,8.819,494555000.0
96,ABC,MRQ,1997-06-30,1997-06-30,1997-06-30,2021-08-04,,,,,,,,-4597000.0,,,1963714000.0,6332000.0,,,,,,,,4018000.0,,0.0,0.0,20992000.0,25010000.0,0.012,25010000.0,20992000.0,10381000.0,,0.034,,,,,,,,144626000.0,,1.0,100460000.0,0.049,,10611000.0,,,,,,,,,,,22744000.0,0.0,704000.0,-123846000.0,0.0,-121882000.0,-4597000.0,0.0,149223000.0,0.0,6332000.0,6332000.0,6332000.0,0.0,0.0,0.003,79468000.0,20992000.0,,,,,,,0.0,6.235,,,,,2064174000.0,2064174000.0,0.0,,,,,0.0,75888000.0,1.0,,,,,,,4049000.0,,,
97,ABC,MRQ,1997-03-31,1997-03-31,1997-03-31,2021-08-04,,,,,,,,-4829000.0,,,1692568000.0,11150000.0,,,,,,,,3466000.0,,0.0,0.0,30605000.0,34071000.0,0.019,34071000.0,30605000.0,19545000.0,0.059,0.058,0.059,,,,,,,119266000.0,,1.0,92901000.0,0.052,,11060000.0,,,,,,,,,,,22449000.0,-138652000.0,760000.0,44235000.0,0.0,41835000.0,-143481000.0,0.0,124095000.0,0.0,11150000.0,11150000.0,11150000.0,0.0,0.0,0.006,60314000.0,32587000.0,,0.0,,,,,0.0,5.469,,,,,1785469000.0,1785469000.0,0.0,,,,,0.0,57295000.0,1.0,,,,,,,8395000.0,,,
98,ABC,MRQ,1996-12-31,1996-12-31,1996-12-31,2021-08-04,,,,,,,,-1342000.0,,,1660783000.0,11817000.0,,,,,,,,3068000.0,,0.0,0.0,28990000.0,32058000.0,0.018,32058000.0,28990000.0,19695000.0,0.062,0.061,0.062,,,,,,,-205070000.0,,1.0,86152000.0,0.049,,9295000.0,,,,,,,,,,,-26843000.0,0.0,0.0,178227000.0,0.0,178227000.0,-1342000.0,0.0,-203728000.0,0.0,11817000.0,11817000.0,11817000.0,0.0,0.0,0.007,57162000.0,28990000.0,,0.0,,,,,0.0,6.031,,,,,1746935000.0,1746935000.0,0.0,,,,,0.0,54661000.0,1.0,,,,,,,7878000.0,,,
0,ABC,MRT,2021-06-30,2021-06-30,2021-06-30,2021-08-04,-233238000.0,55930936000.0,48263946000.0,37259766000.0,18671170000.0,4.233,0.184,-355619000.0,2553217000.0,2553217000.0,198100526000.0,-3736345000.0,0.941,1462.581,7102792000.0,455609000.0,6647183000.0,7102792000.0,0.0,313403000.0,0.0,0.015,1.74,-4328842000.0,-4015439000.0,-0.02,-4015439000.0,-4328842000.0,-4483027000.0,-18.29,-18.29,-18.29,37962000.0,-489985000.0,37962000.0,23067289989.0,-5.0,-5.745,2600382000.0,12.614,1.0,6220664000.0,0.03,14570548000.0,154185000.0,6320125000.0,3429597750.0,14996364000.0,0.0,0.0,0.0,55522495000.0,39589838000.0,15932657000.0,23517472989.0,-738529000.0,-5536717000.0,170287000.0,2599269000.0,-360855000.0,2377462000.0,-6071992000.0,-183870000.0,2956001000.0,0.0,-3743838000.0,-3743838000.0,-3743838000.0,0.0,7493000.0,-0.018,10541499000.0,-4320835000.0,36502816000.0,-0.095,619.5,-6.282,-6.26,2143080000.0,0.0,114.49,0.115,0.116,17695170000.0,1325422000.0,204321190000.0,204321190000.0,0.0,-0.078,7.641,-1.262,-0.021,98297000.0,3099529000.0,1.0,205410717.0,206156000.0,208912000.0,991.1,41360388000.0,543105000.0,-739189000.0,1955431000.0,200.627,-2330072000.0
1,ABC,MRT,2021-03-31,2021-03-31,2021-03-31,2021-08-04,-69248000.0,47003250000.0,44478637750.0,35469149000.0,11534101000.0,4.413,-1.375,-340543000.0,6641180000.0,6641180000.0,190724098000.0,-3744525000.0,1.075,-167.187,6190997000.0,43885000.0,6147112000.0,6190997000.0,0.0,301822000.0,0.0,0.015,1.72,-4566630000.0,-4264808000.0,-0.022,-4264808000.0,-4566630000.0,-4707225000.0,-18.29,-18.28,-18.29,-281756000.0,464837500.0,-281756000.0,22978849130.0,-5.0,-5.388,1319940000.0,6.441,1.0,5558174000.0,0.028,8548906000.0,140595000.0,5007715000.0,2415200000.0,12954676000.0,0.0,0.0,0.0,47106032000.0,32996446000.0,14109586000.0,24169655130.0,2949242000.0,0.0,184010000.0,2015244000.0,-355402000.0,1815062000.0,-526303000.0,-188120000.0,1660483000.0,0.0,-3746521000.0,-3746521000.0,-3746521000.0,0.0,1996000.0,-0.019,10094905000.0,-4536731000.0,31420390000.0,-0.094,-85.782,-6.451,-6.455,1482753000.0,0.0,118.07,0.123,0.123,14134326000.0,1124976000.0,196282272000.0,196282272000.0,0.0,-0.084,-8.06,-1.891,-0.023,95758000.0,2853000000.0,1.0,204706150.0,204916000.0,207315000.0,957.867,38454344000.0,633845000.0,-960704000.0,1041582000.0,187.659,2472703000.0
2,ABC,MRT,2020-12-31,2020-12-31,2020-12-31,2021-08-04,-70467000.0,45846768000.0,43238390750.0,34700221000.0,11146547000.0,4.499,-3.406,-331418000.0,4890918000.0,4890918000.0,189132840000.0,-3207419000.0,0.99,-66.49,3700112000.0,59371000.0,3640741000.0,3700112000.0,0.0,296041000.0,0.0,0.017,1.7,-4869139000.0,-4573098000.0,-0.024,-4573098000.0,-4869139000.0,-5009629000.0,-15.73,-15.74,-15.73,-697222000.0,1432924000.0,-697222000.0,19489229267.0,-4.0,-4.262,2635865000.0,12.878,1.0,5412900000.0,0.028,8571661000.0,140490000.0,1039850000.0,1599308000.0,13178958000.0,0.0,0.0,0.0,46358316000.0,35044451000.0,11313865000.0,19967455267.0,1658314000.0,0.0,-77505000.0,-470723000.0,-351593000.0,-926027000.0,-382942000.0,-56080000.0,2967283000.0,0.0,-3221511000.0,-3221511000.0,-3221511000.0,0.0,14092000.0,-0.017,10264463000.0,-4851563000.0,33449690000.0,-0.108,-28.639,-6.198,-6.215,1477040000.0,0.0,97.76,0.103,0.103,14886252000.0,780971000.0,194545740000.0,194545740000.0,0.0,-0.075,-2.248,-3.045,-0.025,91354000.0,2816332000.0,1.0,204249747.0,204683000.0,206801000.0,950.473,37275107000.0,644476000.0,-1788118000.0,990890000.0,182.111,-344230000.0
3,ABC,MRT,2020-09-30,2020-09-30,2020-09-30,2021-08-04,-108830000.0,44274830000.0,41780883250.0,33055702000.0,11219128000.0,4.545,-4.976,-333313000.0,4597746000.0,4597746000.0,184702042000.0,-3399558000.0,0.976,-44.277,4119520000.0,501259000.0,3618261000.0,4119520000.0,0.0,290744000.0,0.0,0.017,1.66,-5165106000.0,-4874362000.0,-0.026,-4874362000.0,-5165106000.0,-5302989000.0,-16.65,-16.65,-16.65,-1018924000.0,2345886000.0,-1018924000.0,20505501771.0,-4.0,-4.207,1873727000.0,9.15,1.0,5191884000.0,0.027,8592826000.0,137883000.0,1350701000.0,1708375250.0,12589278000.0,0.0,0.0,0.0,45114466000.0,33853077000.0,11261389000.0,19785422771.0,1223552000.0,0.0,-194561000.0,-53454000.0,-343578000.0,-603617000.0,-379871000.0,-56080000.0,2207040000.0,0.0,-3408716000.0,-3408716000.0,-3408716000.0,0.0,9158000.0,-0.018,10327238000.0,-5135354000.0,31705055000.0,-0.1,-19.418,-5.804,-5.821,1484808000.0,0.0,96.92,0.104,0.105,13846301000.0,518335000.0,189893926000.0,189893926000.0,0.0,-0.082,-1.453,-3.023,-0.027,74411000.0,2767217000.0,1.0,204141795.0,204783000.0,204783000.0,927.293,35682004000.0,850068000.0,-1894273000.0,971330000.0,174.243,-797375000.0
4,ABC,MRT,2020-06-30,2020-06-30,2020-06-30,2021-08-04,-128664000.0,40789703000.0,40505170750.0,29918572000.0,10871131000.0,4.599,18.94,-329261000.0,3420272000.0,3420272000.0,181257186000.0,1577254000.0,0.977,9.546,4140351000.0,519710000.0,3620641000.0,4140351000.0,0.0,290007000.0,0.0,0.016,1.64,1126577000.0,1416584000.0,0.008,1416584000.0,1126577000.0,986998000.0,7.63,7.57,7.63,3857252000.0,3320346250.0,3857252000.0,20950153133.0,19.0,14.789,1251369000.0,6.145,1.0,5029774000.0,0.027,8615677000.0,139579000.0,2262534000.0,1798089750.0,11849201000.0,0.0,0.0,0.0,36821752000.0,30631571000.0,6190181000.0,20496897133.0,420713000.0,93000.0,-412580000.0,-34988000.0,-340674000.0,-803011000.0,-356906000.0,-34830000.0,1580630000.0,0.0,1569975000.0,1569975000.0,1569975000.0,0.0,7279000.0,0.008,3872150000.0,1157624000.0,29145149000.0,0.215,5.314,13.056,13.207,1455008000.0,0.0,100.77,0.11,0.11,12548399000.0,5451221000.0,186286960000.0,186286960000.0,0.0,0.039,0.473,0.627,0.006,68022000.0,2768195000.0,1.0,203402770.0,203654000.0,205544000.0,914.723,32174026000.0,596024000.0,-582977000.0,2074779000.0,157.984,-712999000.0
5,ABC,MRT,2020-03-31,2020-03-31,2020-03-31,2021-08-04,-132808000.0,42042262000.0,39927379500.0,31180650000.0,10861612000.0,4.662,17.484,-291821000.0,3691938000.0,3691938000.0,181124151000.0,1591988000.0,0.971,10.677,4145194000.0,522807000.0,3622387000.0,4145194000.0,0.0,292917000.0,0.0,0.018,1.62,1149816000.0,1442733000.0,0.008,1442733000.0,1149816000.0,1012064000.0,7.65,7.59,7.65,3590590000.0,3103388750.0,3590590000.0,19157419229.0,17.0,13.279,1944577000.0,9.469,1.0,5035297000.0,0.027,8639581000.0,137752000.0,1744147000.0,1772259000.0,11102566000.0,0.0,0.0,0.0,38337149000.0,32111790000.0,6225359000.0,18221420229.0,816188000.0,-11553000.0,-617823000.0,-116109000.0,-339087000.0,-1087805000.0,-332405000.0,-30580000.0,2236398000.0,0.0,1582495000.0,1582495000.0,1582495000.0,0.0,9493000.0,0.009,3875810000.0,1159487000.0,30719987000.0,0.212,5.075,11.514,11.569,1421768000.0,0.0,88.5,0.098,0.098,14210170000.0,5248005000.0,186159448000.0,186159448000.0,0.0,0.04,0.51,0.649,0.006,66768000.0,2758253000.0,1.0,205891754.0,205370000.0,207062000.0,906.459,33402681000.0,699494000.0,-570431000.0,2123313000.0,162.646,-931140000.0
6,ABC,MRT,2019-12-31,2019-12-31,2019-12-31,2021-08-04,-87731000.0,40016738000.0,39119391500.0,28954816000.0,11061922000.0,4.654,14.342,-296999000.0,3232604000.0,3232604000.0,176989465000.0,648950000.0,0.945,12.505,4168603000.0,532489000.0,3636114000.0,4168603000.0,0.0,306952000.0,0.0,0.019,1.6,911147000.0,1218099000.0,0.007,1218099000.0,911147000.0,764541000.0,3.1,3.08,3.1,2954626000.0,2936045000.0,2954626000.0,18626720254.0,20.0,15.292,1710866000.0,8.305,1.0,5071946000.0,0.028,8846162000.0,146606000.0,1476119000.0,1913686250.0,11686466000.0,0.0,0.0,0.0,36947657000.0,30630456000.0,6317201000.0,17507504254.0,692448000.0,-11553000.0,-496204000.0,-155496000.0,-336527000.0,-1004864000.0,-310553000.0,0.0,2007865000.0,0.0,649353000.0,649353000.0,649353000.0,0.0,-403000.0,0.004,4174409000.0,897537000.0,29181860000.0,0.516,5.925,26.961,27.426,1442383000.0,0.0,85.02,0.096,0.096,12568816000.0,4375181000.0,182061411000.0,182061411000.0,0.0,0.017,0.221,0.476,0.005,58480000.0,2692876000.0,1.0,205922186.0,206008000.0,207517000.0,883.759,31170576000.0,0.0,115188000.0,2184500000.0,151.308,-1675640000.0
7,ABC,MRT,2019-09-30,2019-09-30,2019-09-30,2021-08-04,-111965000.0,39171980000.0,38932162750.0,28132054000.0,11039926000.0,4.613,13.698,-308927000.0,3374194000.0,3374194000.0,174450809000.0,854135000.0,0.951,12.567,4493410000.0,139012000.0,4354398000.0,4493410000.0,0.0,321102000.0,0.0,0.019,1.6,1126105000.0,1447207000.0,0.008,1447207000.0,1126105000.0,968336000.0,4.07,4.04,4.07,2878917000.0,2959501750.0,2878917000.0,18657945497.0,17.0,12.892,2035096000.0,9.683,1.0,5138312000.0,0.029,9000343000.0,157769000.0,1709559000.0,2151292500.0,11060254000.0,0.0,0.0,0.0,36178774000.0,29581294000.0,6597480000.0,17151438497.0,881678000.0,-63951000.0,-597797000.0,-133073000.0,-338974000.0,-1086513000.0,-375832000.0,0.0,2344023000.0,0.0,855365000.0,855365000.0,855365000.0,0.0,-1230000.0,0.005,4026389000.0,1111923000.0,28385074000.0,0.393,5.958,20.052,20.229,1770516000.0,0.0,82.33,0.096,0.096,12386879000.0,4235491000.0,179589121000.0,179589121000.0,0.0,0.022,0.289,0.523,0.006,58874000.0,2663508000.0,1.0,208325501.0,210165000.0,211840000.0,854.515,30171637000.0,5859000.0,112971000.0,2144270000.0,143.562,-1449240000.0
8,ABC,MRT,2019-06-30,2019-06-30,2019-06-30,2021-08-04,-86883000.0,38478538000.0,38556627250.0,27401778000.0,11076760000.0,4.597,14.255,-310719000.0,2999559000.0,2999559000.0,172262239000.0,915832000.0,0.952,11.832,4506066000.0,166137000.0,4339929000.0,4506066000.0,0.0,331265000.0,0.0,0.019,1.58,1138940000.0,1470205000.0,0.008,1470205000.0,1138940000.0,974527000.0,4.52,4.49,4.52,2989422000.0,2972978500.0,2989422000.0,19686809842.0,17.0,13.391,2025827000.0,9.66,1.0,4986216000.0,0.028,9036963000.0,164413000.0,2159211000.0,2313407750.0,11247776000.0,0.0,0.0,0.0,35371341000.0,28788871000.0,6582470000.0,17919686842.0,610631000.0,-66081000.0,-795762000.0,-193957000.0,-337141000.0,-1343640000.0,-382275000.0,0.0,2336546000.0,0.0,956034000.0,956034000.0,956034000.0,0.0,-40202000.0,0.005,3903134000.0,1083082000.0,27807403000.0,0.35,5.994,18.744,18.863,1767426000.0,0.0,85.26,0.101,0.101,11989030000.0,4186782000.0,177248455000.0,177248455000.0,0.0,0.025,0.322,0.492,0.006,57143000.0,2599369000.0,1.0,210176951.0,209705000.0,211161000.0,845.228,29441575000.0,0.0,18493000.0,2148257000.0,140.395,-1387093000.0
9,ABC,MRT,2019-03-31,2019-03-31,2019-03-31,2021-08-04,-85142000.0,38810310000.0,38514390750.0,27622183000.0,11188127000.0,4.548,13.849,-320983000.0,2875750000.0,2875750000.0,170185181000.0,891705000.0,0.946,12.246,4642873000.0,282973000.0,4359900000.0,4642873000.0,0.0,348085000.0,0.0,0.02,1.56,1122234000.0,1470319000.0,0.008,1470319000.0,1122234000.0,946591000.0,4.34,4.31,4.34,2921215000.0,3000078250.0,2921215000.0,18918571291.0,17.0,12.867,2270979000.0,10.766,1.0,4966318000.0,0.028,9055678000.0,175643000.0,2309856000.0,2491781500.0,11373730000.0,0.0,0.0,0.0,35771979000.0,29211899000.0,6560080000.0,16785868291.0,784391000.0,-60612000.0,-866176000.0,-201046000.0,-335936000.0,-1420652000.0,-386919000.0,0.0,2591962000.0,0.0,929884000.0,929884000.0,929884000.0,0.0,-38179000.0,0.005,3900735000.0,1065583000.0,28189390000.0,0.359,5.746,18.052,18.323,1858867000.0,0.0,79.52,0.096,0.096,12222271000.0,3969459000.0,175151499000.0,175151499000.0,0.0,0.024,0.31,0.45,0.006,55977000.0,2568974000.0,1.0,211089893.0,210934000.0,212563000.0,830.362,29754632000.0,0.0,16707000.0,2130863000.0,141.061,-1589716000.0
10,ABC,MRT,2018-12-31,2018-12-31,2018-12-31,2021-08-04,-92883000.0,39267823000.0,38410746250.0,27476207000.0,11791616000.0,4.5,14.376,-333903000.0,2540156000.0,2540156000.0,168068510000.0,1145792000.0,0.936,11.843,4672859000.0,156276000.0,4516583000.0,4672859000.0,0.0,335003000.0,0.0,0.021,1.54,1476377000.0,1811380000.0,0.01,1811380000.0,1476377000.0,1295372000.0,5.52,5.47,5.52,3048453000.0,3066662000.0,3048453000.0,17937820879.0,12.0,9.903,1546127000.0,7.291,1.0,4797245000.0,0.028,9622245000.0,181005000.0,2426544000.0,2750066250.0,11800185000.0,0.0,0.0,0.0,36103090000.0,29351737000.0,6751353000.0,15767851879.0,-497591000.0,-767367000.0,-724465000.0,-200056000.0,-335021000.0,-1281212000.0,-1096409000.0,0.0,1880030000.0,0.0,1190204000.0,1190204000.0,1190204000.0,0.0,-44412000.0,0.007,3297807000.0,1499438000.0,28336293000.0,0.279,5.172,13.248,13.478,1896943000.0,0.0,74.4,0.091,0.091,11979382000.0,4027217000.0,172865755000.0,172865755000.0,0.0,0.031,0.388,0.537,0.009,61476000.0,2558364000.0,1.0,211933493.0,212054000.0,213969000.0,815.197,29645578000.0,0.0,105168000.0,2149438000.0,139.802,-1875530000.0
11,ABC,MRT,2018-09-30,2018-09-30,2018-09-30,2021-08-04,-79253000.0,37669838000.0,37684168000.0,25894372000.0,11775466000.0,4.457,13.461,-328311000.0,2492516000.0,2492516000.0,163327318000.0,1615892000.0,0.929,11.804,4662485000.0,151657000.0,4510828000.0,4662485000.0,0.0,318483000.0,0.0,0.016,1.52,1394635000.0,1713118000.0,0.01,1713118000.0,1394635000.0,1219936000.0,7.61,7.53,7.61,2932824000.0,3023194250.0,2932824000.0,22328835710.0,16.0,13.034,1083077000.0,4.971,1.0,4612317000.0,0.027,9612100000.0,174699000.0,2358020000.0,2723342000.0,11918508000.0,0.0,0.0,0.0,34619877000.0,27869687000.0,6750190000.0,19952409710.0,57401000.0,-785299000.0,-500779000.0,613347000.0,-333041000.0,-242873000.0,-1111114000.0,0.0,1411388000.0,0.0,1658405000.0,1658405000.0,1658405000.0,0.0,-42513000.0,0.01,3168632000.0,1443685000.0,26836873000.0,0.2,6.803,12.031,12.118,1892424000.0,0.0,92.22,0.119,0.12,11314226000.0,3720582000.0,167939635000.0,167939635000.0,0.0,0.044,0.549,0.512,0.008,62316000.0,2460301000.0,1.0,216356644.0,217872000.0,220336000.0,770.818,28057738000.0,0.0,-438469000.0,2129010000.0,128.781,-1975315000.0
12,ABC,MRT,2018-06-30,2018-06-30,2018-06-30,2021-08-04,-82020000.0,38309592000.0,37095826000.0,26404401000.0,11905191000.0,4.415,14.173,-343328000.0,2388928000.0,2388928000.0,159010818000.0,1077301000.0,0.94,11.309,4765354000.0,195592000.0,4569762000.0,4765354000.0,0.0,303063000.0,0.0,0.018,1.505,1064204000.0,1367267000.0,0.008,1367267000.0,1064204000.0,897241000.0,4.94,4.88,4.94,3097821000.0,2806103500.0,3097821000.0,21544248964.0,20.0,15.757,1783169000.0,8.158,1.0,4751696000.0,0.029,9713641000.0,166963000.0,2872706000.0,2378666500.0,12074347000.0,0.0,0.0,0.0,35033660000.0,28099671000.0,6933989000.0,18742692964.0,1077461000.0,-771183000.0,-264338000.0,684510000.0,-331066000.0,68311000.0,-1117347000.0,-6577000.0,2126497000.0,0.0,1080530000.0,1080530000.0,1080530000.0,0.0,-3229000.0,0.007,3597434000.0,1154262000.0,26449542000.0,0.305,6.05,17.346,17.261,1903357000.0,0.0,85.27,0.114,0.114,11764614000.0,3569371000.0,163762514000.0,163762514000.0,0.0,0.029,0.385,0.447,0.006,64218000.0,2363373000.0,1.0,219804069.0,218569000.0,220760000.0,749.249,28595951000.0,0.0,-183289000.0,2247269000.0,130.833,-1695270000.0
13,ABC,MRT,2018-03-31,2018-03-31,2018-03-31,2021-08-04,-43506000.0,38395732000.0,36181930500.0,26397211000.0,11998521000.0,4.404,14.542,-372513000.0,2091359000.0,2091359000.0,154707119000.0,849778000.0,0.94,10.99,4892915000.0,252894000.0,4640021000.0,4892915000.0,0.0,277423000.0,0.0,0.017,1.49,842895000.0,1120318000.0,0.007,1120318000.0,842895000.0,687480000.0,3.91,3.86,3.91,3187550000.0,2670026750.0,3187550000.0,20537245335.0,24.0,18.332,685999000.0,3.13,1.0,4620230000.0,0.029,9759889000.0,155415000.0,3342995000.0,2276340250.0,12867481000.0,0.0,0.0,0.0,35032136000.0,28094404000.0,6937732000.0,18937672335.0,-313074000.0,-824236000.0,-3433000.0,143706000.0,-327710000.0,-207597000.0,-1163989000.0,27303000.0,1058512000.0,0.0,855073000.0,855073000.0,855073000.0,0.0,-5295000.0,0.005,3684787000.0,935443000.0,26403594000.0,0.381,5.941,22.147,22.049,1940154000.0,0.0,86.21,0.119,0.119,11265014000.0,3376993000.0,159327349000.0,159327349000.0,0.0,0.024,0.32,0.37,0.005,65164000.0,2262288000.0,1.0,219669091.0,219200000.0,222303000.0,726.858,28635843000.0,0.0,-167593000.0,2175879000.0,130.638,-1697193000.0
14,ABC,MRT,2017-12-31,2017-12-31,2017-12-31,2021-08-04,-96338000.0,36361510000.0,35182250750.0,25296432000.0,11065078000.0,4.418,13.167,-402756000.0,3037747000.0,3037747000.0,150819919000.0,979091000.0,0.946,11.649,4637320000.0,20061000.0,4617259000.0,4637320000.0,0.0,268716000.0,0.0,0.016,1.475,1057845000.0,1326561000.0,0.009,1326561000.0,1057845000.0,913768000.0,4.49,4.43,4.49,2874582000.0,2505462250.0,2874582000.0,21382868923.0,20.0,16.119,1542063000.0,7.063,1.0,4620974000.0,0.03,8901145000.0,144077000.0,2319647000.0,1950579000.0,12020660000.0,0.0,0.0,0.0,33486928000.0,26740291000.0,6746637000.0,20024293923.0,1246613000.0,-118387000.0,-229000.0,124421000.0,-323656000.0,-214699000.0,-483507000.0,34754000.0,1944819000.0,0.0,979091000.0,979091000.0,979091000.0,0.0,0.0,0.006,3541970000.0,1079004000.0,25346694000.0,0.329,6.966,20.452,20.45,1829117000.0,0.0,91.82,0.129,0.129,10127783000.0,3173516000.0,155440893000.0,155440893000.0,0.0,0.028,0.391,0.542,0.007,65622000.0,2166705000.0,1.0,218082051.0,218323000.0,220822000.0,711.977,27460365000.0,0.0,-65323000.0,2050726000.0,125.779,-1443859000.0
15,ABC,MRT,2017-09-30,2017-09-30,2017-09-30,2021-08-04,-95850000.0,35316470000.0,34571691250.0,24303299000.0,11013171000.0,4.43,9.454,-466397000.0,2435115000.0,2435115000.0,148597824000.0,364484000.0,0.906,16.107,3793690000.0,12121000.0,3781569000.0,3793690000.0,0.0,262420000.0,0.0,0.018,1.46,1063072000.0,1325492000.0,0.009,1325492000.0,1063072000.0,917887000.0,1.67,1.64,1.67,2064461000.0,2315956000.0,2064461000.0,20605927004.0,19.0,15.546,1037741000.0,4.752,1.0,4546002000.0,0.03,8877562000.0,145185000.0,979318000.0,1908328500.0,11461428000.0,0.0,0.0,0.0,33252009000.0,26818165000.0,6433844000.0,18131482004.0,-306717000.0,-49554000.0,-227006000.0,-749553000.0,-320270000.0,-1312814000.0,-498041000.0,14796000.0,1504138000.0,0.0,364484000.0,364484000.0,364484000.0,0.0,0.0,0.002,3485660000.0,1060342000.0,25404042000.0,0.874,8.783,49.746,49.551,1797945000.0,0.0,82.75,0.118,0.118,10303324000.0,2395218000.0,153143826000.0,153143826000.0,0.0,0.011,0.157,0.557,0.007,62206000.0,2128730000.0,1.0,219111565.0,218375000.0,221602000.0,701.288,26438908000.0,0.0,553403000.0,2576869000.0,121.071,-2514866000.0
16,ABC,MRT,2017-06-30,2017-06-30,2017-06-30,2021-08-04,-112458000.0,34654010000.0,34151949000.0,23677224000.0,10976786000.0,4.439,11.677,-525866000.0,1311467000.0,1311467000.0,147085897000.0,854756000.0,0.919,12.571,3785912000.0,4119000.0,3781793000.0,3785912000.0,0.0,253650000.0,0.0,0.015,1.435,1425927000.0,1679577000.0,0.011,1679577000.0,1425927000.0,1281001000.0,3.87,3.84,3.87,2553514000.0,2332191750.0,2553514000.0,22692215740.0,16.0,13.511,952339000.0,4.355,1.0,4498517000.0,0.03,8913978000.0,144926000.0,2463401000.0,1943161000.0,11669529000.0,0.0,0.0,0.0,32100496000.0,25751076000.0,6349420000.0,20641203740.0,-553735000.0,-61633000.0,-1304030000.0,-958860000.0,-313575000.0,-1477256000.0,-554684000.0,20426000.0,1478205000.0,0.0,854756000.0,854756000.0,854756000.0,0.0,0.0,0.006,3078372000.0,1420145000.0,24804544000.0,0.371,8.083,24.149,24.426,1749914000.0,0.0,94.53,0.136,0.136,10553258000.0,2819907000.0,151584414000.0,151584414000.0,0.0,0.025,0.367,0.734,0.009,60023000.0,2098109000.0,1.0,218356117.0,218676000.0,221873000.0,693.192,25740032000.0,0.0,426245000.0,2400467000.0,117.709,-2073852000.0
17,ABC,MRT,2017-03-31,2017-03-31,2017-03-31,2021-08-04,-123490000.0,34397013000.0,33467007250.0,23493921000.0,10903092000.0,4.475,11.621,-547304000.0,2404433000.0,2404433000.0,145232445000.0,1153559000.0,0.92,12.599,4455445000.0,615847000.0,3839598000.0,4455445000.0,0.0,246878000.0,0.0,0.016,1.41,1787734000.0,2034612000.0,0.014,2034612000.0,1787734000.0,1643258000.0,5.26,5.16,5.26,2529292000.0,2163642500.0,2529292000.0,21917682211.0,12.0,10.772,1367557000.0,6.283,1.0,4526505000.0,0.03,8876649000.0,144476000.0,2039950000.0,1695534750.0,11335816000.0,0.0,0.0,0.0,31867721000.0,25531426000.0,6336295000.0,19229252211.0,-120854000.0,-2403000.0,-1960602000.0,-376612000.0,-306741000.0,-1471615000.0,-564100000.0,-19488000.0,1914861000.0,0.0,1153559000.0,1153559000.0,1153559000.0,0.0,0.0,0.008,2748109000.0,1778396000.0,24276019000.0,0.268,7.603,16.67,16.825,1702060000.0,0.0,88.5,0.128,0.129,9583520000.0,2849630000.0,149758950000.0,149758950000.0,0.0,0.034,0.533,1.054,0.012,66455000.0,2089084000.0,1.0,217279686.0,217650000.0,221221000.0,688.072,25520364000.0,0.0,489699000.0,2332051000.0,117.254,-2037505000.0
18,ABC,MRT,2016-12-31,2016-12-31,2016-12-31,2021-08-04,-141851000.0,33919272000.0,32991592750.0,23078756000.0,10840516000.0,4.495,9.68,-511788000.0,1791134000.0,1791134000.0,143964496000.0,1345536000.0,0.904,15.026,4479564000.0,607980000.0,3871584000.0,4479564000.0,0.0,240526000.0,0.0,0.018,1.385,2108758000.0,2349284000.0,0.016,2349284000.0,2108758000.0,1965615000.0,6.27,5.98,6.27,2116557000.0,2079110000.0,2116557000.0,18949196107.0,9.0,8.066,1484740000.0,6.79,1.0,4345409000.0,0.029,8914299000.0,143143000.0,2150645000.0,1600249500.0,11414771000.0,0.0,0.0,0.0,31802715000.0,25542758000.0,6259957000.0,17209635107.0,813044000.0,-6221000.0,-2292700000.0,-347459000.0,-297447000.0,-629935000.0,-553549000.0,-26939000.0,1996528000.0,0.0,1345536000.0,1345536000.0,1345536000.0,0.0,0.0,0.009,2240756000.0,2104653000.0,24172341000.0,0.221,8.131,12.79,12.47,1630741000.0,0.0,78.19,0.116,0.115,9696200000.0,2518081000.0,148309905000.0,148309905000.0,0.0,0.041,0.647,1.318,0.014,71929000.0,2086707000.0,1.0,220100206.0,218661000.0,221979000.0,678.264,25004973000.0,0.0,620079000.0,2222866000.0,114.355,-2464002000.0
19,ABC,MRT,2016-09-30,2016-09-30,2016-09-30,2021-08-04,-114308000.0,33637501000.0,32200725250.0,22851847000.0,10785654000.0,4.56,10.035,-464616000.0,2741832000.0,2741832000.0,142577080000.0,1427929000.0,0.904,14.797,4462694000.0,610210000.0,3852484000.0,4462694000.0,0.0,232538000.0,0.0,0.017,1.36,1530822000.0,1763360000.0,0.012,1763360000.0,1530822000.0,1390910000.0,6.73,6.32,6.73,2129404000.0,1874975500.0,2129404000.0,19888247119.0,13.0,11.279,2713881000.0,12.789,1.0,4272606000.0,0.029,8959346000.0,139912000.0,1118648000.0,1363154000.0,10723920000.0,0.0,0.0,0.0,31508097000.0,25280369000.0,6227728000.0,17346233119.0,574390000.0,-2731356000.0,-2191576000.0,713214000.0,-288477000.0,565072000.0,-3169179000.0,40712000.0,3178497000.0,0.0,1427929000.0,1427929000.0,1427929000.0,0.0,0.0,0.01,2746832000.0,1525774000.0,23926320000.0,0.202,8.146,12.148,12.003,1530682000.0,0.0,80.78,0.118,0.117,9175876000.0,2303941000.0,146849686000.0,146849686000.0,0.0,0.044,0.762,1.123,0.01,64992000.0,2091237000.0,1.0,214734255.0,212206000.0,225959000.0,692.015,24678155000.0,0.0,-37019000.0,2214774000.0,116.293,-2428522000.0
20,ABC,MRT,2016-06-30,2016-06-30,2016-06-30,2021-08-04,-110978000.0,31914243000.0,30782095500.0,21457255000.0,10456988000.0,4.703,8.713,-384674000.0,1865202000.0,1865202000.0,140637816000.0,1643253000.0,0.894,15.982,4407216000.0,613180000.0,3794036000.0,4407216000.0,0.0,227173000.0,0.0,0.017,1.31,1813463000.0,2040636000.0,0.014,2040636000.0,1813463000.0,1669648000.0,7.76,7.32,7.76,1879317000.0,1496721000.0,1879317000.0,19084450373.0,11.0,9.352,2601265000.0,12.06,1.0,4121645000.0,0.028,8986106000.0,143815000.0,1472896000.0,1538249000.0,10492561000.0,0.0,0.0,0.0,30034926000.0,23997255000.0,6037671000.0,17121598373.0,-689981000.0,-2758265000.0,-2260102000.0,685961000.0,-276935000.0,-468333000.0,-3207587000.0,-44555000.0,2985939000.0,0.0,1643253000.0,1643253000.0,1643253000.0,0.0,0.0,0.011,2277305000.0,1844340000.0,22692064000.0,0.169,9.111,10.419,10.222,1165663000.0,0.0,79.32,0.118,0.118,8984533000.0,2250868000.0,144759461000.0,144759461000.0,0.0,0.053,1.098,1.179,0.013,71009000.0,2107143000.0,1.0,215854745.0,215688000.0,224802000.0,671.152,22928137000.0,0.0,26395000.0,2121331000.0,106.302,-2540000000.0
21,ABC,MRT,2016-03-31,2016-03-31,2016-03-31,2021-08-04,-102184000.0,32495355000.0,29636910750.0,22070068000.0,10425287000.0,4.795,10.542,-306396000.0,2525287000.0,2525287000.0,138206091000.0,1508261000.0,0.928,13.83,4488139000.0,119553000.0,4368586000.0,4488139000.0,0.0,216698000.0,0.0,0.015,1.26,1616777000.0,1833475000.0,0.013,1833475000.0,1616777000.0,1478322000.0,7.12,6.66,7.12,2191162000.0,1420797750.0,2191162000.0,21306415346.0,13.0,11.621,3609168000.0,17.364,1.0,3905246000.0,0.027,9028488000.0,138455000.0,1658809000.0,1493945500.0,10644586000.0,0.0,0.0,0.0,30304193000.0,23770910000.0,6533283000.0,17782776346.0,188308000.0,-2762185000.0,-2084040000.0,509394000.0,-267629000.0,-610991000.0,-3116265000.0,-38521000.0,3915564000.0,0.0,1508261000.0,1508261000.0,1508261000.0,0.0,0.0,0.011,2256968000.0,1648278000.0,22986172000.0,0.177,8.116,11.79,12.156,1094711000.0,0.0,86.55,0.125,0.127,8766994000.0,1974306000.0,142111337000.0,142111337000.0,0.0,0.051,1.062,1.082,0.011,67323000.0,2093449000.0,1.0,205462465.0,207858000.0,225450000.0,683.694,23466867000.0,0.0,-29939000.0,2041191000.0,112.899,-1700842000.0
22,ABC,MRT,2015-12-31,2015-12-31,2015-12-31,2021-08-04,-115814000.0,30755802000.0,28264454500.0,20361675000.0,10394127000.0,4.921,6.305,-269138000.0,978090000.0,978090000.0,135340356000.0,391421000.0,0.848,22.658,4501729000.0,108412000.0,4393317000.0,4501729000.0,0.0,203964000.0,0.0,0.012,1.21,289885000.0,493849000.0,0.004,493849000.0,289885000.0,164450000.0,1.89,1.65,1.89,1300019000.0,1352071000.0,1300019000.0,22651798519.0,78.0,45.868,3507740000.0,17.013,1.0,3741891000.0,0.027,9052837000.0,125435000.0,1202263000.0,1661050750.0,10863974000.0,0.0,0.0,0.0,29455783000.0,24024341000.0,5431442000.0,21326192519.0,-1320666000.0,-5318277000.0,-1717632000.0,2510425000.0,-261093000.0,528952000.0,-5626496000.0,-38521000.0,3776878000.0,0.0,391421000.0,391421000.0,391421000.0,0.0,0.0,0.003,3409100000.0,332791000.0,22536323000.0,0.64,16.405,54.484,54.873,1059501000.0,0.0,103.71,0.153,0.154,8380652000.0,1440801000.0,139082247000.0,139082247000.0,0.0,0.014,0.289,0.175,0.002,63632000.0,2016426000.0,1.0,205632943.0,206180000.0,226718000.0,674.567,21702965000.0,0.0,-226971000.0,1719352000.0,105.262,-3662666000.0
23,ABC,MRT,2015-09-30,2015-09-30,2015-09-30,2021-08-04,-136333000.0,27962982000.0,26801733000.0,20334488000.0,7628494000.0,5.073,2.83,-231585000.0,2167442000.0,2167442000.0,132432490000.0,-138165000.0,0.942,44.366,3739225000.0,0.0,3739225000.0,3739225000.0,0.0,193290000.0,0.0,0.012,1.16,378000000.0,571290000.0,0.004,571290000.0,378000000.0,268964000.0,-0.63,-0.63,-0.63,616386000.0,1469152750.0,616386000.0,21732006999.0,57.0,38.04,3690643000.0,16.946,1.0,3529313000.0,0.026,6137510000.0,109036000.0,1819028000.0,1434475250.0,9755094000.0,0.0,0.0,0.0,27346596000.0,21578227000.0,5768369000.0,20537038999.0,358929000.0,-2616249000.0,-1859106000.0,1496390000.0,-253919000.0,-632134000.0,-2931165000.0,-86214000.0,3922228000.0,0.0,-138165000.0,-138165000.0,-138165000.0,0.0,0.0,-0.001,3107093000.0,422220000.0,20886439000.0,-1.841,33.318,-148.641,-150.778,1192510000.0,0.0,94.99,0.151,0.152,8222951000.0,1164489000.0,135961803000.0,135961803000.0,0.0,-0.005,-0.094,0.264,0.003,60944000.0,1907840000.0,1.0,216202116.0,217786000.0,217786000.0,624.291,21825472000.0,0.0,407129000.0,1944240000.0,100.215,-1243739000.0
24,ABC,MRT,2015-06-30,2015-06-30,2015-06-30,2021-08-04,-69006000.0,27333504000.0,25194033250.0,19902034000.0,7431470000.0,5.243,7.183,-222876000.0,2555183000.0,2555183000.0,128651850000.0,-433626000.0,0.942,16.348,3750151000.0,7370000.0,3742781000.0,3750151000.0,0.0,185345000.0,0.0,0.01,1.105,77872000.0,263217000.0,0.002,263217000.0,77872000.0,-16634000.0,-1.96,-2.08,-1.96,1575624000.0,1804281000.0,1575624000.0,25031104174.0,321.0,95.097,3369548000.0,15.361,1.0,3428283000.0,0.026,6115499000.0,94506000.0,1295682000.0,1226567750.0,9639961000.0,0.0,0.0,0.0,25757880000.0,21117291000.0,4640589000.0,23361361174.0,1293319000.0,-2589340000.0,-787274000.0,1722727000.0,-244965000.0,510488000.0,-2809593000.0,0.0,3592424000.0,0.0,-433626000.0,-433626000.0,-433626000.0,0.0,0.0,-0.003,3337894000.0,90389000.0,19348994000.0,-0.564,14.827,-53.874,-54.255,958687000.0,0.0,106.34,0.177,0.177,7596558000.0,879201000.0,132080133000.0,132080133000.0,0.0,-0.017,-0.24,0.063,0.001,57438000.0,1814330000.0,1.0,219685548.0,219359000.0,240236000.0,602.119,21218005000.0,0.0,416992000.0,1127877000.0,96.727,-1215257000.0
25,ABC,MRT,2015-03-31,2015-03-31,2015-03-31,2021-08-04,-75585000.0,27005530000.0,23518308750.0,19556823000.0,7448707000.0,5.451,8.701,-244266000.0,2336979000.0,2336979000.0,124965908000.0,-660569000.0,0.967,13.093,4006722000.0,64205000.0,3942517000.0,4006722000.0,0.0,178520000.0,0.0,0.009,1.05,-176992000.0,1528000.0,0.0,1528000.0,-176992000.0,-262608000.0,-3.0,-3.03,-3.0,1916255000.0,1906963750.0,1916255000.0,24659629009.0,-139.0,16138.501,2746419000.0,12.47,1.0,3228823000.0,0.025,6122137000.0,85616000.0,2327230000.0,1286534750.0,9517312000.0,0.0,0.0,0.0,25089275000.0,20225906000.0,4863369000.0,24962500009.0,1640249000.0,-2585420000.0,-608319000.0,2537547000.0,-234191000.0,1595037000.0,-2945473000.0,-117794000.0,2990685000.0,0.0,-660569000.0,-660569000.0,-660569000.0,0.0,0.0,-0.005,3360122000.0,-131299000.0,18395154000.0,-0.35,13.027,-37.789,-37.89,955558000.0,0.0,113.67,0.195,0.195,7560122000.0,728973000.0,128194731000.0,128194731000.0,0.0,-0.028,-0.346,-0.138,-0.001,54497000.0,1699197000.0,1.0,219604997.0,220243000.0,220243000.0,582.06,20883393000.0,0.0,397961000.0,1116910000.0,94.82,-669083000.0
26,ABC,MRT,2014-12-31,2014-12-31,2014-12-31,2021-08-04,-60727000.0,24904916000.0,21857238000.0,20144710000.0,4760206000.0,5.672,8.058,-257831000.0,2298756000.0,2298756000.0,120934927000.0,32898000.0,0.968,13.084,1995885000.0,0.0,1995885000.0,1995885000.0,0.0,172110000.0,0.0,0.011,0.995,503573000.0,675683000.0,0.005,675683000.0,503573000.0,421429000.0,0.11,0.06,0.11,1768346000.0,1964278750.0,1768346000.0,19904377909.0,40.0,29.458,3107430000.0,14.16,1.0,3046440000.0,0.025,3501051000.0,82144000.0,295961000.0,971324500.0,10628342000.0,0.0,0.0,0.0,23136570000.0,20805033000.0,2331537000.0,19717258909.0,1951291000.0,-24604000.0,-898743000.0,120410000.0,-224127000.0,-1020862000.0,-393108000.0,-117794000.0,3365261000.0,0.0,32898000.0,32898000.0,32898000.0,0.0,0.0,0.0,2512362000.0,534078000.0,19031658000.0,9.045,11.15,599.345,819.636,907004000.0,0.0,90.16,0.159,0.16,7144031000.0,1306457000.0,123981367000.0,123981367000.0,0.0,0.002,0.017,0.518,0.004,51448000.0,1633095000.0,1.0,218691869.0,219456000.0,219456000.0,564.949,21403865000.0,0.0,388531000.0,1099865000.0,97.531,-660323000.0
27,ABC,MRT,2014-09-30,2014-09-30,2014-09-30,2021-08-04,-52046000.0,21532183000.0,20580032750.0,16800205000.0,4731978000.0,5.81,8.607,-264457000.0,1808513000.0,1808513000.0,116586761000.0,274230000.0,0.974,10.003,1995632000.0,0.0,1995632000.0,1995632000.0,0.0,165479000.0,0.0,0.012,0.94,745951000.0,911430000.0,0.008,911430000.0,745951000.0,662317000.0,1.21,1.16,1.21,1956899000.0,2084142750.0,1956899000.0,18078319158.0,24.0,19.835,1200197000.0,5.279,1.0,2982366000.0,0.025,3481744000.0,83634000.0,987398000.0,1381876000.0,8593852000.0,0.0,0.0,0.0,19575284000.0,17250160000.0,2325124000.0,17344701158.0,577507000.0,-9103000.0,-626020000.0,548894000.0,-214469000.0,-502992000.0,-384155000.0,-117794000.0,1464654000.0,0.0,274230000.0,274230000.0,274230000.0,7546000.0,0.0,0.002,2200275000.0,782091000.0,15592834000.0,0.777,8.863,63.249,63.884,899582000.0,0.0,77.3,0.145,0.147,6312883000.0,1570429000.0,119569127000.0,119569127000.0,0.0,0.013,0.132,0.54,0.006,43107000.0,1580664000.0,1.0,224381645.0,227367000.0,235405000.0,525.886,18050439000.0,0.0,388087000.0,1336668000.0,79.389,-449955000.0
28,ABC,MRT,2014-06-30,2014-06-30,2014-06-30,2021-08-04,-39378000.0,20630606000.0,19926646500.0,15891386000.0,4739220000.0,5.643,8.8,-263193000.0,1261864000.0,1261864000.0,109772085000.0,259705000.0,0.973,9.386,1995482000.0,0.0,1995482000.0,1995482000.0,0.0,153957000.0,0.0,0.015,1.125,652672000.0,806629000.0,0.007,806629000.0,652672000.0,574791000.0,1.13,1.08,1.13,1986355000.0,2174854250.0,1986355000.0,17109745861.0,26.0,21.211,338363000.0,1.499,1.0,2677374000.0,0.024,3489315000.0,77881000.0,1535550000.0,1313499000.0,8421977000.0,0.0,0.0,0.0,18644251000.0,16339359000.0,2304892000.0,16409527861.0,-305721000.0,-10753000.0,-521037000.0,549310000.0,-210269000.0,-522782000.0,-384495000.0,-117794000.0,601556000.0,0.0,259705000.0,259705000.0,259705000.0,7084000.0,0.0,0.002,1991563000.0,685811000.0,14809789000.0,0.996,8.261,63.185,64.301,882162000.0,0.0,72.66,0.146,0.146,6133228000.0,1555538000.0,112449459000.0,112449459000.0,0.0,0.013,0.119,0.497,0.006,41540000.0,1486315000.0,1.0,225839910.0,225727000.0,225727000.0,498.166,17141291000.0,0.0,315086000.0,1058496000.0,75.938,-447973000.0
29,ABC,MRT,2014-03-31,2014-03-31,2014-03-31,2021-08-04,-44514000.0,20361247000.0,18913828000.0,15760027000.0,4601220000.0,5.499,9.352,-239465000.0,696730000.0,696730000.0,101460133000.0,440924000.0,0.955,8.49,1396948000.0,0.0,1396948000.0,1396948000.0,0.0,147335000.0,0.0,0.017,1.1,811887000.0,959222000.0,0.009,959222000.0,811887000.0,736719000.0,1.92,1.85,1.92,2145515000.0,2282814000.0,2145515000.0,16505614625.0,20.0,17.207,-82342000.0,-0.359,1.0,2547820000.0,0.024,3495145000.0,75168000.0,1066389000.0,1045045250.0,8493269000.0,0.0,0.0,0.0,18215732000.0,16499931000.0,1715801000.0,15033303625.0,-650567000.0,320877000.0,-301908000.0,-9603000.0,-205910000.0,-894754000.0,87064000.0,0.0,157123000.0,0.0,440924000.0,440924000.0,440924000.0,-97245000.0,0.0,0.004,1838240000.0,709580000.0,14909626000.0,0.573,7.007,34.095,34.161,850847000.0,0.0,65.59,0.145,0.145,6506412000.0,1621479000.0,104007953000.0,104007953000.0,0.0,0.023,0.193,0.777,0.008,39789000.0,1429877000.0,1.0,229201153.0,229409000.0,236268000.0,453.373,16866102000.0,0.0,295795000.0,1003120000.0,73.52,-739904000.0
30,ABC,MRT,2013-12-31,2013-12-31,2013-12-31,2021-08-04,-41076000.0,19796095000.0,17851374000.0,15228345000.0,4567750000.0,5.382,9.761,-205347000.0,347465000.0,347465000.0,93540502000.0,306481000.0,0.962,7.807,1819776000.0,423000000.0,1396776000.0,1819776000.0,0.0,142983000.0,0.0,0.015,1.075,697841000.0,840824000.0,0.009,840824000.0,697841000.0,623637000.0,1.34,1.28,1.34,2247802000.0,2333005250.0,2247802000.0,16339156529.0,23.0,19.432,-179158000.0,-0.778,1.0,2535216000.0,0.026,3501341000.0,74204000.0,1938167000.0,929886750.0,8602809000.0,0.0,0.0,0.0,17548293000.0,15828898000.0,1719395000.0,16173556529.0,-69939000.0,320877000.0,-70848000.0,415108000.0,-200488000.0,-206564000.0,110436000.0,0.0,26189000.0,0.0,306481000.0,306481000.0,306481000.0,61264000.0,0.0,0.003,1776641000.0,758575000.0,13858659000.0,0.802,7.195,52.772,52.47,824105000.0,0.0,70.31,0.168,0.169,6214193000.0,1495432000.0,96075718000.0,96075718000.0,0.0,0.017,0.131,0.75,0.007,38175000.0,1377072000.0,1.0,230032094.0,230277000.0,237012000.0,417.218,16294754000.0,0.0,317156000.0,1014149000.0,70.762,-600553000.0
31,ABC,MRT,2013-09-30,2013-09-30,2013-09-30,2021-08-04,-35483000.0,18918638000.0,16776233250.0,14393651000.0,4524987000.0,5.243,10.039,-202450000.0,1231006000.0,1231006000.0,85451348000.0,433707000.0,0.968,7.155,1396606000.0,0.0,1396606000.0,1396606000.0,0.0,138690000.0,0.0,0.017,1.05,838627000.0,977317000.0,0.011,977317000.0,838627000.0,764730000.0,1.88,1.84,1.88,2319745000.0,2355363500.0,2319745000.0,13937034510.0,17.0,14.261,585675000.0,2.535,1.0,2507819000.0,0.029,3499713000.0,73897000.0,713890000.0,817735750.0,6981494000.0,0.0,0.0,0.0,16598893000.0,14870635000.0,1728258000.0,14108180510.0,164398000.0,329980000.0,-328463000.0,-8975000.0,-195716000.0,-740987000.0,117260000.0,0.0,788125000.0,0.0,433707000.0,433707000.0,433707000.0,59728000.0,0.0,0.005,1609420000.0,898399000.0,13335792000.0,0.559,6.082,32.529,32.5,803561000.0,0.0,61.1,0.16,0.161,6051920000.0,1508414000.0,87959167000.0,87959167000.0,0.0,0.026,0.184,1.026,0.01,36275000.0,1333712000.0,1.0,230903118.0,231067000.0,235345000.0,380.665,15418925000.0,0.0,331023000.0,1002279000.0,66.729,-476984000.0
32,ABC,MRT,2013-06-30,2013-06-30,2013-06-30,2021-08-04,-55097000.0,16579332000.0,15907137750.0,12139073000.0,4440259000.0,5.19,10.468,-178338000.0,1567585000.0,1567585000.0,79900486000.0,546178000.0,0.976,5.856,1396439000.0,0.0,1396439000.0,1396439000.0,0.0,134537000.0,0.0,0.014,0.76,1015489000.0,1150026000.0,0.014,1150026000.0,1015489000.0,937127000.0,2.33,2.28,2.33,2418194000.0,2389137750.0,2418194000.0,12940536873.0,13.0,11.252,1186120000.0,5.135,1.0,2654084000.0,0.032,3504803000.0,78362000.0,461735000.0,884903500.0,5895089000.0,0.0,0.0,0.0,14161138000.0,12441648000.0,1719490000.0,12891561873.0,-88163000.0,334715000.0,-892181000.0,-399323000.0,-179684000.0,-1593551000.0,140930000.0,0.0,1364458000.0,0.0,546178000.0,546178000.0,546178000.0,87145000.0,0.0,0.007,1551086000.0,1102998000.0,11009224000.0,0.326,5.331,23.603,23.961,777091000.0,0.0,55.83,0.156,0.156,4585488000.0,1506102000.0,82554570000.0,82554570000.0,0.0,0.034,0.229,1.148,0.012,34417000.0,1304547000.0,1.0,230907431.0,231002000.0,235669000.0,357.376,13074529000.0,0.0,390949000.0,991407000.0,56.599,-302575000.0
33,ABC,MRT,2013-03-31,2013-03-31,2013-03-31,2021-08-04,-56244000.0,16111431000.0,15699202750.0,11724784000.0,4386647000.0,5.094,10.183,-158188000.0,1347297000.0,1347297000.0,77215229000.0,559010000.0,0.974,5.867,1396272000.0,0.0,1396272000.0,1396272000.0,0.0,129343000.0,0.0,0.013,0.68,1097304000.0,1226647000.0,0.015,1226647000.0,1097304000.0,1013361000.0,2.32,2.28,2.32,2346280000.0,2517018000.0,2346280000.0,12821087643.0,12.0,10.452,1222792000.0,5.307,1.0,2759500000.0,0.035,3512000000.0,83943000.0,605755000.0,1126920250.0,5662556000.0,0.0,0.0,0.0,13765151000.0,12042651000.0,1722500000.0,11842384643.0,-979797000.0,-518012000.0,-1008443000.0,-398547000.0,-163534000.0,-1660745000.0,-700032000.0,0.0,1380980000.0,0.0,559010000.0,559010000.0,559010000.0,200380000.0,0.0,0.007,1466762000.0,1292738000.0,10362227000.0,0.293,5.047,21.185,22.177,762237000.0,0.0,51.45,0.148,0.148,4180449000.0,1386465000.0,79974729000.0,79974729000.0,0.0,0.036,0.222,0.974,0.014,32087000.0,1277186000.0,1.0,230172685.0,230422000.0,234587000.0,347.079,12599431000.0,0.0,454351000.0,1005103000.0,54.68,-317867000.0
34,ABC,MRT,2012-12-31,2012-12-31,2012-12-31,2021-08-04,-33890000.0,15495532000.0,15582604000.0,11022199000.0,4473333000.0,5.08,10.059,-144047000.0,417404000.0,417404000.0,76437180000.0,725481000.0,0.964,5.63,1396107000.0,0.0,1396107000.0,1396107000.0,0.0,121559000.0,0.0,0.014,0.6,1276592000.0,1398151000.0,0.018,1398151000.0,1276592000.0,1187784000.0,2.94,2.9,2.94,2337235000.0,2667066750.0,2337235000.0,10548003244.0,8.0,7.544,487992000.0,2.1,1.0,2722252000.0,0.034,3548935000.0,88808000.0,1489563000.0,1269646250.0,5965563000.0,0.0,0.0,0.0,13158297000.0,11435737000.0,1722560000.0,10167841244.0,-1952931000.0,-525169000.0,-1180371000.0,-516365000.0,-148647000.0,-1874281000.0,-710689000.0,0.0,632039000.0,0.0,725481000.0,725481000.0,725481000.0,48909000.0,0.0,0.009,1402577000.0,1319675000.0,9879850000.0,0.204,4.35,14.015,14.687,800340000.0,0.0,43.18,0.128,0.127,4361266000.0,1389439000.0,79159432000.0,79159432000.0,0.0,0.047,0.272,1.005,0.016,29012000.0,1216071000.0,1.0,235475712.0,232361000.0,235992000.0,340.674,11946597000.0,0.0,462303000.0,981464000.0,51.414,-413538000.0
35,ABC,MRT,2012-09-30,2012-09-30,2012-09-30,2021-08-04,-32657000.0,15442256000.0,15703287500.0,11058464000.0,4383792000.0,4.972,9.707,-133292000.0,1066608000.0,1066608000.0,75446120000.0,718986000.0,0.982,5.291,1395931000.0,0.0,1395931000.0,1395931000.0,0.0,113765000.0,0.0,0.013,0.52,1267067000.0,1380832000.0,0.018,1380832000.0,1267067000.0,1174498000.0,2.84,2.8,2.84,2454842000.0,2808907750.0,2454842000.0,9961086618.0,8.0,7.214,1172157000.0,4.635,1.0,2634686000.0,0.034,3523432000.0,92569000.0,982561000.0,1180396250.0,5472010000.0,0.0,0.0,0.0,12987414000.0,11265586000.0,1721828000.0,9740862618.0,-759382000.0,-775670000.0,-1047022000.0,41306000.0,-132760000.0,-1116882000.0,-947949000.0,0.0,1305449000.0,0.0,718986000.0,718986000.0,718986000.0,42375000.0,0.0,0.009,1331071000.0,1303615000.0,9492589000.0,0.183,3.968,13.548,13.63,743684000.0,0.0,38.71,0.125,0.125,3784619000.0,1270423000.0,78080806000.0,78080806000.0,0.0,0.046,0.256,1.073,0.016,25954000.0,1152556000.0,1.0,251636854.0,252906000.0,256903000.0,308.734,11918824000.0,0.0,455512000.0,963081000.0,47.127,-207122000.0
36,ABC,MRT,2012-06-30,2012-06-30,2012-06-30,2021-08-04,-43253000.0,15747592000.0,15588391250.0,11170422000.0,4577170000.0,5.019,11.621,-120682000.0,1655748000.0,1655748000.0,75763519000.0,702816000.0,1.02,4.375,1875972000.0,392246000.0,1483726000.0,1875972000.0,0.0,95227000.0,0.0,0.013,0.505,1216342000.0,1311569000.0,0.017,1311569000.0,1216342000.0,1127277000.0,2.72,2.68,2.72,2929715000.0,2911911750.0,2929715000.0,9509132453.0,8.0,7.25,999476000.0,3.964,1.0,2469352000.0,0.032,3586651000.0,89065000.0,1429802000.0,1144918250.0,5447126000.0,0.0,0.0,0.0,12817877000.0,10951363000.0,1866514000.0,9954091453.0,-344705000.0,-824135000.0,-846089000.0,416215000.0,-130785000.0,-472717000.0,-992146000.0,0.0,1120158000.0,0.0,702816000.0,702816000.0,702816000.0,4656000.0,0.0,0.009,1256140000.0,1213212000.0,9170863000.0,0.186,3.398,14.163,14.467,865046000.0,0.0,39.35,0.127,0.127,3943347000.0,1139608000.0,78232871000.0,78232871000.0,0.0,0.045,0.241,1.062,0.016,24108000.0,1090177000.0,1.0,252962934.0,252116000.0,255725000.0,310.305,12160941000.0,0.0,424461000.0,906014000.0,48.235,219059000.0
37,ABC,MRT,2012-03-31,2012-03-31,2012-03-31,2021-08-04,-37362000.0,15645036000.0,15365425500.0,11603641000.0,4041395000.0,5.146,11.413,-124982000.0,2327094000.0,2327094000.0,76612019000.0,705964000.0,1.063,4.31,1882135000.0,392164000.0,1489971000.0,1882135000.0,0.0,92266000.0,0.0,0.012,0.49,1213174000.0,1305440000.0,0.017,1305440000.0,1213174000.0,1129275000.0,2.67,2.63,2.67,2946475000.0,2980253000.0,2946475000.0,9784397978.0,8.0,7.495,1133886000.0,4.392,1.0,2455067000.0,0.031,3108418000.0,83899000.0,1176659000.0,1128873750.0,5354338000.0,0.0,0.0,0.0,12698561000.0,10915000000.0,1783561000.0,10225712978.0,414658000.0,-303038000.0,-776715000.0,434441000.0,-129782000.0,-379709000.0,-464501000.0,0.0,1258868000.0,0.0,705964000.0,705964000.0,705964000.0,-4250000.0,0.0,0.009,1249082000.0,1205985000.0,9249766000.0,0.184,3.47,14.485,14.854,803419000.0,0.0,39.66,0.129,0.129,3868647000.0,990989000.0,79067086000.0,79067086000.0,0.0,0.046,0.237,1.075,0.015,27528000.0,1095171000.0,1.0,257834417.0,258162000.0,262363000.0,306.269,12536618000.0,0.0,423311000.0,860471000.0,48.561,688641000.0
38,ABC,MRT,2011-12-31,2011-12-31,2011-12-31,2021-08-04,-44381000.0,15978266000.0,15124420500.0,11955780000.0,4022486000.0,5.231,11.238,-150714000.0,2370335000.0,2370335000.0,76656310000.0,708240000.0,1.058,4.501,1929020000.0,447081000.0,1481939000.0,1929020000.0,0.0,90942000.0,0.0,0.012,0.46,1208412000.0,1299354000.0,0.016,1299354000.0,1208412000.0,1128832000.0,2.63,2.59,2.63,2904599000.0,3026891750.0,2904599000.0,9146755612.0,8.0,7.039,1548137000.0,5.99,1.0,2462662000.0,0.031,3103011000.0,79580000.0,1132563000.0,1163474250.0,5824358000.0,0.0,0.0,0.0,13073667000.0,11301377000.0,1772290000.0,9607793612.0,969440000.0,-295881000.0,-658258000.0,490981000.0,-123597000.0,-268445000.0,-460966000.0,0.0,1698851000.0,0.0,708240000.0,708240000.0,708240000.0,-11288000.0,0.0,0.009,1268346000.0,1194316000.0,9589019000.0,0.175,3.308,13.566,14.141,793604000.0,0.0,37.19,0.121,0.121,3724456000.0,812605000.0,79118972000.0,79118972000.0,0.0,0.047,0.234,1.039,0.015,26767000.0,1128882000.0,1.0,258343469.0,258461000.0,263084000.0,306.116,12875255000.0,0.0,420592000.0,846313000.0,49.815,654403000.0
39,ABC,MRT,2011-09-30,2011-09-30,2011-09-30,2021-08-04,-50868000.0,14982671000.0,14662933750.0,11375041000.0,3607630000.0,5.367,10.522,-155274000.0,1825990000.0,1825990000.0,76236682000.0,706624000.0,1.046,4.226,1364952000.0,392089000.0,972863000.0,1364952000.0,0.0,89659000.0,0.0,0.012,0.43,1203266000.0,1292925000.0,0.016,1292925000.0,1203266000.0,1127118000.0,2.59,2.54,2.59,2866858000.0,3041243500.0,2866858000.0,9396805041.0,8.0,7.268,1012674000.0,3.717,1.0,2458977000.0,0.031,2805720000.0,76148000.0,840649000.0,1292304750.0,5443101000.0,0.0,0.0,0.0,12115813000.0,10875264000.0,1240549000.0,10035194041.0,167808000.0,-45380000.0,-685046000.0,-7481000.0,-117624000.0,-787722000.0,-212418000.0,0.0,1167948000.0,0.0,706624000.0,706624000.0,706624000.0,-9129000.0,0.0,0.009,1269457000.0,1189520000.0,9191428000.0,0.166,3.5,14.202,14.39,672862000.0,0.0,37.27,0.128,0.129,3793850000.0,4055664000.0,78695659000.0,78695659000.0,0.0,0.048,0.232,0.931,0.015,27279000.0,1138022000.0,1.0,269256615.0,272471000.0,277717000.0,288.822,12176951000.0,0.0,420494000.0,838718000.0,44.691,499777000.0
40,ABC,MRT,2011-06-30,2011-06-30,2011-06-30,2021-08-04,-22488000.0,14855729000.0,14525976750.0,11121305000.0,3734424000.0,5.462,11.712,-171380000.0,2000453000.0,2000453000.0,76865351000.0,700528000.0,1.111,3.638,1362064000.0,175000.0,1361889000.0,1362064000.0,0.0,86211000.0,0.0,0.01,0.395,1201992000.0,1288203000.0,0.016,1288203000.0,1201992000.0,1127241000.0,2.54,2.5,2.54,3203080000.0,3063103250.0,3203080000.0,10772481595.0,9.0,8.362,1185698000.0,4.335,1.0,2482391000.0,0.031,2843931000.0,74751000.0,1365624000.0,1424281000.0,5157796000.0,0.0,0.0,0.0,11652649000.0,10007785000.0,1644864000.0,11342058595.0,689737000.0,0.0,-372213000.0,8793000.0,-109236000.0,-488532000.0,-178809000.0,0.0,1357078000.0,0.0,700528000.0,700528000.0,700528000.0,-6946000.0,0.0,0.009,1284944000.0,1197447000.0,8893332000.0,0.156,3.541,16.191,16.299,761988000.0,0.0,41.4,0.143,0.143,3907112000.0,3939044000.0,79347742000.0,79347742000.0,0.0,0.048,0.229,0.844,0.015,27538000.0,1184786000.0,1.0,273962768.0,273492000.0,279015000.0,290.128,12011798000.0,0.0,426713000.0,781852000.0,43.92,1113520000.0
41,ABC,MRT,2011-03-31,2011-03-31,2011-03-31,2021-08-04,-26707000.0,14681016000.0,14312990750.0,10956246000.0,3724770000.0,5.505,11.421,-181945000.0,1912436000.0,1912436000.0,76371660000.0,679314000.0,1.101,3.686,1342859000.0,278000.0,1342581000.0,1342859000.0,0.0,80130000.0,0.0,0.009,0.36,1166261000.0,1246391000.0,0.016,1246391000.0,1166261000.0,1092214000.0,2.45,2.41,2.45,3133030000.0,2995131000.0,3133030000.0,10845075071.0,9.0,8.701,1157490000.0,4.22,1.0,2417180000.0,0.031,2846206000.0,74047000.0,1315061000.0,1512937750.0,5195946000.0,0.0,0.0,0.0,11547986000.0,9950172000.0,1597814000.0,10843181071.0,712564000.0,0.0,-312685000.0,-7930000.0,-100139000.0,-436630000.0,-190241000.0,0.0,1339435000.0,0.0,679314000.0,679314000.0,679314000.0,-6946000.0,0.0,0.009,1255038000.0,1162142000.0,8909481000.0,0.147,3.461,15.962,16.147,755155000.0,0.0,39.56,0.138,0.138,3802240000.0,3786274000.0,78788840000.0,78788840000.0,0.0,0.047,0.227,0.771,0.015,25380000.0,1165268000.0,1.0,274094567.0,274319000.0,279766000.0,287.216,11834810000.0,0.0,412900000.0,739730000.0,43.143,1006074000.0
42,ABC,MRT,2010-12-31,2010-12-31,2010-12-31,2021-08-04,-35834000.0,14132319000.0,14098308750.0,10428173000.0,3704146000.0,5.556,10.747,-183726000.0,1400895000.0,1400895000.0,75987298000.0,645941000.0,1.082,3.771,1402789000.0,115379000.0,1287410000.0,1402789000.0,0.0,74869000.0,0.0,0.01,0.34,1111829000.0,1186698000.0,0.015,1186698000.0,1111829000.0,1037559000.0,2.31,2.27,2.31,2962006000.0,2919854000.0,2962006000.0,9114383605.0,8.0,7.68,867387000.0,3.147,1.0,2341912000.0,0.03,2845423000.0,74270000.0,1647885000.0,1609269750.0,5440751000.0,0.0,0.0,0.0,11170313000.0,9640905000.0,1529408000.0,9428985605.0,421328000.0,0.0,-361807000.0,35121000.0,-95208000.0,-437770000.0,-192015000.0,0.0,1051113000.0,0.0,645941000.0,645941000.0,645941000.0,-6946000.0,0.0,0.008,1233934000.0,1107978000.0,8467004000.0,0.147,3.183,14.597,14.771,736812000.0,0.0,34.12,0.12,0.12,3551315000.0,3598651000.0,78329210000.0,78329210000.0,0.0,0.046,0.221,0.691,0.014,29653000.0,1148627000.0,1.0,276347761.0,275605000.0,280693000.0,284.208,11286896000.0,0.0,391618000.0,720061000.0,40.953,787268000.0
43,ABC,MRT,2010-09-30,2010-09-30,2010-09-30,2021-08-04,-42536000.0,14434843000.0,13954296750.0,10748350000.0,3686493000.0,5.574,10.467,-176209000.0,1658182000.0,1658182000.0,75451410000.0,636748000.0,1.085,3.886,1343580000.0,422000.0,1343158000.0,1343580000.0,0.0,70172000.0,0.0,0.01,0.32,1095501000.0,1165673000.0,0.015,1165673000.0,1095501000.0,1023108000.0,2.26,2.22,2.26,2954297000.0,2864567750.0,2954297000.0,8598606017.0,8.0,7.377,932415000.0,3.303,1.0,2325050000.0,0.03,2845343000.0,72393000.0,1368554000.0,1660264250.0,5210098000.0,0.0,0.0,0.0,11480546000.0,9906344000.0,1574202000.0,8549152017.0,648814000.0,0.0,-337637000.0,168696000.0,-90622000.0,-275439000.0,-184371000.0,0.0,1108624000.0,0.0,636748000.0,636748000.0,636748000.0,-6946000.0,0.0,0.008,1233123000.0,1091927000.0,8833285000.0,0.142,2.894,13.426,13.566,711712000.0,0.0,30.66,0.11,0.111,3827484000.0,3465886000.0,77776460000.0,77776460000.0,0.0,0.046,0.222,0.66,0.014,30049000.0,1150833000.0,1.0,278837313.0,282258000.0,287246000.0,275.551,11589500000.0,0.0,386360000.0,703621000.0,41.06,842006000.0
44,ABC,MRT,2010-06-30,2010-06-30,2010-06-30,2021-08-04,-50159000.0,14003785000.0,13738771000.0,10338003000.0,3665782000.0,5.601,10.424,-175810000.0,1310716000.0,1310716000.0,74652328000.0,625667000.0,1.09,3.778,1360170000.0,489000.0,1359681000.0,1360170000.0,0.0,80123000.0,0.0,0.009,0.3,1078793000.0,1158916000.0,0.015,1158916000.0,1078793000.0,1009395000.0,2.19,2.16,2.19,2931191000.0,2805110750.0,2931191000.0,9129156541.0,8.0,7.877,736885000.0,2.621,1.0,2302341000.0,0.03,2846301000.0,69398000.0,1720251000.0,1668800500.0,5096601000.0,0.0,0.0,0.0,11072594000.0,9486687000.0,1585907000.0,8970020541.0,397792000.0,-2996000.0,-389802000.0,138672000.0,-85078000.0,-336208000.0,-178695000.0,0.0,912695000.0,0.0,625667000.0,625667000.0,625667000.0,0.0,0.0,0.008,1221147000.0,1081194000.0,8452112000.0,0.137,3.06,14.337,14.498,688184000.0,0.0,31.75,0.117,0.116,3887827000.0,3346975000.0,76954669000.0,76954669000.0,0.0,0.046,0.223,0.646,0.014,30873000.0,1140589000.0,1.0,282520332.0,281195000.0,286693000.0,273.67,11157484000.0,0.0,383728000.0,703019000.0,39.679,851316000.0
45,ABC,MRT,2010-03-31,2010-03-31,2010-03-31,2021-08-04,-38293000.0,13822288000.0,13421762500.0,10167030000.0,3655258000.0,5.644,10.045,-165179000.0,1199872000.0,1199872000.0,73513254000.0,581269000.0,1.079,3.881,1359008000.0,503000.0,1358505000.0,1359008000.0,0.0,78088000.0,0.0,0.009,0.27,1003901000.0,1081989000.0,0.014,1081989000.0,1003901000.0,937752000.0,2.01,1.99,2.01,2831922000.0,2768392500.0,2831922000.0,8562799604.0,9.0,7.914,932559000.0,3.308,1.0,2233194000.0,0.029,2854637000.0,66149000.0,1700389000.0,1631494000.0,4980895000.0,0.0,0.0,0.0,10990366000.0,9426398000.0,1563968000.0,8166517604.0,544543000.0,-16418000.0,-443523000.0,149443000.0,-77652000.0,-371732000.0,-181463000.0,0.0,1097738000.0,0.0,581269000.0,581269000.0,581269000.0,6327000.0,0.0,0.008,1221053000.0,1012141000.0,8434934000.0,0.134,2.884,14.049,14.388,665801000.0,0.0,28.92,0.108,0.108,3948478000.0,3206322000.0,75746448000.0,75746448000.0,0.0,0.043,0.21,0.615,0.013,29330000.0,1128735000.0,1.0,282383043.0,281926000.0,287162000.0,268.675,10967651000.0,0.0,356483000.0,678792000.0,38.903,740632000.0
46,ABC,MRT,2009-12-31,2009-12-31,2009-12-31,2021-08-04,-42818000.0,13556271000.0,13103619500.0,9916131000.0,3640140000.0,5.629,9.552,-145959000.0,979567000.0,979567000.0,71583875000.0,543648000.0,1.073,3.946,1375849000.0,593000.0,1375256000.0,1375849000.0,0.0,76619000.0,0.0,0.009,0.24,940049000.0,1016668000.0,0.014,1016668000.0,940049000.0,878658000.0,1.84,1.83,1.84,2740861000.0,2750086000.0,2740861000.0,7679004283.0,8.0,7.553,900481000.0,3.138,1.0,2173597000.0,0.029,2857242000.0,61391000.0,1851863000.0,1639282750.0,5361851000.0,0.0,0.0,0.0,10815410000.0,9243448000.0,1571962000.0,7510371283.0,508650000.0,-16418000.0,-455473000.0,150207000.0,-70274000.0,-375540000.0,-162250000.0,0.0,1046440000.0,0.0,543648000.0,543648000.0,543648000.0,6982000.0,0.0,0.007,1224921000.0,948676000.0,8225557000.0,0.13,2.74,13.815,14.168,641909000.0,0.0,26.07,0.102,0.101,3540919000.0,3047918000.0,73757472000.0,73757472000.0,0.0,0.041,0.198,0.573,0.013,26940000.0,1128453000.0,1.0,288084821.0,286955000.0,291287000.0,257.035,10699029000.0,0.0,335010000.0,661468000.0,37.285,672683000.0
47,ABC,MRT,2009-09-30,2009-09-30,2009-09-30,2021-08-04,-46096000.0,13572740000.0,12854838250.0,9953753000.0,3618987000.0,5.582,9.038,-145729000.0,1009368000.0,1009368000.0,69659915000.0,503397000.0,1.05,3.996,1178001000.0,1068000.0,1176933000.0,1178001000.0,0.0,74612000.0,0.0,0.009,0.21,873926000.0,948538000.0,0.013,948538000.0,873926000.0,815619000.0,1.67,1.66,1.67,2716469000.0,2743825000.0,2716469000.0,6930627181.0,8.0,7.307,638034000.0,2.123,1.0,2100075000.0,0.029,2859064000.0,58307000.0,1402699000.0,1655682750.0,4972820000.0,0.0,0.0,0.0,10856271000.0,9479610000.0,1376661000.0,6652616181.0,131254000.0,-1482000.0,-428284000.0,-13180000.0,-62696000.0,-504160000.0,-148349000.0,0.0,783763000.0,0.0,503397000.0,503397000.0,503397000.0,8455000.0,0.0,0.007,1216326000.0,883749000.0,8517162000.0,0.126,2.449,13.215,13.401,619238000.0,0.0,22.38,0.093,0.094,3916509000.0,2919760000.0,71759990000.0,71759990000.0,0.0,0.039,0.183,0.528,0.012,27138000.0,1120240000.0,1.0,297257202.0,300573000.0,302754000.0,238.744,10713676000.0,0.0,312222000.0,645723000.0,35.644,474143000.0
48,ABC,MRT,2009-06-30,2009-06-30,2009-06-30,2021-08-04,-20983000.0,12735751000.0,12516099750.0,9138380000.0,3597371000.0,5.609,9.328,-157306000.0,912924000.0,912924000.0,68112778000.0,488157000.0,1.064,3.574,1190935000.0,710000.0,1190225000.0,1190935000.0,0.0,72170000.0,0.0,0.011,0.188,850586000.0,922756000.0,0.013,922756000.0,850586000.0,793815000.0,1.59,1.59,1.59,2784318000.0,2742219000.0,2784318000.0,5861954175.0,7.0,6.353,787267000.0,2.638,1.0,2088995000.0,0.03,2855763000.0,56771000.0,1571025000.0,1676470000.0,4424228000.0,0.0,0.0,0.0,9951433000.0,8586974000.0,1364459000.0,5357237175.0,329838000.0,-5496000.0,-379864000.0,-14098000.0,-57850000.0,-450445000.0,-164290000.0,0.0,944573000.0,0.0,488157000.0,488157000.0,488157000.0,8610000.0,0.0,0.007,1229799000.0,859196000.0,7700516000.0,0.118,1.924,10.974,11.157,595045000.0,0.0,17.74,0.076,0.075,3746643000.0,2806404000.0,70201773000.0,70201773000.0,0.0,0.039,0.178,0.507,0.012,26504000.0,1126658000.0,1.0,301986312.0,298477000.0,300592000.0,235.2,9879988000.0,0.0,305658000.0,596016000.0,33.101,551406000.0
49,ABC,MRT,2009-03-31,2009-03-31,2009-03-31,2021-08-04,-27731000.0,12549716000.0,12329247000.0,9005379000.0,3544337000.0,5.662,9.121,-148875000.0,655329000.0,655329000.0,67736723000.0,261330000.0,1.062,3.549,1160046000.0,695000.0,1159351000.0,1160046000.0,0.0,73591000.0,0.0,0.011,0.175,620084000.0,693675000.0,0.01,693675000.0,620084000.0,561999000.0,0.85,0.85,0.85,2758696000.0,2727130750.0,2758696000.0,5689118187.0,9.0,8.201,528329000.0,1.747,1.0,2067817000.0,0.03,2844783000.0,58085000.0,1731544000.0,1720588000.0,4578950000.0,0.0,0.0,0.0,9791020000.0,8478106000.0,1312914000.0,4973386187.0,63969000.0,7913000.0,-397775000.0,-19682000.0,-54813000.0,-471532000.0,-141703000.0,0.0,677204000.0,0.0,261330000.0,261330000.0,261330000.0,223068000.0,0.0,0.004,1224665000.0,843152000.0,7651455000.0,0.206,1.803,19.031,19.212,576645000.0,0.0,16.33,0.071,0.071,3734251000.0,2702724000.0,69804540000.0,69804540000.0,0.0,0.021,0.096,0.36,0.009,25478000.0,1120322000.0,1.0,304555186.0,302446000.0,304584000.0,230.8,9704933000.0,0.0,300669000.0,574365000.0,32.088,527273000.0
50,ABC,MRT,2008-12-31,2008-12-31,2008-12-31,2021-08-04,-26556000.0,12561146000.0,12335062000.0,9007069000.0,3554077000.0,5.695,8.801,-150458000.0,470917000.0,470917000.0,68196093000.0,251795000.0,1.059,3.625,1186649000.0,1310000.0,1185339000.0,1186649000.0,0.0,74612000.0,0.0,0.009,0.163,609994000.0,684606000.0,0.01,684606000.0,609994000.0,547729000.0,0.795,0.79,0.795,2715817000.0,2774406500.0,2715817000.0,5881778659.0,10.0,8.591,383275000.0,1.242,1.0,2052634000.0,0.029,2852618000.0,62265000.0,1917463000.0,1721930500.0,4963704000.0,0.0,0.0,0.0,9845329000.0,8506797000.0,1338532000.0,5570761659.0,-53222000.0,8212000.0,-375118000.0,-16952000.0,-51747000.0,-443828000.0,-143127000.0,0.0,533733000.0,0.0,251795000.0,251795000.0,251795000.0,221389000.0,0.0,0.004,1222243000.0,830391000.0,7655869000.0,0.205,2.051,22.124,22.428,572444000.0,0.0,17.83,0.079,0.078,3537704000.0,2574563000.0,70248727000.0,70248727000.0,0.0,0.02,0.091,0.354,0.009,25460000.0,1120649000.0,1.0,312437558.0,308594000.0,310178000.0,227.641,9708528000.0,0.0,295934000.0,593923000.0,31.461,500272000.0
51,ABC,MRT,2008-09-30,2008-09-30,2008-09-30,2021-08-04,-16490000.0,12217786000.0,12347714750.0,8669761000.0,3548025000.0,5.684,8.435,-134289000.0,878114000.0,878114000.0,68142731000.0,250559000.0,1.061,3.508,1189131000.0,1719000.0,1187412000.0,1189131000.0,0.0,75239000.0,0.0,0.008,0.15,607329000.0,682568000.0,0.01,682568000.0,607329000.0,542833000.0,0.78,0.77,0.78,2710045000.0,2816747750.0,2710045000.0,6616058969.0,11.0,9.693,602780000.0,1.876,1.0,2047002000.0,0.029,2875366000.0,64496000.0,1485848000.0,1687240750.0,4211775000.0,0.0,0.0,0.0,9507741000.0,8167589000.0,1340152000.0,5966073969.0,237910000.0,-169230000.0,-595290000.0,-18453000.0,-48674000.0,-662580000.0,163421000.0,467419000.0,737069000.0,0.0,250559000.0,250559000.0,250559000.0,218505000.0,0.0,0.004,1221168000.0,825834000.0,7326580000.0,0.192,2.201,23.811,24.135,552159000.0,0.0,18.825,0.085,0.086,3480267000.0,2479078000.0,70189733000.0,70189733000.0,0.0,0.02,0.089,0.36,0.009,25503000.0,1119393000.0,1.0,316922920.0,321284000.0,324920000.0,218.466,9342420000.0,0.0,292274000.0,550708000.0,29.078,502172000.0
52,ABC,MRT,2008-06-30,2008-06-30,2008-06-30,2021-08-04,-8071000.0,11988340000.0,12370784250.0,8447791000.0,3540549000.0,5.604,8.537,-109822000.0,583086000.0,583086000.0,67303074000.0,223228000.0,1.073,3.401,1233071000.0,1872000.0,1231199000.0,1233071000.0,0.0,76620000.0,0.0,0.042,0.836,562058000.0,638678000.0,0.009,638678000.0,562058000.0,503057000.0,0.67,0.655,0.67,2723965000.0,2914166500.0,2723965000.0,7072964542.0,13.0,11.074,240710000.0,0.754,1.0,2021292000.0,0.029,3019326000.0,59001000.0,1747497000.0,1888283250.0,4116250000.0,0.0,0.0,0.0,9264375000.0,7871502000.0,1392873000.0,6438940542.0,96077000.0,-162834000.0,-1021867000.0,136836000.0,-45482000.0,-934156000.0,679701000.0,954200000.0,350532000.0,0.0,223228000.0,223228000.0,223228000.0,240526000.0,0.0,0.003,1219700000.0,801592000.0,7039074000.0,1.248,2.364,28.845,29.843,521223000.0,0.0,19.995,0.093,0.092,3667083000.0,2376097000.0,69324366000.0,69324366000.0,0.0,0.018,0.077,0.298,0.008,25147000.0,1129638000.0,1.0,322027534.0,319064000.0,322234000.0,217.274,8969014000.0,0.0,279829000.0,526287000.0,28.11,576289000.0
53,ABC,MRT,2008-03-31,2008-03-31,2008-03-31,2021-08-04,-8064000.0,12572976000.0,12596504250.0,8808756000.0,3764220000.0,5.372,9.142,-103908000.0,591360000.0,591360000.0,65577626000.0,461156000.0,1.07,3.265,1225384000.0,1616000.0,1223768000.0,1225384000.0,0.0,74647000.0,0.0,0.04,0.824,789454000.0,864101000.0,0.013,864101000.0,789454000.0,740106000.0,1.36,1.34,1.36,2947799000.0,3167135000.0,2947799000.0,7391227724.0,9.0,8.554,485472000.0,1.506,1.0,2094050000.0,0.031,3235121000.0,49348000.0,1736914000.0,2092614250.0,4528110000.0,0.0,0.0,0.0,9625177000.0,8234965000.0,1390212000.0,6663595724.0,-187022000.0,-103824000.0,-1392920000.0,126028000.0,-42715000.0,-1312858000.0,536456000.0,830455000.0,589380000.0,0.0,461156000.0,461156000.0,461156000.0,15714000.0,0.0,0.007,1289874000.0,804176000.0,7396677000.0,0.606,2.261,14.45,15.066,529099000.0,0.0,20.49,0.098,0.098,3648094000.0,2496207000.0,67671676000.0,67671676000.0,0.0,0.037,0.146,0.377,0.012,27603000.0,1200395000.0,1.0,325212090.0,322436000.0,326536000.0,209.876,9337855000.0,0.0,278950000.0,529397000.0,28.96,573791000.0
54,ABC,MRT,2007-12-31,2007-12-31,2007-12-31,2021-08-04,-8035000.0,12611757000.0,12849953250.0,8838836000.0,3772921000.0,5.17,8.748,-103221000.0,524139000.0,524139000.0,64265174000.0,456800000.0,1.063,3.371,1251771000.0,1487000.0,1250284000.0,1251771000.0,0.0,75486000.0,0.0,0.036,0.811,772953000.0,848439000.0,0.013,848439000.0,772953000.0,732417000.0,1.29,1.27,1.29,2885182000.0,3453856250.0,2885182000.0,8123986935.0,11.0,9.575,715782000.0,2.17,1.0,2163205000.0,0.033,3249174000.0,40536000.0,1778704000.0,2316142750.0,4822362000.0,0.0,0.0,0.0,9726575000.0,8311511000.0,1415064000.0,7536416935.0,-274250000.0,-105229000.0,-1333167000.0,131743000.0,-40088000.0,-1244329000.0,151076000.0,445653000.0,819003000.0,0.0,456800000.0,456800000.0,456800000.0,16738000.0,0.0,0.007,1373138000.0,790067000.0,7414854000.0,0.629,2.612,16.498,17.391,523747000.0,0.0,22.435,0.113,0.111,3461562000.0,2374515000.0,66428379000.0,66428379000.0,0.0,0.036,0.132,0.334,0.012,26588000.0,1284226000.0,1.0,335922306.0,329810000.0,334124000.0,201.414,9362583000.0,0.0,275617000.0,562433000.0,28.388,527325000.0
55,ABC,MRT,2007-09-30,2007-09-30,2007-09-30,2021-08-04,-5247000.0,12310064000.0,12957743500.0,8937852000.0,3372212000.0,5.068,8.369,-103201000.0,640204000.0,640204000.0,63453013000.0,469167000.0,1.137,2.971,1227553000.0,476000.0,1227077000.0,1227553000.0,0.0,76680000.0,0.0,0.035,0.799,780097000.0,856777000.0,0.013,856777000.0,780097000.0,747853000.0,1.27,1.25,1.27,3099720000.0,3717378500.0,3099720000.0,8893864292.0,11.0,10.381,1104703000.0,2.983,1.0,2219059000.0,0.034,2743285000.0,32244000.0,2290018000.0,2490703500.0,4097811000.0,467419000.0,467419000.0,0.0,9210344000.0,7864110000.0,1346234000.0,8167317292.0,-621064000.0,-86266000.0,-1339765000.0,226753000.0,-37249000.0,-1154531000.0,-674437000.0,-399579000.0,1207904000.0,0.0,469167000.0,469167000.0,469167000.0,5636000.0,0.0,0.007,1433326000.0,785733000.0,6964594000.0,0.629,2.635,17.408,17.846,493647000.0,0.0,22.665,0.124,0.128,3415772000.0,2286489000.0,65672072000.0,65672072000.0,0.0,0.036,0.126,0.313,0.012,24059000.0,1339885000.0,1.0,360349318.0,370362000.0,375772000.0,177.319,9566779000.0,0.0,278686000.0,538513000.0,25.831,1073742000.0
56,ABC,MRT,2007-06-30,2007-06-30,2007-06-30,2021-08-04,-9371000.0,12891220000.0,13076207500.0,9150181000.0,3741039000.0,4.958,10.087,-91440000.0,487009000.0,487009000.0,62587005000.0,503569000.0,1.167,2.451,1213556000.0,621000.0,1212935000.0,1213556000.0,0.0,74018000.0,0.0,0.004,0.088,805168000.0,879186000.0,0.014,879186000.0,805168000.0,781631000.0,1.32,1.3,1.32,3735839000.0,3977737750.0,3735839000.0,9874399512.0,12.0,11.231,911477000.0,2.461,1.0,2247185000.0,0.035,3212052000.0,23537000.0,2564821000.0,2441996000.0,4129002000.0,954200000.0,954200000.0,0.0,9155381000.0,7840894000.0,1314487000.0,9452810512.0,-1148036000.0,-133158000.0,-989266000.0,114750000.0,-33540000.0,-910544000.0,-1240409000.0,-930905000.0,1002917000.0,0.0,503569000.0,503569000.0,503569000.0,-37576000.0,0.0,0.008,1478648000.0,768537000.0,6887324000.0,0.067,2.53,18.772,18.739,528987000.0,0.0,24.735,0.146,0.141,3549026000.0,2404288000.0,64834190000.0,64834190000.0,0.0,0.039,0.127,0.33,0.012,22758000.0,1371530000.0,1.0,382163352.0,370344000.0,375902000.0,175.065,9679168000.0,0.0,278062000.0,559291000.0,26.136,1309287000.0
57,ABC,MRT,2007-03-31,2007-03-31,2007-03-31,2021-08-04,-16564000.0,13586772000.0,13070163000.0,9874810000.0,3711962000.0,4.91,10.846,-57576000.0,778382000.0,778382000.0,61942968000.0,493129000.0,1.206,2.318,1199971000.0,833000.0,1199138000.0,1199971000.0,0.0,76567000.0,0.0,0.003,0.075,790557000.0,867124000.0,0.014,867124000.0,790557000.0,773917000.0,1.26,1.245,1.26,4094684000.0,4101348000.0,4094684000.0,10407906315.0,13.0,12.003,757858000.0,2.007,1.0,2233561000.0,0.035,3186390000.0,16640000.0,2631028000.0,2251696000.0,4602195000.0,830455000.0,830455000.0,0.0,9492088000.0,8190943000.0,1301145000.0,9994202315.0,-192171000.0,-210028000.0,-865565000.0,117774000.0,-29324000.0,-780984000.0,-226621000.0,34662000.0,815434000.0,0.0,493129000.0,493129000.0,493129000.0,-33549000.0,0.0,0.008,1475521000.0,758040000.0,7301994000.0,0.06,2.441,20.267,20.933,525572000.0,0.0,26.375,0.156,0.155,3633713000.0,2283702000.0,64176529000.0,64176529000.0,0.0,0.038,0.12,0.351,0.012,20406000.0,1376069000.0,1.0,378927102.0,377544000.0,383594000.0,169.984,10400382000.0,0.0,280788000.0,567895000.0,27.547,1683867000.0
58,ABC,MRT,2006-12-31,2006-12-31,2006-12-31,2021-08-04,-16371000.0,13042918000.0,12868862000.0,9331881000.0,3711037000.0,4.887,10.238,-62342000.0,798389000.0,798389000.0,60696786000.0,492634000.0,1.198,2.311,1212093000.0,1155000.0,1210938000.0,1212093000.0,0.0,75430000.0,0.0,0.003,0.062,774202000.0,849632000.0,0.014,849632000.0,774202000.0,760107000.0,1.225,1.21,1.225,3939271000.0,4194325000.0,3939271000.0,8470522589.0,11.0,9.97,802287000.0,2.085,1.0,2187881000.0,0.035,3192353000.0,14095000.0,2476947000.0,2250402000.0,4628473000.0,445653000.0,445653000.0,0.0,9103647000.0,7787322000.0,1316325000.0,8636299589.0,1923000.0,-358648000.0,-839676000.0,156965000.0,-25044000.0,-712006000.0,-150700000.0,263969000.0,864629000.0,0.0,492634000.0,492634000.0,492634000.0,-33960000.0,0.0,0.008,1452809000.0,735072000.0,6766052000.0,0.051,2.192,17.531,18.351,518684000.0,0.0,22.48,0.137,0.138,3422833000.0,2163741000.0,62884667000.0,62884667000.0,0.0,0.038,0.117,0.344,0.012,18186000.0,1351815000.0,1.0,384177028.0,384782000.0,389940000.0,163.429,9850565000.0,0.0,267473000.0,624869000.0,25.6,1544559000.0
59,ABC,MRT,2006-09-30,2006-09-30,2006-09-30,2021-08-04,-15303000.0,12783920000.0,12752102000.0,9210407000.0,3573513000.0,4.769,10.1,-62232000.0,1261268000.0,1261268000.0,58690805000.0,467714000.0,1.235,2.087,1095491000.0,1560000.0,1093931000.0,1095491000.0,0.0,76018000.0,0.0,0.002,0.05,730522000.0,806540000.0,0.013,806540000.0,730522000.0,718058000.0,1.14,1.125,1.14,4141157000.0,4289435500.0,4141157000.0,8537127021.0,12.0,10.585,745033000.0,1.817,1.0,2121616000.0,0.035,3063767000.0,12464000.0,2095188000.0,2157395250.0,4422055000.0,67840000.0,67840000.0,0.0,8642763000.0,7459188000.0,1183575000.0,9110710021.0,294715000.0,-296224000.0,-581200000.0,134888000.0,-20595000.0,-469848000.0,-42702000.0,309433000.0,807265000.0,0.0,467714000.0,467714000.0,467714000.0,-33251000.0,0.0,0.008,1428732000.0,692884000.0,6499264000.0,0.044,2.2,19.479,19.825,509746000.0,0.0,22.6,0.15,0.152,3427139000.0,2051212000.0,60812421000.0,60812421000.0,0.0,0.037,0.109,0.339,0.012,15975000.0,1326713000.0,1.0,403128762.0,410018000.0,414892000.0,148.316,9720153000.0,0.0,250344000.0,554453000.0,23.707,1751219000.0
60,ABC,MRT,2006-06-30,2006-06-30,2006-06-30,2021-08-04,-25115000.0,12867042000.0,12401415500.0,9304575000.0,3562467000.0,4.796,10.326,-78940000.0,1658340000.0,1658340000.0,57310400000.0,365237000.0,1.251,2.042,1084757000.0,2545000.0,1082212000.0,1084757000.0,0.0,79850000.0,0.0,0.002,0.044,600154000.0,680004000.0,0.011,680004000.0,600154000.0,577527000.0,0.885,0.875,0.885,4230280000.0,4324235500.0,4230280000.0,8827849149.0,15.0,12.982,1081823000.0,2.641,1.0,2168094000.0,0.036,3049844000.0,22627000.0,1803621000.0,2242726250.0,4471178000.0,0.0,0.0,0.0,8636762000.0,7439994000.0,1196768000.0,8798998149.0,950474000.0,-238662000.0,-309931000.0,116978000.0,-18176000.0,-228762000.0,18473000.0,328493000.0,1160763000.0,0.0,365237000.0,365237000.0,365237000.0,2140000.0,0.0,0.006,1460506000.0,707588000.0,6529909000.0,0.05,2.08,24.091,23.684,512623000.0,0.0,20.96,0.148,0.144,3146606000.0,1934257000.0,59478494000.0,59478494000.0,0.0,0.029,0.084,0.268,0.01,11256000.0,1351240000.0,1.0,419799530.0,409660000.0,414670000.0,145.19,9817198000.0,0.0,212290000.0,525788000.0,23.964,1864581000.0
61,ABC,MRT,2006-03-31,2006-03-31,2006-03-31,2021-08-04,-25573000.0,12781568000.0,12036395250.0,9205113000.0,3576455000.0,4.787,10.734,-133861000.0,1051725000.0,1051725000.0,55511161000.0,340546000.0,1.291,1.862,1080576000.0,3043000.0,1077533000.0,1080576000.0,0.0,77644000.0,0.0,0.002,0.037,574647000.0,652291000.0,0.011,652291000.0,574647000.0,540165000.0,0.825,0.81,0.825,4466592000.0,4312756750.0,4466592000.0,9635948308.0,17.0,14.772,902409000.0,2.169,1.0,2112984000.0,0.037,3052114000.0,34482000.0,2625852000.0,2318858250.0,4353870000.0,783945000.0,783945000.0,0.0,8314976000.0,7132453000.0,1182523000.0,10089360308.0,116866000.0,-223661000.0,-26677000.0,18077000.0,-15681000.0,-40617000.0,-878787000.0,-521265000.0,1036270000.0,0.0,340546000.0,340546000.0,340546000.0,7207000.0,0.0,0.006,1425632000.0,687352000.0,6319118000.0,0.045,2.259,29.627,29.255,524341000.0,0.0,24.135,0.175,0.174,2990279000.0,1819895000.0,57624145000.0,57624145000.0,0.0,0.028,0.079,0.248,0.01,6591000.0,1314958000.0,1.0,418038546.0,416100000.0,421542000.0,138.486,9729454000.0,0.0,199619000.0,478970000.0,23.382,2072660000.0
62,ABC,MRT,2005-12-31,2005-12-31,2005-12-31,2021-08-04,-24877000.0,12575878000.0,11749206250.0,9166460000.0,3409418000.0,4.732,10.371,-146043000.0,1506088000.0,1506088000.0,53539662000.0,310967000.0,1.29,1.911,1052676000.0,1243000.0,1051433000.0,1052676000.0,0.0,77887000.0,0.0,0.001,0.031,547834000.0,625721000.0,0.011,625721000.0,547834000.0,506177000.0,0.74,0.73,0.74,4319713000.0,4236607000.0,4319713000.0,8269810979.0,15.0,13.216,1488369000.0,3.574,1.0,2053971000.0,0.037,2911439000.0,41657000.0,2104920000.0,2160285500.0,4972288000.0,0.0,0.0,0.0,8256165000.0,7106107000.0,1150058000.0,8632782979.0,266927000.0,-73737000.0,-445905000.0,-7100000.0,-13180000.0,-482190000.0,-885295000.0,-665515000.0,1634412000.0,0.0,310967000.0,310967000.0,310967000.0,9909000.0,0.0,0.006,1384904000.0,669067000.0,6307065000.0,0.042,1.998,27.761,27.973,497979000.0,0.0,20.7,0.155,0.155,2663779000.0,1696148000.0,55593633000.0,55593633000.0,0.0,0.026,0.073,0.254,0.01,2998000.0,1271091000.0,1.0,417042656.0,416500000.0,420698000.0,133.478,9664439000.0,0.0,195210000.0,476010000.0,23.204,2060353000.0
63,ABC,MRT,2005-09-30,2005-09-30,2005-09-30,2021-08-04,-24814000.0,11381174000.0,11432804250.0,7987692000.0,3393482000.0,4.774,10.127,-199157000.0,966553000.0,966553000.0,52597137000.0,264645000.0,1.32,1.659,952711000.0,1232000.0,951479000.0,952711000.0,0.0,76546000.0,0.0,0.001,0.025,498771000.0,575317000.0,0.011,575317000.0,498771000.0,441548000.0,0.625,0.62,0.625,4280357000.0,4209784750.0,4280357000.0,7887292326.0,16.0,13.709,1327481000.0,3.141,1.0,1980184000.0,0.036,2878724000.0,57223000.0,2436512000.0,2433475000.0,4003690000.0,349130000.0,349130000.0,0.0,7100817000.0,6052096000.0,1048721000.0,8023491326.0,95210000.0,10156000.0,-613697000.0,-286839000.0,-10598000.0,-929993000.0,-501435000.0,-312434000.0,1526638000.0,0.0,264645000.0,264645000.0,264645000.0,17105000.0,0.0,0.005,1343238000.0,636946000.0,5292253000.0,0.04,1.874,30.318,30.92,514758000.0,0.0,19.325,0.147,0.15,2640646000.0,1604093000.0,54577321000.0,54577321000.0,0.0,0.023,0.063,0.205,0.009,520000.0,1234057000.0,1.0,415187132.0,422668000.0,431080000.0,129.126,8502450000.0,0.0,176903000.0,422961000.0,20.116,1935596000.0
64,ABC,MRT,2005-06-30,2005-06-30,2005-06-30,2021-08-04,-13595000.0,11406961000.0,11501011500.0,8001915000.0,3405046000.0,4.698,10.08,-208603000.0,993731000.0,993731000.0,52084094000.0,337134000.0,1.276,1.726,857532000.0,1464000.0,856068000.0,857532000.0,0.0,75017000.0,0.0,0.001,0.025,629641000.0,704658000.0,0.013,704658000.0,629641000.0,558291000.0,0.782,0.772,0.782,4184365000.0,4224456750.0,4184365000.0,7010379472.0,11.0,9.949,1205656000.0,2.904,1.0,1949106000.0,0.036,2892278000.0,71350000.0,2108149000.0,2630315250.0,4533744000.0,0.0,0.0,0.0,7222596000.0,6270335000.0,952261000.0,7206007472.0,-218600000.0,-822000.0,-839852000.0,-295000000.0,-10773000.0,-1152087000.0,-480772000.0,-271347000.0,1414259000.0,0.0,337134000.0,337134000.0,337134000.0,17161000.0,0.0,0.006,1285899000.0,663207000.0,5467417000.0,0.032,1.722,21.374,22.107,512768000.0,0.0,17.288,0.133,0.133,2455124000.0,1587197000.0,54033200000.0,54033200000.0,0.0,0.029,0.08,0.239,0.012,1297000.0,1194229000.0,1.0,416833404.0,415128000.0,417680000.0,130.16,8514683000.0,0.0,221157000.0,458023000.0,20.511,1731580000.0
65,ABC,MRT,2005-03-31,2005-03-31,2005-03-31,2021-08-04,-13577000.0,11632812000.0,11709909000.0,8245901000.0,3386911000.0,4.548,9.49,-226853000.0,1153432000.0,1153432000.0,51238542000.0,368132000.0,1.258,1.795,957804000.0,101433000.0,856371000.0,957804000.0,0.0,74622000.0,0.0,0.002,0.025,698623000.0,773245000.0,0.015,773245000.0,698623000.0,611700000.0,0.833,0.82,0.833,4161993000.0,4276725000.0,4161993000.0,7061033294.0,10.0,9.132,1769216000.0,4.034,1.0,2019105000.0,0.038,2892896000.0,86923000.0,1991561000.0,2977619000.0,4623581000.0,0.0,0.0,0.0,7470819000.0,6552727000.0,918092000.0,6365211294.0,189923000.0,-20200000.0,-761242000.0,-518425000.0,-10971000.0,-1295682000.0,-510464000.0,-263411000.0,1996069000.0,0.0,368132000.0,368132000.0,368132000.0,13494000.0,0.0,0.007,1272191000.0,746914000.0,5655556000.0,0.03,1.529,17.291,17.194,494015000.0,0.0,14.322,0.12,0.118,2450124000.0,1495031000.0,53257647000.0,53257647000.0,0.0,0.031,0.086,0.235,0.013,1401000.0,1183087000.0,1.0,444420408.0,438580000.0,440936000.0,121.432,8739916000.0,0.0,243568000.0,456792000.0,19.928,1693174000.0
66,ABC,MRT,2004-12-31,2004-12-31,2004-12-31,2021-08-04,-13577000.0,11310270000.0,11908470500.0,7947422000.0,3362848000.0,4.486,9.976,-216585000.0,529539000.0,529539000.0,51321443000.0,410862000.0,1.343,1.685,1225361000.0,101395000.0,1123966000.0,1225361000.0,0.0,72020000.0,0.0,0.002,0.025,783632000.0,855652000.0,0.016,855652000.0,783632000.0,680357000.0,0.925,0.902,0.925,4212424000.0,4301965500.0,4212424000.0,6735394616.0,9.0,7.872,1185627000.0,2.808,1.0,2097798000.0,0.039,2892689000.0,103275000.0,3197678000.0,3467692250.0,5185239000.0,0.0,0.0,0.0,7097846000.0,5915725000.0,1182121000.0,6168266616.0,246314000.0,-66108000.0,-360224000.0,-533425000.0,-11023000.0,-909662000.0,-246236000.0,36334000.0,1402212000.0,0.0,410862000.0,410862000.0,410862000.0,11757000.0,0.0,0.008,1267612000.0,830186000.0,5017561000.0,0.027,1.464,15.013,15.859,470159000.0,0.0,14.67,0.115,0.116,2210474000.0,1411871000.0,53419241000.0,53419241000.0,0.0,0.035,0.096,0.226,0.015,1510000.0,1188304000.0,1.0,420468072.0,422244000.0,446428000.0,126.513,8417581000.0,0.0,269495000.0,466717000.0,19.935,2031697000.0
67,ABC,MRT,2004-09-30,2004-09-30,2004-09-30,2021-08-04,-13577000.0,11654003000.0,12033397500.0,8295389000.0,3358614000.0,4.414,9.719,-188942000.0,871343000.0,871343000.0,50954361000.0,468390000.0,1.359,1.686,1438471000.0,281360000.0,1157111000.0,1438471000.0,0.0,68071000.0,0.0,0.002,0.025,877119000.0,945190000.0,0.018,945190000.0,877119000.0,764415000.0,1.05,1.015,1.05,4339045000.0,4279075500.0,4339045000.0,6591969075.0,8.0,6.974,636139000.0,1.425,1.0,2166430000.0,0.041,2893350000.0,112704000.0,3223873000.0,3805346750.0,5135830000.0,0.0,0.0,0.0,7314958000.0,6103908000.0,1211050000.0,6039068075.0,71307000.0,-68882000.0,-130540000.0,-368425000.0,-11197000.0,-511552000.0,-242222000.0,15602000.0,825081000.0,0.0,468390000.0,468390000.0,468390000.0,6484000.0,0.0,0.009,1259235000.0,907195000.0,4947037000.0,0.024,1.392,12.893,12.788,465264000.0,0.0,13.428,0.114,0.113,2260973000.0,1350046000.0,53120791000.0,53120791000.0,0.0,0.039,0.109,0.23,0.017,2059000.0,1184529000.0,1.0,449753720.0,446468000.0,471116000.0,118.98,8760653000.0,0.0,296025000.0,456130000.0,19.622,2191481000.0
68,ABC,MRT,2004-06-30,2004-06-30,2004-06-30,2021-08-04,-14049000.0,12242551000.0,12129928000.0,8909094000.0,3333457000.0,4.313,9.811,-182869000.0,903171000.0,903171000.0,50076458000.0,495931000.0,1.39,1.787,1456072000.0,76350000.0,1379722000.0,1456072000.0,0.0,68960000.0,0.0,0.002,0.025,934056000.0,1003016000.0,0.019,1003016000.0,934056000.0,810104000.0,1.108,1.075,1.108,4393438000.0,4195643500.0,4393438000.0,7804503617.0,8.0,7.781,1625722000.0,3.63,1.0,2240181000.0,0.043,2890514000.0,123952000.0,3497364000.0,3984304500.0,5597240000.0,0.0,0.0,0.0,7849113000.0,6407574000.0,1441539000.0,6713593617.0,678348000.0,-86580000.0,20880000.0,-870710000.0,-11214000.0,-860794000.0,-269449000.0,0.0,1808591000.0,0.0,495931000.0,495931000.0,495931000.0,4357000.0,0.0,0.009,1280041000.0,960140000.0,5458916000.0,0.023,1.528,13.537,13.488,442943000.0,0.0,14.945,0.128,0.128,2391514000.0,1260838000.0,52316639000.0,52316639000.0,0.0,0.041,0.118,0.234,0.018,2715000.0,1202975000.0,1.0,449220048.0,447824000.0,472624000.0,116.824,9352037000.0,0.0,314173000.0,430943000.0,20.883,2501520000.0
69,ABC,MRT,2004-03-31,2004-03-31,2004-03-31,2021-08-04,-14049000.0,12427058000.0,12221733250.0,9148240000.0,3278818000.0,4.229,9.529,-140001000.0,663764000.0,663764000.0,49452405000.0,482702000.0,1.365,1.915,1754674000.0,356126000.0,1398548000.0,1754674000.0,0.0,65552000.0,0.0,0.002,0.025,924168000.0,989720000.0,0.019,989720000.0,924168000.0,789826000.0,1.083,1.05,1.083,4262955000.0,4069079000.0,4262955000.0,7623826024.0,8.0,7.703,852103000.0,1.905,1.0,2228492000.0,0.043,2864981000.0,134342000.0,3951854000.0,4469371000.0,5606439000.0,0.0,0.0,0.0,8164103000.0,6701133000.0,1462970000.0,6137256024.0,437808000.0,-125060000.0,37089000.0,-312923000.0,-11170000.0,-289235000.0,-265061000.0,0.0,992104000.0,0.0,482702000.0,482702000.0,482702000.0,2957000.0,0.0,0.009,1292461000.0,936031000.0,5499671000.0,0.023,1.44,12.714,12.622,413837000.0,0.0,13.67,0.119,0.118,2848634000.0,1137872000.0,51680897000.0,51680897000.0,0.0,0.039,0.119,0.207,0.018,2638000.0,1215958000.0,1.0,448958012.0,447388000.0,471784000.0,115.517,9562077000.0,0.0,307124000.0,435108000.0,21.373,2447107000.0
70,ABC,MRT,2003-12-31,2003-12-31,2003-12-31,2021-08-04,-14216000.0,11809978000.0,12195878500.0,8596361000.0,3213617000.0,4.14,9.222,-124857000.0,283225000.0,283225000.0,48262439000.0,456964000.0,1.451,1.866,1769795000.0,66392000.0,1703403000.0,1769795000.0,0.0,64134000.0,0.0,0.002,0.025,892630000.0,956764000.0,0.019,956764000.0,892630000.0,750760000.0,1.03,1.0,1.03,4120864000.0,3926328750.0,4120864000.0,7280636435.0,8.0,7.61,441909000.0,0.989,1.0,2229238000.0,0.044,2824798000.0,141870000.0,4548296000.0,4697870000.0,5658862000.0,0.0,0.0,0.0,7689114000.0,5923454000.0,1765660000.0,6296518435.0,-83551000.0,-110629000.0,37710000.0,-438989000.0,-11123000.0,-414708000.0,-235609000.0,0.0,566766000.0,0.0,456964000.0,456964000.0,456964000.0,2403000.0,0.0,0.009,1319566000.0,909672000.0,5024801000.0,0.024,1.528,13.779,13.629,388819000.0,0.0,14.037,0.125,0.124,2623384000.0,998525000.0,50491677000.0,50491677000.0,0.0,0.037,0.116,0.19,0.018,2422000.0,1239058000.0,1.0,448549844.0,446836000.0,472116000.0,112.998,8985180000.0,0.0,293796000.0,425389000.0,20.108,2672907000.0
71,ABC,MRT,2003-09-30,2003-09-30,2003-09-30,2021-08-04,-14217000.0,12040125000.0,12233177000.0,8858518000.0,3181607000.0,4.053,9.143,-89828000.0,800036000.0,800036000.0,47358426000.0,441229000.0,1.416,2.006,1784154000.0,61430000.0,1722724000.0,1784154000.0,0.0,65005000.0,0.0,0.002,0.025,872058000.0,937063000.0,0.019,937063000.0,872058000.0,727310000.0,1.008,0.973,1.008,4005317000.0,3751118750.0,4005317000.0,8123048515.0,9.0,8.669,264987000.0,0.605,1.0,2225613000.0,0.045,2828437000.0,144748000.0,3939704000.0,4740158000.0,5733837000.0,0.0,0.0,0.0,8034808000.0,6256102000.0,1778706000.0,6048174515.0,136696000.0,-111981000.0,40956000.0,-38989000.0,-10995000.0,-16310000.0,-201809000.0,0.0,354815000.0,0.0,441229000.0,441229000.0,441229000.0,1836000.0,0.0,0.009,1339484000.0,886129000.0,5393769000.0,0.025,1.51,13.708,13.405,353170000.0,0.0,13.512,0.122,0.119,2295437000.0,892853000.0,49584039000.0,49584039000.0,0.0,0.036,0.118,0.184,0.018,1880000.0,1261357000.0,1.0,447598484.0,438052000.0,463816000.0,113.192,9211688000.0,0.0,286081000.0,364814000.0,21.029,2602416000.0
72,ABC,MRT,2003-06-30,2003-06-30,2003-06-30,2021-08-04,-5943000.0,12609772000.0,12026398750.0,9470237000.0,3139535000.0,4.043,8.808,-74352000.0,224823000.0,224823000.0,46427053000.0,416659000.0,1.471,2.244,2299697000.0,60907000.0,2238790000.0,2299697000.0,0.0,61613000.0,0.0,0.001,0.025,829989000.0,891602000.0,0.018,891602000.0,829989000.0,688308000.0,0.963,0.93,0.963,3887180000.0,3578874000.0,3887180000.0,9491098258.0,11.0,10.645,-447208000.0,-1.013,1.0,2191612000.0,0.045,2808472000.0,141681000.0,5437630000.0,4679999750.0,6729477000.0,0.0,0.0,0.0,8722592000.0,6438544000.0,2284048000.0,7655316258.0,-138583000.0,-216108000.0,60759000.0,478296000.0,-10855000.0,524733000.0,-290460000.0,0.0,-372856000.0,0.0,416659000.0,416659000.0,416659000.0,0.0,0.0,0.009,1345385000.0,846227000.0,5588138000.0,0.026,1.969,18.373,18.004,309906000.0,0.0,17.337,0.157,0.157,2500776000.0,776121000.0,48618665000.0,48618665000.0,0.0,0.035,0.116,0.177,0.017,1173000.0,1267382000.0,1.0,441546720.0,441328000.0,467096000.0,110.164,9801300000.0,21157000.0,271649000.0,355045000.0,22.209,3031693000.0
73,ABC,MRT,2003-03-31,2003-03-31,2003-03-31,2021-08-04,-5944000.0,12323639000.0,11482129250.0,9304657000.0,3018982000.0,4.165,8.434,-78142000.0,225956000.0,225956000.0,45677659000.0,394337000.0,1.412,2.338,2061738000.0,60948000.0,2000790000.0,2061738000.0,0.0,61219000.0,0.0,0.002,0.025,790578000.0,851797000.0,0.018,851797000.0,790578000.0,652805000.0,0.922,0.888,0.922,3691954000.0,3404596750.0,3691954000.0,7622427548.0,10.0,8.949,-382941000.0,-0.875,1.0,2141162000.0,0.045,2705247000.0,137773000.0,4865850000.0,4316788500.0,6898825000.0,0.0,0.0,0.0,8631685000.0,6588324000.0,2043361000.0,5786499548.0,-237859000.0,-159105000.0,73065000.0,243934000.0,-10730000.0,304187000.0,-237247000.0,0.0,-304799000.0,0.0,394337000.0,394337000.0,394337000.0,0.0,0.0,0.008,1340398000.0,800764000.0,5782858000.0,0.027,1.567,14.674,14.235,286365000.0,0.0,13.125,0.121,0.12,2163665000.0,666340000.0,47818821000.0,47818821000.0,0.0,0.034,0.116,0.183,0.017,3303000.0,1259728000.0,1.0,440876156.0,437752000.0,463024000.0,109.237,9618392000.0,27370000.0,258468000.0,285191000.0,21.972,2716333000.0
74,ABC,MRT,2002-12-31,2002-12-31,2002-12-31,2021-08-04,-5944000.0,11959172000.0,11051274250.0,9095771000.0,2863401000.0,4.217,8.006,-68932000.0,366776000.0,366776000.0,44526081000.0,369797000.0,1.398,2.497,2202704000.0,210998000.0,1991706000.0,2202704000.0,0.0,59806000.0,0.0,0.002,0.025,750887000.0,810693000.0,0.017,810693000.0,750887000.0,612761000.0,0.877,0.84,0.877,3420024000.0,3244039750.0,3420024000.0,6962127383.0,9.0,8.588,219194000.0,0.513,1.0,2074466000.0,0.045,2572244000.0,138126000.0,4717448000.0,4040931750.0,6381477000.0,0.0,0.0,0.0,8539148000.0,6505408000.0,2033740000.0,5808154383.0,110087000.0,-133465000.0,101823000.0,-65044000.0,-10579000.0,24358000.0,-202397000.0,0.0,288126000.0,0.0,369797000.0,369797000.0,369797000.0,0.0,0.0,0.008,1319480000.0,754986000.0,5542195000.0,0.029,1.698,15.706,15.482,281806000.0,0.0,13.578,0.125,0.124,2328398000.0,552684000.0,46600547000.0,46600547000.0,0.0,0.033,0.114,0.186,0.016,3237000.0,1240741000.0,1.0,427777896.0,427160000.0,453608000.0,109.094,9386928000.0,9351000.0,242964000.0,302847000.0,21.975,2590363000.0
75,ABC,MRT,2002-09-30,2002-09-30,2002-09-30,2021-08-04,-5943000.0,11213012000.0,10794811250.0,8349637000.0,2863375000.0,4.19,7.901,-62461000.0,663340000.0,663340000.0,43210320000.0,344941000.0,1.369,2.381,1817313000.0,60819000.0,1756494000.0,1817313000.0,0.0,58250000.0,0.0,0.001,0.025,712781000.0,771031000.0,0.017,771031000.0,712781000.0,572047000.0,0.823,0.79,0.823,3316338000.0,3118547000.0,3316338000.0,9013391954.0,13.0,11.69,473465000.0,1.128,1.0,2024474000.0,0.045,2568397000.0,140734000.0,3699071000.0,4046998500.0,5437878000.0,0.0,0.0,0.0,7896674000.0,6099517000.0,1797157000.0,7563166954.0,365714000.0,-140353000.0,101509000.0,-60119000.0,-10500000.0,32602000.0,-202814000.0,0.0,535926000.0,0.0,344941000.0,344941000.0,344941000.0,0.0,0.0,0.008,1306046000.0,718428000.0,5367837000.0,0.03,2.281,21.926,21.695,282578000.0,0.0,17.855,0.167,0.166,2222156000.0,462619000.0,45234794000.0,45234794000.0,0.0,0.032,0.111,0.176,0.016,3236000.0,1220651000.0,1.0,423588180.0,419740000.0,448912000.0,107.769,8644615000.0,12400000.0,227106000.0,237026000.0,20.595,2250120000.0
76,ABC,MRT,2002-06-30,2002-06-30,2002-06-30,2021-08-04,-562000.0,10432694000.0,10564369500.0,7687496000.0,2745198000.0,3.741,7.568,-43890000.0,363406000.0,363406000.0,37755673000.0,284564000.0,1.412,2.27,1813631000.0,45000000.0,1768631000.0,1813631000.0,0.0,50290000.0,0.0,0.001,0.019,598205000.0,648495000.0,0.016,648495000.0,598205000.0,471311000.0,0.715,0.688,0.715,3190071000.0,2999103500.0,3190071000.0,9320885328.0,16.0,14.373,280429000.0,0.665,1.0,1762432000.0,0.045,2454820000.0,126894000.0,3984785000.0,4089405000.0,5174024000.0,0.0,0.0,0.0,7242623000.0,5443314000.0,1799309000.0,7970859328.0,269108000.0,114809000.0,84327000.0,-183199000.0,-7842000.0,-130685000.0,75474000.0,0.0,324319000.0,0.0,284564000.0,284564000.0,284564000.0,0.0,0.0,0.007,1156755000.0,605677000.0,4764316000.0,0.027,2.499,28.011,26.573,279785000.0,0.0,19.0,0.202,0.203,2131273000.0,370315000.0,39518105000.0,39518105000.0,0.0,0.027,0.095,0.146,0.015,10312000.0,1062570000.0,1.0,419518912.0,421496000.0,451564000.0,93.757,7977874000.0,10593000.0,186747000.0,217286000.0,18.928,2244182000.0
77,ABC,MRT,2002-03-31,2002-03-31,2002-03-31,2021-08-04,-370000.0,10600219000.0,8678182000.0,7838901000.0,2761318000.0,3.62,7.303,-30225000.0,463815000.0,463815000.0,30018765000.0,225846000.0,1.37,2.476,1813841000.0,30000000.0,1783841000.0,1813841000.0,0.0,39724000.0,0.0,0.001,0.013,473459000.0,513183000.0,0.016,513183000.0,473459000.0,372530000.0,0.65,0.625,0.65,3049726000.0,2302317000.0,3049726000.0,9105724770.0,19.0,17.744,209798000.0,0.502,1.0,1397442000.0,0.044,2464430000.0,100929000.0,3762423000.0,3493395000.0,5295924000.0,0.0,0.0,0.0,7550493000.0,5723392000.0,1827101000.0,7098272770.0,337547000.0,116579000.0,53860000.0,-13433000.0,-5202000.0,11170000.0,86354000.0,0.0,240023000.0,0.0,225846000.0,225846000.0,225846000.0,0.0,0.0,0.007,914315000.0,483127000.0,5076767000.0,0.02,2.328,31.43,26.269,277475000.0,0.0,17.075,0.226,0.227,2061331000.0,282733000.0,31416207000.0,31416207000.0,0.0,0.026,0.098,0.136,0.015,7957000.0,837909000.0,1.0,415711436.0,417616000.0,446816000.0,75.227,8135789000.0,19413000.0,146684000.0,213680000.0,19.482,2115509000.0
78,ABC,MRT,2001-12-31,2001-12-31,2001-12-31,2021-08-04,258000.0,10933320000.0,6724229750.0,8158750000.0,2774570000.0,3.562,7.032,-27517000.0,256689000.0,256689000.0,22918820000.0,165488000.0,1.426,2.747,2264141000.0,15000000.0,2249141000.0,2264141000.0,0.0,29553000.0,0.0,0.0,0.006,344956000.0,374509000.0,0.016,374509000.0,344956000.0,270986000.0,0.58,0.557,0.58,2918053000.0,1631244750.0,2918053000.0,8167363954.0,24.0,21.808,-257791000.0,-0.621,1.0,1034118000.0,0.043,2476857000.0,73970000.0,4741715000.0,2851271500.0,5778905000.0,0.0,0.0,0.0,8015267000.0,5722200000.0,2293067000.0,6593078954.0,94329000.0,131929000.0,30504000.0,216605000.0,-2595000.0,220191000.0,104412000.0,0.0,-230274000.0,0.0,165488000.0,165488000.0,165488000.0,0.0,0.0,0.007,677339000.0,356779000.0,5122086000.0,0.01,2.259,39.84,27.392,279957000.0,0.0,15.887,0.275,0.275,2106068000.0,193466000.0,23952938000.0,23952938000.0,0.0,0.025,0.101,0.121,0.014,7751000.0,615795000.0,1.0,414985300.0,414944000.0,444728000.0,57.726,8456463000.0,17756000.0,105498000.0,207794000.0,20.38,2436550000.0
79,ABC,MRT,2001-09-30,2001-09-30,2001-09-30,2021-08-04,-336000.0,10291245000.0,4729839000.0,7512502000.0,2778743000.0,3.423,12.41,-22679000.0,297626000.0,297626000.0,15491235000.0,123796000.0,1.358,2.626,1874379000.0,2468000.0,1871911000.0,1874379000.0,0.0,18604000.0,0.0,0.0,0.0,248510000.0,267114000.0,0.016,267114000.0,248510000.0,200657000.0,0.54,0.525,0.54,2838564000.0,982424750.0,2838564000.0,4307061349.0,17.0,16.124,-68533000.0,-0.3,1.0,700118000.0,0.043,2466848000.0,47853000.0,3868697000.0,2055428500.0,5056257000.0,0.0,0.0,0.0,7452681000.0,5532453000.0,1920228000.0,3760425349.0,176808000.0,140169000.0,30835000.0,106624000.0,0.0,105172000.0,117490000.0,0.0,-45854000.0,0.0,123796000.0,123796000.0,123796000.0,0.0,0.0,0.008,440742000.0,259376000.0,4991884000.0,0.0,1.325,30.376,32.847,289569000.0,0.0,17.738,0.232,0.251,2142663000.0,128178000.0,16191353000.0,16191353000.0,0.0,0.026,0.126,0.121,0.015,7546000.0,397848000.0,1.0,212004248.0,228740000.0,251228000.0,70.785,7824397000.0,22326000.0,76861000.0,178970000.0,34.207,1980049000.0
80,ABC,MRT,2001-06-30,2001-06-30,2001-06-30,2021-08-04,0.0,2887944000.0,2771669500.0,2731129000.0,156815000.0,4.813,1.904,-21669000.0,94298000.0,94298000.0,12766693000.0,117209000.0,1.489,6.167,640934000.0,0.0,640934000.0,640934000.0,0.0,11942000.0,0.0,0.0,0.0,229741000.0,241683000.0,0.018,241683000.0,229741000.0,189057000.0,0.56,0.54,0.56,402925000.0,343357250.0,402925000.0,3271145762.0,14.0,13.535,-70989000.0,-0.335,1.0,572159000.0,0.043,0.0,40684000.0,1600745000.0,1319882000.0,1955385000.0,0.0,0.0,0.0,2485019000.0,1833835000.0,651184000.0,2923800762.0,58138000.0,4468000.0,28718000.0,109997000.0,0.0,129214000.0,-21756000.0,0.0,-49320000.0,0.0,117209000.0,117209000.0,117209000.0,0.0,0.0,0.009,337269000.0,234890000.0,1639876000.0,0.0,7.256,24.945,24.71,71009000.0,0.0,13.838,0.219,0.22,677180000.0,93595000.0,13338852000.0,13338852000.0,0.0,0.042,0.341,0.174,0.017,0.0,319703000.0,1.0,211295448.0,211648000.0,,63.024,2887944000.0,0.0,71848000.0,137255000.0,13.645,897294000.0
81,ABC,MRT,2001-03-31,2001-03-31,2001-03-31,2021-08-04,0.0,2784410000.0,2650378500.0,2627465000.0,156945000.0,4.811,1.734,-20489000.0,126268000.0,126268000.0,12194779000.0,110823000.0,1.356,6.619,473613000.0,0.0,473613000.0,473613000.0,0.0,12324000.0,0.0,0.0,0.0,220453000.0,232777000.0,0.018,232777000.0,220453000.0,178747000.0,0.532,0.518,0.532,365437000.0,303911750.0,365437000.0,3109778216.0,14.0,13.359,50781000.0,0.241,1.0,556850000.0,0.044,0.0,41706000.0,1193929000.0,1240538000.0,1820202000.0,0.0,0.0,0.0,2418973000.0,1937826000.0,481147000.0,2578986216.0,77028000.0,3019000.0,28929000.0,3776000.0,0.0,23228000.0,-17470000.0,0.0,71270000.0,0.0,110823000.0,110823000.0,110823000.0,0.0,0.0,0.009,333254000.0,223596000.0,1756364000.0,0.0,7.057,23.271,23.05,69154000.0,0.0,12.262,0.202,0.203,676654000.0,62089000.0,12751629000.0,12751629000.0,0.0,0.042,0.365,0.178,0.017,0.0,318009000.0,1.0,210314880.0,210804000.0,,60.49,2784410000.0,0.0,67924000.0,129729000.0,13.209,689639000.0
82,ABC,MRT,2000-12-31,2000-12-31,2000-12-31,2021-08-04,0.0,2955757000.0,2479700000.0,2807749000.0,148008000.0,4.885,1.541,-16312000.0,162360000.0,162360000.0,11575747000.0,103606000.0,1.456,8.157,693152000.0,0.0,693152000.0,693152000.0,0.0,13274000.0,0.0,0.0,0.0,208942000.0,222216000.0,0.018,222216000.0,208942000.0,167107000.0,0.5,0.492,0.5,322773000.0,266000500.0,322773000.0,2932475168.0,14.0,13.197,126946000.0,0.606,1.0,537087000.0,0.044,0.0,41835000.0,1558343000.0,1220137750.0,1917605000.0,0.0,0.0,0.0,2632984000.0,1928206000.0,704778000.0,2640076168.0,105492000.0,-6692000.0,21396000.0,-27245000.0,0.0,-14911000.0,-22855000.0,0.0,143258000.0,0.0,103606000.0,103606000.0,103606000.0,0.0,0.0,0.009,326803000.0,210284000.0,1755469000.0,0.0,8.179,25.482,25.25,66801000.0,0.0,12.625,0.218,0.218,722930000.0,30573000.0,12112834000.0,12112834000.0,0.0,0.042,0.389,0.171,0.017,0.0,311870000.0,1.0,209114944.0,209416000.0,,57.841,2955757000.0,0.0,63501000.0,129470000.0,14.114,879543000.0
83,ABC,MRT,2000-09-30,2000-09-30,2000-09-30,2021-08-04,0.0,2458567000.0,2326887250.0,2320619000.0,137948000.0,5.005,1.369,-14983000.0,120818000.0,120818000.0,11125440000.0,99014000.0,1.325,7.709,413217000.0,0.0,413217000.0,413217000.0,0.0,14129000.0,0.0,0.0,0.0,201557000.0,215686000.0,0.019,215686000.0,201557000.0,159700000.0,0.48,0.475,0.48,282294000.0,232602000.0,282294000.0,2930840070.0,15.0,13.588,201597000.0,0.978,1.0,519581000.0,0.045,72986000.0,41857000.0,926511000.0,1225927500.0,1570504000.0,0.0,0.0,0.0,2176273000.0,1751469000.0,424804000.0,2434121070.0,61321000.0,-6692000.0,11924000.0,-145452000.0,0.0,-133770000.0,-21489000.0,0.0,216580000.0,0.0,99014000.0,99014000.0,99014000.0,0.0,0.0,0.009,317456000.0,202125000.0,1584133000.0,0.0,8.623,24.584,24.479,64962000.0,0.0,11.75,0.209,0.208,623961000.0,4382000.0,11645021000.0,11645021000.0,0.0,0.043,0.426,0.164,0.017,0.0,302470000.0,1.0,207159240.0,206208000.0,208080000.0,56.472,2385581000.0,0.0,60686000.0,117938000.0,11.569,569150000.0
84,ABC,MRT,2000-06-30,2000-06-30,2000-06-30,2021-08-04,0.0,2402780000.0,2227395250.0,2266194000.0,136586000.0,5.025,1.193,-12952000.0,36160000.0,36160000.0,10685320000.0,78610000.0,1.402,8.802,532879000.0,0.0,532879000.0,532879000.0,0.0,13329000.0,0.0,0.0,0.0,173690000.0,187019000.0,0.017,187019000.0,173690000.0,133015000.0,0.38,0.388,0.38,245143000.0,203597750.0,245143000.0,2013866832.0,12.0,10.768,106028000.0,0.516,1.0,506891000.0,0.045,0.0,40675000.0,1283369000.0,1302430750.0,1629073000.0,0.0,0.0,0.0,2157637000.0,1616130000.0,541507000.0,1593708832.0,-9968000.0,-3406000.0,-3803000.0,-117752000.0,0.0,-112813000.0,-16135000.0,0.0,118980000.0,0.0,78610000.0,78610000.0,78610000.0,0.0,0.0,0.007,329752000.0,177139000.0,1449529000.0,0.0,6.501,20.274,20.408,64884000.0,0.0,7.755,0.142,0.142,595397000.0,-23614000.0,11192211000.0,11192211000.0,0.0,0.035,0.386,0.133,0.016,0.0,299569000.0,1.0,205507264.0,205507264.0,,54.461,2402780000.0,0.0,54405000.0,114956000.0,11.692,650064000.0
85,ABC,MRT,2000-03-31,2000-03-31,2000-03-31,2021-08-04,0.0,2101696000.0,2105428250.0,1969070000.0,132626000.0,5.096,1.041,-12445000.0,49240000.0,49240000.0,10238756000.0,75250000.0,1.397,8.831,469398000.0,0.0,469398000.0,469398000.0,0.0,14062000.0,0.0,0.0,0.0,166258000.0,180320000.0,0.017,180320000.0,166258000.0,127247000.0,0.365,0.365,0.365,213792000.0,178609000.0,213792000.0,1434025990.0,9.0,7.953,65871000.0,0.321,1.0,490286000.0,0.046,0.0,39011000.0,1112328000.0,1282644750.0,1272795000.0,0.0,0.0,0.0,1887904000.0,1409526000.0,478378000.0,770460990.0,-69955000.0,0.0,-7556000.0,-136781000.0,0.0,-136085000.0,-12186000.0,0.0,78316000.0,0.0,75250000.0,75250000.0,75250000.0,0.0,0.0,0.007,320579000.0,169707000.0,1254829000.0,0.0,3.604,10.239,10.274,63400000.0,0.0,3.75,0.072,0.072,642485000.0,-48734000.0,10729042000.0,10729042000.0,0.0,0.036,0.421,0.13,0.015,0.0,288955000.0,1.0,205456264.0,205456264.0,,52.221,2101696000.0,0.0,51997000.0,108450000.0,10.229,559544000.0
86,ABC,MRT,1999-12-31,1999-12-31,1999-12-31,2021-08-04,0.0,2344506000.0,2009885500.0,2205867000.0,138639000.0,5.111,0.921,-14208000.0,56868000.0,56868000.0,9790144000.0,71170000.0,1.546,11.393,720433000.0,0.0,720433000.0,720433000.0,0.0,14353000.0,0.0,0.0,0.0,161624000.0,175977000.0,0.017,175977000.0,161624000.0,121730000.0,0.348,0.345,0.348,189179000.0,156133250.0,189179000.0,1279245883.0,8.0,7.269,8937000.0,0.044,1.0,481866000.0,0.047,0.0,39894000.0,1581502000.0,1258114500.0,1442867000.0,0.0,0.0,0.0,2155327000.0,1426569000.0,728758000.0,780037883.0,12289000.0,-19000.0,-3153000.0,-1875000.0,0.0,3224000.0,-14080000.0,0.0,23145000.0,0.0,71170000.0,71170000.0,71170000.0,0.0,0.0,0.007,316793000.0,165073000.0,1267093000.0,0.0,4.123,10.96,10.912,64613000.0,0.0,3.797,0.076,0.076,700851000.0,-73033000.0,10272010000.0,10272010000.0,0.0,0.035,0.456,0.128,0.016,0.0,284870000.0,1.0,205408264.0,205408264.0,,50.008,2344506000.0,0.0,50560000.0,110568000.0,11.414,779298000.0
87,ABC,MRT,1999-09-30,1999-09-30,1999-09-30,2021-08-04,0.0,2060599000.0,1875488500.0,1920006000.0,140593000.0,5.229,0.82,-13357000.0,59497000.0,59497000.0,9334298000.0,67466000.0,1.447,11.393,558705000.0,0.0,558705000.0,558705000.0,0.0,15387000.0,0.0,0.0,0.0,155553000.0,170940000.0,0.017,170940000.0,155553000.0,115863000.0,0.333,0.328,0.333,166277000.0,133381500.0,166277000.0,1629909962.0,10.0,9.535,-10357000.0,-0.051,1.0,473065000.0,0.048,0.0,39690000.0,1232524000.0,1190616500.0,1243153000.0,0.0,0.0,0.0,1894322000.0,1327283000.0,567039000.0,1154776962.0,10986000.0,-3570000.0,-449000.0,16849000.0,0.0,24767000.0,-16781000.0,0.0,3000000.0,0.0,67466000.0,67466000.0,67466000.0,0.0,0.0,0.007,314063000.0,159002000.0,1175619000.0,0.0,6.945,17.116,17.785,64384000.0,0.0,5.923,0.118,0.122,612520000.0,-94632000.0,9807363000.0,9807363000.0,0.0,0.036,0.506,0.131,0.016,0.0,281798000.0,1.0,194981336.0,202792000.0,206732000.0,48.362,2060599000.0,0.0,48397000.0,101335000.0,10.161,592723000.0
88,ABC,MRT,1999-06-30,1999-06-30,1999-06-30,2021-08-04,0.0,1914912000.0,1791906750.0,1795883000.0,119029000.0,5.639,0.746,-14727000.0,100110000.0,100110000.0,9613430000.0,58739000.0,1.514,12.189,575243000.0,0.0,575243000.0,575243000.0,0.0,22158000.0,0.0,0.0,0.0,154963000.0,177121000.0,0.018,177121000.0,154963000.0,100816000.0,0.281,0.267,0.281,145188000.0,110651000.0,145188000.0,1604438517.0,10.0,9.058,-38901000.0,-0.2,1.0,490946000.0,0.049,0.0,54147000.0,1204225000.0,1153075500.0,1205632000.0,0.0,0.0,0.0,1769724000.0,1185820000.0,583904000.0,1241348517.0,-5470000.0,-32667000.0,3095000.0,58313000.0,0.0,65844000.0,-47140000.0,0.0,-24174000.0,0.0,58739000.0,58739000.0,58739000.0,0.0,0.0,0.006,335983000.0,154963000.0,1049916000.0,0.0,8.55,21.133,22.687,59727000.0,0.0,6.375,0.123,0.123,485868000.0,-105185000.0,10104376000.0,10104376000.0,0.0,0.033,0.531,0.134,0.015,0.0,290672000.0,1.0,194721336.0,194721336.0,,51.891,1914912000.0,0.0,42077000.0,96108000.0,9.834,610063000.0
89,ABC,MRT,1999-03-31,1999-03-31,1999-03-31,2021-08-04,0.0,1719525000.0,1707172750.0,1581768000.0,137757000.0,5.72,0.639,-13176000.0,155474000.0,155474000.0,9287641000.0,53451000.0,1.48,12.88,518564000.0,0.0,518564000.0,518564000.0,0.0,21620000.0,0.0,0.0,0.0,150064000.0,171684000.0,0.018,171684000.0,150064000.0,93078000.0,0.259,0.255,0.259,123889000.0,91555000.0,123889000.0,2222350048.0,15.0,12.944,163860000.0,0.845,1.0,477390000.0,0.049,0.0,56986000.0,1014207000.0,1113601000.0,942152000.0,0.0,0.0,0.0,1595636000.0,1068408000.0,527228000.0,1658012048.0,70975000.0,-32667000.0,5458000.0,-75138000.0,0.0,-60436000.0,-45625000.0,0.0,177036000.0,0.0,53451000.0,53451000.0,53451000.0,0.0,0.0,0.005,327326000.0,150064000.0,917292000.0,0.0,13.383,31.019,33.002,59752000.0,0.0,8.547,0.17,0.17,480326000.0,-125196000.0,9765031000.0,9765031000.0,0.0,0.031,0.584,0.135,0.015,0.0,282351000.0,1.0,193976256.0,193976256.0,,50.341,1719525000.0,0.0,39627000.0,108598000.0,8.865,513360000.0
90,ABC,MRT,1998-12-31,1998-12-31,1998-12-31,2021-08-04,0.0,1806918000.0,1685084250.0,1667693000.0,139225000.0,5.696,0.506,-11383000.0,75932000.0,75932000.0,9130797000.0,49442000.0,1.574,17.406,640270000.0,0.0,640270000.0,640270000.0,0.0,20847000.0,0.0,0.0,0.0,142191000.0,163038000.0,0.017,163038000.0,142191000.0,85980000.0,0.244,0.24,0.244,98172000.0,72586000.0,98172000.0,1943153805.0,14.0,11.918,121915000.0,0.629,1.0,467417000.0,0.049,0.0,56211000.0,1311510000.0,1168215250.0,1066567000.0,0.0,0.0,0.0,1708746000.0,1059746000.0,649000000.0,1574897805.0,-12578000.0,-32648000.0,2427000.0,-109490000.0,0.0,-102026000.0,-43850000.0,0.0,133298000.0,0.0,49442000.0,49442000.0,49442000.0,0.0,0.0,0.005,325226000.0,142191000.0,908529000.0,0.0,16.042,31.853,33.299,59851000.0,0.0,8.125,0.164,0.164,522044000.0,-145564000.0,9598214000.0,9598214000.0,0.0,0.029,0.681,0.122,0.015,0.0,280800000.0,1.0,193833576.0,193833576.0,,49.518,1806918000.0,0.0,36538000.0,109059000.0,9.322,607947000.0
91,ABC,MRT,1998-09-30,1998-09-30,1998-09-30,2021-08-04,0.0,1726272000.0,1678378750.0,1558526000.0,167746000.0,5.662,0.378,-9646000.0,90344000.0,90344000.0,9041140000.0,46030000.0,1.426,21.909,539464000.0,0.0,539464000.0,539464000.0,0.0,19526000.0,0.0,0.0,0.0,138931000.0,158457000.0,0.017,158457000.0,138931000.0,80752000.0,0.23,0.228,0.23,75355000.0,55433000.0,75355000.0,1733990099.0,12.0,10.943,111270000.0,0.558,1.0,461897000.0,0.049,0.0,58179000.0,1082360000.0,1224363500.0,954010000.0,0.0,0.0,0.0,1650917000.0,1093032000.0,557885000.0,1308949099.0,-11569000.0,-29097000.0,-180000.0,-98744000.0,0.0,-93887000.0,-38598000.0,0.0,120916000.0,0.0,46030000.0,46030000.0,46030000.0,0.0,0.0,0.005,322966000.0,138931000.0,947016000.0,0.0,17.37,28.437,29.587,67955000.0,0.0,6.805,0.138,0.143,0.0,-162098000.0,9503037000.0,9503037000.0,0.0,0.027,0.83,0.113,0.015,0.0,279392000.0,1.0,192351080.0,199508000.0,202852000.0,47.632,1726272000.0,0.0,34722000.0,93828000.0,8.653,465494000.0
92,ABC,MRT,1998-06-30,1998-06-30,1998-06-30,2021-08-04,0.0,1575976000.0,1683070750.0,1447148000.0,128828000.0,5.543,0.36,-10026000.0,116575000.0,116575000.0,8886450000.0,66007000.0,1.516,21.905,541616000.0,0.0,541616000.0,541616000.0,0.0,16428000.0,0.0,0.0,0.0,154455000.0,170883000.0,0.018,170883000.0,154455000.0,107912000.0,,0.33,,68804000.0,40172000.0,68804000.0,2115036381.0,14.0,12.377,-49022000.0,-0.256,1.0,442711000.0,0.047,0.0,46543000.0,1046327000.0,1237730750.0,876111000.0,0.0,0.0,0.0,1507172000.0,954690000.0,552482000.0,1571503381.0,-32352000.0,7690000.0,3213000.0,3583000.0,0.0,8782000.0,-2138000.0,0.0,-38996000.0,0.0,66007000.0,66007000.0,66007000.0,0.0,0.0,0.007,288256000.0,154455000.0,841696000.0,,22.84,23.808,,64291000.0,0.0,8.211,0.168,0.168,0.0,-166763000.0,9329161000.0,9329161000.0,0.0,0.039,1.643,0.125,0.017,0.0,261971000.0,1.0,191384184.0,191384184.0,,48.746,1575976000.0,0.0,41905000.0,64795000.0,8.235,492458000.0
93,ABC,MRT,1998-03-31,1998-03-31,1998-03-31,2021-08-04,0.0,1631171000.0,,1512922000.0,118249000.0,,0.251,-12008000.0,87007000.0,87007000.0,8820441000.0,55867000.0,1.606,32.974,630540000.0,0.0,630540000.0,630540000.0,0.0,16125000.0,0.0,0.0,0.0,138879000.0,155004000.0,0.017,155004000.0,138879000.0,91283000.0,,0.279,,48013000.0,,48013000.0,2149781267.0,15.0,13.869,10455000.0,0.055,1.0,443702000.0,0.048,0.0,47596000.0,1232664000.0,,959308000.0,0.0,0.0,0.0,1583158000.0,942040000.0,641118000.0,1434807267.0,-12986000.0,7690000.0,1012000.0,-31328000.0,0.0,-31329000.0,-4120000.0,0.0,22463000.0,0.0,55867000.0,55867000.0,55867000.0,0.0,0.0,0.006,304823000.0,138879000.0,849310000.0,,29.884,25.683,,65395000.0,0.0,7.515,0.155,0.155,462427000.0,-183235000.0,9264143000.0,9264143000.0,0.0,,,,0.015,0.0,278850000.0,1.0,190925784.0,190925784.0,,48.522,1631171000.0,0.0,35416000.0,54141000.0,8.543,570882000.0
94,ABC,MRT,1997-12-31,1997-12-31,1997-12-31,2021-08-04,0.0,1780096000.0,,1664738000.0,115358000.0,,0.155,-14287000.0,66031000.0,66031000.0,8407668000.0,50807000.0,1.736,59.22,781005000.0,0.0,781005000.0,781005000.0,0.0,15443000.0,0.0,0.0,0.0,130877000.0,146320000.0,0.017,146320000.0,130877000.0,84251000.0,,0.254,,29560000.0,,29560000.0,,,,-14514000.0,-0.076,1.0,423590000.0,0.048,0.0,46626000.0,1536103000.0,,1034110000.0,0.0,0.0,0.0,1750536000.0,958967000.0,791569000.0,1390178365.0,18400000.0,-130962000.0,264000.0,163380000.0,0.0,163678000.0,-145051000.0,0.0,-227000.0,0.0,50807000.0,50807000.0,50807000.0,0.0,0.0,0.006,290731000.0,132859000.0,865170000.0,,47.029,27.362,,66217000.0,0.0,7.281,0.157,0.157,560217000.0,-199445000.0,8831258000.0,8831258000.0,0.0,,,,0.015,0.0,265458000.0,1.0,190925784.0,190925784.0,,46.255,1780096000.0,0.0,33444000.0,57442000.0,9.323,705771000.0
95,ABC,MRT,1997-09-30,1997-09-30,1997-09-30,2021-08-04,0.0,1745040000.0,,1624654000.0,120386000.0,,0.072,-14368000.0,68931000.0,68931000.0,7894499000.0,48141000.0,1.438,120.937,589819000.0,0.0,589819000.0,589819000.0,0.0,14645000.0,0.0,0.0,0.0,123463000.0,138108000.0,0.017,138108000.0,123463000.0,80204000.0,0.242,0.24,0.242,14311000.0,,14311000.0,,,,-24989000.0,-0.126,1.0,404136000.0,0.049,0.0,43259000.0,1135829000.0,,1017782000.0,0.0,0.0,0.0,1730729000.0,1130099000.0,600630000.0,,-5520000.0,-130962000.0,-201000.0,150400000.0,0.0,150233000.0,-145132000.0,0.0,-10621000.0,0.0,48141000.0,48141000.0,48141000.0,0.0,0.0,0.006,278691000.0,125445000.0,1036462000.0,0.0,,,30.186,67462000.0,0.0,7.305,,0.174,0.0,-213928000.0,8298635000.0,8298635000.0,0.0,,,,0.015,0.0,254354000.0,1.0,,197868000.0,201204000.0,41.94,1745040000.0,0.0,32063000.0,49839000.0,8.819,494555000.0
96,ABC,MRT,1997-06-30,1997-06-30,1997-06-30,2021-08-04,,,,,,,,,,,,,,,,,,,,,,0.0,0.0,,,,,,,,,,,,,,,,,,1.0,,,,,,,,,,,,,,,,,,,,,,,,,,,,,,,,,,,,,,,,6.235,,,,,,,,,,,,,,1.0,,,,,,,,,,
97,ABC,MRT,1997-03-31,1997-03-31,1997-03-31,2021-08-04,,,,,,,,,,,,,,,,,,,,,,0.0,0.0,,,,,,,,,,,,,,,,,,1.0,,,,,,,,,,,,,,,,,,,,,,,,,,,,,,,,,,,,,,,,5.469,,,,,,,,,,,,,,1.0,,,,,,,,,,
98,ABC,MRT,1996-12-31,1996-12-31,1996-12-31,2021-08-04,,,,,,,,,,,,,,,,,,,,,,0.0,0.0,,,,,,,,,,,,,,,,,,1.0,,,,,,,,,,,,,,,,,,,,,,,,,,,,,,,,,,,,,,,,6.031,,,,,,,,,,,,,,1.0,,,,,,,,,,
99,ABC,MRT,1996-09-30,1996-09-30,1996-09-30,2021-08-04,,,,,,,,-15178000.0,,,5360284000.0,35408000.0,,,,,,,,11582000.0,,0.0,0.0,90647000.0,102229000.0,0.018,102229000.0,90647000.0,54667000.0,0.195,0.194,0.195,,,,,,,24803000.0,0.137,1.0,302433000.0,0.053,,35980000.0,,,,,,,,,,,33404000.0,-29467000.0,49342000.0,-11274000.0,0.0,38068000.0,-44645000.0,0.0,39981000.0,0.0,35408000.0,35408000.0,35408000.0,0.0,0.0,0.006,204544000.0,97889000.0,,0.0,,,28.526,,0.0,5.562,,0.178,,,5662717000.0,5662717000.0,0.0,,,,0.016,0.0,195350000.0,1.0,,181496000.0,183168000.0,31.2,,,19259000.0,,,
