None,ticker,dimension,calendardate,datekey,reportperiod,lastupdated,accoci,assets,assetsavg,assetsc,assetsnc,assetturnover,bvps,capex,cashneq,cashnequsd,cor,consolinc,currentratio,de,debt,debtc,debtnc,debtusd,deferredrev,depamor,deposits,divyield,dps,ebit,ebitda,ebitdamargin,ebitdausd,ebitusd,ebt,eps,epsdil,epsusd,equity,equityavg,equityusd,ev,evebit,evebitda,fcf,fcfps,fxusd,gp,grossmargin,intangibles,intexp,invcap,invcapavg,inventory,investments,investmentsc,investmentsnc,liabilities,liabilitiesc,liabilitiesnc,marketcap,ncf,ncfbus,ncfcommon,ncfdebt,ncfdiv,ncff,ncfi,ncfinv,ncfo,ncfx,netinc,netinccmn,netinccmnusd,netincdis,netincnci,netmargin,opex,opinc,payables,payoutratio,pb,pe,pe1,ppnenet,prefdivis,price,ps,ps1,receivables,retearn,revenue,revenueusd,rnd,roa,roe,roic,ros,sbcomp,sgna,sharefactor,sharesbas,shareswa,shareswadil,sps,tangibles,taxassets,taxexp,taxliabilities,tbvps,workingcapital
0,COO,MRY,2020-12-31,2020-10-31,2020-10-31,2021-09-03,-472000000.0,6737500000.0,6636100000.0,1274200000.0,5463300000.0,0.366,71.702,-310400000.0,115900000.0,115900000.0,896100000.0,238400000.0,1.269,0.762,2063300000.0,442600000.0,1620700000.0,2063300000.0,0.0,319600000.0,0.0,0.0,0.06,303300000.0,622900000.0,0.256,622900000.0,303300000.0,266500000.0,4.85,4.81,4.85,3824600000.0,3735700000.0,3824600000.0,19040154939.0,63.0,30.567,176200000.0,3.303,1.0,1534800000.0,0.631,3736300000.0,36800000.0,3944200000.0,3823100000.0,570400000.0,0.0,0.0,0.0,2912700000.0,1004400000.0,1908300000.0,17018254939.0,27300000.0,-54100000.0,-51900000.0,-37100000.0,-3000000.0,-95500000.0,-364500000.0,0.0,486600000.0,700000.0,238400000.0,238400000.0,238400000.0,0.0,0.0,0.098,1223000000.0,311800000.0,176000000.0,0.012,4.45,71.385,65.784,1542100000.0,0.0,319.05,7.001,7.001,435400000.0,3261800000.0,2430900000.0,2430900000.0,93300000.0,0.036,0.064,0.079,0.125,37600000.0,992500000.0,1.0,53340401.0,53340401,49600000.0,45.573,3001200000.0,80100000.0,28100000.0,187800000.0,56.265,269800000.0
1,COO,MRY,2019-12-31,2019-10-31,2019-10-31,2021-09-03,-447100000.0,6274500000.0,6237325000.0,1163400000.0,5111100000.0,0.425,73.449,-292100000.0,89000000.0,89000000.0,896600000.0,466700000.0,1.048,0.729,1826300000.0,563700000.0,1262600000.0,1826300000.0,0.0,280800000.0,0.0,0.0,0.06,545400000.0,826200000.0,0.311,826200000.0,545400000.0,477400000.0,9.44,9.33,9.44,3628400000.0,3552750000.0,3628400000.0,16125821092.0,30.0,19.518,421100000.0,8.524,1.0,1756800000.0,0.662,3834200000.0,68000000.0,3067000000.0,3193725000.0,506900000.0,0.0,0.0,0.0,2645900000.0,1110600000.0,1535300000.0,14425921092.0,9300000.0,-59200000.0,-148300000.0,-199700000.0,-3000000.0,-351400000.0,-351300000.0,0.0,713200000.0,-1200000.0,466700000.0,466700000.0,466700000.0,0.0,0.0,0.176,1210100000.0,546700000.0,274900000.0,0.006,3.976,30.91,30.826,1132100000.0,0.0,291.0,5.437,5.418,435300000.0,3026400000.0,2653400000.0,2653400000.0,86700000.0,0.075,0.131,0.171,0.206,35100000.0,996200000.0,1.0,49573612.0,49400000,50000000.0,53.713,2440300000.0,78000000.0,10700000.0,28000000.0,49.399,52800000.0
2,COO,MRY,2018-12-31,2018-10-31,2018-10-31,2021-09-03,-430700000.0,6112800000.0,6263175000.0,1090900000.0,5021900000.0,0.404,67.365,-193600000.0,77700000.0,77700000.0,900500000.0,139900000.0,2.033,0.848,2022800000.0,37100000.0,1985700000.0,2022800000.0,0.0,275100000.0,0.0,0.0,0.06,414600000.0,689700000.0,0.272,689700000.0,414600000.0,331900000.0,2.85,2.81,2.85,3307600000.0,3219575000.0,3307600000.0,14831871257.0,36.0,21.505,475300000.0,9.68,1.0,1632300000.0,0.644,3913400000.0,82700000.0,3608000000.0,3973300000.0,468800000.0,0.0,0.0,0.0,2805000000.0,536500000.0,2268500000.0,12693271257.0,-8600000.0,-1323900000.0,1800000.0,849600000.0,-2900000.0,844400000.0,-1517500000.0,0.0,668900000.0,-4400000.0,139900000.0,139900000.0,139900000.0,0.0,0.0,0.055,1229200000.0,403100000.0,287900000.0,0.021,3.838,90.731,90.635,976000000.0,0.0,258.31,5.012,5.008,374700000.0,2576000000.0,2532800000.0,2532800000.0,84800000.0,0.022,0.043,0.104,0.164,43200000.0,973300000.0,1.0,49139682.0,49100000,49700000.0,51.585,2199400000.0,58400000.0,192000000.0,31000000.0,44.794,554400000.0
3,COO,MRY,2017-12-31,2017-10-31,2017-10-31,2021-09-03,-375300000.0,4858700000.0,4762000000.0,953200000.0,3905500000.0,0.449,64.943,-127200000.0,88800000.0,88800000.0,773200000.0,372900000.0,2.406,0.53,1172700000.0,23400000.0,1149300000.0,1172700000.0,0.0,188400000.0,0.0,0.0,0.06,427400000.0,615800000.0,0.288,615800000.0,427400000.0,394000000.0,7.63,7.52,7.63,3175700000.0,3006950000.0,3175700000.0,12927944402.0,30.0,20.994,466400000.0,9.538,1.0,1365800000.0,0.639,2859500000.0,33400000.0,2687000000.0,2755725000.0,454100000.0,0.0,0.0,0.0,1682900000.0,396100000.0,1286800000.0,11760544402.0,-12000000.0,-254100000.0,-60300000.0,-162500000.0,-2900000.0,-227900000.0,-381300000.0,0.0,593600000.0,3600000.0,372900000.0,372900000.0,372900000.0,0.0,0.0,0.174,936700000.0,429100000.0,142100000.0,0.008,3.703,31.538,31.489,910100000.0,0.0,240.26,5.498,5.493,316600000.0,2434200000.0,2139000000.0,2139000000.0,69200000.0,0.078,0.124,0.155,0.2,37200000.0,799100000.0,1.0,48949240.0,48900000,49600000.0,43.742,1999200000.0,60300000.0,21100000.0,38800000.0,40.883,557100000.0
4,COO,MRY,2016-12-31,2016-10-31,2016-10-31,2021-09-03,-489600000.0,4478600000.0,4518582500.0,937100000.0,3541500000.0,0.435,55.584,-152600000.0,100800000.0,100800000.0,793700000.0,274900000.0,1.725,0.661,1333700000.0,226300000.0,1107400000.0,1333700000.0,0.0,198300000.0,0.0,0.0,0.06,320800000.0,519100000.0,0.264,519100000.0,320800000.0,294600000.0,5.65,5.59,5.65,2695800000.0,2691130250.0,2695800000.0,9962021086.0,31.0,19.191,357000000.0,7.361,1.0,1173100000.0,0.596,2605800000.0,26200000.0,2562500000.0,2847631000.0,417700000.0,0.0,0.0,0.0,1782700000.0,543200000.0,1239500000.0,8580568086.0,84400000.0,-266100000.0,7200000.0,-27600000.0,-2900000.0,-1400000.0,-418700000.0,0.0,509600000.0,-5100000.0,273900000.0,273900000.0,273900000.0,0.0,1000000.0,0.139,849000000.0,324100000.0,107400000.0,0.011,3.183,31.327,31.158,877700000.0,0.0,176.04,4.363,4.341,291400000.0,2046300000.0,1966800000.0,1966800000.0,65400000.0,0.061,0.102,0.113,0.163,10100000.0,722800000.0,1.0,48742150.0,48500000,49000000.0,40.553,1872800000.0,55800000.0,20700000.0,37500000.0,38.614,393900000.0
5,COO,MRY,2015-12-31,2015-10-31,2015-10-31,2021-09-03,-191643000.0,4459864000.0,4402737500.0,841428000.0,3618436000.0,0.408,55.0,-243000000.0,16426000.0,16426000.0,726800000.0,205100000.0,1.479,0.67,1349211000.0,243803000.0,1105408000.0,1349211000.0,0.0,191400000.0,0.0,0.0,0.06,232000000.0,423400000.0,0.236,423400000.0,232000000.0,213900000.0,4.2,4.14,4.2,2667509000.0,2616405250.0,2667509000.0,8697665042.0,37.0,20.542,147900000.0,3.049,1.0,1070300000.0,0.596,2608167000.0,18100000.0,2615700000.0,2640673750.0,419692000.0,0.0,0.0,0.0,1785960000.0,568782000.0,1217178000.0,7406813042.0,-8800000.0,-44900000.0,-72100000.0,-37300000.0,-2900000.0,-106700000.0,-287900000.0,0.0,390900000.0,-5100000.0,203500000.0,203500000.0,203500000.0,0.0,1600000.0,0.113,833600000.0,236700000.0,116912000.0,0.014,2.777,36.397,36.276,967097000.0,0.0,152.36,4.122,4.112,282918000.0,1779440000.0,1797100000.0,1797100000.0,69600000.0,0.046,0.078,0.088,0.129,15600000.0,712500000.0,1.0,48613895.0,48500000,49200000.0,37.054,1851697000.0,46241000.0,10400000.0,31016000.0,38.179,272646000.0
6,COO,MRY,2014-12-31,2014-10-31,2014-10-31,2021-09-03,-106182000.0,4458340000.0,3540612750.0,791617000.0,3666723000.0,0.485,53.471,-238065000.0,25222000.0,25222000.0,626206000.0,271829000.0,1.79,0.728,1382351000.0,101518000.0,1280833000.0,1382351000.0,0.0,138201000.0,0.0,0.0,0.06,302526000.0,440727000.0,0.257,440727000.0,302526000.0,294561000.0,5.61,5.51,5.61,2569878000.0,2551395250.0,2569878000.0,8087608072.0,27.0,18.351,216758000.0,4.51,1.0,1091570000.0,0.635,2674526000.0,7965000.0,2698761000.0,1897783000.0,381474000.0,0.0,0.0,0.0,1869900000.0,442182000.0,1427718000.0,7913453072.0,-52171000.0,-1109702000.0,-67193000.0,887003000.0,-2884000.0,842165000.0,-1346408000.0,0.0,454823000.0,-2751000.0,269856000.0,269856000.0,269856000.0,0.0,1973000.0,0.157,785084000.0,306486000.0,116353000.0,0.011,3.079,29.325,29.216,937325000.0,0.0,163.9,4.607,4.586,276280000.0,1578823000.0,1717776000.0,1717776000.0,66259000.0,0.076,0.106,0.159,0.176,17215000.0,683115000.0,1.0,48282203.0,48061000,48960000.0,35.742,1783814000.0,55956000.0,24705000.0,73559000.0,37.116,349435000.0
7,COO,MRY,2013-12-31,2013-10-31,2013-10-31,2021-09-03,-15762000.0,3137261000.0,3020111250.0,747241000.0,2390020000.0,0.526,49.461,-178127000.0,77393000.0,77393000.0,560917000.0,296906000.0,2.326,0.297,344657000.0,42987000.0,301670000.0,344657000.0,0.0,125349000.0,0.0,0.0,0.06,320684000.0,446033000.0,0.281,446033000.0,320684000.0,311516000.0,6.09,5.96,6.09,2404535000.0,2341579000.0,2404535000.0,6542698052.0,20.0,14.669,237798000.0,4.891,1.0,1026808000.0,0.647,1586380000.0,9168000.0,1496892000.0,1472482500.0,338917000.0,0.0,0.0,0.0,713767000.0,321253000.0,392514000.0,6324551052.0,64553000.0,-13045000.0,-148047000.0,-25837000.0,-2918000.0,-161597000.0,-189918000.0,0.0,415925000.0,143000.0,296151000.0,296151000.0,296151000.0,0.0,755000.0,0.187,685717000.0,341091000.0,108172000.0,0.01,2.63,21.356,21.217,739867000.0,0.0,129.21,3.983,3.956,229537000.0,1311851000.0,1587725000.0,1587725000.0,58827000.0,0.098,0.126,0.218,0.202,10457000.0,610735000.0,1.0,48947845.0,48615000,49685000.0,32.659,1550881000.0,57458000.0,15365000.0,27401000.0,31.901,425988000.0
8,COO,MRY,2012-12-31,2012-10-31,2012-10-31,2021-09-03,-31261000.0,2941384000.0,2763282500.0,657860000.0,2283524000.0,0.523,45.765,-99779000.0,12840000.0,12840000.0,521126000.0,248644000.0,2.506,0.332,373706000.0,25284000.0,348422000.0,373706000.0,0.0,111214000.0,0.0,0.001,0.06,286918000.0,398132000.0,0.275,398132000.0,286918000.0,275147000.0,5.18,5.05,5.18,2192751000.0,2060633000.0,2192751000.0,5064126227.0,18.0,12.72,215342000.0,4.494,1.0,924010000.0,0.639,1585030000.0,11771000.0,1454668000.0,1428021250.0,320199000.0,0.0,0.0,0.0,728226000.0,262552000.0,465674000.0,4596775227.0,7665000.0,-145319000.0,-16097000.0,-56752000.0,-2857000.0,-68443000.0,-238474000.0,0.0,315121000.0,-539000.0,248339000.0,248339000.0,248339000.0,0.0,305000.0,0.172,635612000.0,288398000.0,85056000.0,0.012,2.096,18.51,18.529,640255000.0,0.0,95.98,3.181,3.182,234297000.0,1018618000.0,1445136000.0,1445136000.0,51730000.0,0.09,0.121,0.201,0.199,10780000.0,564903000.0,1.0,47893053.0,47913000,49152000.0,30.162,1356354000.0,53851000.0,26808000.0,34611000.0,28.309,395308000.0
9,COO,MRY,2011-12-31,2011-10-31,2011-10-31,2021-09-03,-18110000.0,2624518000.0,2609245500.0,540347000.0,2084171000.0,0.51,41.308,-103665000.0,5175000.0,5175000.0,526031000.0,175430000.0,2.022,0.355,380432000.0,52979000.0,327453000.0,380432000.0,0.0,98149000.0,0.0,0.001,0.06,210106000.0,308255000.0,0.232,308255000.0,210106000.0,192764000.0,3.74,3.63,3.74,1937488000.0,1839447750.0,1937488000.0,3745351068.0,18.0,12.15,232616000.0,4.959,1.0,804804000.0,0.605,1404908000.0,17342000.0,1327661000.0,1472531000.0,253584000.0,0.0,0.0,0.0,687030000.0,267206000.0,419824000.0,3308003068.0,1602000.0,-58010000.0,82035000.0,-242783000.0,-2816000.0,-172873000.0,-161675000.0,0.0,336281000.0,-131000.0,175430000.0,175430000.0,175430000.0,0.0,0.0,0.132,577248000.0,227556000.0,61755000.0,0.016,1.707,18.857,18.529,609205000.0,0.0,69.3,2.486,2.442,214779000.0,773136000.0,1330835000.0,1330835000.0,43581000.0,0.067,0.095,0.143,0.158,10981000.0,513138000.0,1.0,47734532.0,46904000,48309000.0,28.374,1219610000.0,55512000.0,17334000.0,22955000.0,26.002,273141000.0
10,COO,MRY,2010-12-31,2010-10-31,2010-10-31,2021-09-03,-17334000.0,2525018000.0,2514670750.0,491340000.0,2033678000.0,0.461,36.608,-73757000.0,3573000.0,3573000.0,481794000.0,112803000.0,2.463,0.515,611136000.0,19159000.0,591977000.0,611136000.0,0.0,94001000.0,0.0,0.001,0.06,161094000.0,255095000.0,0.22,255095000.0,161094000.0,124426000.0,2.48,2.43,2.48,1666776000.0,1588917750.0,1666776000.0,2896492217.0,18.0,11.355,193906000.0,4.259,1.0,676723000.0,0.584,1376153000.0,36668000.0,1556908000.0,1611648250.0,227902000.0,0.0,0.0,0.0,858242000.0,199520000.0,658722000.0,2253061217.0,-359000.0,-32847000.0,11096000.0,-170338000.0,-2732000.0,-161567000.0,-106604000.0,0.0,267663000.0,149000.0,112803000.0,112803000.0,112803000.0,0.0,0.0,0.097,514561000.0,162162000.0,51792000.0,0.024,1.352,19.973,19.895,593887000.0,0.0,49.34,1.945,1.939,197490000.0,600522000.0,1158517000.0,1158517000.0,35274000.0,0.045,0.071,0.1,0.139,9638000.0,433057000.0,1.0,45663989.0,45530000,46505000.0,25.445,1148865000.0,51900000.0,11623000.0,24696000.0,25.233,291820000.0
11,COO,MRY,2009-12-31,2009-10-31,2009-10-31,2021-09-03,-12920000.0,2551907000.0,2557673250.0,503878000.0,2048029000.0,0.422,34.099,-93906000.0,3932000.0,3932000.0,483927000.0,100548000.0,2.873,0.657,781474000.0,9844000.0,771630000.0,781474000.0,0.0,92602000.0,0.0,0.002,0.06,158971000.0,251573000.0,0.233,251573000.0,158971000.0,114828000.0,2.23,2.21,2.23,1540342000.0,1465600250.0,1540342000.0,2100689981.0,13.0,8.35,129222000.0,2.861,1.0,596494000.0,0.552,1371729000.0,44143000.0,1782306000.0,1825566500.0,260846000.0,0.0,0.0,0.0,1011565000.0,175414000.0,836151000.0,1265506981.0,1988000.0,-4731000.0,1116000.0,-121278000.0,-2712000.0,-122739000.0,-98637000.0,0.0,223128000.0,236000.0,100548000.0,100548000.0,100548000.0,0.0,0.0,0.093,446638000.0,149856000.0,36878000.0,0.027,0.822,12.586,12.561,602568000.0,0.0,28.01,1.171,1.171,170941000.0,490451000.0,1080421000.0,1080421000.0,33298000.0,0.039,0.069,0.087,0.147,12037000.0,391593000.0,1.0,45180542.0,45173000,45478000.0,23.917,1180178000.0,51141000.0,14280000.0,20856000.0,26.126,328464000.0
12,COO,MRY,2008-12-31,2008-10-31,2008-10-31,2021-09-03,-25240000.0,2587616000.0,2619435500.0,526032000.0,2061584000.0,0.4,31.494,-124885000.0,1944000.0,1944000.0,437345000.0,63956000.0,2.06,0.826,904794000.0,43013000.0,861781000.0,904794000.0,0.0,82185000.0,0.0,0.004,0.06,126991000.0,209176000.0,0.2,209176000.0,126991000.0,73962000.0,1.42,1.42,1.42,1417076000.0,1440230000.0,1417076000.0,1665965375.0,13.0,7.964,-28357000.0,-0.63,1.0,610030000.0,0.582,1382286000.0,53029000.0,1852773000.0,1899067750.0,283454000.0,0.0,0.0,0.0,1170540000.0,255407000.0,915133000.0,741643375.0,-1282000.0,-3872000.0,6250000.0,25895000.0,-2699000.0,31204000.0,-128757000.0,0.0,96528000.0,-257000.0,63956000.0,63956000.0,63956000.0,0.0,0.0,0.061,483067000.0,126963000.0,63636000.0,0.042,0.523,11.596,11.606,602654000.0,0.0,16.48,0.708,0.708,159158000.0,402242000.0,1047375000.0,1047375000.0,35468000.0,0.024,0.044,0.067,0.121,13567000.0,429304000.0,1.0,45002632.0,44995000,45117000.0,23.278,1205330000.0,51982000.0,10006000.0,19574000.0,26.788,270625000.0
13,COO,MRY,2007-12-31,2007-10-31,2007-10-31,2021-09-03,107780000.0,2596169000.0,2528994750.0,517522000.0,2078647000.0,0.374,32.646,-183625000.0,3226000.0,3226000.0,425709000.0,-11192000.0,1.806,0.779,876630000.0,46514000.0,830116000.0,876630000.0,0.0,84511000.0,0.0,0.001,0.06,43355000.0,127866000.0,0.135,127866000.0,43355000.0,672000.0,-0.25,-0.25,-0.25,1459487000.0,1428808000.0,1459487000.0,2734865572.0,63.0,21.389,-49641000.0,-1.11,1.0,519531000.0,0.55,1435417000.0,42683000.0,1747676000.0,1708010500.0,267914000.0,0.0,0.0,0.0,1136682000.0,286480000.0,850202000.0,1881640572.0,-4998000.0,-80969000.0,9258000.0,131654000.0,-2681000.0,125148000.0,-264594000.0,0.0,133984000.0,464000.0,-11192000.0,-11192000.0,-11192000.0,0.0,0.0,-0.012,473677000.0,45854000.0,61377000.0,-0.24,1.289,-168.124,-168.0,604530000.0,0.0,42.0,1.991,1.986,164493000.0,334127000.0,945240000.0,945240000.0,39858000.0,-0.004,-0.008,0.025,0.046,16274000.0,407951000.0,1.0,44800966.0,44707000,44707000.0,21.143,1160752000.0,43410000.0,11864000.0,51000000.0,25.964,231042000.0
14,COO,MRY,2006-12-31,2006-10-31,2006-10-31,2021-09-03,38711000.0,2352601000.0,2310047000.0,456951000.0,1895650000.0,0.372,30.962,-142657000.0,8224000.0,8224000.0,332983000.0,66234000.0,1.652,0.707,742652000.0,61366000.0,681286000.0,742652000.0,0.0,61647000.0,0.0,0.001,0.06,110668000.0,172315000.0,0.201,172315000.0,110668000.0,73337000.0,1.49,1.44,1.49,1378509000.0,1341548250.0,1378509000.0,3312623500.0,30.0,19.224,7852000.0,0.176,1.0,525977000.0,0.612,1364244000.0,37331000.0,1446155000.0,1437566500.0,236512000.0,0.0,0.0,0.0,974092000.0,276630000.0,697462000.0,2566331500.0,-22602000.0,-67953000.0,3020000.0,37594000.0,-2671000.0,37318000.0,-210610000.0,0.0,150509000.0,181000.0,66234000.0,66234000.0,66234000.0,0.0,0.0,0.077,413077000.0,112900000.0,66080000.0,0.04,1.862,38.746,38.678,496357000.0,0.0,57.63,2.988,2.987,146584000.0,348000000.0,858960000.0,858960000.0,34547000.0,0.029,0.049,0.077,0.129,14243000.0,357842000.0,1.0,44531173.0,44522000,47569000.0,19.293,988357000.0,41138000.0,7103000.0,38028000.0,22.199,180321000.0
15,COO,MRY,2005-12-31,2005-10-31,2005-10-31,2021-09-03,14114000.0,2179830000.0,2163301500.0,443714000.0,1736116000.0,0.373,30.3,-117093000.0,30826000.0,30826000.0,309785000.0,91722000.0,1.722,0.712,704912000.0,72260000.0,632652000.0,704912000.0,0.0,48638000.0,0.0,0.001,0.06,138182000.0,186820000.0,0.232,186820000.0,138182000.0,108457000.0,2.18,2.04,2.18,1273225000.0,1241963500.0,1273225000.0,3747057551.0,27.0,20.057,66750000.0,1.588,1.0,496832000.0,0.616,1320462000.0,29725000.0,1275832000.0,1286673250.0,185693000.0,0.0,0.0,0.0,906605000.0,257622000.0,648983000.0,3041366551.0,-8542000.0,-627006000.0,25163000.0,536629000.0,-2306000.0,551789000.0,-742320000.0,1779000.0,183843000.0,-1854000.0,91722000.0,91722000.0,91722000.0,0.0,0.0,0.114,360998000.0,135834000.0,36042000.0,0.028,2.389,33.159,31.578,379785000.0,0.0,68.84,3.771,3.586,152610000.0,284437000.0,806617000.0,806617000.0,42879000.0,0.042,0.074,0.107,0.171,0.0,297953000.0,1.0,44180223.0,42021000,45983000.0,19.196,859368000.0,43165000.0,16735000.0,35572000.0,20.451,186092000.0
16,COO,MRY,2004-12-31,2004-10-31,2004-10-31,2021-09-03,26971000.0,811561000.0,763511000.0,304498000.0,507063000.0,0.642,16.726,-40505000.0,39368000.0,39368000.0,174346000.0,92825000.0,2.729,0.491,165736000.0,20871000.0,144865000.0,165736000.0,0.0,15651000.0,0.0,0.001,0.06,118493000.0,134144000.0,0.274,134144000.0,118493000.0,112489000.0,2.85,2.59,2.85,544161000.0,496982750.0,544161000.0,2446542399.0,21.0,18.238,60693000.0,1.866,1.0,315830000.0,0.644,342368000.0,6004000.0,483972000.0,463334250.0,107607000.0,1829000.0,1829000.0,0.0,267400000.0,111589000.0,155811000.0,2302189399.0,-8065000.0,-63942000.0,13766000.0,-20496000.0,-1943000.0,-8673000.0,-100637000.0,3810000.0,101198000.0,47000.0,92825000.0,92825000.0,92825000.0,0.0,0.0,0.189,199079000.0,116751000.0,21684000.0,0.021,4.231,24.801,24.684,151065000.0,0.0,70.35,4.697,4.669,99269000.0,195021000.0,490176000.0,490176000.0,6493000.0,0.122,0.187,0.256,0.242,0.0,190534000.0,1.0,32724796.0,32534000,36613000.0,15.067,469193000.0,30611000.0,19664000.0,15171000.0,14.422,192909000.0
17,COO,MRY,2003-12-31,2003-10-31,2003-10-31,2021-09-03,14119000.0,705564000.0,639951500.0,264224000.0,441340000.0,0.643,13.516,-33872000.0,47433000.0,47433000.0,146588000.0,68770000.0,2.289,0.672,185861000.0,20658000.0,165203000.0,185861000.0,0.0,12525000.0,0.0,0.001,0.06,97451000.0,109976000.0,0.267,109976000.0,97451000.0,90487000.0,2.2,2.09,2.2,422047000.0,371338250.0,422047000.0,1527220988.0,16.0,13.887,45684000.0,1.463,1.0,265202000.0,0.644,298522000.0,6964000.0,430047000.0,408083750.0,89718000.0,5746000.0,5746000.0,0.0,283517000.0,115423000.0,168094000.0,1366219988.0,37178000.0,-75158000.0,23986000.0,42570000.0,-1952000.0,64604000.0,-107428000.0,1602000.0,79556000.0,446000.0,68770000.0,68770000.0,68770000.0,0.0,0.0,0.167,169960000.0,95242000.0,16227000.0,0.027,3.237,19.867,19.75,116277000.0,0.0,43.45,3.318,3.295,84607000.0,104139000.0,411790000.0,411790000.0,5573000.0,0.107,0.185,0.239,0.237,0.0,162852000.0,1.0,31443498.0,31226000,33245000.0,13.187,407042000.0,36983000.0,21717000.0,15880000.0,13.035,148801000.0
18,COO,MRY,2002-12-31,2002-10-31,2002-10-31,2021-09-03,-4474000.0,571115000.0,511406500.0,198910000.0,372205000.0,0.617,10.188,-23434000.0,10255000.0,10255000.0,115813000.0,48875000.0,1.57,0.834,163651000.0,36333000.0,127318000.0,163651000.0,0.0,11369000.0,0.0,0.002,0.05,72043000.0,83412000.0,0.265,83412000.0,72043000.0,65169000.0,1.6,1.57,1.6,311442000.0,286395750.0,311442000.0,971705121.0,13.0,11.649,32513000.0,1.064,1.0,199493000.0,0.633,253617000.0,6874000.0,344213000.0,301767250.0,76279000.0,2750000.0,2750000.0,0.0,259673000.0,126681000.0,132992000.0,812212121.0,-2673000.0,-136138000.0,6125000.0,91727000.0,-1527000.0,96325000.0,-155093000.0,4382000.0,55947000.0,148000.0,48875000.0,48875000.0,48875000.0,0.0,0.0,0.155,132522000.0,66971000.0,15212000.0,0.031,2.608,16.618,16.562,87944000.0,0.0,26.5,2.576,2.569,74545000.0,37236000.0,315306000.0,315306000.0,4315000.0,0.096,0.171,0.239,0.228,0.0,126730000.0,1.0,30649514.0,30568000,31189000.0,10.315,317498000.0,44587000.0,16294000.0,12261000.0,10.387,72229000.0
19,COO,MRY,2001-12-31,2001-10-31,2001-10-31,2021-09-03,-3305000.0,396849000.0,353517750.0,155205000.0,241644000.0,0.664,8.637,-16757000.0,12928000.0,12928000.0,81204000.0,37136000.0,2.283,0.548,68802000.0,8249000.0,60553000.0,68802000.0,0.0,10988000.0,0.0,0.001,0.035,55866000.0,66854000.0,0.285,66854000.0,55866000.0,52128000.0,1.25,1.22,1.25,256284000.0,230865750.0,256284000.0,770361576.0,14.0,11.523,8862000.0,0.299,1.0,153368000.0,0.654,145622000.0,3738000.0,239128000.0,207424750.0,51153000.0,7982000.0,7982000.0,0.0,140565000.0,67973000.0,72592000.0,726600576.0,-1680000.0,-48217000.0,18912000.0,20112000.0,-1038000.0,37986000.0,-65208000.0,0.0,25619000.0,-77000.0,37136000.0,37136000.0,37136000.0,0.0,0.0,0.158,98610000.0,54758000.0,11149000.0,0.028,2.835,19.566,19.2,61028000.0,0.0,24.0,3.098,3.036,55318000.0,-10112000.0,234572000.0,234572000.0,3658000.0,0.105,0.161,0.269,0.238,0.0,89770000.0,1.0,30275024.0,29673000,30491000.0,7.905,251227000.0,48554000.0,14992000.0,7688000.0,8.467,87232000.0
20,COO,MRY,2000-12-31,2000-10-31,2000-10-31,2021-09-03,-3558000.0,322565000.0,300607500.0,112685000.0,209880000.0,0.669,6.993,-14665000.0,14608000.0,14608000.0,68100000.0,28968000.0,1.726,0.626,48351000.0,8094000.0,40257000.0,48351000.0,0.0,8734000.0,0.0,0.002,0.04,46439000.0,55173000.0,0.274,55173000.0,46439000.0,41695000.0,1.02,1.0,1.02,198438000.0,181321000.0,198438000.0,550006607.0,12.0,9.969,26363000.0,0.929,1.0,133117000.0,0.662,110854000.0,4744000.0,180179000.0,196088250.0,38219000.0,0.0,0.0,0.0,124127000.0,65275000.0,58852000.0,511117607.0,-6314000.0,-24444000.0,3078000.0,-9157000.0,-1134000.0,-7213000.0,-40564000.0,0.0,41028000.0,435000.0,28968000.0,28968000.0,28968000.0,0.0,0.0,0.144,86248000.0,46869000.0,7733000.0,0.039,2.576,17.644,17.525,47933000.0,0.0,17.875,2.54,2.521,33058000.0,-46210000.0,201217000.0,201217000.0,2711000.0,0.096,0.16,0.237,0.231,0.0,79324000.0,1.0,28593992.0,28376000,29019000.0,7.091,211711000.0,60779000.0,12727000.0,8033000.0,7.461,47410000.0
21,COO,MRY,1999-12-31,1999-10-31,1999-10-31,2021-09-03,-595000.0,285873000.0,283069250.0,100461000.0,185412000.0,0.594,5.821,-10121000.0,20922000.0,20922000.0,59009000.0,25100000.0,2.398,0.742,61955000.0,4888000.0,57067000.0,61955000.0,0.0,8440000.0,0.0,0.002,0.02,42141000.0,50581000.0,0.301,50581000.0,42141000.0,35811000.0,0.89,0.875,0.89,164143000.0,154064500.0,164143000.0,398373850.0,9.0,7.876,17577000.0,0.623,1.0,109146000.0,0.649,80518000.0,6330000.0,204492000.0,211596250.0,33430000.0,0.0,0.0,0.0,121730000.0,41896000.0,79834000.0,350594850.0,13589000.0,28685000.0,-7345000.0,-28122000.0,-561000.0,-34566000.0,20156000.0,5419000.0,27698000.0,301000.0,25100000.0,25100000.0,25100000.0,-129000.0,0.0,0.149,70335000.0,38811000.0,6263000.0,0.022,2.136,13.968,14.045,40319000.0,0.0,12.5,2.085,2.096,26792000.0,-74044000.0,168155000.0,168155000.0,1977000.0,0.089,0.163,0.199,0.251,0.0,64561000.0,1.0,28047588.0,28196000,28624000.0,5.964,205355000.0,68157000.0,10711000.0,11351000.0,7.283,58565000.0
22,COO,MRY,1998-12-31,1998-10-31,1998-10-31,2021-09-03,-666000.0,296041000.0,274012500.0,116077000.0,179964000.0,0.537,4.898,-19573000.0,7333000.0,7333000.0,55764000.0,39846000.0,2.486,1.038,90247000.0,11570000.0,78677000.0,90247000.0,0.0,8416000.0,0.0,0.0,0.0,11376000.0,19792000.0,0.134,19792000.0,11376000.0,5123000.0,1.345,1.305,1.345,145253000.0,132334250.0,145253000.0,423204028.0,37.0,21.383,-8205000.0,-0.277,1.0,91428000.0,0.621,84308000.0,6253000.0,247946000.0,211831250.0,30349000.0,0.0,0.0,0.0,150788000.0,46701000.0,104087000.0,354168028.0,-10916000.0,-34298000.0,-7993000.0,44890000.0,0.0,37327000.0,-59290000.0,-5419000.0,11368000.0,-321000.0,39846000.0,39846000.0,39846000.0,-4336000.0,0.0,0.271,61728000.0,29700000.0,8393000.0,0.0,2.438,8.888,8.829,34234000.0,0.0,11.875,2.406,2.393,24426000.0,-98583000.0,147192000.0,147192000.0,1944000.0,0.145,0.301,0.054,0.077,0.0,56226000.0,1.0,29824676.0,29656000,30538000.0,4.963,211733000.0,67811000.0,-34723000.0,8987000.0,7.14,69376000.0
23,COO,MRY,1997-12-31,1997-10-31,1997-10-31,2021-09-03,0.0,170624000.0,136766500.0,100574000.0,70050000.0,0.649,4.371,-7735000.0,18249000.0,18249000.0,27325000.0,31382000.0,3.454,0.53,9563000.0,438000.0,9125000.0,9563000.0,0.0,4267000.0,0.0,0.0,0.0,7821000.0,12088000.0,0.136,12088000.0,7821000.0,4647000.0,1.23,1.195,1.23,111533000.0,63431500.0,111533000.0,,,,3996000.0,0.157,1.0,61444000.0,0.692,32274000.0,3174000.0,100546000.0,95303000.0,14921000.0,0.0,0.0,0.0,59091000.0,29118000.0,29973000.0,529089454.0,11412000.0,-7145000.0,50388000.0,-32740000.0,0.0,17134000.0,-17453000.0,-2216000.0,11731000.0,0.0,31382000.0,31382000.0,31382000.0,0.0,0.0,0.354,41641000.0,19803000.0,6561000.0,0.0,4.744,16.86,14.533,7634000.0,0.0,17.875,5.96,5.138,13150000.0,-138429000.0,88769000.0,88769000.0,1739000.0,0.229,0.495,0.082,0.088,0.0,38337000.0,1.0,29599410.0,25518000,26240000.0,3.479,138350000.0,31213000.0,-26735000.0,9134000.0,5.422,71456000.0
24,COO,MRY,1996-12-31,1996-10-31,1996-10-31,2021-09-03,0.0,102909000.0,,42495000.0,60414000.0,,0.658,-3182000.0,6837000.0,6837000.0,19911000.0,16603000.0,1.276,5.713,48764000.0,844000.0,47920000.0,48764000.0,0.0,3352000.0,0.0,0.0,0.0,15586000.0,18938000.0,0.286,18938000.0,15586000.0,12165000.0,0.715,0.705,0.715,15330000.0,,15330000.0,,,,275000.0,0.012,1.0,46207000.0,0.699,21468000.0,3421000.0,90060000.0,,10363000.0,0.0,0.0,0.0,87579000.0,33308000.0,54271000.0,,-4370000.0,-4080000.0,0.0,-1513000.0,0.0,-1321000.0,-6506000.0,0.0,3457000.0,0.0,16603000.0,16603000.0,16603000.0,0.0,0.0,0.251,31937000.0,14270000.0,4574000.0,0.0,,,10.056,34674000.0,0.0,7.19,,2.533,21650000.0,-169811000.0,66118000.0,66118000.0,1176000.0,,,,0.236,0.0,29717000.0,1.0,,23292000,23588000.0,2.839,81441000.0,4148000.0,-4438000.0,9537000.0,3.497,9187000.0
25,COO,MRY,1995-12-31,1995-10-31,1995-10-31,2021-09-03,,,,,,,,-2185000.0,,,58003000.0,115000.0,,,,,,,,2704000.0,,0.0,0.0,4971000.0,7675000.0,0.079,7675000.0,4971000.0,230000.0,0.005,,0.005,,,,,,,1236000.0,0.053,1.0,39087000.0,0.403,,4741000.0,,,,,,,,,,,887000.0,-821000.0,0.0,-245000.0,0.0,-122000.0,-2412000.0,0.0,3421000.0,0.0,115000.0,115000.0,115000.0,0.0,0.0,0.001,31079000.0,8008000.0,,0.0,,,588.0,,0.0,2.94,,0.701,,,97090000.0,97090000.0,2914000.0,,,,0.051,0.0,25826000.0,1.0,,23152000,,4.194,,,115000.0,,,
0,COO,MRQ,2021-06-30,2021-07-31,2021-07-31,2021-09-03,-359800000.0,9610600000.0,,1474600000.0,8136000000.0,,137.631,-43600000.0,112200000.0,112200000.0,247300000.0,615800000.0,1.387,0.416,1886400000.0,469800000.0,1416600000.0,1886400000.0,0.0,78900000.0,0.0,0.0,0.03,99600000.0,178500000.0,0.234,178500000.0,99600000.0,94000000.0,12.5,12.37,12.5,6785200000.0,,6785200000.0,22678006184.0,46.0,27.326,180200000.0,3.655,1.0,516100000.0,0.676,3893300000.0,5600000.0,6428300000.0,,587900000.0,0.0,0.0,0.0,2825200000.0,1063200000.0,1762000000.0,20771306184.0,6600000.0,-64000000.0,8900000.0,-117500000.0,0.0,-108600000.0,-107600000.0,0.0,223800000.0,-1000000.0,615800000.0,615800000.0,615800000.0,0.0,0.0,0.807,415500000.0,100600000.0,153000000.0,0.002,3.061,7.124,7.111,1570600000.0,0.0,421.77,7.301,7.309,535100000.0,6091800000.0,763400000.0,763400000.0,24800000.0,,,,,0.0,352500000.0,1.0,49247946.0,49300000,49800000.0,15.485,5717300000.0,2554900000.0,-521800000.0,168400000.0,115.97,411400000.0
1,COO,MRQ,2021-03-31,2021-04-30,2021-04-30,2021-09-03,-347200000.0,9013800000.0,,1322600000.0,7691200000.0,,125.256,-49900000.0,105900000.0,105900000.0,232400000.0,117500000.0,1.332,0.463,2012600000.0,446800000.0,1565800000.0,2012600000.0,0.0,77500000.0,0.0,0.0,0.0,142500000.0,220000000.0,0.306,220000000.0,142500000.0,136400000.0,2.39,2.36,2.39,6162600000.0,,6162600000.0,22171882331.0,48.0,27.921,142700000.0,2.9,1.0,487100000.0,0.677,3980100000.0,6100000.0,5947700000.0,,582000000.0,0.0,0.0,0.0,2851000000.0,992700000.0,1858300000.0,20195682331.0,-13300000.0,-91100000.0,11000000.0,-74900000.0,-1500000.0,-65400000.0,-141000000.0,0.0,192600000.0,500000.0,117500000.0,117500000.0,117500000.0,0.0,0.0,0.163,343900000.0,143200000.0,141600000.0,0.0,3.277,8.576,8.571,1574900000.0,0.0,410.89,7.593,7.6,490100000.0,5477500000.0,719500000.0,719500000.0,21000000.0,,,,,0.0,285800000.0,1.0,49151068.0,49200000,49700000.0,14.624,5033700000.0,2017400000.0,18900000.0,171800000.0,102.311,329900000.0
2,COO,MRQ,2020-12-31,2021-01-31,2021-01-31,2021-09-03,-381300000.0,8921900000.0,,1297400000.0,7624500000.0,,121.99,-55900000.0,119100000.0,119100000.0,229800000.0,2101100000.0,1.35,0.49,2095300000.0,435400000.0,1659900000.0,2095300000.0,0.0,75500000.0,0.0,0.0,0.03,145900000.0,221400000.0,0.325,221400000.0,145900000.0,139500000.0,42.77,42.31,42.77,5989700000.0,,5989700000.0,19830402669.0,58.0,29.834,91800000.0,1.87,1.0,450700000.0,0.662,3911900000.0,6400000.0,6024900000.0,,570500000.0,0.0,0.0,0.0,2932000000.0,961300000.0,1970700000.0,17883002669.0,2900000.0,-79800000.0,-34600000.0,21000000.0,0.0,-13600000.0,-135700000.0,0.0,147700000.0,4500000.0,2101100000.0,2101100000.0,2101100000.0,0.0,0.0,3.088,317300000.0,133400000.0,302300000.0,0.001,2.986,7.952,7.952,1575400000.0,0.0,364.04,7.254,7.251,461200000.0,5360000000.0,680500000.0,680500000.0,21400000.0,,,,,0.0,261200000.0,1.0,49123730.0,49100000,49700000.0,13.859,5010000000.0,2031200000.0,-1961600000.0,21600000.0,102.037,336100000.0
3,COO,MRQ,2020-09-30,2020-10-31,2020-10-31,2021-09-03,-472000000.0,6737500000.0,,1274200000.0,5463300000.0,,71.702,-107000000.0,115900000.0,115900000.0,257600000.0,81200000.0,1.269,0.762,2063300000.0,442600000.0,1620700000.0,2063300000.0,0.0,109600000.0,0.0,0.0,0.0,100400000.0,210000000.0,0.308,210000000.0,100400000.0,93700000.0,1.65,1.64,1.65,3824600000.0,,3824600000.0,19040154939.0,63.0,30.567,111300000.0,2.087,1.0,424000000.0,0.622,3736300000.0,6700000.0,3944200000.0,,570400000.0,0.0,0.0,0.0,2912700000.0,1004400000.0,1908300000.0,17018254939.0,-11500000.0,-36200000.0,1900000.0,-82200000.0,-1500000.0,-85300000.0,-143200000.0,0.0,218300000.0,-1300000.0,81200000.0,81200000.0,81200000.0,0.0,0.0,0.119,323900000.0,100100000.0,176000000.0,0.0,4.45,71.385,65.784,1542100000.0,0.0,319.05,7.001,7.001,435400000.0,3261800000.0,681600000.0,681600000.0,25500000.0,,,,,37600000.0,264200000.0,1.0,53340401.0,53340401,49600000.0,12.778,3001200000.0,80100000.0,12500000.0,187800000.0,56.265,269800000.0
4,COO,MRQ,2020-06-30,2020-07-31,2020-07-31,2021-09-03,-444700000.0,6748400000.0,,1321300000.0,5427100000.0,,76.582,-45100000.0,127400000.0,127400000.0,217400000.0,55200000.0,1.171,0.795,2149300000.0,584900000.0,1564400000.0,2149300000.0,0.0,70600000.0,0.0,0.0,0.03,72100000.0,142700000.0,0.247,142700000.0,72100000.0,66400000.0,1.13,1.12,1.13,3760200000.0,,3760200000.0,17173231437.0,50.0,27.403,67700000.0,1.379,1.0,360800000.0,0.624,3756400000.0,5700000.0,3885200000.0,,594900000.0,0.0,0.0,0.0,2988000000.0,1128700000.0,1859300000.0,15089531437.0,47500000.0,-6700000.0,1500000.0,-20100000.0,0.0,-18600000.0,-51800000.0,0.0,112800000.0,5100000.0,55200000.0,55200000.0,55200000.0,0.0,0.0,0.095,288800000.0,72000000.0,342300000.0,0.027,4.013,54.24,50.165,1496600000.0,0.0,282.93,6.182,5.691,450500000.0,3180600000.0,578200000.0,578200000.0,21800000.0,,,,,0.0,232800000.0,1.0,53333091.0,49100000,49500000.0,11.776,2992000000.0,80100000.0,11200000.0,28500000.0,60.937,192600000.0
5,COO,MRQ,2020-03-31,2020-04-30,2020-04-30,2021-09-03,-512800000.0,6510000000.0,,1166200000.0,5343800000.0,,73.726,-89300000.0,79800000.0,79800000.0,201400000.0,11500000.0,1.137,0.795,2163500000.0,586000000.0,1577500000.0,2163500000.0,0.0,68800000.0,0.0,0.0,0.0,21800000.0,90600000.0,0.173,90600000.0,21800000.0,9000000.0,0.23,0.23,0.23,3627300000.0,,3627300000.0,17262440015.0,41.0,24.717,-63500000.0,-1.291,1.0,323500000.0,0.616,3737700000.0,12800000.0,3830700000.0,,568200000.0,0.0,0.0,0.0,2882500000.0,1025300000.0,1857200000.0,15289840015.0,3400000.0,-1800000.0,-42100000.0,115200000.0,-1500000.0,71600000.0,-91100000.0,0.0,25800000.0,-2900000.0,11500000.0,11500000.0,11500000.0,0.0,0.0,0.022,294900000.0,28600000.0,287600000.0,0.0,4.215,44.564,41.311,1451600000.0,0.0,286.7,6.015,5.549,368800000.0,3126900000.0,524900000.0,524900000.0,23800000.0,,,,,0.0,237200000.0,1.0,53330450.0,49200000,49600000.0,10.669,2772300000.0,77000000.0,-2500000.0,26800000.0,56.348,140900000.0
6,COO,MRQ,2019-12-31,2020-01-31,2020-01-31,2021-09-03,-430400000.0,6548500000.0,,1149900000.0,5398600000.0,,75.982,-69000000.0,76800000.0,76800000.0,219700000.0,90500000.0,1.076,0.755,2049400000.0,574500000.0,1474900000.0,2049400000.0,0.0,70600000.0,0.0,0.0,0.03,109000000.0,179600000.0,0.278,179600000.0,109000000.0,97400000.0,1.84,1.82,1.84,3730700000.0,,3730700000.0,18756539979.0,35.0,22.732,60700000.0,1.236,1.0,426500000.0,0.66,3820300000.0,11600000.0,3632300000.0,,526500000.0,0.0,0.0,0.0,2817600000.0,1068500000.0,1749100000.0,17019239979.0,-12100000.0,-9400000.0,-13200000.0,-50000000.0,0.0,-63200000.0,-78400000.0,0.0,129700000.0,-200000.0,90500000.0,90500000.0,90500000.0,0.0,0.0,0.14,315400000.0,111100000.0,317900000.0,0.016,4.562,37.487,37.746,1432500000.0,0.0,346.89,6.371,6.376,408000000.0,3115400000.0,646200000.0,646200000.0,22200000.0,,,,,0.0,258300000.0,1.0,49062354.0,49100000,49700000.0,13.161,2728200000.0,75900000.0,6900000.0,27600000.0,55.564,81400000.0
7,COO,MRQ,2019-09-30,2019-10-31,2019-10-31,2021-09-03,-447100000.0,6274500000.0,,1163400000.0,5111100000.0,,73.449,-84800000.0,89000000.0,89000000.0,236600000.0,121000000.0,1.048,0.729,1826300000.0,563700000.0,1262600000.0,1826300000.0,0.0,70600000.0,0.0,0.0,0.0,143200000.0,213800000.0,0.309,213800000.0,143200000.0,128500000.0,2.44,2.42,2.44,3628400000.0,,3628400000.0,16125821092.0,30.0,19.518,115100000.0,2.33,1.0,455000000.0,0.658,3834200000.0,14700000.0,3067000000.0,,506900000.0,0.0,0.0,0.0,2645900000.0,1110600000.0,1535300000.0,14425921092.0,-23700000.0,-100000.0,-149900000.0,12700000.0,-1500000.0,-139100000.0,-84900000.0,0.0,199900000.0,400000.0,121000000.0,121000000.0,121000000.0,0.0,0.0,0.175,308400000.0,146600000.0,274900000.0,0.0,3.976,30.91,30.826,1132100000.0,0.0,291.0,5.437,5.418,435300000.0,3026400000.0,691600000.0,691600000.0,23300000.0,,,,,35100000.0,249600000.0,1.0,49573612.0,49400000,50000000.0,14.0,2440300000.0,78000000.0,7500000.0,28000000.0,49.399,52800000.0
8,COO,MRQ,2019-06-30,2019-07-31,2019-07-31,2021-09-03,-481800000.0,6172800000.0,,1150800000.0,5022000000.0,,73.036,-75400000.0,112700000.0,112700000.0,228700000.0,120100000.0,1.294,0.707,1812600000.0,390000000.0,1422600000.0,1812600000.0,0.0,70700000.0,0.0,0.0,0.03,143700000.0,214400000.0,0.316,214400000.0,143700000.0,127000000.0,2.43,2.4,2.43,3615300000.0,,3615300000.0,18519467525.0,34.0,22.626,121300000.0,2.451,1.0,450700000.0,0.663,3830000000.0,16700000.0,3153300000.0,,502100000.0,0.0,0.0,0.0,2557300000.0,889400000.0,1667900000.0,16697167525.0,8300000.0,-8300000.0,12000000.0,-115600000.0,0.0,-103600000.0,-83700000.0,0.0,196700000.0,-1100000.0,120100000.0,120100000.0,120100000.0,0.0,0.0,0.177,308500000.0,142200000.0,266300000.0,0.012,4.618,37.404,37.282,1065400000.0,0.0,337.4,6.389,6.391,404700000.0,2905400000.0,679400000.0,679400000.0,21500000.0,,,,,0.0,249800000.0,1.0,49487752.0,49500000,50100000.0,13.725,2342800000.0,63100000.0,6900000.0,31500000.0,47.329,261400000.0
9,COO,MRQ,2019-03-31,2019-04-30,2019-04-30,2021-09-03,-416600000.0,6203400000.0,,1136600000.0,5066800000.0,,71.7,-52700000.0,104600000.0,104600000.0,221700000.0,122400000.0,1.208,0.751,1926900000.0,454600000.0,1472300000.0,1926900000.0,0.0,70700000.0,0.0,0.0,0.0,146600000.0,217300000.0,0.332,217300000.0,146600000.0,128100000.0,2.48,2.45,2.48,3542000000.0,,3542000000.0,16300349799.0,32.0,20.73,162100000.0,3.281,1.0,432600000.0,0.661,3912600000.0,18500000.0,3172200000.0,,493100000.0,0.0,0.0,0.0,2661200000.0,940900000.0,1720300000.0,14314549799.0,-42000000.0,-800000.0,4700000.0,-205300000.0,-1500000.0,-201900000.0,-53500000.0,0.0,214800000.0,-1400000.0,122400000.0,122400000.0,122400000.0,0.0,0.0,0.187,285700000.0,146900000.0,254000000.0,0.0,4.041,33.516,33.439,1032700000.0,0.0,289.92,5.519,5.521,396200000.0,2786800000.0,654300000.0,654300000.0,21000000.0,,,,,0.0,246800000.0,1.0,49374137.0,49400000,50000000.0,13.245,2290800000.0,60100000.0,5700000.0,33300000.0,46.372,195700000.0
10,COO,MRQ,2018-12-31,2019-01-31,2019-01-31,2021-09-03,-398000000.0,6298600000.0,,1193000000.0,5105600000.0,,69.479,-79200000.0,146600000.0,146600000.0,209600000.0,103200000.0,1.271,0.839,2132400000.0,445500000.0,1686900000.0,2132400000.0,0.0,68800000.0,0.0,0.0,0.03,112000000.0,180800000.0,0.288,180800000.0,112000000.0,93800000.0,2.09,2.07,2.09,3425300000.0,,3425300000.0,15669029324.0,36.0,22.047,22600000.0,0.458,1.0,418500000.0,0.666,3963400000.0,18200000.0,3382400000.0,,486200000.0,0.0,0.0,0.0,2873100000.0,938600000.0,1934500000.0,13723929324.0,66700000.0,-50000000.0,-15100000.0,108500000.0,0.0,93200000.0,-129200000.0,0.0,101800000.0,900000.0,103200000.0,103200000.0,103200000.0,0.0,0.0,0.164,307600000.0,110900000.0,254400000.0,0.014,4.007,37.538,37.518,1023800000.0,0.0,278.76,5.338,5.346,389700000.0,2664400000.0,628100000.0,628100000.0,21000000.0,,,,,0.0,250000000.0,1.0,49232061.0,49300000,49900000.0,12.74,2335200000.0,55200000.0,-9400000.0,34600000.0,47.367,254400000.0
11,COO,MRQ,2018-09-30,2018-10-31,2018-10-31,2021-09-03,-430700000.0,6112800000.0,,1090900000.0,5021900000.0,,66.955,-43400000.0,77700000.0,77700000.0,221400000.0,100700000.0,2.033,0.848,2022800000.0,37100000.0,1985700000.0,2022800000.0,0.0,70500000.0,0.0,0.0,0.0,135500000.0,206000000.0,0.316,206000000.0,135500000.0,112700000.0,2.05,2.02,2.05,3307600000.0,,3307600000.0,14831871257.0,36.0,21.505,193200000.0,3.911,1.0,430100000.0,0.66,3913400000.0,22800000.0,3608000000.0,,468800000.0,0.0,0.0,0.0,2805000000.0,536500000.0,2268500000.0,12693271257.0,-75400000.0,-3100000.0,11600000.0,-273400000.0,-1400000.0,-263300000.0,-46500000.0,0.0,236600000.0,-2200000.0,100700000.0,100700000.0,100700000.0,0.0,0.0,0.155,307400000.0,122700000.0,287900000.0,0.0,3.838,90.731,90.635,976000000.0,0.0,258.31,5.012,5.008,374700000.0,2576000000.0,651500000.0,651500000.0,22600000.0,,,,,43200000.0,248600000.0,1.0,49139682.0,49400000,50000000.0,13.188,2199400000.0,58400000.0,12000000.0,31000000.0,44.522,554400000.0
12,COO,MRQ,2018-06-30,2018-07-31,2018-07-31,2021-09-03,-385600000.0,6256900000.0,,1188800000.0,5068100000.0,,65.713,-52300000.0,155600000.0,155600000.0,233200000.0,100800000.0,2.577,0.939,2294200000.0,45300000.0,2248900000.0,2294200000.0,0.0,69000000.0,0.0,0.0,0.03,113200000.0,182200000.0,0.276,182200000.0,113200000.0,90400000.0,2.05,2.03,2.05,3226500000.0,,3226500000.0,15110418310.0,39.0,23.699,182900000.0,3.725,1.0,426800000.0,0.647,3980100000.0,22800000.0,3954000000.0,,479600000.0,0.0,0.0,0.0,3030300000.0,461400000.0,2568900000.0,12791618310.0,-9300000.0,-100000.0,700000.0,-189400000.0,0.0,-188600000.0,-52400000.0,0.0,235200000.0,-3500000.0,100800000.0,100800000.0,100800000.0,0.0,0.0,0.153,311200000.0,115600000.0,291800000.0,0.015,3.965,100.091,99.808,967400000.0,0.0,260.5,5.236,5.236,375600000.0,2470500000.0,660000000.0,660000000.0,22500000.0,,,,,0.0,251000000.0,1.0,49104101.0,49100000,49700000.0,13.442,2276800000.0,45700000.0,-10400000.0,37200000.0,46.371,727400000.0
13,COO,MRQ,2018-03-31,2018-04-30,2018-04-30,2021-09-03,-316000000.0,6414400000.0,,1272400000.0,5142000000.0,,64.927,-46500000.0,164900000.0,164900000.0,226800000.0,60900000.0,2.764,1.012,2483700000.0,41300000.0,2442400000.0,2483700000.0,0.0,69000000.0,0.0,0.0,0.0,72700000.0,141700000.0,0.224,141700000.0,72700000.0,54000000.0,1.24,1.23,1.24,3187900000.0,,3187900000.0,13522694578.0,35.0,21.86,124400000.0,2.534,1.0,404500000.0,0.641,4063100000.0,18700000.0,4209700000.0,,504800000.0,0.0,0.0,0.0,3226400000.0,460400000.0,2766000000.0,11211894578.0,73200000.0,-127500000.0,0.0,80600000.0,-1500000.0,78900000.0,-174000000.0,0.0,170900000.0,-2600000.0,60900000.0,60900000.0,60900000.0,0.0,0.0,0.096,329800000.0,74700000.0,330200000.0,0.0,3.517,85.849,85.34,966500000.0,0.0,228.71,4.794,4.801,432600000.0,2371200000.0,631300000.0,631300000.0,20800000.0,,,,,0.0,247900000.0,1.0,49022319.0,49100000,49600000.0,12.857,2351300000.0,36700000.0,-6900000.0,38000000.0,47.888,812000000.0
14,COO,MRQ,2017-12-31,2018-01-31,2018-01-31,2021-09-03,-273000000.0,6268600000.0,,1175500000.0,5093100000.0,,64.546,-51400000.0,91700000.0,91700000.0,219100000.0,-122500000.0,2.828,0.986,2402500000.0,29600000.0,2372900000.0,2402500000.0,0.0,66600000.0,0.0,0.0,0.03,93200000.0,159800000.0,0.271,159800000.0,93200000.0,74800000.0,-2.5,-2.5,-2.5,3156300000.0,,3156300000.0,13038722338.0,30.0,20.363,-25200000.0,-0.515,1.0,370900000.0,0.629,4042200000.0,18400000.0,4121500000.0,,506300000.0,0.0,0.0,0.0,3112200000.0,415700000.0,2696500000.0,11954822338.0,2900000.0,-1193200000.0,-10500000.0,1231800000.0,0.0,1217400000.0,-1244600000.0,0.0,26200000.0,3900000.0,-122500000.0,-122500000.0,-122500000.0,0.0,0.0,-0.208,280700000.0,90200000.0,284300000.0,-0.012,3.788,68.47,68.344,952000000.0,0.0,244.67,5.361,5.365,413800000.0,2310300000.0,590000000.0,590000000.0,18800000.0,,,,,0.0,225900000.0,1.0,48861006.0,48900000,48900000.0,12.065,2226400000.0,22500000.0,197300000.0,40800000.0,45.53,759800000.0
15,COO,MRQ,2017-09-30,2017-10-31,2017-10-31,2021-09-03,-375300000.0,4858700000.0,,953200000.0,3905500000.0,,64.943,-31800000.0,88800000.0,88800000.0,208100000.0,88600000.0,2.406,0.53,1172700000.0,23400000.0,1149300000.0,1172700000.0,0.0,47200000.0,0.0,0.0,0.0,106700000.0,153900000.0,0.274,153900000.0,106700000.0,96600000.0,1.82,1.78,1.82,3175700000.0,,3175700000.0,12927944402.0,30.0,20.994,167200000.0,3.419,1.0,353400000.0,0.629,2859500000.0,10100000.0,2687000000.0,,454100000.0,0.0,0.0,0.0,1682900000.0,396100000.0,1286800000.0,11760544402.0,42800000.0,-57100000.0,-25200000.0,-40400000.0,-1400000.0,-67000000.0,-88900000.0,0.0,199000000.0,-300000.0,88600000.0,88600000.0,88600000.0,0.0,0.0,0.158,244900000.0,108500000.0,142100000.0,0.0,3.703,31.538,31.489,910100000.0,0.0,240.26,5.498,5.493,316600000.0,2434200000.0,561500000.0,561500000.0,18600000.0,,,,,37200000.0,208500000.0,1.0,48949240.0,48900000,49900000.0,11.483,1999200000.0,60300000.0,8000000.0,38800000.0,40.883,557100000.0
16,COO,MRQ,2017-06-30,2017-07-31,2017-07-31,2021-09-03,-384800000.0,4782800000.0,,932100000.0,3850700000.0,,63.256,-38100000.0,46000000.0,46000000.0,199800000.0,103600000.0,2.511,0.546,1213400000.0,33400000.0,1180000000.0,1213400000.0,0.0,47200000.0,0.0,0.0,0.03,116000000.0,163200000.0,0.294,163200000.0,116000000.0,107700000.0,2.12,2.09,2.12,3093200000.0,,3093200000.0,13180302207.0,33.0,22.596,116400000.0,2.38,1.0,356200000.0,0.641,2821500000.0,8300000.0,2757500000.0,,453900000.0,0.0,0.0,0.0,1689500000.0,371200000.0,1318300000.0,11914702207.0,-75300000.0,-23200000.0,4400000.0,-174700000.0,0.0,-170900000.0,-61300000.0,0.0,154500000.0,2400000.0,103600000.0,103600000.0,103600000.0,0.0,0.0,0.186,243400000.0,112800000.0,112200000.0,0.014,3.852,34.555,34.591,894900000.0,0.0,243.87,5.684,5.689,335900000.0,2345600000.0,556000000.0,556000000.0,17500000.0,,,,,0.0,208700000.0,1.0,48856777.0,48900000,49600000.0,11.37,1961300000.0,66100000.0,4100000.0,30900000.0,40.108,560900000.0
17,COO,MRQ,2017-03-31,2017-04-30,2017-04-30,2021-09-03,-423100000.0,4749800000.0,,958300000.0,3791500000.0,,59.992,-28600000.0,121300000.0,121300000.0,178500000.0,104900000.0,2.792,0.616,1386900000.0,41300000.0,1345600000.0,1386900000.0,0.0,46200000.0,0.0,0.0,0.0,117200000.0,163400000.0,0.313,163400000.0,117200000.0,109500000.0,2.14,2.12,2.14,2939600000.0,,2939600000.0,11136785540.0,29.0,19.514,103100000.0,2.104,1.0,343900000.0,0.658,2787700000.0,7700000.0,2884500000.0,,437600000.0,0.0,0.0,0.0,1810000000.0,343200000.0,1466800000.0,9803385540.0,30200000.0,-400000.0,-31400000.0,-38500000.0,-1500000.0,-73500000.0,-29000000.0,0.0,131700000.0,1000000.0,104900000.0,104900000.0,104900000.0,0.0,0.0,0.201,226800000.0,117100000.0,100400000.0,0.0,3.335,29.788,29.723,886500000.0,0.0,200.33,4.771,4.777,311200000.0,2243400000.0,522400000.0,522400000.0,16800000.0,,,,,0.0,193300000.0,1.0,48936183.0,49000000,49500000.0,10.661,1962100000.0,59700000.0,4600000.0,25600000.0,40.043,615100000.0
18,COO,MRQ,2016-12-31,2017-01-31,2017-01-31,2021-09-03,-461400000.0,4656700000.0,,883900000.0,3772800000.0,,57.773,-28700000.0,91100000.0,91100000.0,186700000.0,75800000.0,1.707,0.652,1424500000.0,223500000.0,1201000000.0,1424500000.0,0.0,47800000.0,0.0,0.0,0.03,87400000.0,135200000.0,0.271,135200000.0,87400000.0,80100000.0,1.55,1.53,1.55,2819300000.0,,2819300000.0,10239449857.0,29.0,18.785,79700000.0,1.633,1.0,312400000.0,0.626,2778300000.0,7300000.0,2693900000.0,,421400000.0,0.0,0.0,0.0,1837300000.0,517900000.0,1319400000.0,9006493857.0,-9700000.0,-173400000.0,-8100000.0,91100000.0,0.0,83500000.0,-202100000.0,0.0,108400000.0,500000.0,75800000.0,75800000.0,75800000.0,0.0,0.0,0.152,221700000.0,90700000.0,100300000.0,0.019,3.195,30.193,30.116,879100000.0,0.0,184.61,4.467,4.468,290900000.0,2138600000.0,499100000.0,499100000.0,16300000.0,,,,,0.0,188600000.0,1.0,48786598.0,48800000,49400000.0,10.227,1878400000.0,57800000.0,4300000.0,26800000.0,38.492,366000000.0
19,COO,MRQ,2016-09-30,2016-10-31,2016-10-31,2021-09-03,-489600000.0,4478600000.0,,937100000.0,3541500000.0,,55.242,-35200000.0,100800000.0,100800000.0,222600000.0,60500000.0,1.725,0.661,1333700000.0,226300000.0,1107400000.0,1333700000.0,0.0,47400000.0,0.0,0.0,0.0,74100000.0,121500000.0,0.234,121500000.0,74100000.0,68800000.0,1.24,1.23,1.24,2695800000.0,,2695800000.0,9962021086.0,31.0,19.191,158100000.0,3.24,1.0,296000000.0,0.571,2605800000.0,5300000.0,2562500000.0,,417700000.0,0.0,0.0,0.0,1782700000.0,543200000.0,1239500000.0,8580568086.0,38200000.0,-14800000.0,1000000.0,-121500000.0,-1400000.0,-102900000.0,-50000000.0,0.0,193300000.0,-2200000.0,60500000.0,60500000.0,60500000.0,0.0,0.0,0.117,221800000.0,74200000.0,107400000.0,0.0,3.183,31.327,31.158,877700000.0,0.0,176.04,4.363,4.341,291400000.0,2046300000.0,518600000.0,518600000.0,18000000.0,,,,,10100000.0,189100000.0,1.0,48742150.0,48800000,49300000.0,10.627,1872800000.0,55800000.0,8300000.0,37500000.0,38.377,393900000.0
20,COO,MRQ,2016-06-30,2016-07-31,2016-07-31,2021-09-03,-380032000.0,4592675000.0,,929639000.0,3663036000.0,,56.187,-31100000.0,62613000.0,62613000.0,198100000.0,88200000.0,2.903,0.679,1444066000.0,31692000.0,1412374000.0,1444066000.0,0.0,49500000.0,0.0,0.0,0.03,101100000.0,150600000.0,0.293,150600000.0,101100000.0,93100000.0,1.81,1.79,1.81,2730688000.0,,2730688000.0,10237277782.0,36.0,20.952,97800000.0,2.012,1.0,316600000.0,0.615,2682569000.0,8000000.0,2971318000.0,,430259000.0,0.0,0.0,0.0,1855273000.0,320241000.0,1535032000.0,8840368782.0,18100000.0,-105800000.0,17600000.0,600000.0,0.0,29000000.0,-136900000.0,0.0,128900000.0,-2900000.0,87900000.0,87900000.0,87900000.0,0.0,300000.0,0.171,213900000.0,102700000.0,87688000.0,0.017,3.237,35.354,35.431,922211000.0,0.0,182.47,4.644,4.658,307341000.0,1989906000.0,514700000.0,514700000.0,15900000.0,,,,,0.0,182400000.0,1.0,48448341.0,48600000,49000000.0,10.591,1910106000.0,49286000.0,5200000.0,43773000.0,39.303,609398000.0
21,COO,MRQ,2016-03-31,2016-04-30,2016-04-30,2021-09-03,-253153000.0,4601253000.0,,915115000.0,3686138000.0,,56.572,-41200000.0,44464000.0,44464000.0,185300000.0,74400000.0,2.84,0.678,1441373000.0,30191000.0,1411182000.0,1441373000.0,0.0,47900000.0,0.0,0.0,0.0,89900000.0,137800000.0,0.285,137800000.0,89900000.0,82300000.0,1.53,1.52,1.53,2738076000.0,,2738076000.0,8768974566.0,37.0,19.888,56700000.0,1.171,1.0,298500000.0,0.617,2670256000.0,7600000.0,3005689000.0,,433596000.0,0.0,0.0,0.0,1856472000.0,322217000.0,1534255000.0,7407698566.0,28500000.0,-84600000.0,-500000.0,65200000.0,-1500000.0,54700000.0,-125800000.0,0.0,97900000.0,1700000.0,74100000.0,74100000.0,74100000.0,0.0,300000.0,0.153,208700000.0,89800000.0,105759000.0,0.0,2.705,35.767,35.934,964359000.0,0.0,153.08,4.003,4.003,298825000.0,1903469000.0,483800000.0,483800000.0,16700000.0,,,,,0.0,177700000.0,1.0,48391028.0,48400000,48900000.0,9.996,1930997000.0,47225000.0,8200000.0,37568000.0,39.897,592898000.0
22,COO,MRQ,2015-12-31,2016-01-31,2016-01-31,2021-09-03,-305433000.0,4401802000.0,,844504000.0,3557298000.0,,53.829,-45100000.0,16047000.0,16047000.0,187600000.0,51700000.0,2.427,0.69,1377323000.0,46696000.0,1330627000.0,1377323000.0,0.0,53500000.0,0.0,0.0,0.03,55700000.0,109200000.0,0.243,109200000.0,55700000.0,50400000.0,1.06,1.05,1.06,2599957000.0,,2599957000.0,7664787545.0,35.0,18.298,44400000.0,0.919,1.0,262000000.0,0.583,2564092000.0,5300000.0,2851017000.0,,430898000.0,0.0,0.0,0.0,1795076000.0,347969000.0,1447107000.0,6331256545.0,-400000.0,-60900000.0,-10900000.0,28100000.0,0.0,17800000.0,-106000000.0,0.0,89500000.0,-1700000.0,51400000.0,51400000.0,51400000.0,0.0,300000.0,0.114,204600000.0,57400000.0,116430000.0,0.028,2.435,32.683,32.952,948174000.0,0.0,131.15,3.514,3.516,278891000.0,1829344000.0,449600000.0,449600000.0,14800000.0,,,,,0.0,173600000.0,1.0,48274926.0,48300000,48800000.0,9.308,1837710000.0,46024000.0,-1000000.0,35597000.0,38.048,496535000.0
23,COO,MRQ,2015-09-30,2015-10-31,2015-10-31,2021-09-03,-191643000.0,4459864000.0,,841428000.0,3618436000.0,,54.733,-58287000.0,16426000.0,16426000.0,202230000.0,36971000.0,1.479,0.67,1349211000.0,243803000.0,1105408000.0,1349211000.0,0.0,50102000.0,0.0,0.0,0.0,40904000.0,91006000.0,0.2,91006000.0,40904000.0,36127000.0,0.75,0.75,0.75,2667509000.0,,2667509000.0,8697665042.0,37.0,20.542,46164000.0,0.947,1.0,253346000.0,0.556,2608167000.0,4777000.0,2615700000.0,,419692000.0,0.0,0.0,0.0,1785960000.0,568782000.0,1217178000.0,7406813042.0,-583000.0,-43722000.0,-56104000.0,41181000.0,-1452000.0,-2528000.0,-102009000.0,0.0,104451000.0,-497000.0,36656000.0,36656000.0,36656000.0,0.0,315000.0,0.08,211064000.0,42282000.0,116912000.0,0.0,2.777,36.397,36.276,967097000.0,0.0,152.36,4.122,4.112,282918000.0,1779440000.0,455576000.0,455576000.0,18371000.0,,,,,15600000.0,179599000.0,1.0,48613895.0,48737000,49329000.0,9.348,1851697000.0,46241000.0,-529000.0,31016000.0,37.994,272646000.0
24,COO,MRQ,2015-06-30,2015-07-31,2015-07-31,2021-09-03,-168140000.0,4422682000.0,,814692000.0,3607990000.0,,55.3,-66348000.0,17005000.0,17005000.0,188791000.0,45243000.0,1.538,0.643,1307857000.0,237558000.0,1070299000.0,1307857000.0,0.0,53909000.0,0.0,0.0,0.03,48999000.0,102908000.0,0.223,102908000.0,48999000.0,44309000.0,0.92,0.91,0.92,2687572000.0,,2687572000.0,9930187467.0,43.0,24.067,29620000.0,0.609,1.0,272887000.0,0.591,2591439000.0,4690000.0,2592508000.0,,405966000.0,0.0,0.0,0.0,1728747000.0,529587000.0,1199160000.0,8600389467.0,-906000.0,-426000.0,6662000.0,-39166000.0,0.0,-29682000.0,-66774000.0,0.0,95968000.0,-418000.0,44951000.0,44951000.0,44951000.0,0.0,292000.0,0.097,222576000.0,50311000.0,114479000.0,0.033,3.2,43.518,43.489,974876000.0,0.0,177.0,4.753,4.754,280160000.0,1742761000.0,461678000.0,461678000.0,18298000.0,,,,,0.0,191783000.0,1.0,48589771.0,48600000,49244000.0,9.5,1831243000.0,47595000.0,-642000.0,67922000.0,37.68,285105000.0
25,COO,MRQ,2015-03-31,2015-04-30,2015-04-30,2021-09-03,-185372000.0,4392660000.0,,799966000.0,3592694000.0,,53.849,-53370000.0,17911000.0,17911000.0,166960000.0,61137000.0,1.493,0.681,1347709000.0,242165000.0,1105544000.0,1347709000.0,0.0,44505000.0,0.0,0.0,0.0,71260000.0,115765000.0,0.266,115765000.0,71260000.0,66568000.0,1.25,1.23,1.25,2609666000.0,,2609666000.0,9977666947.0,36.0,22.807,57270000.0,1.182,1.0,267716000.0,0.616,2588783000.0,4692000.0,2598033000.0,,402537000.0,0.0,0.0,0.0,1776923000.0,535642000.0,1241281000.0,8598757947.0,1483000.0,-548000.0,4108000.0,-50431000.0,-1448000.0,-54243000.0,-53918000.0,0.0,110640000.0,-996000.0,60713000.0,60713000.0,60713000.0,0.0,424000.0,0.14,196718000.0,70998000.0,100545000.0,0.0,3.295,35.717,35.757,961762000.0,0.0,178.07,4.83,4.847,267183000.0,1699268000.0,434676000.0,434676000.0,16819000.0,,,,,0.0,167583000.0,1.0,48288639.0,48463000,49163000.0,8.969,1803877000.0,44328000.0,5855000.0,69156000.0,37.222,264324000.0
26,COO,MRQ,2014-12-31,2015-01-31,2015-01-31,2021-09-03,-219747000.0,4335744000.0,,787109000.0,3548635000.0,,51.883,-64995000.0,16428000.0,16428000.0,168820000.0,61749000.0,2.057,0.727,1395337000.0,92795000.0,1302542000.0,1395337000.0,0.0,42884000.0,0.0,0.0,0.03,70836000.0,113720000.0,0.255,113720000.0,70836000.0,66895000.0,1.27,1.25,1.27,2500874000.0,,2500874000.0,8949314003.0,31.0,20.231,14846000.0,0.308,1.0,276351000.0,0.621,2575620000.0,3941000.0,2756454000.0,,390101000.0,0.0,0.0,0.0,1818759000.0,382579000.0,1436180000.0,7592185003.0,-8794000.0,-204000.0,-26766000.0,11116000.0,0.0,-20247000.0,-65199000.0,0.0,79841000.0,-3189000.0,61179000.0,61179000.0,61179000.0,0.0,570000.0,0.137,203243000.0,73108000.0,87336000.0,0.024,3.036,29.292,29.303,928627000.0,0.0,157.65,4.319,4.323,275899000.0,1638555000.0,445171000.0,445171000.0,16113000.0,,,,,0.0,173535000.0,1.0,48158484.0,48202000,49082000.0,9.236,1760124000.0,44559000.0,5716000.0,69377000.0,36.516,404530000.0
27,COO,MRQ,2014-09-30,2014-10-31,2014-10-31,2021-09-03,-106182000.0,4458340000.0,,791617000.0,3666723000.0,,53.235,-60129000.0,25222000.0,25222000.0,188445000.0,31257000.0,1.79,0.728,1382351000.0,101518000.0,1280833000.0,1382351000.0,0.0,42554000.0,0.0,0.0,0.0,37656000.0,80210000.0,0.171,80210000.0,37656000.0,34404000.0,0.63,0.62,0.63,2569878000.0,,2569878000.0,8087608072.0,27.0,18.351,91927000.0,1.904,1.0,279552000.0,0.597,2674526000.0,3252000.0,2698761000.0,,381474000.0,0.0,0.0,0.0,1869900000.0,442182000.0,1427718000.0,7913453072.0,-148564000.0,-1109702000.0,-24073000.0,890899000.0,-1448000.0,872250000.0,-1170585000.0,0.0,152056000.0,-2285000.0,30786000.0,30786000.0,30786000.0,0.0,471000.0,0.066,240177000.0,39375000.0,116353000.0,0.0,3.079,29.325,29.216,937325000.0,0.0,163.9,4.607,4.586,276280000.0,1578823000.0,467997000.0,467997000.0,18182000.0,,,,,17215000.0,208020000.0,1.0,48282203.0,48274000,49137000.0,9.695,1783814000.0,55956000.0,3618000.0,73559000.0,36.952,349435000.0
28,COO,MRQ,2014-06-30,2014-07-31,2014-07-31,2021-09-03,-726000.0,3367374000.0,,895813000.0,2471561000.0,,55.307,-55760000.0,173786000.0,173786000.0,151892000.0,88672000.0,3.009,0.26,347941000.0,46492000.0,301449000.0,347941000.0,0.0,32502000.0,0.0,0.0,0.03,95277000.0,127779000.0,0.295,127779000.0,95277000.0,93778000.0,1.83,1.8,1.83,2657073000.0,,2657073000.0,7965138551.0,24.0,17.492,52101000.0,1.084,1.0,280590000.0,0.649,1567203000.0,1499000.0,1676639000.0,,353384000.0,0.0,0.0,0.0,691097000.0,297687000.0,393410000.0,7712373551.0,91127000.0,0.0,18167000.0,9352000.0,0.0,40044000.0,-56066000.0,0.0,107861000.0,-712000.0,88067000.0,88067000.0,88067000.0,0.0,605000.0,0.204,184025000.0,96565000.0,87209000.0,0.016,2.903,26.014,26.117,843413000.0,0.0,160.88,4.641,4.651,261964000.0,1548037000.0,432482000.0,432482000.0,16070000.0,,,,,0.0,161203000.0,1.0,47938672.0,48042000,48922000.0,9.002,1800171000.0,58078000.0,5711000.0,26152000.0,37.471,598126000.0
29,COO,MRQ,2014-03-31,2014-04-30,2014-04-30,2021-09-03,8031000.0,3221982000.0,,764680000.0,2457302000.0,,53.076,-61197000.0,82659000.0,82659000.0,143818000.0,79636000.0,2.889,0.259,335424000.0,33916000.0,301508000.0,335424000.0,0.0,31750000.0,0.0,0.0,0.0,88903000.0,120653000.0,0.293,120653000.0,88903000.0,87345000.0,1.65,1.62,1.65,2543351000.0,,2543351000.0,6629873005.0,20.0,14.669,65135000.0,1.359,1.0,268499000.0,0.651,1578910000.0,1558000.0,1631171000.0,,345816000.0,0.0,0.0,0.0,659902000.0,264666000.0,395236000.0,6312965005.0,53831000.0,-1489000.0,-3235000.0,-12714000.0,-1436000.0,-11545000.0,-61626000.0,0.0,126332000.0,670000.0,79160000.0,79160000.0,79160000.0,0.0,476000.0,0.192,179575000.0,88924000.0,86248000.0,0.0,2.482,21.231,21.449,817442000.0,0.0,131.91,3.847,3.852,239769000.0,1461419000.0,412317000.0,412317000.0,16295000.0,,,,,0.0,155804000.0,1.0,47858123.0,47919000,48754000.0,8.604,1643072000.0,52995000.0,8185000.0,25372000.0,34.289,500014000.0
30,COO,MRQ,2013-12-31,2014-01-31,2014-01-31,2021-09-03,-12212000.0,3114755000.0,,701094000.0,2413661000.0,,50.729,-60979000.0,28828000.0,28828000.0,142051000.0,72265000.0,2.613,0.271,345736000.0,44147000.0,301589000.0,345736000.0,0.0,31395000.0,0.0,0.0,0.03,80690000.0,112085000.0,0.277,112085000.0,80690000.0,79034000.0,1.5,1.47,1.5,2435279000.0,,2435279000.0,6232774964.0,20.0,14.059,7595000.0,0.158,1.0,262929000.0,0.649,1578795000.0,1656000.0,1584561000.0,,339496000.0,0.0,0.0,0.0,660846000.0,268307000.0,392539000.0,5965510964.0,-48565000.0,1489000.0,-58052000.0,-534000.0,0.0,-58584000.0,-58131000.0,0.0,68574000.0,-424000.0,71843000.0,71843000.0,71843000.0,0.0,422000.0,0.177,181307000.0,81622000.0,74770000.0,0.02,2.45,20.337,20.542,769397000.0,0.0,124.28,3.699,3.699,235288000.0,1382258000.0,404980000.0,404980000.0,15712000.0,,,,,0.0,158088000.0,1.0,48000571.0,48006000,49006000.0,8.436,1535960000.0,54384000.0,7191000.0,26054000.0,31.995,432787000.0
31,COO,MRQ,2013-09-30,2013-10-31,2013-10-31,2021-09-03,-15762000.0,3137261000.0,,747241000.0,2390020000.0,,49.378,-72065000.0,77393000.0,77393000.0,147994000.0,57312000.0,2.326,0.297,344657000.0,42987000.0,301670000.0,344657000.0,0.0,31763000.0,0.0,0.0,0.0,63077000.0,94840000.0,0.23,94840000.0,63077000.0,61177000.0,1.18,1.15,1.18,2404535000.0,,2404535000.0,6542698052.0,20.0,14.669,78276000.0,1.607,1.0,263858000.0,0.641,1586380000.0,1900000.0,1496892000.0,,338917000.0,0.0,0.0,0.0,713767000.0,321253000.0,392514000.0,6324551052.0,51911000.0,-4048000.0,-122778000.0,98817000.0,-1469000.0,-23458000.0,-76113000.0,0.0,150341000.0,1141000.0,57397000.0,57397000.0,57397000.0,0.0,-85000.0,0.139,180753000.0,83105000.0,108172000.0,0.0,2.63,21.356,21.217,739867000.0,0.0,129.21,3.983,3.956,229537000.0,1311851000.0,411852000.0,411852000.0,15819000.0,,,,,10457000.0,157248000.0,1.0,48947845.0,48696000,49871000.0,8.458,1550881000.0,57458000.0,3780000.0,27401000.0,31.848,425988000.0
32,COO,MRQ,2013-06-30,2013-07-31,2013-07-31,2021-09-03,-56387000.0,3006908000.0,,706007000.0,2300901000.0,,49.508,-38572000.0,25482000.0,25482000.0,143719000.0,89192000.0,2.832,0.236,243629000.0,28338000.0,215291000.0,243629000.0,0.0,31117000.0,0.0,0.0,0.03,93281000.0,124398000.0,0.302,124398000.0,93281000.0,91023000.0,1.82,1.79,1.82,2415522000.0,,2415522000.0,6502421538.0,19.0,13.919,64486000.0,1.322,1.0,268274000.0,0.651,1582077000.0,2258000.0,1393692000.0,,339908000.0,0.0,0.0,0.0,569266000.0,249286000.0,319980000.0,6196358538.0,11041000.0,-867000.0,11556000.0,-76403000.0,0.0,-51813000.0,-39439000.0,0.0,103058000.0,-765000.0,88951000.0,88951000.0,88951000.0,0.0,241000.0,0.216,174666000.0,93608000.0,76571000.0,0.016,2.565,19.945,19.898,654100000.0,0.0,127.35,3.941,3.952,247296000.0,1254455000.0,411993000.0,411993000.0,14865000.0,,,,,0.0,152141000.0,1.0,48656133.0,48791000,49754000.0,8.444,1424831000.0,57029000.0,2072000.0,23308000.0,29.203,456721000.0
33,COO,MRQ,2013-03-31,2013-04-30,2013-04-30,2021-09-03,-44003000.0,2966732000.0,,675788000.0,2290944000.0,,47.721,-38175000.0,14441000.0,14441000.0,129862000.0,75467000.0,2.952,0.272,320504000.0,28955000.0,291549000.0,320504000.0,0.0,30944000.0,0.0,0.001,0.0,81053000.0,111997000.0,0.292,111997000.0,81053000.0,78609000.0,1.55,1.52,1.55,2314197000.0,,2314197000.0,5727565038.0,18.0,12.894,76728000.0,1.582,1.0,254179000.0,0.662,1592400000.0,2444000.0,1451476000.0,,339323000.0,0.0,0.0,0.0,630236000.0,228919000.0,401317000.0,5334039038.0,-4000.0,-4440000.0,8079000.0,-85965000.0,-1449000.0,-72201000.0,-41921000.0,0.0,114903000.0,-785000.0,75136000.0,75136000.0,75136000.0,0.0,331000.0,0.196,172706000.0,81473000.0,73779000.0,0.0,2.305,18.483,18.492,636882000.0,0.0,110.4,3.467,3.48,224489000.0,1166972000.0,384041000.0,384041000.0,14490000.0,,,,,0.0,150693000.0,1.0,48315571.0,48494000,49478000.0,7.919,1374332000.0,51308000.0,3473000.0,26346000.0,28.34,446869000.0
34,COO,MRQ,2012-12-31,2013-01-31,2013-01-31,2021-09-03,-29496000.0,2969544000.0,,680848000.0,2288696000.0,,46.045,-29315000.0,14445000.0,14445000.0,139341000.0,74935000.0,3.011,0.323,407971000.0,30459000.0,377512000.0,407971000.0,0.0,31525000.0,0.0,0.001,0.03,83275000.0,114800000.0,0.302,114800000.0,83275000.0,80708000.0,1.54,1.5,1.54,2232062000.0,,2232062000.0,5274884702.0,17.0,12.42,18308000.0,0.378,1.0,240498000.0,0.633,1589068000.0,2567000.0,1547870000.0,,325394000.0,0.0,0.0,0.0,719996000.0,226132000.0,493864000.0,4914018702.0,1605000.0,-3690000.0,-44904000.0,37714000.0,0.0,-14125000.0,-32445000.0,0.0,47623000.0,552000.0,74667000.0,74667000.0,74667000.0,0.0,268000.0,0.197,157593000.0,82905000.0,61920000.0,0.019,2.202,18.31,18.196,636999000.0,0.0,101.35,3.278,3.278,241168000.0,1091836000.0,379839000.0,379839000.0,13653000.0,,,,,0.0,150653000.0,1.0,48485631.0,48476000,49633000.0,7.836,1380476000.0,51046000.0,6041000.0,33871000.0,28.478,454716000.0
35,COO,MRQ,2012-09-30,2012-10-31,2012-10-31,2021-09-03,-31261000.0,2941384000.0,,657860000.0,2283524000.0,,45.534,-32638000.0,12840000.0,12840000.0,143537000.0,72146000.0,2.506,0.332,373706000.0,25284000.0,348422000.0,373706000.0,0.0,30819000.0,0.0,0.001,0.0,85135000.0,115954000.0,0.293,115954000.0,85135000.0,82413000.0,1.49,1.45,1.49,2192751000.0,,2192751000.0,5064126227.0,18.0,12.72,82179000.0,1.707,1.0,252764000.0,0.638,1585030000.0,2722000.0,1454668000.0,,320199000.0,0.0,0.0,0.0,728226000.0,262552000.0,465674000.0,4596775227.0,108000.0,-350000.0,27893000.0,-107843000.0,-1436000.0,-82252000.0,-32988000.0,0.0,114817000.0,531000.0,71920000.0,71920000.0,71920000.0,0.0,226000.0,0.181,168784000.0,83980000.0,85056000.0,0.0,2.096,18.51,18.529,640255000.0,0.0,95.98,3.181,3.182,234297000.0,1018618000.0,396301000.0,396301000.0,14119000.0,,,,,10780000.0,152363000.0,1.0,47893053.0,48156000,49401000.0,8.23,1356354000.0,53851000.0,10493000.0,34611000.0,28.166,395308000.0
36,COO,MRQ,2012-06-30,2012-07-31,2012-07-31,2021-09-03,-38631000.0,2883918000.0,,628106000.0,2255812000.0,,43.119,-24084000.0,12732000.0,12732000.0,138089000.0,66954000.0,2.706,0.38,480083000.0,25858000.0,454225000.0,480083000.0,0.0,27825000.0,0.0,0.001,0.03,73623000.0,101448000.0,0.268,101448000.0,73623000.0,71308000.0,1.39,1.36,1.39,2074468000.0,,2074468000.0,3934634114.0,15.0,10.512,54029000.0,1.123,1.0,240097000.0,0.635,1580851000.0,2315000.0,1538343000.0,,301686000.0,0.0,0.0,0.0,787272000.0,232075000.0,555197000.0,3623071114.0,4987000.0,-144322000.0,-21704000.0,112215000.0,0.0,94378000.0,-166522000.0,0.0,78113000.0,-982000.0,66875000.0,66875000.0,66875000.0,0.0,79000.0,0.177,162847000.0,77250000.0,66251000.0,0.022,1.747,15.546,15.422,617615000.0,0.0,75.26,2.57,2.568,228593000.0,946698000.0,378186000.0,378186000.0,13156000.0,,,,,0.0,143830000.0,1.0,48140727.0,48110000,49302000.0,7.861,1303067000.0,49583000.0,4433000.0,32724000.0,27.085,396031000.0
37,COO,MRQ,2012-03-31,2012-04-30,2012-04-30,2021-09-03,-21068000.0,2628561000.0,,576283000.0,2052278000.0,,42.717,-23104000.0,7745000.0,7745000.0,123893000.0,54921000.0,2.526,0.29,319308000.0,44216000.0,275092000.0,319308000.0,0.0,26754000.0,0.0,0.001,0.0,65750000.0,92504000.0,0.268,92504000.0,65750000.0,62679000.0,1.15,1.12,1.15,2037956000.0,,2037956000.0,4577966899.0,19.0,13.057,57537000.0,1.206,1.0,220696000.0,0.64,1393521000.0,3071000.0,1318478000.0,,286069000.0,0.0,0.0,0.0,590605000.0,228125000.0,362480000.0,4175342899.0,64000.0,-249000.0,26470000.0,-90997000.0,-1421000.0,-60372000.0,-20179000.0,0.0,80641000.0,-26000.0,54921000.0,54921000.0,54921000.0,0.0,0.0,0.159,155256000.0,65440000.0,54926000.0,0.0,2.049,19.845,19.948,593603000.0,0.0,88.17,3.019,3.042,202882000.0,881259000.0,344589000.0,344589000.0,13031000.0,,,,,0.0,136962000.0,1.0,47355596.0,47708000,49007000.0,7.223,1235040000.0,53463000.0,7758000.0,21515000.0,25.887,348158000.0
38,COO,MRQ,2011-12-31,2012-01-31,2012-01-31,2021-09-03,-29980000.0,2599267000.0,,555263000.0,2044004000.0,,40.638,-19953000.0,7681000.0,7681000.0,115607000.0,54623000.0,2.69,0.342,410305000.0,39191000.0,371114000.0,410305000.0,0.0,25816000.0,0.0,0.001,0.03,62409000.0,88225000.0,0.271,88225000.0,62409000.0,58747000.0,1.15,1.12,1.15,1937357000.0,,1937357000.0,3826910147.0,17.0,11.753,21597000.0,0.453,1.0,210453000.0,0.645,1394903000.0,3662000.0,1400596000.0,,272774000.0,0.0,0.0,0.0,661910000.0,206392000.0,455518000.0,3451653147.0,2506000.0,-398000.0,-48756000.0,29873000.0,0.0,-20197000.0,-18785000.0,0.0,41550000.0,-62000.0,54623000.0,54623000.0,54623000.0,0.0,0.0,0.168,148725000.0,61728000.0,48205000.0,0.026,1.782,18.087,17.901,583239000.0,0.0,72.14,2.531,2.522,200160000.0,826338000.0,326060000.0,326060000.0,11425000.0,,,,,0.0,131748000.0,1.0,47846592.0,47674000,48792000.0,6.839,1204364000.0,50326000.0,4124000.0,19011000.0,25.262,348871000.0
39,COO,MRQ,2011-09-30,2011-10-31,2011-10-31,2021-09-03,-18110000.0,2624518000.0,,540347000.0,2084171000.0,,40.535,-32509000.0,5175000.0,5175000.0,137276000.0,56638000.0,2.022,0.355,380432000.0,52979000.0,327453000.0,380432000.0,0.0,26339000.0,0.0,0.001,0.0,65786000.0,92125000.0,0.255,92125000.0,65786000.0,62880000.0,1.19,1.17,1.19,1937488000.0,,1937488000.0,3745351068.0,18.0,12.15,78481000.0,1.642,1.0,223633000.0,0.62,1404908000.0,2906000.0,1327661000.0,,253584000.0,0.0,0.0,0.0,687030000.0,267206000.0,419824000.0,3308003068.0,-2697000.0,-17044000.0,5161000.0,-64788000.0,-1431000.0,-63680000.0,-49553000.0,0.0,110990000.0,-454000.0,56638000.0,56638000.0,56638000.0,0.0,0.0,0.157,157012000.0,66621000.0,61755000.0,0.0,1.707,18.857,18.529,609205000.0,0.0,69.3,2.486,2.442,214779000.0,773136000.0,360909000.0,360909000.0,11738000.0,,,,,10981000.0,139685000.0,1.0,47734532.0,47798000,48150000.0,7.551,1219610000.0,55512000.0,6242000.0,22955000.0,25.516,273141000.0
40,COO,MRQ,2011-06-30,2011-07-31,2011-07-31,2021-09-03,-4540000.0,2615334000.0,,543636000.0,2071698000.0,,39.89,-19140000.0,7872000.0,7872000.0,148594000.0,44217000.0,2.287,0.385,445220000.0,38735000.0,406485000.0,445220000.0,0.0,25405000.0,0.0,0.001,0.03,52353000.0,77758000.0,0.221,77758000.0,52353000.0,49136000.0,0.93,0.9,0.93,1887678000.0,,1887678000.0,4134685734.0,20.0,13.727,68329000.0,1.444,1.0,202802000.0,0.577,1396140000.0,3217000.0,1418849000.0,,243370000.0,0.0,0.0,0.0,727656000.0,237693000.0,489963000.0,3589900734.0,-558000.0,-4367000.0,40709000.0,-107993000.0,0.0,-64447000.0,-23507000.0,0.0,87469000.0,-73000.0,44217000.0,44217000.0,44217000.0,0.0,0.0,0.126,150835000.0,51967000.0,58905000.0,0.032,1.902,21.498,21.247,601094000.0,0.0,76.49,2.797,2.821,218416000.0,716498000.0,351396000.0,351396000.0,11725000.0,,,,,0.0,133617000.0,1.0,46932942.0,47322000,49009000.0,7.426,1219194000.0,60269000.0,4919000.0,24897000.0,25.764,305943000.0
41,COO,MRQ,2011-03-31,2011-04-30,2011-04-30,2021-09-03,2075000.0,2625192000.0,,538435000.0,2086757000.0,,38.927,-23231000.0,8430000.0,8430000.0,123539000.0,35360000.0,2.612,0.45,553215000.0,29097000.0,524118000.0,553215000.0,0.0,23511000.0,0.0,0.001,0.0,43988000.0,67499000.0,0.207,67499000.0,43988000.0,39720000.0,0.76,0.73,0.76,1810326000.0,,1810326000.0,4061853900.0,20.0,13.552,41660000.0,0.896,1.0,201762000.0,0.62,1405853000.0,4268000.0,1557974000.0,,249382000.0,0.0,0.0,0.0,814866000.0,206150000.0,608716000.0,3462963900.0,5110000.0,-4150000.0,29977000.0,-61076000.0,-1385000.0,-32801000.0,-27381000.0,0.0,64891000.0,401000.0,35360000.0,35360000.0,35360000.0,0.0,0.0,0.109,141506000.0,60256000.0,51641000.0,0.0,1.913,21.311,21.158,606005000.0,0.0,74.9,2.821,2.838,203764000.0,679793000.0,325301000.0,325301000.0,10390000.0,,,,,0.0,126382000.0,1.0,46234498.0,46506000,48239000.0,6.995,1219339000.0,58719000.0,4360000.0,30384000.0,26.219,332285000.0
42,COO,MRQ,2010-12-31,2011-01-31,2011-01-31,2021-09-03,-17011000.0,2571938000.0,,503343000.0,2068595000.0,,37.453,-28785000.0,3320000.0,3320000.0,116623000.0,39215000.0,2.705,0.493,602210000.0,15486000.0,586724000.0,602210000.0,0.0,22894000.0,0.0,0.001,0.03,47979000.0,70873000.0,0.242,70873000.0,47979000.0,41028000.0,0.85,0.83,0.85,1722299000.0,,1722299000.0,3235871431.0,19.0,12.056,44146000.0,0.96,1.0,176606000.0,0.602,1399114000.0,6951000.0,1585640000.0,,239996000.0,0.0,0.0,0.0,849639000.0,186074000.0,663565000.0,2628308431.0,-253000.0,-32449000.0,6188000.0,-8926000.0,0.0,-11945000.0,-61234000.0,0.0,72931000.0,-5000.0,39215000.0,39215000.0,39215000.0,0.0,0.0,0.134,127893000.0,48713000.0,48341000.0,0.035,1.526,19.973,19.91,595825000.0,0.0,57.34,2.206,2.213,189462000.0,644432000.0,293229000.0,293229000.0,9727000.0,,,,,0.0,113453000.0,1.0,45837259.0,45986000,47391000.0,6.376,1172824000.0,52491000.0,1813000.0,23270000.0,25.504,317269000.0
43,COO,MRQ,2010-09-30,2010-10-31,2010-10-31,2021-09-03,-17334000.0,2525018000.0,,491340000.0,2033678000.0,,36.438,-32769000.0,3573000.0,3573000.0,125871000.0,48198000.0,2.463,0.515,611136000.0,19159000.0,591977000.0,611136000.0,0.0,23216000.0,0.0,0.001,0.0,61860000.0,85076000.0,0.272,85076000.0,61860000.0,53876000.0,1.06,1.03,1.06,1666776000.0,,1666776000.0,2896492217.0,18.0,11.355,31841000.0,0.696,1.0,187481000.0,0.598,1376153000.0,7984000.0,1556908000.0,,227902000.0,0.0,0.0,0.0,858242000.0,199520000.0,658722000.0,2253061217.0,333000.0,-405000.0,5657000.0,-35535000.0,-1370000.0,-31248000.0,-33174000.0,0.0,64610000.0,145000.0,48198000.0,48198000.0,48198000.0,0.0,0.0,0.154,125727000.0,61754000.0,51792000.0,0.0,1.352,19.973,19.895,593887000.0,0.0,49.34,1.945,1.939,197490000.0,600522000.0,313352000.0,313352000.0,10486000.0,,,,,9638000.0,109874000.0,1.0,45663989.0,45743000,47324000.0,6.85,1148865000.0,51900000.0,5678000.0,24696000.0,25.116,291820000.0
44,COO,MRQ,2010-06-30,2010-07-31,2010-07-31,2021-09-03,-33528000.0,2503040000.0,,491270000.0,2011770000.0,,34.955,-16869000.0,3240000.0,3240000.0,119649000.0,39727000.0,2.191,0.57,646671000.0,22298000.0,624373000.0,646671000.0,0.0,23888000.0,0.0,0.002,0.03,52381000.0,76269000.0,0.258,76269000.0,52381000.0,43652000.0,0.87,0.86,0.87,1594111000.0,,1594111000.0,2512966492.0,18.0,10.584,58424000.0,1.281,1.0,175986000.0,0.595,1375016000.0,8729000.0,1547279000.0,,234315000.0,0.0,0.0,0.0,908929000.0,224176000.0,684753000.0,1809847492.0,-6589000.0,-1471000.0,2732000.0,-66277000.0,0.0,-63545000.0,-18340000.0,0.0,75293000.0,3000.0,39727000.0,39727000.0,39727000.0,0.0,0.0,0.134,124590000.0,51396000.0,41951000.0,0.034,1.135,19.107,18.593,569748000.0,0.0,38.86,1.604,1.57,190055000.0,552324000.0,295635000.0,295635000.0,8588000.0,,,,,0.0,111265000.0,1.0,46573533.0,45605000,46402000.0,6.483,1128024000.0,55631000.0,3925000.0,24950000.0,24.735,267094000.0
45,COO,MRQ,2010-03-31,2010-04-30,2010-04-30,2021-09-03,-41701000.0,2509225000.0,,493449000.0,2015776000.0,,33.92,-11208000.0,9829000.0,9829000.0,125778000.0,4456000.0,2.369,0.626,712948000.0,13567000.0,699381000.0,712948000.0,0.0,23992000.0,0.0,0.002,0.0,12202000.0,36194000.0,0.125,36194000.0,12202000.0,2472000.0,0.1,0.1,0.1,1542728000.0,,1542728000.0,2508088756.0,20.0,11.562,60410000.0,1.328,1.0,163493000.0,0.565,1376041000.0,9730000.0,1628047000.0,,238756000.0,0.0,0.0,0.0,966497000.0,208256000.0,758241000.0,1766592756.0,8007000.0,-22464000.0,1788000.0,-30370000.0,-1362000.0,-29944000.0,-33672000.0,0.0,71618000.0,5000.0,4456000.0,4456000.0,4456000.0,0.0,0.0,0.015,151459000.0,12034000.0,42822000.0,0.0,1.145,22.971,22.876,569486000.0,0.0,38.89,1.58,1.582,174291000.0,513967000.0,289271000.0,289271000.0,8573000.0,,,,,0.0,111340000.0,1.0,45425373.0,45481000,46367000.0,6.36,1133184000.0,56500000.0,-1984000.0,23042000.0,24.916,285193000.0
46,COO,MRQ,2009-12-31,2010-01-31,2010-01-31,2021-09-03,-24039000.0,2521400000.0,,496408000.0,2024992000.0,,34.267,-12911000.0,1822000.0,1822000.0,110495000.0,20423000.0,2.776,0.625,743318000.0,19140000.0,724178000.0,743318000.0,0.0,22905000.0,0.0,0.002,0.03,34651000.0,57556000.0,0.221,57556000.0,34651000.0,24426000.0,0.45,0.44,0.45,1552056000.0,,1552056000.0,2375689846.0,16.0,9.768,43231000.0,0.954,1.0,149763000.0,0.575,1369730000.0,10225000.0,1714359000.0,,251842000.0,0.0,0.0,0.0,969344000.0,178807000.0,790537000.0,1598147846.0,-2110000.0,-8507000.0,919000.0,-38156000.0,0.0,-36830000.0,-21418000.0,0.0,56142000.0,-4000.0,20423000.0,20423000.0,20423000.0,0.0,0.0,0.078,112784000.0,36979000.0,36105000.0,0.067,1.03,16.459,16.428,586716000.0,0.0,35.32,1.467,1.468,174945000.0,509512000.0,260258000.0,260258000.0,7626000.0,,,,,0.0,100578000.0,1.0,45247674.0,45293000,46123000.0,5.746,1151670000.0,50366000.0,4003000.0,21027000.0,25.427,317601000.0
47,COO,MRQ,2009-09-30,2009-10-31,2009-10-31,2021-09-03,-12920000.0,2551907000.0,,503878000.0,2048029000.0,,34.078,-19964000.0,3932000.0,3932000.0,124547000.0,30118000.0,2.873,0.657,781474000.0,9844000.0,771630000.0,781474000.0,0.0,24609000.0,0.0,0.002,0.0,42809000.0,67418000.0,0.238,67418000.0,42809000.0,32038000.0,0.67,0.66,0.67,1540342000.0,,1540342000.0,2100689981.0,13.0,8.35,58512000.0,1.295,1.0,158908000.0,0.561,1371729000.0,10771000.0,1782306000.0,,260846000.0,0.0,0.0,0.0,1011565000.0,175414000.0,836151000.0,1265506981.0,142000.0,-675000.0,1147000.0,-57499000.0,-1357000.0,-57709000.0,-20639000.0,0.0,78476000.0,14000.0,30118000.0,30118000.0,30118000.0,0.0,0.0,0.106,116965000.0,41943000.0,36878000.0,0.0,0.822,12.586,12.561,602568000.0,0.0,28.01,1.171,1.171,170941000.0,490451000.0,283455000.0,283455000.0,8266000.0,,,,,12037000.0,102858000.0,1.0,45180542.0,45200000,45808000.0,6.271,1180178000.0,51141000.0,1920000.0,20856000.0,26.11,328464000.0
48,COO,MRQ,2009-06-30,2009-07-31,2009-07-31,2021-09-03,-5947000.0,2581435000.0,,518015000.0,2063420000.0,,33.519,-19881000.0,3790000.0,3790000.0,138835000.0,21908000.0,2.442,0.705,838973000.0,38448000.0,800525000.0,838973000.0,0.0,21987000.0,0.0,0.002,0.03,33770000.0,55757000.0,0.195,55757000.0,33770000.0,22685000.0,0.48,0.48,0.48,1514377000.0,,1514377000.0,2130872383.0,13.0,8.539,56032000.0,1.24,1.0,146395000.0,0.513,1380602000.0,11085000.0,1823883000.0,,276847000.0,0.0,0.0,0.0,1067058000.0,212133000.0,854925000.0,1239751383.0,-682000.0,-351000.0,-1000.0,-56620000.0,0.0,-56621000.0,-20232000.0,0.0,75913000.0,258000.0,21908000.0,21908000.0,21908000.0,0.0,0.0,0.077,112470000.0,33925000.0,44872000.0,0.062,0.819,12.601,12.587,608342000.0,0.0,27.44,1.165,1.165,170276000.0,469961000.0,285230000.0,285230000.0,7737000.0,,,,,0.0,100038000.0,1.0,45180444.0,45180000,45694000.0,6.313,1200833000.0,49799000.0,777000.0,24777000.0,26.579,305882000.0
49,COO,MRQ,2009-03-31,2009-04-30,2009-04-30,2021-09-03,-68847000.0,2546331000.0,,524532000.0,2021799000.0,,31.626,-19966000.0,4472000.0,4472000.0,111537000.0,24649000.0,2.474,0.782,895593000.0,47214000.0,848379000.0,895593000.0,0.0,21006000.0,0.0,0.002,0.0,41467000.0,62473000.0,0.24,62473000.0,41467000.0,30637000.0,0.55,0.54,0.55,1428561000.0,,1428561000.0,2209814832.0,14.0,8.916,23869000.0,0.528,1.0,149057000.0,0.572,1368725000.0,10830000.0,1856687000.0,,288196000.0,0.0,0.0,0.0,1117770000.0,212040000.0,905730000.0,1298543832.0,2587000.0,-2451000.0,-30000.0,-17561000.0,-1355000.0,-18947000.0,-22417000.0,0.0,43835000.0,116000.0,24649000.0,24649000.0,24649000.0,0.0,0.0,0.095,107850000.0,41207000.0,47136000.0,0.0,0.909,13.762,13.69,588390000.0,0.0,28.75,1.228,1.229,156409000.0,449407000.0,260594000.0,260594000.0,10065000.0,,,,,0.0,93705000.0,1.0,45166742.0,45170000,45523000.0,5.769,1177606000.0,52082000.0,5988000.0,12819000.0,26.071,312492000.0
50,COO,MRQ,2008-12-31,2009-01-31,2009-01-31,2021-09-03,-89012000.0,2551020000.0,,536530000.0,2014490000.0,,30.551,-34095000.0,1885000.0,1885000.0,109007000.0,23873000.0,2.114,0.85,913156000.0,41789000.0,871367000.0,913156000.0,0.0,25000000.0,0.0,0.003,0.03,40925000.0,65925000.0,0.263,65925000.0,40925000.0,29468000.0,0.53,0.53,0.53,1379121000.0,,1379121000.0,1758940149.0,12.0,7.504,-9191000.0,-0.204,1.0,142135000.0,0.566,1369074000.0,11457000.0,1839390000.0,,286587000.0,0.0,0.0,0.0,1171899000.0,253827000.0,918072000.0,856090149.0,-59000.0,-1254000.0,0.0,10402000.0,0.0,10538000.0,-35349000.0,0.0,24904000.0,-152000.0,23873000.0,23873000.0,23873000.0,0.0,0.0,0.095,109355000.0,32780000.0,45859000.0,0.057,0.621,10.575,10.539,581225000.0,0.0,18.97,0.811,0.811,158764000.0,424758000.0,251142000.0,251142000.0,7232000.0,,,,,0.0,94992000.0,1.0,45128632.0,45141000,45141000.0,5.564,1181946000.0,55393000.0,5595000.0,11504000.0,26.183,282703000.0
51,COO,MRQ,2008-09-30,2008-10-31,2008-10-31,2021-09-03,-25240000.0,2587616000.0,,526032000.0,2061584000.0,,31.45,-22603000.0,1944000.0,1944000.0,104798000.0,27959000.0,2.06,0.826,904794000.0,43013000.0,861781000.0,904794000.0,0.0,19794000.0,0.0,0.004,0.0,45601000.0,65395000.0,0.245,65395000.0,45601000.0,31013000.0,0.62,0.63,0.62,1417076000.0,,1417076000.0,1665965375.0,13.0,7.964,18404000.0,0.408,1.0,162044000.0,0.607,1382286000.0,14588000.0,1852773000.0,,283454000.0,0.0,0.0,0.0,1170540000.0,255407000.0,915133000.0,741643375.0,-1494000.0,-161000.0,3557000.0,-22981000.0,0.0,-19424000.0,-22764000.0,0.0,41007000.0,-313000.0,27959000.0,27959000.0,27959000.0,0.0,0.0,0.105,114542000.0,47502000.0,63636000.0,0.0,0.523,11.596,11.606,602654000.0,0.0,16.48,0.708,0.708,159158000.0,402242000.0,266842000.0,266842000.0,9190000.0,,,,,13567000.0,101256000.0,1.0,45002632.0,45058000,38037000.0,5.922,1205330000.0,51982000.0,3054000.0,19574000.0,26.751,270625000.0
52,COO,MRQ,2008-06-30,2008-07-31,2008-07-31,2021-09-03,90153000.0,2675526000.0,,568668000.0,2106858000.0,,33.263,-25408000.0,3438000.0,3438000.0,123416000.0,17879000.0,2.371,0.788,927760000.0,36894000.0,890866000.0,927760000.0,0.0,21263000.0,0.0,0.002,0.03,32782000.0,54045000.0,0.194,54045000.0,32782000.0,17516000.0,0.4,0.39,0.4,1496604000.0,,1496604000.0,2455419398.0,33.0,14.908,18621000.0,0.414,1.0,155097000.0,0.557,1421055000.0,15266000.0,1938925000.0,,295862000.0,0.0,0.0,0.0,1178922000.0,239868000.0,939054000.0,1516285398.0,1527000.0,-649000.0,321000.0,-15464000.0,-1350000.0,-16493000.0,-26057000.0,0.0,44029000.0,48000.0,17879000.0,17879000.0,17879000.0,0.0,0.0,0.064,124053000.0,31044000.0,66041000.0,0.075,1.013,128.455,129.615,645921000.0,0.0,33.7,1.474,1.474,180492000.0,372762000.0,278513000.0,278513000.0,9030000.0,,,,,0.0,110639000.0,1.0,44993632.0,44993000,46934000.0,6.19,1254471000.0,48382000.0,-363000.0,13178000.0,27.881,328800000.0
53,COO,MRQ,2008-03-31,2008-04-30,2008-04-30,2021-09-03,47255000.0,2629658000.0,,556666000.0,2072992000.0,,31.868,-34146000.0,1911000.0,1911000.0,109240000.0,11241000.0,2.312,0.834,941045000.0,39258000.0,901787000.0,941045000.0,0.0,21016000.0,0.0,0.002,0.0,28016000.0,49032000.0,0.189,49032000.0,28016000.0,15946000.0,0.25,0.25,0.25,1433706000.0,,1433706000.0,2497090120.0,39.0,15.85,-17062000.0,-0.379,1.0,150008000.0,0.579,1394978000.0,12070000.0,1933026000.0,,293397000.0,0.0,0.0,0.0,1195952000.0,240788000.0,955164000.0,1574567120.0,-675000.0,-1348000.0,46000.0,15900000.0,0.0,17704000.0,-35494000.0,0.0,17084000.0,31000.0,11241000.0,11241000.0,11241000.0,0.0,0.0,0.043,121542000.0,28466000.0,68109000.0,0.0,1.098,748.013,875.0,638143000.0,0.0,35.0,1.571,1.571,176268000.0,356233000.0,259248000.0,259248000.0,9116000.0,,,,,0.0,107529000.0,1.0,44987632.0,44989000,47740000.0,5.762,1234680000.0,50530000.0,4705000.0,14596000.0,27.444,315878000.0
54,COO,MRQ,2007-12-31,2008-01-31,2008-01-31,2021-09-03,43388000.0,2584942000.0,,526340000.0,2058602000.0,,31.453,-42728000.0,2586000.0,2586000.0,99890000.0,6877000.0,2.192,0.829,925109000.0,46858000.0,878251000.0,925109000.0,0.0,20112000.0,0.0,0.002,0.03,20593000.0,40705000.0,0.168,40705000.0,20593000.0,9487000.0,0.15,0.15,0.15,1413534000.0,,1413534000.0,2643087328.0,56.0,19.445,-48320000.0,-1.075,1.0,142882000.0,0.589,1395842000.0,11106000.0,1871547000.0,,279007000.0,0.0,0.0,0.0,1171408000.0,240076000.0,931332000.0,1769683328.0,-640000.0,-1714000.0,2326000.0,48440000.0,-1349000.0,49417000.0,-44442000.0,0.0,-5592000.0,-23000.0,6877000.0,6877000.0,6877000.0,0.0,0.0,0.028,122931000.0,19951000.0,54919000.0,0.2,1.252,-183.14,-179.0,619280000.0,0.0,39.38,1.827,1.827,164167000.0,344992000.0,242772000.0,242772000.0,8131000.0,,,,,0.0,109880000.0,1.0,44938632.0,44941000,45129000.0,5.402,1189100000.0,50020000.0,2610000.0,14083000.0,26.459,286264000.0
55,COO,MRQ,2007-09-30,2007-10-31,2007-10-31,2021-09-03,107780000.0,2596169000.0,,517522000.0,2078647000.0,,32.552,-54937000.0,3226000.0,3226000.0,131183000.0,-24193000.0,1.806,0.779,876630000.0,46514000.0,830116000.0,876630000.0,0.0,28860000.0,0.0,0.001,0.0,-7936000.0,20924000.0,0.084,20924000.0,-7936000.0,-18824000.0,-0.54,-0.54,-0.54,1459487000.0,,1459487000.0,2734865572.0,63.0,21.389,-16815000.0,-0.375,1.0,117240000.0,0.472,1435417000.0,10888000.0,1747676000.0,,267914000.0,0.0,0.0,0.0,1136682000.0,286480000.0,850202000.0,1881640572.0,-4835000.0,-3333000.0,1680000.0,15306000.0,0.0,15223000.0,-58270000.0,0.0,38122000.0,90000.0,-24193000.0,-24193000.0,-24193000.0,0.0,0.0,-0.097,121337000.0,-4097000.0,61377000.0,0.0,1.289,-168.124,-168.0,604530000.0,0.0,42.0,1.991,1.986,164493000.0,334127000.0,248423000.0,248423000.0,9277000.0,,,,,16274000.0,104974000.0,1.0,44800966.0,44836000,43582000.0,5.541,1160752000.0,43410000.0,5369000.0,51000000.0,25.889,231042000.0
56,COO,MRQ,2007-06-30,2007-07-31,2007-07-31,2021-09-03,61788000.0,2541065000.0,,511097000.0,2029968000.0,,32.055,-38598000.0,8061000.0,8061000.0,105938000.0,8180000.0,1.797,0.77,861286000.0,53706000.0,807580000.0,861286000.0,0.0,22712000.0,0.0,0.001,0.03,24170000.0,46882000.0,0.186,46882000.0,24170000.0,13085000.0,0.18,0.18,0.18,1435362000.0,,1435362000.0,3098850216.0,42.0,21.313,8830000.0,0.197,1.0,145924000.0,0.579,1406022000.0,11085000.0,1703846000.0,,265381000.0,0.0,0.0,0.0,1105703000.0,284422000.0,821281000.0,2245020216.0,-3972000.0,-8843000.0,2265000.0,-4609000.0,-1344000.0,-3958000.0,-47441000.0,0.0,47428000.0,-1000.0,8180000.0,8180000.0,8180000.0,0.0,0.0,0.032,122266000.0,23658000.0,59531000.0,0.167,1.564,84.39,83.55,578717000.0,0.0,50.13,2.459,2.459,164332000.0,358320000.0,251862000.0,251862000.0,11513000.0,,,,,0.0,104521000.0,1.0,44783966.0,44778000,47785000.0,5.625,1135043000.0,45522000.0,4905000.0,36864000.0,25.348,226675000.0
57,COO,MRQ,2007-03-31,2007-04-30,2007-04-30,2021-09-03,57759000.0,2509749000.0,,498543000.0,2011206000.0,,31.756,-40047000.0,12033000.0,12033000.0,99079000.0,-527000.0,1.943,0.77,865863000.0,48417000.0,817446000.0,865863000.0,0.0,16873000.0,0.0,0.001,0.0,10540000.0,27413000.0,0.122,27413000.0,10540000.0,-378000.0,-0.01,-0.01,-0.01,1417740000.0,,1417740000.0,3108527928.0,38.0,21.134,7626000.0,0.171,1.0,126456000.0,0.561,1407982000.0,10918000.0,1699012000.0,,261612000.0,0.0,0.0,0.0,1092009000.0,256585000.0,835424000.0,2278410928.0,-11511000.0,-34853000.0,3822000.0,12164000.0,0.0,15323000.0,-74900000.0,0.0,47673000.0,393000.0,-527000.0,-527000.0,-527000.0,0.0,0.0,-0.002,115925000.0,10531000.0,52434000.0,0.0,1.607,57.828,57.416,556103000.0,0.0,51.1,2.569,2.573,156772000.0,351484000.0,225535000.0,225535000.0,7957000.0,,,,,0.0,100934000.0,1.0,44587298.0,44645000,44645000.0,5.052,1101767000.0,42115000.0,149000.0,33457000.0,24.678,241958000.0
58,COO,MRQ,2006-12-31,2007-01-31,2007-01-31,2021-09-03,50431000.0,2468996000.0,,494199000.0,1974797000.0,,31.472,-50043000.0,23544000.0,23544000.0,89508000.0,5348000.0,2.145,0.76,853661000.0,36142000.0,817519000.0,853661000.0,0.0,16066000.0,0.0,0.001,0.03,16581000.0,32647000.0,0.149,32647000.0,16581000.0,6789000.0,0.12,0.12,0.12,1402643000.0,,1402643000.0,2880109134.0,30.0,18.211,-49282000.0,-1.106,1.0,129912000.0,0.592,1387204000.0,9792000.0,1681508000.0,,248021000.0,0.0,0.0,0.0,1066353000.0,230401000.0,835952000.0,2145681134.0,15320000.0,-33940000.0,1491000.0,108793000.0,-1337000.0,98560000.0,-83983000.0,0.0,761000.0,-18000.0,5348000.0,5348000.0,5348000.0,0.0,0.0,0.024,114150000.0,15762000.0,50400000.0,0.25,1.53,40.01,39.421,536183000.0,0.0,47.7,2.459,2.436,156815000.0,352011000.0,219420000.0,219420000.0,11111000.0,,,,,0.0,97523000.0,1.0,44982833.0,44568000,44984000.0,4.923,1081792000.0,44939000.0,1441000.0,30037000.0,24.273,263798000.0
59,COO,MRQ,2006-09-30,2006-10-31,2006-10-31,2021-09-03,38711000.0,2352601000.0,,456951000.0,1895650000.0,,30.95,-18123000.0,8224000.0,8224000.0,88334000.0,13602000.0,1.652,0.707,742652000.0,61366000.0,681286000.0,742652000.0,0.0,16627000.0,0.0,0.001,0.0,21829000.0,38456000.0,0.178,38456000.0,21829000.0,13332000.0,0.31,0.3,0.31,1378509000.0,,1378509000.0,3312623500.0,30.0,19.224,17527000.0,0.394,1.0,127692000.0,0.591,1364244000.0,8497000.0,1446155000.0,,236512000.0,0.0,0.0,0.0,974092000.0,276630000.0,697462000.0,2566331500.0,-4500000.0,-4902000.0,489000.0,-16402000.0,0.0,-17083000.0,-23025000.0,0.0,35650000.0,-42000.0,13602000.0,13602000.0,13602000.0,0.0,0.0,0.063,105286000.0,22406000.0,66080000.0,0.0,1.862,38.746,38.678,496357000.0,0.0,57.63,2.988,2.987,146584000.0,348000000.0,216026000.0,216026000.0,8437000.0,,,,,14243000.0,94757000.0,1.0,44531173.0,44540000,47434000.0,4.85,988357000.0,41138000.0,-270000.0,38028000.0,22.19,180321000.0
60,COO,MRQ,2006-06-30,2006-07-31,2006-07-31,2021-09-03,32210000.0,2328504000.0,,456232000.0,1872272000.0,,30.466,-41055000.0,12724000.0,12724000.0,88037000.0,20977000.0,1.803,0.716,759016000.0,60573000.0,698443000.0,759016000.0,0.0,15747000.0,0.0,0.001,0.03,32823000.0,48570000.0,0.215,48570000.0,32823000.0,24289000.0,0.47,0.45,0.47,1356694000.0,,1356694000.0,2727134069.0,24.0,15.893,-2560000.0,-0.057,1.0,137761000.0,0.61,1355561000.0,8534000.0,1466172000.0,,226360000.0,0.0,0.0,0.0,971810000.0,253063000.0,718747000.0,1986882069.0,-3831000.0,-1816000.0,31000.0,2174000.0,-1336000.0,529000.0,-42871000.0,0.0,38495000.0,16000.0,20977000.0,20977000.0,20977000.0,0.0,0.0,0.093,105461000.0,32300000.0,54782000.0,0.064,1.465,32.466,32.985,480547000.0,0.0,44.2,2.301,2.279,149923000.0,334398000.0,225798000.0,225798000.0,6264000.0,,,,,0.0,90039000.0,1.0,44952083.0,44531000,47482000.0,5.071,972943000.0,39335000.0,3312000.0,27997000.0,21.849,203169000.0
61,COO,MRQ,2006-03-31,2006-04-30,2006-04-30,2021-09-03,27284000.0,2290825000.0,,440501000.0,1850324000.0,,29.882,-41277000.0,16555000.0,16555000.0,80034000.0,13701000.0,1.807,0.722,756807000.0,58620000.0,698187000.0,756807000.0,0.0,15097000.0,0.0,0.001,0.0,23380000.0,38477000.0,0.182,38477000.0,23380000.0,15593000.0,0.31,0.3,0.31,1330326000.0,,1330326000.0,3181447816.0,25.0,17.497,5791000.0,0.13,1.0,131363000.0,0.621,1362895000.0,7787000.0,1424372000.0,,214666000.0,0.0,0.0,0.0,960499000.0,243810000.0,716689000.0,2440273816.0,-8042000.0,-6505000.0,-44000.0,-9001000.0,0.0,-7535000.0,-47782000.0,0.0,47068000.0,207000.0,13701000.0,13701000.0,13701000.0,0.0,0.0,0.065,106883000.0,24480000.0,46007000.0,0.0,1.834,31.349,31.872,447431000.0,0.0,54.82,2.835,2.836,148230000.0,314757000.0,211397000.0,211397000.0,13914000.0,,,,,0.0,88600000.0,1.0,44514298.0,44520000,47577000.0,4.748,927930000.0,40760000.0,1892000.0,26797000.0,20.843,196691000.0
62,COO,MRQ,2005-12-31,2006-01-31,2006-01-31,2021-09-03,16642000.0,2268258000.0,,449343000.0,1818915000.0,,29.23,-42202000.0,24597000.0,24597000.0,76578000.0,17954000.0,1.998,0.744,765771000.0,38537000.0,727234000.0,765771000.0,0.0,14176000.0,0.0,0.001,0.03,32636000.0,46812000.0,0.228,46812000.0,32636000.0,20123000.0,0.4,0.39,0.4,1300664000.0,,1300664000.0,3140931523.0,22.0,15.748,-12906000.0,-0.29,1.0,129161000.0,0.628,1370930000.0,12513000.0,1413567000.0,,198480000.0,0.0,0.0,0.0,967594000.0,224935000.0,742659000.0,2466845523.0,-6229000.0,-54730000.0,2544000.0,60823000.0,-1335000.0,61407000.0,-96932000.0,0.0,29296000.0,0.0,17954000.0,17954000.0,17954000.0,0.0,0.0,0.087,95447000.0,33714000.0,40880000.0,0.075,1.897,26.823,27.172,414113000.0,0.0,55.43,2.852,2.852,155001000.0,301056000.0,205739000.0,205739000.0,5932000.0,,,,,0.0,84446000.0,1.0,44503798.0,44497000,47614000.0,4.624,897328000.0,41846000.0,2169000.0,28034000.0,20.166,224408000.0
63,COO,MRQ,2005-09-30,2005-10-31,2005-10-31,2021-09-03,14114000.0,2179830000.0,,443714000.0,1736116000.0,,28.733,-41236000.0,30826000.0,30826000.0,85465000.0,8567000.0,1.722,0.712,704912000.0,72260000.0,632652000.0,704912000.0,0.0,13912000.0,0.0,0.001,0.0,23821000.0,37733000.0,0.171,37733000.0,23821000.0,13864000.0,0.16,0.17,0.16,1273225000.0,,1273225000.0,3747057551.0,27.0,20.057,23308000.0,0.526,1.0,135176000.0,0.613,1320462000.0,9957000.0,1275832000.0,,185693000.0,0.0,0.0,0.0,906605000.0,257622000.0,648983000.0,3041366551.0,12777000.0,-1983000.0,7879000.0,-16169000.0,0.0,-8290000.0,-43219000.0,0.0,64544000.0,-258000.0,8567000.0,8567000.0,8567000.0,0.0,0.0,0.039,112640000.0,22536000.0,36042000.0,0.0,2.389,33.159,31.578,379785000.0,0.0,68.84,3.771,3.586,152610000.0,284437000.0,220641000.0,220641000.0,27569000.0,,,,,0.0,77329000.0,1.0,44180223.0,44313000,48086000.0,4.979,859368000.0,43165000.0,5297000.0,35572000.0,19.393,186092000.0
64,COO,MRQ,2005-06-30,2005-07-31,2005-07-31,2021-09-03,11392000.0,2167342000.0,,440431000.0,1726911000.0,,28.426,-37037000.0,18049000.0,18049000.0,84103000.0,37619000.0,2.084,0.728,718577000.0,42509000.0,676068000.0,718577000.0,0.0,13666000.0,0.0,0.001,0.03,45142000.0,58808000.0,0.264,58808000.0,45142000.0,37037000.0,0.85,0.8,0.85,1254208000.0,,1254208000.0,3733545443.0,25.0,20.058,3579000.0,0.081,1.0,138829000.0,0.623,1350829000.0,8105000.0,1305679000.0,,185801000.0,0.0,0.0,0.0,913134000.0,211362000.0,701772000.0,3031036443.0,930000.0,-2042000.0,970000.0,1432000.0,-1323000.0,1079000.0,-39079000.0,0.0,40616000.0,-1686000.0,37619000.0,37619000.0,37619000.0,0.0,0.0,0.169,92895000.0,45934000.0,31869000.0,0.035,2.417,27.092,24.021,353320000.0,0.0,68.7,4.229,4.229,165487000.0,275870000.0,222932000.0,222932000.0,7124000.0,,,,,0.0,80755000.0,1.0,44119890.0,44122000,47854000.0,5.053,816513000.0,32775000.0,-582000.0,3652000.0,18.506,229069000.0
65,COO,MRQ,2005-03-31,2005-04-30,2005-04-30,2021-09-03,31714000.0,2160130000.0,,434818000.0,1725312000.0,,28.12,-27190000.0,17119000.0,17119000.0,84785000.0,27827000.0,2.03,0.747,717361000.0,29876000.0,687485000.0,717361000.0,0.0,12878000.0,0.0,0.001,0.0,43216000.0,56094000.0,0.26,56094000.0,43216000.0,35201000.0,0.63,0.59,0.63,1236716000.0,,1236716000.0,3682368763.0,28.0,22.652,15686000.0,0.357,1.0,130709000.0,0.607,1367592000.0,8015000.0,1278591000.0,,190822000.0,0.0,0.0,0.0,923414000.0,214189000.0,709225000.0,2966094763.0,-11375000.0,-7323000.0,5611000.0,-25235000.0,0.0,-19624000.0,-34513000.0,0.0,42876000.0,-114000.0,27827000.0,27827000.0,27827000.0,0.0,0.0,0.129,89962000.0,40747000.0,36858000.0,0.0,2.398,30.172,24.564,342518000.0,0.0,67.55,4.761,4.769,155168000.0,239574000.0,215494000.0,215494000.0,5356000.0,,,,,0.0,79474000.0,1.0,43909619.0,43980000,48104000.0,4.9,792538000.0,25704000.0,7374000.0,12506000.0,18.02,220629000.0
66,COO,MRQ,2004-12-31,2005-01-31,2005-01-31,2021-09-03,32141000.0,2145904000.0,,438763000.0,1707141000.0,,34.187,-11630000.0,28494000.0,28494000.0,55432000.0,17709000.0,2.232,0.783,742430000.0,21439000.0,720991000.0,742430000.0,0.0,8182000.0,0.0,0.001,0.03,26003000.0,34185000.0,0.232,34185000.0,26003000.0,22355000.0,0.5,0.46,0.5,1203705000.0,,1203705000.0,2639395256.0,22.0,18.932,24177000.0,0.687,1.0,92118000.0,0.624,1376662000.0,3648000.0,1286591000.0,,197024000.0,0.0,0.0,0.0,942199000.0,196587000.0,745612000.0,2513027256.0,-10874000.0,-615658000.0,10703000.0,576601000.0,-983000.0,578624000.0,-625509000.0,1779000.0,35807000.0,204000.0,17709000.0,17709000.0,17709000.0,0.0,0.0,0.12,65501000.0,26617000.0,28529000.0,0.06,2.088,27.262,27.491,317489000.0,0.0,76.7,4.76,5.115,144968000.0,211747000.0,147550000.0,147550000.0,2830000.0,,,,,0.0,60395000.0,1.0,32764371.0,35209000,39479000.0,4.191,769242000.0,30861000.0,4646000.0,9224000.0,21.848,242176000.0
67,COO,MRQ,2004-09-30,2004-10-31,2004-10-31,2021-09-03,26971000.0,811561000.0,,304498000.0,507063000.0,,16.625,-9950000.0,39368000.0,39368000.0,46456000.0,28723000.0,2.729,0.491,165736000.0,20871000.0,144865000.0,165736000.0,0.0,4096000.0,0.0,0.001,0.0,32950000.0,37046000.0,0.283,37046000.0,32950000.0,31379000.0,0.88,0.79,0.88,544161000.0,,544161000.0,2446542399.0,21.0,18.238,25285000.0,0.772,1.0,84355000.0,0.645,342368000.0,1571000.0,483972000.0,,107607000.0,1829000.0,1829000.0,0.0,267400000.0,111589000.0,155811000.0,2302189399.0,13293000.0,-8836000.0,1565000.0,-4609000.0,1000.0,-3043000.0,-18786000.0,0.0,35235000.0,-113000.0,28723000.0,28723000.0,28723000.0,0.0,0.0,0.22,51944000.0,32411000.0,21684000.0,0.0,4.231,24.801,24.684,151065000.0,0.0,70.35,4.697,4.669,99269000.0,195021000.0,130811000.0,130811000.0,1921000.0,,,,,0.0,49408000.0,1.0,32724796.0,32732000,37027000.0,3.996,469193000.0,30611000.0,2656000.0,15171000.0,14.334,192909000.0
68,COO,MRQ,2004-06-30,2004-07-31,2004-07-31,2021-09-03,21420000.0,772193000.0,,267453000.0,504740000.0,,15.554,-11308000.0,26075000.0,26075000.0,45945000.0,24048000.0,2.343,0.519,170428000.0,20682000.0,149746000.0,170428000.0,0.0,4028000.0,0.0,0.001,0.03,31209000.0,35237000.0,0.273,35237000.0,31209000.0,29755000.0,0.74,0.67,0.74,508320000.0,,508320000.0,2100356272.0,18.0,16.155,17796000.0,0.545,1.0,83134000.0,0.644,338942000.0,1454000.0,463477000.0,,105078000.0,1187000.0,1187000.0,0.0,263873000.0,114127000.0,149746000.0,1942338272.0,5344000.0,-4262000.0,1226000.0,-8428000.0,-981000.0,-8183000.0,-15570000.0,0.0,29104000.0,-7000.0,24048000.0,24048000.0,24048000.0,0.0,0.0,0.186,51466000.0,31668000.0,15624000.0,0.041,3.821,22.813,22.519,143500000.0,0.0,59.45,4.112,4.114,92301000.0,166297000.0,129079000.0,129079000.0,1825000.0,,,,,0.0,49012000.0,1.0,32671796.0,32682000,36718000.0,3.95,433251000.0,36160000.0,5707000.0,22503000.0,13.257,153326000.0
69,COO,MRQ,2004-03-31,2004-04-30,2004-04-30,2021-09-03,18163000.0,744753000.0,,254251000.0,490502000.0,,14.635,-12383000.0,20731000.0,20731000.0,42167000.0,21699000.0,2.241,0.563,178749000.0,23877000.0,154872000.0,178749000.0,0.0,3938000.0,0.0,0.001,0.0,29005000.0,32943000.0,0.273,32943000.0,29005000.0,27517000.0,0.67,0.61,0.67,476413000.0,,476413000.0,1886204884.0,17.0,15.258,17667000.0,0.543,1.0,78385000.0,0.65,334865000.0,1488000.0,454438000.0,,103266000.0,2372000.0,2372000.0,0.0,268340000.0,113468000.0,154872000.0,1749472884.0,-24593000.0,-45699000.0,5146000.0,-3415000.0,0.0,1731000.0,-56417000.0,1665000.0,30050000.0,43000.0,21699000.0,21699000.0,21699000.0,0.0,0.0,0.18,50562000.0,27823000.0,13658000.0,0.0,3.672,21.935,21.6,138776000.0,0.0,54.0,3.873,3.892,84682000.0,143230000.0,120552000.0,120552000.0,1222000.0,,,,,0.0,48877000.0,1.0,32397646.0,32554000,36521000.0,3.703,409888000.0,33048000.0,5818000.0,23198000.0,12.591,140783000.0
70,COO,MRQ,2003-12-31,2004-01-31,2004-01-31,2021-09-03,27632000.0,725537000.0,,275836000.0,449701000.0,,14.27,-6864000.0,45324000.0,45324000.0,39778000.0,18355000.0,2.59,0.581,182056000.0,22046000.0,160010000.0,182056000.0,0.0,3589000.0,0.0,0.001,0.03,25329000.0,28918000.0,0.264,28918000.0,25329000.0,23838000.0,0.57,0.52,0.57,459037000.0,,459037000.0,1692236432.0,17.0,14.635,-55000.0,-0.002,1.0,69956000.0,0.638,304329000.0,1491000.0,451450000.0,,99951000.0,4987000.0,4987000.0,0.0,266500000.0,106490000.0,160010000.0,1553808432.0,-2109000.0,-5145000.0,5829000.0,-4044000.0,-963000.0,822000.0,-9864000.0,2145000.0,6809000.0,124000.0,18355000.0,18355000.0,18355000.0,0.0,0.0,0.167,45107000.0,24849000.0,14404000.0,0.053,3.385,21.207,20.862,124647000.0,0.0,48.4,3.635,3.642,86078000.0,121531000.0,109734000.0,109734000.0,1525000.0,,,,,0.0,43237000.0,1.0,32103480.0,32167000,36133000.0,3.411,421208000.0,32016000.0,5483000.0,18594000.0,13.094,169346000.0
71,COO,MRQ,2003-09-30,2003-10-31,2003-10-31,2021-09-03,14119000.0,705564000.0,,264224000.0,441340000.0,,13.296,-11118000.0,47433000.0,47433000.0,38183000.0,21041000.0,2.289,0.672,185861000.0,20658000.0,165203000.0,185861000.0,0.0,3433000.0,0.0,0.001,0.0,29483000.0,32916000.0,0.291,32916000.0,29483000.0,27686000.0,0.66,0.6,0.66,422047000.0,,422047000.0,1527220988.0,16.0,13.887,20291000.0,0.639,1.0,74783000.0,0.662,298522000.0,1797000.0,430047000.0,,89718000.0,5746000.0,5746000.0,0.0,283517000.0,115423000.0,168094000.0,1366219988.0,16635000.0,-11436000.0,13477000.0,-7240000.0,0.0,6237000.0,-20945000.0,1609000.0,31409000.0,-66000.0,21041000.0,21041000.0,21041000.0,0.0,0.0,0.186,45838000.0,28945000.0,16227000.0,0.0,3.237,19.867,19.75,116277000.0,0.0,43.45,3.318,3.295,84607000.0,104139000.0,112966000.0,112966000.0,1579000.0,,,,,0.0,43867000.0,1.0,31443498.0,31742000,37130000.0,3.559,407042000.0,36983000.0,6645000.0,15880000.0,12.823,148801000.0
72,COO,MRQ,2003-06-30,2003-07-31,2003-07-31,2021-09-03,4868000.0,657109000.0,,235033000.0,422076000.0,,12.07,-9348000.0,30798000.0,30798000.0,39810000.0,18663000.0,2.15,0.742,191799000.0,22744000.0,169055000.0,191799000.0,0.0,3144000.0,0.0,0.002,0.03,25701000.0,28845000.0,0.266,28845000.0,25701000.0,24046000.0,0.6,0.58,0.6,377227000.0,,377227000.0,1241421405.0,14.0,12.108,8656000.0,0.277,1.0,68632000.0,0.633,287923000.0,1655000.0,420881000.0,,82880000.0,5976000.0,5976000.0,0.0,279882000.0,109306000.0,170576000.0,1090738405.0,18903000.0,-25197000.0,7254000.0,29216000.0,-1025000.0,35445000.0,-34532000.0,13000.0,18004000.0,-14000.0,18663000.0,18663000.0,18663000.0,0.0,0.0,0.172,43306000.0,25326000.0,13692000.0,0.05,2.891,17.064,16.932,105401000.0,0.0,35.05,2.772,2.783,80006000.0,83098000.0,108442000.0,108442000.0,1400000.0,,,,,0.0,41518000.0,1.0,31119498.0,31253000,32398000.0,3.47,369186000.0,38512000.0,5383000.0,15168000.0,11.813,125727000.0
73,COO,MRQ,2003-03-31,2003-04-30,2003-04-30,2021-09-03,5833000.0,600165000.0,,210563000.0,389602000.0,,11.391,-7508000.0,11895000.0,11895000.0,33948000.0,15211000.0,2.032,0.699,162578000.0,20636000.0,141942000.0,162578000.0,0.0,2977000.0,0.0,0.002,0.0,21970000.0,24947000.0,0.259,24947000.0,21970000.0,20282000.0,0.49,0.48,0.49,353144000.0,,353144000.0,1029752719.0,12.0,10.543,19523000.0,0.63,1.0,62420000.0,0.648,266078000.0,1688000.0,381123000.0,,81977000.0,4469000.0,4469000.0,0.0,247021000.0,103647000.0,143374000.0,862451719.0,2841000.0,-6282000.0,2598000.0,-13345000.0,0.0,-10747000.0,-13781000.0,9000.0,27031000.0,338000.0,15211000.0,15211000.0,15211000.0,0.0,0.0,0.158,41268000.0,21152000.0,15481000.0,0.0,2.442,14.713,14.607,98270000.0,0.0,27.9,2.296,2.303,76792000.0,65375000.0,96368000.0,96368000.0,1279000.0,,,,,0.0,39590000.0,1.0,30912248.0,31003000,31789000.0,3.108,334087000.0,37481000.0,5071000.0,10592000.0,10.776,106916000.0
74,COO,MRQ,2002-12-31,2003-01-31,2003-01-31,2021-09-03,3483000.0,596968000.0,,214165000.0,382803000.0,,10.773,-5898000.0,9054000.0,9054000.0,34647000.0,13855000.0,2.087,0.793,176355000.0,17392000.0,158963000.0,176355000.0,0.0,2971000.0,0.0,0.002,0.03,20297000.0,23268000.0,0.247,23268000.0,20297000.0,18473000.0,0.45,0.44,0.45,332935000.0,,332935000.0,944905011.0,12.0,10.447,-2786000.0,-0.09,1.0,59367000.0,0.631,261384000.0,1824000.0,400284000.0,,81045000.0,3023000.0,3023000.0,0.0,264033000.0,102601000.0,161432000.0,791509011.0,-1201000.0,-32243000.0,657000.0,33939000.0,-927000.0,33669000.0,-38170000.0,-29000.0,3112000.0,188000.0,13855000.0,13855000.0,13855000.0,0.0,0.0,0.147,39548000.0,19819000.0,14287000.0,0.067,2.377,14.843,14.634,94516000.0,0.0,25.61,2.254,2.254,83886000.0,50164000.0,94014000.0,94014000.0,1315000.0,,,,,0.0,37877000.0,1.0,30906248.0,30904000,31601000.0,3.042,335584000.0,41592000.0,4618000.0,13006000.0,10.859,111564000.0
75,COO,MRQ,2002-09-30,2002-10-31,2002-10-31,2021-09-03,-4474000.0,571115000.0,,198910000.0,372205000.0,,10.135,-6472000.0,10255000.0,10255000.0,32596000.0,16191000.0,1.57,0.834,163651000.0,36333000.0,127318000.0,163651000.0,0.0,2880000.0,0.0,0.002,0.0,22586000.0,25466000.0,0.269,25466000.0,22586000.0,20393000.0,0.53,0.52,0.53,311442000.0,,311442000.0,971705121.0,13.0,11.649,9541000.0,0.31,1.0,62125000.0,0.656,253617000.0,2193000.0,344213000.0,,76279000.0,2750000.0,2750000.0,0.0,259673000.0,126681000.0,132992000.0,812212121.0,1465000.0,-5616000.0,2935000.0,-5708000.0,0.0,-2820000.0,-12103000.0,0.0,16013000.0,375000.0,16191000.0,16191000.0,16191000.0,0.0,0.0,0.171,39925000.0,22200000.0,15212000.0,0.0,2.608,16.618,16.562,87944000.0,0.0,26.5,2.576,2.569,74545000.0,37236000.0,94721000.0,94721000.0,1422000.0,,,,,0.0,38291000.0,1.0,30649514.0,30730000,31339000.0,3.082,317498000.0,44587000.0,4202000.0,12261000.0,10.332,72229000.0
76,COO,MRQ,2002-06-30,2002-07-31,2002-07-31,2021-09-03,-1711000.0,552640000.0,,198269000.0,354371000.0,,9.631,-4970000.0,8790000.0,8790000.0,34844000.0,13361000.0,1.683,0.874,168283000.0,32941000.0,135342000.0,168283000.0,0.0,3344000.0,0.0,0.002,0.025,20649000.0,23993000.0,0.265,23993000.0,20649000.0,18302000.0,0.44,0.43,0.44,294865000.0,,294865000.0,818886364.0,12.0,10.406,10282000.0,0.336,1.0,55719000.0,0.615,230598000.0,2347000.0,363710000.0,,77444000.0,5156000.0,5156000.0,0.0,257775000.0,117825000.0,139950000.0,671359364.0,-8243000.0,-85149000.0,1214000.0,65638000.0,-766000.0,66086000.0,-89645000.0,325000.0,15252000.0,64000.0,13361000.0,13361000.0,13361000.0,0.0,0.0,0.148,38738000.0,16981000.0,14486000.0,0.057,2.277,15.107,14.932,93918000.0,0.0,21.95,2.342,2.345,69779000.0,21045000.0,90563000.0,90563000.0,1118000.0,,,,,0.0,37055000.0,1.0,30585848.0,30616000,31210000.0,2.958,322042000.0,45752000.0,4941000.0,10250000.0,10.519,80444000.0
77,COO,MRQ,2002-03-31,2002-04-30,2002-04-30,2021-09-03,-3597000.0,531931000.0,,198594000.0,333337000.0,,9.072,-5719000.0,17033000.0,17033000.0,27746000.0,9918000.0,1.099,0.923,164560000.0,93770000.0,70790000.0,164560000.0,0.0,3052000.0,0.0,0.002,0.0,14665000.0,17717000.0,0.246,17717000.0,14665000.0,13224000.0,0.33,0.32,0.33,276592000.0,,276592000.0,865985872.0,14.0,12.083,14795000.0,0.485,1.0,44164000.0,0.614,217316000.0,1441000.0,281424000.0,,73181000.0,4016000.0,4016000.0,0.0,255339000.0,180718000.0,74621000.0,806936872.0,12166000.0,-39970000.0,1646000.0,35508000.0,0.0,37201000.0,-45279000.0,435000.0,20514000.0,-270000.0,9918000.0,9918000.0,9918000.0,0.0,0.0,0.138,29481000.0,14683000.0,15258000.0,0.0,2.917,19.472,19.273,88492000.0,0.0,26.5,3.135,3.138,66313000.0,8450000.0,71910000.0,71910000.0,918000.0,,,,,0.0,28171000.0,1.0,30450448.0,30487000,31128000.0,2.359,314615000.0,44890000.0,3306000.0,9005000.0,10.32,17876000.0
78,COO,MRQ,2001-12-31,2002-01-31,2002-01-31,2021-09-03,-5915000.0,389940000.0,,148981000.0,240959000.0,,8.63,-6273000.0,4867000.0,4867000.0,20627000.0,9405000.0,1.703,0.484,63916000.0,27103000.0,36813000.0,63916000.0,0.0,2093000.0,0.0,0.002,0.025,14143000.0,16236000.0,0.279,16236000.0,14143000.0,13250000.0,0.31,0.3,0.31,262684000.0,,262684000.0,769083825.0,13.0,10.977,-2105000.0,-0.069,1.0,37485000.0,0.645,143802000.0,893000.0,217722000.0,,54176000.0,5006000.0,5006000.0,0.0,127256000.0,87465000.0,39791000.0,713209825.0,-8061000.0,-5403000.0,330000.0,-3711000.0,-761000.0,-4142000.0,-8066000.0,3622000.0,4168000.0,-21000.0,9405000.0,9405000.0,9405000.0,0.0,0.0,0.162,24378000.0,13107000.0,10537000.0,0.081,2.715,17.727,17.481,64519000.0,0.0,23.425,2.939,2.938,56016000.0,-1468000.0,58112000.0,58112000.0,857000.0,,,,,0.0,23213000.0,1.0,30446524.0,30440000,31075000.0,1.909,246138000.0,46519000.0,3845000.0,8162000.0,8.086,61516000.0
79,COO,MRQ,2001-09-30,2001-10-31,2001-10-31,2021-09-03,-3305000.0,396849000.0,,155205000.0,241644000.0,,8.462,-4966000.0,12928000.0,12928000.0,22365000.0,11756000.0,2.283,0.548,68802000.0,8249000.0,60553000.0,68802000.0,0.0,3082000.0,0.0,0.001,0.0,17662000.0,20744000.0,0.314,20744000.0,17662000.0,16738000.0,0.39,0.38,0.39,256284000.0,,256284000.0,770361576.0,14.0,11.523,714000.0,0.024,1.0,43684000.0,0.661,145622000.0,924000.0,239128000.0,,51153000.0,7982000.0,7982000.0,0.0,140565000.0,67973000.0,72592000.0,726600576.0,1660000.0,-12278000.0,467000.0,13145000.0,0.0,13612000.0,-17284000.0,0.0,5680000.0,-348000.0,11756000.0,11756000.0,11756000.0,0.0,0.0,0.178,26222000.0,17462000.0,11149000.0,0.0,2.835,19.566,19.2,61028000.0,0.0,24.0,3.098,3.036,55318000.0,-10112000.0,66049000.0,66049000.0,822000.0,,,,,0.0,24084000.0,1.0,30275024.0,30288000,31196000.0,2.181,251227000.0,48554000.0,4982000.0,7688000.0,8.295,87232000.0
80,COO,MRQ,2001-06-30,2001-07-31,2001-07-31,2021-09-03,-5851000.0,364641000.0,,133460000.0,231181000.0,,7.981,-4612000.0,11268000.0,11268000.0,22336000.0,10361000.0,1.997,0.524,55029000.0,9435000.0,45594000.0,55029000.0,0.0,2838000.0,0.0,0.002,0.025,14132000.0,16970000.0,0.277,16970000.0,14132000.0,13218000.0,0.345,0.335,0.345,239290000.0,,239290000.0,761843176.0,14.0,12.125,5231000.0,0.174,1.0,39029000.0,0.636,135644000.0,914000.0,205914000.0,,47574000.0,4840000.0,4840000.0,0.0,125351000.0,66844000.0,58507000.0,721898176.0,-629000.0,-16146000.0,7606000.0,3432000.0,-749000.0,10289000.0,-20891000.0,0.0,9843000.0,130000.0,10361000.0,10361000.0,10361000.0,0.0,0.0,0.169,25028000.0,14001000.0,11312000.0,0.072,3.017,20.907,20.466,56635000.0,0.0,24.15,3.171,3.181,43053000.0,-21868000.0,61365000.0,61365000.0,1055000.0,,,,,0.0,22516000.0,1.0,29892264.0,29984000,30768000.0,2.047,228997000.0,54276000.0,2857000.0,7046000.0,7.637,66616000.0
81,COO,MRQ,2001-03-31,2001-04-30,2001-04-30,2021-09-03,-5816000.0,331091000.0,,128045000.0,203046000.0,,7.545,-3910000.0,11897000.0,11897000.0,19713000.0,8710000.0,2.353,0.491,51842000.0,9886000.0,41956000.0,51842000.0,0.0,2532000.0,0.0,0.001,0.0,13581000.0,16113000.0,0.282,16113000.0,13581000.0,12680000.0,0.295,0.29,0.295,222070000.0,,222070000.0,677777818.0,13.0,11.209,3736000.0,0.127,1.0,37469000.0,0.655,111946000.0,901000.0,204670000.0,,44008000.0,4338000.0,4338000.0,0.0,109021000.0,54420000.0,54601000.0,647089818.0,-83000.0,-16391000.0,9111000.0,3415000.0,0.0,12526000.0,-20344000.0,0.0,7646000.0,89000.0,8710000.0,8710000.0,8710000.0,0.0,0.0,0.152,23839000.0,13630000.0,9668000.0,0.0,2.914,19.711,19.474,51606000.0,0.0,22.2,2.979,3.008,40417000.0,-31480000.0,57182000.0,57182000.0,897000.0,,,,,0.0,21755000.0,1.0,29148190.0,29434000,30248000.0,1.943,219145000.0,54842000.0,3970000.0,7359000.0,7.445,73625000.0
82,COO,MRQ,2000-12-31,2001-01-31,2001-01-31,2021-09-03,-4109000.0,321490000.0,,120047000.0,201443000.0,,7.101,-3269000.0,11980000.0,11980000.0,16790000.0,6309000.0,1.902,0.562,42668000.0,2047000.0,40621000.0,42668000.0,0.0,2536000.0,0.0,0.002,0.01,10491000.0,13027000.0,0.261,13027000.0,10491000.0,9492000.0,0.22,0.215,0.22,205819000.0,,205819000.0,592396554.0,12.0,10.217,-819000.0,-0.028,1.0,33186000.0,0.664,109070000.0,999000.0,179987000.0,,41197000.0,5978000.0,5978000.0,0.0,115671000.0,63121000.0,52550000.0,558653554.0,-2628000.0,-3402000.0,1728000.0,120000.0,-289000.0,1559000.0,-6689000.0,0.0,2450000.0,52000.0,6309000.0,6309000.0,6309000.0,0.0,0.0,0.126,23521000.0,9665000.0,25598000.0,0.045,2.714,18.09,17.788,49979000.0,0.0,19.3,2.65,2.654,33735000.0,-40190000.0,49976000.0,49976000.0,884000.0,,,,,0.0,21415000.0,1.0,28945780.0,28986000,29636000.0,1.724,212420000.0,57503000.0,3183000.0,7817000.0,7.328,56926000.0
83,COO,MRQ,2000-09-30,2000-10-31,2000-10-31,2021-09-03,-3558000.0,322565000.0,,112685000.0,209880000.0,,6.927,-3483000.0,14608000.0,14608000.0,18635000.0,9149000.0,1.726,0.626,48351000.0,8094000.0,40257000.0,48351000.0,0.0,2340000.0,0.0,0.002,0.01,14385000.0,16725000.0,0.283,16725000.0,14385000.0,13454000.0,0.32,0.315,0.32,198438000.0,,198438000.0,550006607.0,12.0,9.969,9138000.0,0.319,1.0,40501000.0,0.685,110854000.0,931000.0,180179000.0,,38219000.0,0.0,0.0,0.0,124127000.0,65275000.0,58852000.0,511117607.0,5180000.0,-21000.0,58000.0,-3847000.0,-286000.0,-4122000.0,-3504000.0,0.0,12621000.0,185000.0,9149000.0,9149000.0,9149000.0,0.0,0.0,0.155,26298000.0,14203000.0,7733000.0,0.031,2.576,17.644,17.525,47933000.0,0.0,17.875,2.54,2.521,33058000.0,-46210000.0,59136000.0,59136000.0,684000.0,,,,,0.0,24523000.0,1.0,28593992.0,28646000,29250000.0,2.064,211711000.0,60779000.0,4305000.0,8033000.0,7.391,47410000.0
84,COO,MRQ,2000-06-30,2000-07-31,2000-07-31,2021-09-03,-2688000.0,296517000.0,,104759000.0,191758000.0,,6.471,-4988000.0,9428000.0,9428000.0,17408000.0,8661000.0,2.268,0.61,48317000.0,2124000.0,46193000.0,48317000.0,0.0,2194000.0,0.0,0.002,0.01,12409000.0,14603000.0,0.287,14603000.0,12409000.0,11245000.0,0.305,0.295,0.305,184174000.0,,184174000.0,548201533.0,12.0,10.357,7504000.0,0.264,1.0,33500000.0,0.658,93320000.0,1164000.0,195896000.0,,38098000.0,0.0,0.0,0.0,112343000.0,46190000.0,66153000.0,498444533.0,4681000.0,-946000.0,3020000.0,-2480000.0,-284000.0,-641000.0,-7320000.0,0.0,12492000.0,150000.0,8661000.0,8661000.0,8661000.0,0.0,0.0,0.17,20451000.0,13049000.0,13021000.0,0.033,2.706,18.232,18.197,46655000.0,0.0,17.56,2.622,2.629,30628000.0,-55073000.0,50908000.0,50908000.0,703000.0,,,,,0.0,18717000.0,1.0,28385224.0,28462000,29192000.0,1.789,203197000.0,62001000.0,2584000.0,6645000.0,7.139,58569000.0
85,COO,MRQ,2000-03-31,2000-04-30,2000-04-30,2021-09-03,-1927000.0,293414000.0,,99615000.0,193799000.0,,6.169,-2904000.0,4747000.0,4747000.0,18285000.0,6763000.0,2.078,0.683,54504000.0,2295000.0,52209000.0,54504000.0,0.0,2189000.0,0.0,0.002,0.01,11437000.0,13626000.0,0.268,13626000.0,11437000.0,10169000.0,0.24,0.235,0.24,174349000.0,,174349000.0,531607965.0,12.0,9.539,7702000.0,0.273,1.0,32484000.0,0.64,94583000.0,1268000.0,200641000.0,,38283000.0,0.0,0.0,0.0,119065000.0,47947000.0,71118000.0,474334965.0,2065000.0,-1840000.0,0.0,-4089000.0,-283000.0,-3884000.0,-4724000.0,0.0,10606000.0,67000.0,6763000.0,6763000.0,6763000.0,0.0,0.0,0.133,21107000.0,11377000.0,10946000.0,0.042,2.721,18.805,18.782,43913000.0,0.0,16.81,2.597,2.601,31476000.0,-63450000.0,50769000.0,50769000.0,676000.0,,,,,0.0,19320000.0,1.0,28217428.0,28260000,28876000.0,1.796,198831000.0,65182000.0,3406000.0,10726000.0,7.036,51668000.0
86,COO,MRQ,1999-12-31,2000-01-31,2000-01-31,2021-09-03,-988000.0,289934000.0,,92674000.0,197260000.0,,5.982,-3290000.0,2682000.0,2682000.0,13772000.0,4395000.0,2.082,0.722,59955000.0,2500000.0,57455000.0,59955000.0,0.0,2011000.0,0.0,0.002,0.01,8208000.0,10219000.0,0.253,10219000.0,8208000.0,6827000.0,0.155,0.155,0.155,168323000.0,,168323000.0,466445496.0,11.0,8.702,2019000.0,0.072,1.0,26632000.0,0.659,95056000.0,1381000.0,207637000.0,,40208000.0,0.0,0.0,0.0,121611000.0,44514000.0,77097000.0,425412496.0,-18240000.0,-21637000.0,0.0,1259000.0,-281000.0,1434000.0,-25016000.0,0.0,5309000.0,33000.0,4395000.0,4395000.0,4395000.0,0.0,0.0,0.109,18392000.0,8240000.0,9182000.0,0.065,2.527,16.62,16.621,42211000.0,0.0,15.125,2.451,2.452,28513000.0,-69930000.0,40404000.0,40404000.0,648000.0,,,,,0.0,16764000.0,1.0,28126446.0,28138000,28718000.0,1.436,194878000.0,66715000.0,2432000.0,11991000.0,6.926,48160000.0
87,COO,MRQ,1999-09-30,1999-10-31,1999-10-31,2021-09-03,-595000.0,285873000.0,,100461000.0,185412000.0,,5.846,-2574000.0,20922000.0,20922000.0,15303000.0,7520000.0,2.398,0.742,61955000.0,4888000.0,57067000.0,61955000.0,0.0,1989000.0,0.0,0.002,0.01,12496000.0,14485000.0,0.301,14485000.0,12496000.0,11099000.0,0.265,0.26,0.265,164143000.0,,164143000.0,398373850.0,9.0,7.876,9835000.0,0.35,1.0,32746000.0,0.682,80518000.0,1397000.0,204492000.0,,33430000.0,0.0,0.0,0.0,121730000.0,41896000.0,79834000.0,350594850.0,9196000.0,3289000.0,0.0,-523000.0,-281000.0,-476000.0,-2726000.0,0.0,12409000.0,-11000.0,7520000.0,7520000.0,7520000.0,2970000.0,0.0,0.157,20356000.0,12390000.0,6263000.0,0.038,2.136,13.968,14.045,40319000.0,0.0,12.5,2.085,2.096,26792000.0,-74044000.0,48049000.0,48049000.0,676000.0,,,,,0.0,18749000.0,1.0,28047588.0,28076000,28588000.0,1.711,205355000.0,68157000.0,3579000.0,11351000.0,7.314,58565000.0
88,COO,MRQ,1999-06-30,1999-07-31,1999-07-31,2021-09-03,-1008000.0,281969000.0,,96614000.0,185355000.0,,5.588,-2114000.0,11726000.0,11726000.0,15116000.0,6546000.0,2.073,0.806,59505000.0,3009000.0,56496000.0,59505000.0,0.0,6451000.0,0.0,0.001,0.01,10949000.0,17400000.0,0.401,17400000.0,10949000.0,9627000.0,0.235,0.23,0.235,156163000.0,,156163000.0,339443836.0,10.0,6.829,7382000.0,0.264,1.0,28288000.0,0.652,81527000.0,1322000.0,201620000.0,,34953000.0,0.0,0.0,0.0,125806000.0,46601000.0,79205000.0,284547836.0,6285000.0,-993000.0,0.0,-2776000.0,-280000.0,122000.0,-3493000.0,0.0,9496000.0,160000.0,6546000.0,6546000.0,6546000.0,0.0,0.0,0.151,17393000.0,10895000.0,9038000.0,0.043,1.822,5.285,8.965,38469000.0,0.0,10.22,1.77,1.777,26572000.0,-81283000.0,43404000.0,43404000.0,398000.0,,,,,0.0,16041000.0,1.0,27842254.0,27946000,28388000.0,1.553,200442000.0,72318000.0,3081000.0,13878000.0,7.172,50013000.0
89,COO,MRQ,1999-03-31,1999-04-30,1999-04-30,2021-09-03,-1197000.0,274807000.0,,87583000.0,187224000.0,,5.329,-3247000.0,5441000.0,5441000.0,15174000.0,7135000.0,1.897,0.849,60337000.0,3170000.0,57167000.0,60337000.0,0.0,0.0,0.0,0.0,0.0,11501000.0,11501000.0,0.276,11501000.0,11501000.0,9739000.0,0.255,0.255,0.255,148642000.0,,148642000.0,294747225.0,11.0,8.478,5976000.0,0.214,1.0,26569000.0,0.636,82466000.0,1762000.0,201056000.0,,35509000.0,0.0,0.0,0.0,126165000.0,46181000.0,79984000.0,219591225.0,-333000.0,24755000.0,-7345000.0,-20382000.0,0.0,-31264000.0,21508000.0,0.0,9223000.0,200000.0,7135000.0,7135000.0,7135000.0,-1841000.0,0.0,0.171,16946000.0,9623000.0,9476000.0,0.0,1.477,4.47,6.325,37202000.0,0.0,7.875,1.398,1.399,24663000.0,-87549000.0,41743000.0,41743000.0,442000.0,,,,,0.0,15549000.0,1.0,27884600.0,27892000,28142000.0,1.497,192341000.0,74340000.0,2604000.0,13481000.0,6.896,41402000.0
90,COO,MRQ,1998-12-31,1999-01-31,1999-01-31,2021-09-03,-899000.0,289628000.0,,110322000.0,179306000.0,,5.105,-2186000.0,5774000.0,5774000.0,13416000.0,3899000.0,2.617,0.966,80930000.0,3271000.0,77659000.0,80930000.0,0.0,0.0,0.0,0.0,0.0,7195000.0,7195000.0,0.206,7195000.0,7195000.0,5346000.0,0.135,0.135,0.135,147310000.0,,147310000.0,306623355.0,18.0,11.942,-5616000.0,-0.195,1.0,21543000.0,0.616,83419000.0,1849000.0,239217000.0,,34557000.0,0.0,0.0,0.0,142318000.0,42148000.0,100170000.0,223709355.0,-1559000.0,1634000.0,0.0,-4441000.0,0.0,-2948000.0,4867000.0,5419000.0,-3430000.0,-48000.0,3899000.0,3899000.0,3899000.0,-1258000.0,0.0,0.112,15640000.0,5903000.0,14452000.0,0.0,1.519,5.191,5.882,35438000.0,0.0,7.5,1.464,1.417,23707000.0,-94684000.0,34959000.0,34959000.0,461000.0,,,,,0.0,14222000.0,1.0,29827914.0,28854000,29336000.0,1.212,206209000.0,67374000.0,1447000.0,8805000.0,7.147,68174000.0
91,COO,MRQ,1998-09-30,1998-10-31,1998-10-31,2021-09-03,-666000.0,296041000.0,,116077000.0,179964000.0,,4.929,-4974000.0,7333000.0,7333000.0,16587000.0,36256000.0,2.486,1.038,90247000.0,11570000.0,78677000.0,90247000.0,0.0,8416000.0,0.0,0.0,0.0,5196000.0,13612000.0,0.335,13612000.0,5196000.0,3397000.0,0.515,0.505,0.515,145253000.0,,145253000.0,423204028.0,37.0,21.383,3884000.0,0.132,1.0,24062000.0,0.592,84308000.0,1799000.0,247946000.0,,30349000.0,0.0,0.0,0.0,150788000.0,46701000.0,104087000.0,354168028.0,-2726000.0,-462000.0,-7993000.0,7354000.0,0.0,-592000.0,-10855000.0,-5419000.0,8858000.0,-137000.0,36256000.0,36256000.0,36256000.0,-4336000.0,0.0,0.892,17455000.0,6607000.0,8393000.0,0.0,2.438,8.888,8.829,34234000.0,0.0,11.875,2.406,2.393,24426000.0,-98583000.0,40649000.0,40649000.0,433000.0,,,,,0.0,16008000.0,1.0,29824676.0,29470000,29884000.0,1.379,211733000.0,67811000.0,-32859000.0,8987000.0,7.185,69376000.0
92,COO,MRQ,1998-06-30,1998-07-31,1998-07-31,2021-09-03,0.0,281615000.0,,95011000.0,186604000.0,,4.619,-6134000.0,10059000.0,10059000.0,14873000.0,1835000.0,2.251,1.046,79095000.0,2707000.0,76388000.0,79095000.0,0.0,0.0,0.0,0.0,0.0,2457000.0,2457000.0,0.062,2457000.0,2457000.0,925000.0,0.34,0.33,0.34,137624000.0,,137624000.0,543562693.0,-142.0,1207.917,150000.0,0.005,1.0,24836000.0,0.625,89531000.0,1532000.0,218908000.0,,30201000.0,0.0,0.0,0.0,143991000.0,42212000.0,101779000.0,473500693.0,8612000.0,0.0,0.0,11871000.0,0.0,8407000.0,-6134000.0,0.0,6284000.0,55000.0,1835000.0,1835000.0,1835000.0,0.0,0.0,0.046,15404000.0,9432000.0,12656000.0,0.0,3.441,24.787,11.361,62297000.0,0.0,15.905,5.02,5.024,40290000.0,-113779000.0,39709000.0,39709000.0,512000.0,,,,,0.0,13960000.0,1.0,29770556.0,29792000,30684000.0,1.333,192084000.0,26239000.0,-910000.0,10471000.0,6.448,52799000.0
93,COO,MRQ,1998-03-31,1998-04-30,1998-04-30,2021-09-03,0.0,267041000.0,,83095000.0,183946000.0,,4.293,-6103000.0,1456000.0,1456000.0,13027000.0,1105000.0,1.826,1.091,71518000.0,3090000.0,68428000.0,71518000.0,0.0,0.0,0.0,0.0,0.0,2413000.0,2413000.0,0.064,2413000.0,2413000.0,600000.0,0.285,0.275,0.285,127682000.0,,127682000.0,628134486.0,514.0,114.435,-2842000.0,-0.096,1.0,24423000.0,0.652,90276000.0,1813000.0,201311000.0,,28212000.0,0.0,0.0,0.0,139359000.0,45516000.0,93843000.0,571613486.0,-7310000.0,-10360000.0,0.0,1091000.0,0.0,5993000.0,-16463000.0,0.0,3261000.0,-101000.0,1105000.0,1105000.0,1105000.0,0.0,0.0,0.03,15981000.0,8442000.0,12980000.0,0.0,4.477,23.375,14.29,57703000.0,0.0,19.22,6.109,6.11,40807000.0,-123953000.0,37450000.0,37450000.0,543000.0,,,,,0.0,14544000.0,1.0,29740556.0,29744000,30886000.0,1.259,176765000.0,26290000.0,-505000.0,10812000.0,5.943,37579000.0
94,COO,MRQ,1997-12-31,1998-01-31,1998-01-31,2021-09-03,0.0,251353000.0,,82867000.0,168486000.0,,4.011,-2362000.0,8757000.0,8757000.0,11277000.0,650000.0,1.92,1.116,65278000.0,1472000.0,63806000.0,65278000.0,0.0,0.0,0.0,0.0,0.0,1310000.0,1310000.0,0.045,1310000.0,1310000.0,201000.0,0.2,0.195,0.2,118778000.0,,118778000.0,725675362.0,145.0,78.257,-9397000.0,-0.317,1.0,18107000.0,0.616,85543000.0,1109000.0,179160000.0,,25835000.0,0.0,0.0,0.0,132575000.0,43171000.0,89404000.0,734361362.0,-9492000.0,-23476000.0,0.0,24574000.0,0.0,23519000.0,-25838000.0,0.0,-7035000.0,-138000.0,650000.0,650000.0,650000.0,0.0,0.0,0.022,12888000.0,5219000.0,10680000.0,0.0,6.183,25.568,19.307,52778000.0,0.0,24.81,8.18,8.184,38158000.0,-132436000.0,29384000.0,29384000.0,456000.0,,,,,0.0,11714000.0,1.0,29599410.0,29616000,30708000.0,0.992,165810000.0,26548000.0,-449000.0,13232000.0,5.599,39696000.0
95,COO,MRQ,1997-09-30,1997-10-31,1997-10-31,2021-09-03,0.0,170624000.0,,100574000.0,70050000.0,,3.771,-1928000.0,18249000.0,18249000.0,-26249000.0,15513000.0,3.454,0.53,9563000.0,438000.0,9125000.0,9563000.0,0.0,4267000.0,0.0,0.0,0.0,-9997000.0,-5730000.0,0.469,-5730000.0,-9997000.0,-9352000.0,0.575,0.555,0.575,111533000.0,,111533000.0,,,,6885000.0,0.233,1.0,14030000.0,-1.148,32274000.0,-645000.0,100546000.0,,14921000.0,0.0,0.0,0.0,59091000.0,29118000.0,29973000.0,529089454.0,-25042000.0,0.0,-64000.0,-32006000.0,0.0,-32609000.0,-1246000.0,-2216000.0,8813000.0,0.0,15513000.0,15513000.0,15513000.0,0.0,0.0,-1.27,12008000.0,2022000.0,6561000.0,0.0,4.744,16.86,14.533,7634000.0,0.0,17.875,5.96,5.138,13150000.0,-138429000.0,-12219000.0,-12219000.0,514000.0,,,,,0.0,11124000.0,1.0,29599410.0,29574000,30590000.0,-0.413,138350000.0,31213000.0,-24865000.0,9134000.0,4.678,71456000.0
96,COO,MRQ,1997-06-30,1997-07-31,1997-07-31,2021-09-03,,,,,,,,-1704000.0,,,20384000.0,7186000.0,,,,,,,,0.0,,0.0,0.0,7496000.0,7496000.0,0.192,7496000.0,7496000.0,6161000.0,0.285,0.275,0.285,,,,,,,919000.0,0.036,1.0,18565000.0,0.477,,1335000.0,,,,,,,,,,,41753000.0,-54000.0,50452000.0,-9527000.0,0.0,40925000.0,-1795000.0,0.0,2623000.0,0.0,7186000.0,7186000.0,7186000.0,0.0,0.0,0.184,11163000.0,7402000.0,,0.0,,,,,0.0,14.0,,,,,38949000.0,38949000.0,487000.0,,,,,0.0,10173000.0,1.0,,25290000,26024000.0,1.54,,,-1025000.0,,,
97,COO,MRQ,1997-03-31,1997-04-30,1997-04-30,2021-09-03,,,,,,,,-1869000.0,,,17477000.0,5373000.0,,,,,,,,0.0,,0.0,0.0,6197000.0,6197000.0,0.184,6197000.0,6197000.0,4942000.0,0.225,0.22,0.225,,,,,,,678000.0,0.028,1.0,16186000.0,0.481,,1255000.0,,,,,,,,,,,-1098000.0,-7091000.0,0.0,7454000.0,0.0,7433000.0,-11078000.0,0.0,2547000.0,0.0,5373000.0,5373000.0,5373000.0,0.0,0.0,0.16,9912000.0,6274000.0,,0.0,,,,,0.0,8.94,,,,,33663000.0,33663000.0,414000.0,,,,,0.0,9094000.0,1.0,,23848000,24486000.0,1.412,,,-431000.0,,,
98,COO,MRQ,1996-12-31,1997-01-31,1997-01-31,2021-09-03,,,,,,,,-2234000.0,,,15713000.0,3310000.0,,,,,,,,0.0,,0.0,0.0,4125000.0,4125000.0,0.145,4125000.0,4125000.0,2896000.0,0.14,0.14,0.14,,,,,,,-4486000.0,-0.192,1.0,12663000.0,0.446,,1229000.0,,,,,,,,,,,-4201000.0,0.0,0.0,1339000.0,0.0,1385000.0,-3334000.0,0.0,-2252000.0,0.0,3310000.0,3310000.0,3310000.0,0.0,0.0,0.117,8558000.0,4105000.0,,0.0,,,,,0.0,9.25,,,,,28376000.0,28376000.0,324000.0,,,,,0.0,7946000.0,1.0,,23352000,23840000.0,1.215,,,-414000.0,,,
99,COO,MRQ,1996-09-30,1996-10-31,1996-10-31,2021-09-03,0.0,102909000.0,,42495000.0,60414000.0,,0.658,,6837000.0,6837000.0,,,1.276,5.713,48764000.0,844000.0,47920000.0,48764000.0,0.0,,0.0,0.0,0.0,,,,,,,,,,15330000.0,,15330000.0,,,,,,1.0,,,21468000.0,,90060000.0,,10363000.0,0.0,0.0,0.0,87579000.0,33308000.0,54271000.0,,,,,,,,,,,,,,,,,,,,4574000.0,,,,10.056,34674000.0,,7.19,,2.533,21650000.0,-169811000.0,,,,,,,,,,1.0,,23292000,,,81441000.0,4148000.0,,9537000.0,3.497,9187000.0
0,COO,MRT,2021-06-30,2021-07-31,2021-07-31,2021-09-03,-359800000.0,9610600000.0,8570950000.0,1474600000.0,8136000000.0,0.332,137.631,-256400000.0,112200000.0,112200000.0,967100000.0,2915600000.0,1.387,0.416,1886400000.0,469800000.0,1416600000.0,1886400000.0,0.0,341500000.0,0.0,0.0,0.06,488400000.0,829900000.0,0.292,829900000.0,488400000.0,463600000.0,59.31,58.68,59.31,6785200000.0,5690525000.0,6785200000.0,22678006184.0,46.0,27.326,526000000.0,10.669,1.0,1877900000.0,0.66,3893300000.0,24800000.0,6428300000.0,5586275000.0,587900000.0,0.0,0.0,0.0,2825200000.0,1063200000.0,1762000000.0,20771306184.0,-15300000.0,-271100000.0,-12800000.0,-253600000.0,-3000000.0,-272900000.0,-527500000.0,0.0,782400000.0,2700000.0,2915600000.0,2915600000.0,2915600000.0,0.0,0.0,1.025,1400600000.0,477300000.0,153000000.0,0.001,3.061,7.124,7.111,1570600000.0,0.0,421.77,7.301,7.309,535100000.0,6091800000.0,2845000000.0,2845000000.0,92700000.0,0.34,0.512,0.087,0.172,37600000.0,1163700000.0,1.0,49247946.0,49300000,49800000.0,57.708,5717300000.0,2554900000.0,-2452000000.0,168400000.0,115.97,411400000.0
1,COO,MRT,2021-03-31,2021-04-30,2021-04-30,2021-09-03,-347200000.0,9013800000.0,7855400000.0,1322600000.0,7691200000.0,0.339,125.256,-257900000.0,105900000.0,105900000.0,937200000.0,2355000000.0,1.332,0.463,2012600000.0,446800000.0,1565800000.0,2012600000.0,0.0,333200000.0,0.0,0.0,0.06,460900000.0,794100000.0,0.299,794100000.0,460900000.0,436000000.0,47.94,47.43,47.94,6162600000.0,4934275000.0,6162600000.0,22171882331.0,48.0,27.921,413500000.0,8.404,1.0,1722600000.0,0.648,3980100000.0,24900000.0,5947700000.0,4950500000.0,582000000.0,0.0,0.0,0.0,2851000000.0,992700000.0,1858300000.0,20195682331.0,25600000.0,-213800000.0,-20200000.0,-156200000.0,-3000000.0,-182900000.0,-471700000.0,0.0,671400000.0,8800000.0,2355000000.0,2355000000.0,2355000000.0,0.0,0.0,0.885,1273900000.0,448700000.0,141600000.0,0.001,3.277,8.576,8.571,1574900000.0,0.0,410.89,7.593,7.6,490100000.0,5477500000.0,2659800000.0,2659800000.0,89700000.0,0.3,0.477,0.093,0.173,37600000.0,1044000000.0,1.0,49151068.0,49200000,49700000.0,54.061,5033700000.0,2017400000.0,-1919000000.0,171800000.0,102.311,329900000.0
2,COO,MRT,2020-12-31,2021-01-31,2021-01-31,2021-09-03,-381300000.0,8921900000.0,7229450000.0,1297400000.0,7624500000.0,0.341,121.99,-297300000.0,119100000.0,119100000.0,906200000.0,2249000000.0,1.35,0.49,2095300000.0,435400000.0,1659900000.0,2095300000.0,0.0,324500000.0,0.0,0.0,0.06,340200000.0,664700000.0,0.27,664700000.0,340200000.0,308600000.0,45.78,45.3,45.78,5989700000.0,4300450000.0,5989700000.0,19830402669.0,58.0,29.834,207300000.0,4.222,1.0,1559000000.0,0.632,3911900000.0,31600000.0,6024900000.0,4421250000.0,570500000.0,0.0,0.0,0.0,2932000000.0,961300000.0,1970700000.0,17883002669.0,42300000.0,-124500000.0,-73300000.0,33900000.0,-3000000.0,-45900000.0,-421800000.0,0.0,504600000.0,5400000.0,2249000000.0,2249000000.0,2249000000.0,0.0,0.0,0.912,1224900000.0,334100000.0,302300000.0,0.001,2.986,7.952,7.952,1575400000.0,0.0,364.04,7.254,7.251,461200000.0,5360000000.0,2465200000.0,2465200000.0,92500000.0,0.311,0.523,0.077,0.138,37600000.0,995400000.0,1.0,49123730.0,49100000,49700000.0,50.208,5010000000.0,2031200000.0,-1940400000.0,21600000.0,102.037,336100000.0
3,COO,MRT,2020-09-30,2020-10-31,2020-10-31,2021-09-03,-472000000.0,6737500000.0,6636100000.0,1274200000.0,5463300000.0,0.366,71.702,-310400000.0,115900000.0,115900000.0,896100000.0,238400000.0,1.269,0.762,2063300000.0,442600000.0,1620700000.0,2063300000.0,0.0,319600000.0,0.0,0.0,0.06,303300000.0,622900000.0,0.256,622900000.0,303300000.0,266500000.0,4.85,4.81,4.85,3824600000.0,3735700000.0,3824600000.0,19040154939.0,63.0,30.567,176200000.0,3.303,1.0,1534800000.0,0.631,3736300000.0,36800000.0,3944200000.0,3823100000.0,570400000.0,0.0,0.0,0.0,2912700000.0,1004400000.0,1908300000.0,17018254939.0,27300000.0,-54100000.0,-51900000.0,-37100000.0,-3000000.0,-95500000.0,-364500000.0,0.0,486600000.0,700000.0,238400000.0,238400000.0,238400000.0,0.0,0.0,0.098,1223000000.0,311800000.0,176000000.0,0.012,4.45,71.385,65.784,1542100000.0,0.0,319.05,7.001,7.001,435400000.0,3261800000.0,2430900000.0,2430900000.0,93300000.0,0.036,0.064,0.079,0.125,37600000.0,992500000.0,1.0,53340401.0,53340401,49600000.0,45.573,3001200000.0,80100000.0,28100000.0,187800000.0,56.265,269800000.0
4,COO,MRT,2020-06-30,2020-07-31,2020-07-31,2021-09-03,-444700000.0,6748400000.0,6520350000.0,1321300000.0,5427100000.0,0.374,76.582,-288200000.0,127400000.0,127400000.0,875100000.0,278200000.0,1.171,0.795,2149300000.0,584900000.0,1564400000.0,2149300000.0,0.0,280600000.0,0.0,0.0,0.06,346100000.0,626700000.0,0.257,626700000.0,346100000.0,301300000.0,5.64,5.59,5.64,3760200000.0,3686650000.0,3760200000.0,17173231437.0,50.0,27.403,180000000.0,3.666,1.0,1565800000.0,0.641,3756400000.0,44800000.0,3885200000.0,3603800000.0,594900000.0,0.0,0.0,0.0,2988000000.0,1128700000.0,1859300000.0,15089531437.0,15100000.0,-18000000.0,-203700000.0,57800000.0,-3000000.0,-149300000.0,-306200000.0,0.0,468200000.0,2400000.0,278200000.0,278200000.0,278200000.0,0.0,0.0,0.114,1207500000.0,358300000.0,342300000.0,0.011,4.013,54.24,50.165,1496600000.0,0.0,282.93,6.182,5.691,450500000.0,3180600000.0,2440900000.0,2440900000.0,91100000.0,0.043,0.075,0.096,0.142,35100000.0,977900000.0,1.0,53333091.0,49100000,49500000.0,49.713,2992000000.0,80100000.0,23100000.0,28500000.0,60.937,192600000.0
5,COO,MRT,2020-03-31,2020-04-30,2020-04-30,2021-09-03,-512800000.0,6510000000.0,6376450000.0,1166200000.0,5343800000.0,0.399,73.726,-318500000.0,79800000.0,79800000.0,886400000.0,343100000.0,1.137,0.795,2163500000.0,586000000.0,1577500000.0,2163500000.0,0.0,280700000.0,0.0,0.0,0.06,417700000.0,698400000.0,0.275,698400000.0,417700000.0,361900000.0,6.94,6.87,6.94,3627300000.0,3650425000.0,3627300000.0,17262440015.0,41.0,24.717,233600000.0,4.748,1.0,1655700000.0,0.651,3737700000.0,55800000.0,3830700000.0,3420825000.0,568200000.0,0.0,0.0,0.0,2882500000.0,1025300000.0,1857200000.0,15289840015.0,-24100000.0,-19600000.0,-193200000.0,-37700000.0,-3000000.0,-234300000.0,-338100000.0,0.0,552100000.0,-3800000.0,343100000.0,343100000.0,343100000.0,0.0,0.0,0.135,1227200000.0,428500000.0,287600000.0,0.009,4.215,44.564,41.311,1451600000.0,0.0,286.7,6.015,5.549,368800000.0,3126900000.0,2542100000.0,2542100000.0,90800000.0,0.054,0.094,0.122,0.164,35100000.0,994900000.0,1.0,53330450.0,49200000,49600000.0,51.669,2772300000.0,77000000.0,18800000.0,26800000.0,56.348,140900000.0
6,COO,MRT,2019-12-31,2020-01-31,2020-01-31,2021-09-03,-430400000.0,6548500000.0,6299800000.0,1149900000.0,5398600000.0,0.424,75.982,-281900000.0,76800000.0,76800000.0,906700000.0,454000000.0,1.076,0.755,2049400000.0,574500000.0,1474900000.0,2049400000.0,0.0,282600000.0,0.0,0.0,0.06,542500000.0,825100000.0,0.309,825100000.0,542500000.0,481000000.0,9.19,9.09,9.19,3730700000.0,3629100000.0,3730700000.0,18756539979.0,35.0,22.732,459200000.0,9.352,1.0,1764800000.0,0.661,3820300000.0,61500000.0,3632300000.0,3256200000.0,526500000.0,0.0,0.0,0.0,2817600000.0,1068500000.0,1749100000.0,17019239979.0,-69500000.0,-18600000.0,-146400000.0,-358200000.0,-3000000.0,-507800000.0,-300500000.0,0.0,741100000.0,-2300000.0,454000000.0,454000000.0,454000000.0,0.0,0.0,0.17,1218000000.0,546800000.0,317900000.0,0.007,4.562,37.487,37.746,1432500000.0,0.0,346.89,6.371,6.376,408000000.0,3115400000.0,2671500000.0,2671500000.0,88000000.0,0.072,0.125,0.167,0.203,35100000.0,1004500000.0,1.0,49062354.0,49100000,49700000.0,54.409,2728200000.0,75900000.0,27000000.0,27600000.0,55.564,81400000.0
7,COO,MRT,2019-09-30,2019-10-31,2019-10-31,2021-09-03,-447100000.0,6274500000.0,6237325000.0,1163400000.0,5111100000.0,0.425,73.449,-292100000.0,89000000.0,89000000.0,896600000.0,466700000.0,1.048,0.729,1826300000.0,563700000.0,1262600000.0,1826300000.0,0.0,280800000.0,0.0,0.0,0.06,545400000.0,826200000.0,0.311,826200000.0,545400000.0,477400000.0,9.44,9.33,9.44,3628400000.0,3552750000.0,3628400000.0,16125821092.0,30.0,19.518,421100000.0,8.524,1.0,1756800000.0,0.662,3834200000.0,68000000.0,3067000000.0,3193725000.0,506900000.0,0.0,0.0,0.0,2645900000.0,1110600000.0,1535300000.0,14425921092.0,9300000.0,-59200000.0,-148300000.0,-199700000.0,-3000000.0,-351400000.0,-351300000.0,0.0,713200000.0,-1200000.0,466700000.0,466700000.0,466700000.0,0.0,0.0,0.176,1210100000.0,546700000.0,274900000.0,0.006,3.976,30.91,30.826,1132100000.0,0.0,291.0,5.437,5.418,435300000.0,3026400000.0,2653400000.0,2653400000.0,86700000.0,0.075,0.131,0.171,0.206,35100000.0,996200000.0,1.0,49573612.0,49400000,50000000.0,53.713,2440300000.0,78000000.0,10700000.0,28000000.0,49.399,52800000.0
8,COO,MRT,2019-06-30,2019-07-31,2019-07-31,2021-09-03,-481800000.0,6172800000.0,6196900000.0,1150800000.0,5022000000.0,0.422,73.036,-250700000.0,112700000.0,112700000.0,881400000.0,446400000.0,1.294,0.707,1812600000.0,390000000.0,1422600000.0,1812600000.0,0.0,280700000.0,0.0,0.0,0.06,537800000.0,818500000.0,0.313,818500000.0,537800000.0,461600000.0,9.05,8.94,9.05,3615300000.0,3472550000.0,3615300000.0,18519467525.0,34.0,22.626,499200000.0,10.085,1.0,1731900000.0,0.663,3830000000.0,76200000.0,3153300000.0,3328975000.0,502100000.0,0.0,0.0,0.0,2557300000.0,889400000.0,1667900000.0,16697167525.0,-42400000.0,-62200000.0,13200000.0,-485800000.0,-2900000.0,-475600000.0,-312900000.0,0.0,749900000.0,-3800000.0,446400000.0,446400000.0,446400000.0,0.0,0.0,0.171,1209200000.0,522700000.0,266300000.0,0.007,4.618,37.404,37.282,1065400000.0,0.0,337.4,6.389,6.391,404700000.0,2905400000.0,2613300000.0,2613300000.0,86100000.0,0.072,0.129,0.162,0.206,43200000.0,995200000.0,1.0,49487752.0,49500000,50100000.0,52.794,2342800000.0,63100000.0,15200000.0,31500000.0,47.329,261400000.0
9,COO,MRT,2019-03-31,2019-04-30,2019-04-30,2021-09-03,-416600000.0,6203400000.0,6217925000.0,1136600000.0,5066800000.0,0.417,71.7,-227600000.0,104600000.0,104600000.0,885900000.0,427100000.0,1.208,0.751,1926900000.0,454600000.0,1472300000.0,1926900000.0,0.0,279000000.0,0.0,0.0,0.06,507300000.0,786300000.0,0.303,786300000.0,507300000.0,425000000.0,8.67,8.57,8.67,3542000000.0,3375350000.0,3542000000.0,16300349799.0,32.0,20.73,560800000.0,11.352,1.0,1708000000.0,0.658,3912600000.0,82300000.0,3172200000.0,3529150000.0,493100000.0,0.0,0.0,0.0,2661200000.0,940900000.0,1720300000.0,14314549799.0,-60000000.0,-54000000.0,1900000.0,-559600000.0,-2900000.0,-560600000.0,-281600000.0,0.0,788400000.0,-6200000.0,427100000.0,427100000.0,427100000.0,0.0,0.0,0.165,1211900000.0,496100000.0,254000000.0,0.007,4.041,33.516,33.439,1032700000.0,0.0,289.92,5.519,5.521,396200000.0,2786800000.0,2593900000.0,2593900000.0,87100000.0,0.069,0.127,0.144,0.196,43200000.0,996400000.0,1.0,49374137.0,49400000,50000000.0,52.508,2290800000.0,60100000.0,-2100000.0,33300000.0,46.372,195700000.0
10,COO,MRT,2018-12-31,2019-01-31,2019-01-31,2021-09-03,-398000000.0,6298600000.0,6270675000.0,1193000000.0,5105600000.0,0.41,69.479,-221400000.0,146600000.0,146600000.0,891000000.0,365600000.0,1.271,0.839,2132400000.0,445500000.0,1686900000.0,2132400000.0,0.0,277300000.0,0.0,0.0,0.06,433400000.0,710700000.0,0.276,710700000.0,433400000.0,350900000.0,7.43,7.35,7.43,3425300000.0,3286825000.0,3425300000.0,15669029324.0,36.0,22.047,523100000.0,10.611,1.0,1679900000.0,0.653,3963400000.0,82500000.0,3382400000.0,3788525000.0,486200000.0,0.0,0.0,0.0,2873100000.0,938600000.0,1934500000.0,13723929324.0,55200000.0,-180700000.0,-2800000.0,-273700000.0,-2900000.0,-279800000.0,-402100000.0,0.0,744500000.0,-7400000.0,365600000.0,365600000.0,365600000.0,0.0,0.0,0.142,1256000000.0,423900000.0,254400000.0,0.008,4.007,37.538,37.518,1023800000.0,0.0,278.76,5.338,5.346,389700000.0,2664400000.0,2570900000.0,2570900000.0,86900000.0,0.058,0.111,0.114,0.169,43200000.0,997500000.0,1.0,49232061.0,49300000,49900000.0,52.148,2335200000.0,55200000.0,-14700000.0,34600000.0,47.367,254400000.0
11,COO,MRT,2018-09-30,2018-10-31,2018-10-31,2021-09-03,-430700000.0,6112800000.0,6263175000.0,1090900000.0,5021900000.0,0.404,67.365,-193600000.0,77700000.0,77700000.0,900500000.0,139900000.0,2.033,0.848,2022800000.0,37100000.0,1985700000.0,2022800000.0,0.0,275100000.0,0.0,0.0,0.06,414600000.0,689700000.0,0.272,689700000.0,414600000.0,331900000.0,2.85,2.81,2.85,3307600000.0,3219575000.0,3307600000.0,14831871257.0,36.0,21.505,475300000.0,9.68,1.0,1632300000.0,0.644,3913400000.0,82700000.0,3608000000.0,3973300000.0,468800000.0,0.0,0.0,0.0,2805000000.0,536500000.0,2268500000.0,12693271257.0,-8600000.0,-1323900000.0,1800000.0,849600000.0,-2900000.0,844400000.0,-1517500000.0,0.0,668900000.0,-4400000.0,139900000.0,139900000.0,139900000.0,0.0,0.0,0.055,1229200000.0,403100000.0,287900000.0,0.021,3.838,90.731,90.635,976000000.0,0.0,258.31,5.012,5.008,374700000.0,2576000000.0,2532800000.0,2532800000.0,84800000.0,0.022,0.043,0.104,0.164,43200000.0,973300000.0,1.0,49139682.0,49100000,49700000.0,51.585,2199400000.0,58400000.0,192000000.0,31000000.0,44.794,554400000.0
12,COO,MRT,2018-06-30,2018-07-31,2018-07-31,2021-09-03,-385600000.0,6256900000.0,5949650000.0,1188800000.0,5068100000.0,0.411,65.713,-182000000.0,155600000.0,155600000.0,887200000.0,127800000.0,2.577,0.939,2294200000.0,45300000.0,2248900000.0,2294200000.0,0.0,251800000.0,0.0,0.0,0.06,385800000.0,637600000.0,0.261,637600000.0,385800000.0,315800000.0,2.61,2.54,2.61,3226500000.0,3186600000.0,3226500000.0,15110418310.0,39.0,23.699,449300000.0,9.151,1.0,1555600000.0,0.637,3980100000.0,70000000.0,3954000000.0,3743050000.0,479600000.0,0.0,0.0,0.0,3030300000.0,461400000.0,2568900000.0,12791618310.0,109600000.0,-1377900000.0,-35000000.0,1082600000.0,-2900000.0,1040700000.0,-1559900000.0,0.0,631300000.0,-2500000.0,127800000.0,127800000.0,127800000.0,0.0,0.0,0.052,1166600000.0,389000000.0,291800000.0,0.023,3.965,100.091,99.808,967400000.0,0.0,260.5,5.236,5.236,375600000.0,2470500000.0,2442800000.0,2442800000.0,80700000.0,0.021,0.04,0.103,0.158,37200000.0,933300000.0,1.0,49104101.0,49100000,49700000.0,49.752,2276800000.0,45700000.0,188000000.0,37200000.0,46.371,727400000.0
13,COO,MRT,2018-03-31,2018-04-30,2018-04-30,2021-09-03,-316000000.0,6414400000.0,5581125000.0,1272400000.0,5142000000.0,0.419,64.927,-167800000.0,164900000.0,164900000.0,853800000.0,130600000.0,2.764,1.012,2483700000.0,41300000.0,2442400000.0,2483700000.0,0.0,230000000.0,0.0,0.0,0.06,388600000.0,618600000.0,0.264,618600000.0,388600000.0,333100000.0,2.68,2.6,2.68,3187900000.0,3153275000.0,3187900000.0,13522694578.0,35.0,21.86,382800000.0,7.796,1.0,1485000000.0,0.635,4063100000.0,55500000.0,4209700000.0,3443925000.0,504800000.0,0.0,0.0,0.0,3226400000.0,460400000.0,2766000000.0,11211894578.0,43600000.0,-1401000000.0,-31300000.0,1097300000.0,-2900000.0,1058400000.0,-1568800000.0,0.0,550600000.0,3400000.0,130600000.0,130600000.0,130600000.0,0.0,0.0,0.056,1098800000.0,386200000.0,330200000.0,0.022,3.517,85.849,85.34,966500000.0,0.0,228.71,4.794,4.801,432600000.0,2371200000.0,2338800000.0,2338800000.0,75700000.0,0.023,0.041,0.113,0.166,37200000.0,891000000.0,1.0,49022319.0,49100000,49600000.0,47.633,2351300000.0,36700000.0,202500000.0,38000000.0,47.888,812000000.0
14,COO,MRT,2017-12-31,2018-01-31,2018-01-31,2021-09-03,-273000000.0,6268600000.0,5164975000.0,1175500000.0,5093100000.0,0.432,64.546,-149900000.0,91700000.0,91700000.0,805500000.0,174600000.0,2.828,0.986,2402500000.0,29600000.0,2372900000.0,2402500000.0,0.0,207200000.0,0.0,0.0,0.06,433100000.0,640300000.0,0.287,640300000.0,433100000.0,388600000.0,3.58,3.49,3.58,3156300000.0,3091200000.0,3156300000.0,13038722338.0,30.0,20.363,361500000.0,7.393,1.0,1424400000.0,0.639,4042200000.0,44500000.0,4121500000.0,3112625000.0,506300000.0,0.0,0.0,0.0,3112200000.0,415700000.0,2696500000.0,11954822338.0,600000.0,-1273900000.0,-62700000.0,978200000.0,-2900000.0,906000000.0,-1423800000.0,0.0,511400000.0,7000000.0,174600000.0,174600000.0,174600000.0,0.0,0.0,0.078,995800000.0,428600000.0,284300000.0,0.017,3.788,68.47,68.344,952000000.0,0.0,244.67,5.361,5.365,413800000.0,2310300000.0,2229900000.0,2229900000.0,71700000.0,0.034,0.056,0.139,0.194,37200000.0,836400000.0,1.0,48861006.0,48900000,48900000.0,45.601,2226400000.0,22500000.0,214000000.0,40800000.0,45.53,759800000.0
15,COO,MRT,2017-09-30,2017-10-31,2017-10-31,2021-09-03,-375300000.0,4858700000.0,4762000000.0,953200000.0,3905500000.0,0.449,64.943,-127200000.0,88800000.0,88800000.0,773200000.0,372900000.0,2.406,0.53,1172700000.0,23400000.0,1149300000.0,1172700000.0,0.0,188400000.0,0.0,0.0,0.06,427400000.0,615800000.0,0.288,615800000.0,427400000.0,394000000.0,7.63,7.52,7.63,3175700000.0,3006950000.0,3175700000.0,12927944402.0,30.0,20.994,466400000.0,9.538,1.0,1365800000.0,0.639,2859500000.0,33400000.0,2687000000.0,2755725000.0,454100000.0,0.0,0.0,0.0,1682900000.0,396100000.0,1286800000.0,11760544402.0,-12000000.0,-254100000.0,-60300000.0,-162500000.0,-2900000.0,-227900000.0,-381300000.0,0.0,593600000.0,3600000.0,372900000.0,372900000.0,372900000.0,0.0,0.0,0.174,936700000.0,429100000.0,142100000.0,0.008,3.703,31.538,31.489,910100000.0,0.0,240.26,5.498,5.493,316600000.0,2434200000.0,2139000000.0,2139000000.0,69200000.0,0.078,0.124,0.155,0.2,37200000.0,799100000.0,1.0,48949240.0,48900000,49600000.0,43.742,1999200000.0,60300000.0,21100000.0,38800000.0,40.883,557100000.0
16,COO,MRT,2017-06-30,2017-07-31,2017-07-31,2021-09-03,-384800000.0,4782800000.0,4666975000.0,932100000.0,3850700000.0,0.449,63.256,-130600000.0,46000000.0,46000000.0,787600000.0,344800000.0,2.511,0.546,1213400000.0,33400000.0,1180000000.0,1213400000.0,0.0,188600000.0,0.0,0.0,0.06,394700000.0,583300000.0,0.278,583300000.0,394700000.0,366100000.0,7.05,6.97,7.05,3093200000.0,2886975000.0,3093200000.0,13180302207.0,33.0,22.596,457300000.0,9.352,1.0,1308500000.0,0.624,2821500000.0,28600000.0,2757500000.0,2724600000.0,453900000.0,0.0,0.0,0.0,1689500000.0,371200000.0,1318300000.0,11914702207.0,-16600000.0,-211800000.0,-34100000.0,-243600000.0,-2900000.0,-263800000.0,-342400000.0,0.0,587900000.0,1700000.0,344800000.0,344800000.0,344800000.0,0.0,0.0,0.164,913700000.0,394800000.0,112200000.0,0.009,3.852,34.555,34.591,894900000.0,0.0,243.87,5.684,5.689,335900000.0,2345600000.0,2096100000.0,2096100000.0,68600000.0,0.074,0.119,0.145,0.188,10100000.0,779700000.0,1.0,48856777.0,48900000,49600000.0,42.865,1961300000.0,66100000.0,21300000.0,30900000.0,40.108,560900000.0
17,COO,MRT,2017-03-31,2017-04-30,2017-04-30,2021-09-03,-423100000.0,4749800000.0,4619443750.0,958300000.0,3791500000.0,0.445,59.992,-123600000.0,121300000.0,121300000.0,785900000.0,329400000.0,2.792,0.616,1386900000.0,41300000.0,1345600000.0,1386900000.0,0.0,190900000.0,0.0,0.0,0.06,379800000.0,570700000.0,0.278,570700000.0,379800000.0,351500000.0,6.74,6.67,6.74,2939600000.0,2796347000.0,2939600000.0,11136785540.0,29.0,19.514,438700000.0,8.953,1.0,1268900000.0,0.618,2787700000.0,28300000.0,2884500000.0,2778054500.0,437600000.0,0.0,0.0,0.0,1810000000.0,343200000.0,1466800000.0,9803385540.0,76800000.0,-294400000.0,-20900000.0,-68300000.0,-2900000.0,-63900000.0,-418000000.0,0.0,562300000.0,-3600000.0,329100000.0,329100000.0,329100000.0,0.0,300000.0,0.16,884200000.0,384700000.0,100400000.0,0.009,3.335,29.788,29.723,886500000.0,0.0,200.33,4.771,4.777,311200000.0,2243400000.0,2054800000.0,2054800000.0,67000000.0,0.071,0.118,0.137,0.185,10100000.0,753400000.0,1.0,48936183.0,49000000,49500000.0,41.935,1962100000.0,59700000.0,22400000.0,25600000.0,40.043,615100000.0
18,COO,MRT,2016-12-31,2017-01-31,2017-01-31,2021-09-03,-461400000.0,4656700000.0,4582307000.0,883900000.0,3772800000.0,0.44,57.773,-136200000.0,91100000.0,91100000.0,792700000.0,298900000.0,1.707,0.652,1424500000.0,223500000.0,1201000000.0,1424500000.0,0.0,192600000.0,0.0,0.0,0.06,352500000.0,545100000.0,0.27,545100000.0,352500000.0,324300000.0,6.13,6.07,6.13,2819300000.0,2745966000.0,2819300000.0,10239449857.0,29.0,18.785,392300000.0,8.039,1.0,1223500000.0,0.607,2778300000.0,28200000.0,2693900000.0,2808351750.0,421400000.0,0.0,0.0,0.0,1837300000.0,517900000.0,1319400000.0,9006493857.0,75100000.0,-378600000.0,10000000.0,35400000.0,-2900000.0,64300000.0,-514800000.0,0.0,528500000.0,-2900000.0,298300000.0,298300000.0,298300000.0,0.0,600000.0,0.148,866100000.0,357400000.0,100300000.0,0.01,3.195,30.193,30.116,879100000.0,0.0,184.61,4.467,4.468,290900000.0,2138600000.0,2016200000.0,2016200000.0,66900000.0,0.065,0.109,0.126,0.175,10100000.0,737800000.0,1.0,48786598.0,48800000,49400000.0,41.316,1878400000.0,57800000.0,26000000.0,26800000.0,38.492,366000000.0
19,COO,MRT,2016-09-30,2016-10-31,2016-10-31,2021-09-03,-489600000.0,4478600000.0,4518582500.0,937100000.0,3541500000.0,0.435,55.584,-152600000.0,100800000.0,100800000.0,793700000.0,274900000.0,1.725,0.661,1333700000.0,226300000.0,1107400000.0,1333700000.0,0.0,198300000.0,0.0,0.0,0.06,320800000.0,519100000.0,0.264,519100000.0,320800000.0,294600000.0,5.65,5.59,5.65,2695800000.0,2691130250.0,2695800000.0,9962021086.0,31.0,19.191,357000000.0,7.361,1.0,1173100000.0,0.596,2605800000.0,26200000.0,2562500000.0,2847631000.0,417700000.0,0.0,0.0,0.0,1782700000.0,543200000.0,1239500000.0,8580568086.0,84400000.0,-266100000.0,7200000.0,-27600000.0,-2900000.0,-1400000.0,-418700000.0,0.0,509600000.0,-5100000.0,273900000.0,273900000.0,273900000.0,0.0,1000000.0,0.139,849000000.0,324100000.0,107400000.0,0.011,3.183,31.327,31.158,877700000.0,0.0,176.04,4.363,4.341,291400000.0,2046300000.0,1966800000.0,1966800000.0,65400000.0,0.061,0.102,0.113,0.163,10100000.0,722800000.0,1.0,48742150.0,48500000,49000000.0,40.553,1872800000.0,55800000.0,20700000.0,37500000.0,38.614,393900000.0
20,COO,MRT,2016-06-30,2016-07-31,2016-07-31,2021-09-03,-380032000.0,4592675000.0,4513898500.0,929639000.0,3663036000.0,0.422,56.187,-175687000.0,62613000.0,62613000.0,773230000.0,251271000.0,2.903,0.679,1444066000.0,31692000.0,1412374000.0,1444066000.0,0.0,201002000.0,0.0,0.0,0.06,287604000.0,488606000.0,0.257,488606000.0,287604000.0,261927000.0,5.15,5.11,5.15,2730688000.0,2684057500.0,2730688000.0,10237277782.0,36.0,20.952,245064000.0,5.042,1.0,1130446000.0,0.594,2682569000.0,25677000.0,2971318000.0,2860931000.0,430259000.0,0.0,0.0,0.0,1855273000.0,320241000.0,1535032000.0,8840368782.0,45617000.0,-295022000.0,-49904000.0,135081000.0,-2952000.0,98972000.0,-470709000.0,0.0,420751000.0,-3397000.0,250056000.0,250056000.0,250056000.0,0.0,1215000.0,0.131,838264000.0,292182000.0,87688000.0,0.012,3.237,35.354,35.431,922211000.0,0.0,182.47,4.644,4.658,307341000.0,1989906000.0,1903676000.0,1903676000.0,65771000.0,0.055,0.093,0.101,0.151,15600000.0,713299000.0,1.0,48448341.0,48600000,49000000.0,39.17,1910106000.0,49286000.0,11871000.0,43773000.0,39.303,609398000.0
21,COO,MRT,2016-03-31,2016-04-30,2016-04-30,2021-09-03,-253153000.0,4601253000.0,4471400250.0,915115000.0,3686138000.0,0.414,56.572,-210935000.0,44464000.0,44464000.0,763921000.0,208314000.0,2.84,0.678,1441373000.0,30191000.0,1411182000.0,1441373000.0,0.0,205411000.0,0.0,0.0,0.06,235503000.0,440914000.0,0.238,440914000.0,235503000.0,213136000.0,4.26,4.23,4.26,2738076000.0,2673278500.0,2738076000.0,8768974566.0,37.0,19.888,176884000.0,3.655,1.0,1086733000.0,0.587,2670256000.0,22367000.0,3005689000.0,2766228500.0,433596000.0,0.0,0.0,0.0,1856472000.0,322217000.0,1534255000.0,7407698566.0,26611000.0,-189648000.0,-60842000.0,95315000.0,-2952000.0,40290000.0,-400583000.0,0.0,387819000.0,-915000.0,207107000.0,207107000.0,207107000.0,0.0,1207000.0,0.112,846940000.0,239793000.0,105759000.0,0.014,2.705,35.767,35.934,964359000.0,0.0,153.08,4.003,4.003,298825000.0,1903469000.0,1850654000.0,1850654000.0,68169000.0,0.046,0.077,0.085,0.127,15600000.0,722682000.0,1.0,48391028.0,48400000,48900000.0,38.237,1930997000.0,47225000.0,6029000.0,37568000.0,39.897,592898000.0
22,COO,MRT,2015-12-31,2016-01-31,2016-01-31,2021-09-03,-305433000.0,4401802000.0,4419252000.0,844504000.0,3557298000.0,0.408,53.829,-223105000.0,16047000.0,16047000.0,745581000.0,195051000.0,2.427,0.69,1377323000.0,46696000.0,1330627000.0,1377323000.0,0.0,202016000.0,0.0,0.0,0.06,216863000.0,418879000.0,0.233,418879000.0,216863000.0,197404000.0,3.98,3.94,3.98,2599957000.0,2641176000.0,2599957000.0,7664787545.0,35.0,18.298,177454000.0,3.674,1.0,1055949000.0,0.586,2564092000.0,19459000.0,2851017000.0,2664314500.0,430898000.0,0.0,0.0,0.0,1795076000.0,347969000.0,1447107000.0,6331256545.0,-406000.0,-105596000.0,-56234000.0,-20316000.0,-2900000.0,-68653000.0,-328701000.0,0.0,400559000.0,-3611000.0,193720000.0,193720000.0,193720000.0,0.0,1331000.0,0.108,834958000.0,220991000.0,116430000.0,0.015,2.435,32.683,32.952,948174000.0,0.0,131.15,3.514,3.516,278891000.0,1829344000.0,1801530000.0,1801530000.0,68288000.0,0.044,0.073,0.081,0.12,15600000.0,712565000.0,1.0,48274926.0,48300000,48800000.0,37.299,1837710000.0,46024000.0,3684000.0,35597000.0,38.048,496535000.0
23,COO,MRT,2015-09-30,2015-10-31,2015-10-31,2021-09-03,-191643000.0,4459864000.0,4402737500.0,841428000.0,3618436000.0,0.408,55.0,-243000000.0,16426000.0,16426000.0,726800000.0,205100000.0,1.479,0.67,1349211000.0,243803000.0,1105408000.0,1349211000.0,0.0,191400000.0,0.0,0.0,0.06,232000000.0,423400000.0,0.236,423400000.0,232000000.0,213900000.0,4.2,4.14,4.2,2667509000.0,2616405250.0,2667509000.0,8697665042.0,37.0,20.542,147900000.0,3.049,1.0,1070300000.0,0.596,2608167000.0,18100000.0,2615700000.0,2640673750.0,419692000.0,0.0,0.0,0.0,1785960000.0,568782000.0,1217178000.0,7406813042.0,-8800000.0,-44900000.0,-72100000.0,-37300000.0,-2900000.0,-106700000.0,-287900000.0,0.0,390900000.0,-5100000.0,203500000.0,203500000.0,203500000.0,0.0,1600000.0,0.113,833600000.0,236700000.0,116912000.0,0.014,2.777,36.397,36.276,967097000.0,0.0,152.36,4.122,4.112,282918000.0,1779440000.0,1797100000.0,1797100000.0,69600000.0,0.046,0.078,0.088,0.129,15600000.0,712500000.0,1.0,48613895.0,48500000,49200000.0,37.054,1851697000.0,46241000.0,10400000.0,31016000.0,38.179,272646000.0
24,COO,MRT,2015-06-30,2015-07-31,2015-07-31,2021-09-03,-168140000.0,4422682000.0,4402356500.0,814692000.0,3607990000.0,0.411,55.3,-244842000.0,17005000.0,17005000.0,713016000.0,199386000.0,1.538,0.643,1307857000.0,237558000.0,1070299000.0,1307857000.0,0.0,183852000.0,0.0,0.0,0.06,228751000.0,412603000.0,0.228,412603000.0,228751000.0,212176000.0,4.07,4.01,4.07,2687572000.0,2591997500.0,2687572000.0,9930187467.0,43.0,24.067,193663000.0,3.985,1.0,1096506000.0,0.606,2591439000.0,16575000.0,2592508000.0,2661439000.0,405966000.0,0.0,0.0,0.0,1728747000.0,529587000.0,1199160000.0,8600389467.0,-156781000.0,-1110880000.0,-40069000.0,812418000.0,-2896000.0,768078000.0,-1356476000.0,0.0,438505000.0,-6888000.0,197629000.0,197629000.0,197629000.0,0.0,1757000.0,0.109,862714000.0,233792000.0,114479000.0,0.015,3.2,43.518,43.489,974876000.0,0.0,177.0,4.753,4.754,280160000.0,1742761000.0,1809522000.0,1809522000.0,69412000.0,0.045,0.076,0.086,0.126,17215000.0,740921000.0,1.0,48589771.0,48600000,49244000.0,37.233,1831243000.0,47595000.0,14547000.0,67922000.0,37.68,285105000.0
25,COO,MRT,2015-03-31,2015-04-30,2015-04-30,2021-09-03,-185372000.0,4392660000.0,4138529500.0,799966000.0,3592694000.0,0.43,53.849,-234254000.0,17911000.0,17911000.0,676117000.0,242815000.0,1.493,0.681,1347709000.0,242165000.0,1105544000.0,1347709000.0,0.0,162445000.0,0.0,0.0,0.06,275029000.0,437474000.0,0.246,437474000.0,275029000.0,261645000.0,4.98,4.9,4.98,2609666000.0,2584372750.0,2609666000.0,9977666947.0,36.0,22.807,216144000.0,4.46,1.0,1104209000.0,0.62,2588783000.0,13384000.0,2598033000.0,2432471750.0,402537000.0,0.0,0.0,0.0,1776923000.0,535642000.0,1241281000.0,8598757947.0,-64748000.0,-1110454000.0,-28564000.0,860936000.0,-2896000.0,837804000.0,-1345768000.0,0.0,450398000.0,-7182000.0,240745000.0,240745000.0,240745000.0,0.0,2070000.0,0.135,824163000.0,280046000.0,100545000.0,0.012,3.295,35.717,35.757,961762000.0,0.0,178.07,4.83,4.847,267183000.0,1699268000.0,1780326000.0,1780326000.0,67184000.0,0.058,0.093,0.113,0.154,17215000.0,710341000.0,1.0,48288639.0,48463000,49163000.0,36.736,1803877000.0,44328000.0,20900000.0,69156000.0,37.222,264324000.0
26,COO,MRT,2014-12-31,2015-01-31,2015-01-31,2021-09-03,-219747000.0,4335744000.0,3845860000.0,787109000.0,3548635000.0,0.457,51.883,-242081000.0,16428000.0,16428000.0,652975000.0,261314000.0,2.057,0.727,1395337000.0,92795000.0,1302542000.0,1395337000.0,0.0,149690000.0,0.0,0.0,0.06,292672000.0,442362000.0,0.252,442362000.0,292672000.0,282422000.0,5.38,5.29,5.38,2500874000.0,2567794000.0,2500874000.0,8949314003.0,31.0,20.231,224009000.0,4.647,1.0,1104992000.0,0.629,2575620000.0,10250000.0,2756454000.0,2190756250.0,390101000.0,0.0,0.0,0.0,1818759000.0,382579000.0,1436180000.0,7592185003.0,-12400000.0,-1111395000.0,-35907000.0,898653000.0,-2884000.0,880502000.0,-1353476000.0,0.0,466090000.0,-5516000.0,259192000.0,259192000.0,259192000.0,0.0,2122000.0,0.147,807020000.0,297972000.0,87336000.0,0.011,3.036,29.292,29.303,928627000.0,0.0,157.65,4.319,4.323,275899000.0,1638555000.0,1757967000.0,1757967000.0,66660000.0,0.067,0.101,0.134,0.166,17215000.0,698562000.0,1.0,48158484.0,48202000,49082000.0,36.471,1760124000.0,44559000.0,23230000.0,69377000.0,36.516,404530000.0
27,COO,MRT,2014-09-30,2014-10-31,2014-10-31,2021-09-03,-106182000.0,4458340000.0,3540612750.0,791617000.0,3666723000.0,0.485,53.471,-238065000.0,25222000.0,25222000.0,626206000.0,271829000.0,1.79,0.728,1382351000.0,101518000.0,1280833000.0,1382351000.0,0.0,138201000.0,0.0,0.0,0.06,302526000.0,440727000.0,0.257,440727000.0,302526000.0,294561000.0,5.61,5.51,5.61,2569878000.0,2551395250.0,2569878000.0,8087608072.0,27.0,18.351,216758000.0,4.51,1.0,1091570000.0,0.635,2674526000.0,7965000.0,2698761000.0,1897783000.0,381474000.0,0.0,0.0,0.0,1869900000.0,442182000.0,1427718000.0,7913453072.0,-52171000.0,-1109702000.0,-67193000.0,887003000.0,-2884000.0,842165000.0,-1346408000.0,0.0,454823000.0,-2751000.0,269856000.0,269856000.0,269856000.0,0.0,1973000.0,0.157,785084000.0,306486000.0,116353000.0,0.011,3.079,29.325,29.216,937325000.0,0.0,163.9,4.607,4.586,276280000.0,1578823000.0,1717776000.0,1717776000.0,66259000.0,0.076,0.106,0.159,0.176,17215000.0,683115000.0,1.0,48282203.0,48061000,48960000.0,35.742,1783814000.0,55956000.0,24705000.0,73559000.0,37.116,349435000.0
28,COO,MRT,2014-06-30,2014-07-31,2014-07-31,2021-09-03,-726000.0,3367374000.0,3210343000.0,895813000.0,2471561000.0,0.518,55.307,-250001000.0,173786000.0,173786000.0,585755000.0,297885000.0,3.009,0.26,347941000.0,46492000.0,301449000.0,347941000.0,0.0,127410000.0,0.0,0.0,0.06,327947000.0,455357000.0,0.274,455357000.0,327947000.0,321334000.0,6.16,6.04,6.16,2657073000.0,2510059500.0,2657073000.0,7965138551.0,24.0,17.492,203107000.0,4.228,1.0,1075876000.0,0.647,1567203000.0,6613000.0,1676639000.0,1597315750.0,353384000.0,0.0,0.0,0.0,691097000.0,297687000.0,393410000.0,7712373551.0,148304000.0,-4048000.0,-165898000.0,94921000.0,-2905000.0,-53543000.0,-251936000.0,0.0,453108000.0,675000.0,296467000.0,296467000.0,296467000.0,0.0,1418000.0,0.178,725660000.0,350216000.0,87209000.0,0.01,2.903,26.014,26.117,843413000.0,0.0,160.88,4.641,4.651,261964000.0,1548037000.0,1661631000.0,1661631000.0,63896000.0,0.092,0.118,0.205,0.197,10457000.0,632343000.0,1.0,47938672.0,48042000,48922000.0,34.587,1800171000.0,58078000.0,24867000.0,26152000.0,37.471,598126000.0
29,COO,MRT,2014-03-31,2014-04-30,2014-04-30,2021-09-03,8031000.0,3221982000.0,3120226500.0,764680000.0,2457302000.0,0.526,53.076,-232813000.0,82659000.0,82659000.0,577582000.0,298405000.0,2.889,0.259,335424000.0,33916000.0,301508000.0,335424000.0,0.0,126025000.0,0.0,0.0,0.06,325951000.0,451976000.0,0.275,451976000.0,325951000.0,318579000.0,6.15,6.03,6.15,2543351000.0,2449671750.0,2543351000.0,6629873005.0,20.0,14.669,215492000.0,4.497,1.0,1063560000.0,0.648,1578910000.0,7372000.0,1631171000.0,1526579000.0,345816000.0,0.0,0.0,0.0,659902000.0,264666000.0,395236000.0,6312965005.0,68218000.0,-4915000.0,-172509000.0,9166000.0,-2905000.0,-145400000.0,-235309000.0,0.0,448305000.0,622000.0,297351000.0,297351000.0,297351000.0,0.0,1054000.0,0.181,716301000.0,347259000.0,86248000.0,0.01,2.482,21.231,21.449,817442000.0,0.0,131.91,3.847,3.852,239769000.0,1461419000.0,1641142000.0,1641142000.0,62691000.0,0.095,0.121,0.214,0.199,10457000.0,623281000.0,1.0,47858123.0,47919000,48754000.0,34.248,1643072000.0,52995000.0,21228000.0,25372000.0,34.289,500014000.0
30,COO,MRT,2013-12-31,2014-01-31,2014-01-31,2021-09-03,-12212000.0,3114755000.0,3056414000.0,701094000.0,2413661000.0,0.528,50.729,-209791000.0,28828000.0,28828000.0,563626000.0,294236000.0,2.613,0.271,345736000.0,44147000.0,301589000.0,345736000.0,0.0,125219000.0,0.0,0.0,0.06,318101000.0,443320000.0,0.275,443320000.0,318101000.0,309843000.0,6.05,5.93,6.05,2435279000.0,2392383250.0,2435279000.0,6232774964.0,20.0,14.059,227085000.0,4.73,1.0,1049240000.0,0.651,1578795000.0,8258000.0,1584561000.0,1481655250.0,339496000.0,0.0,0.0,0.0,660846000.0,268307000.0,392539000.0,5965510964.0,14383000.0,-7866000.0,-161195000.0,-64085000.0,-2918000.0,-206056000.0,-215604000.0,0.0,436876000.0,-833000.0,293327000.0,293327000.0,293327000.0,0.0,909000.0,0.182,709432000.0,339808000.0,74770000.0,0.01,2.45,20.337,20.542,769397000.0,0.0,124.28,3.699,3.699,235288000.0,1382258000.0,1612866000.0,1612866000.0,60886000.0,0.096,0.123,0.215,0.197,10457000.0,618170000.0,1.0,48000571.0,48006000,49006000.0,33.597,1535960000.0,54384000.0,16516000.0,26054000.0,31.995,432787000.0
31,COO,MRT,2013-09-30,2013-10-31,2013-10-31,2021-09-03,-15762000.0,3137261000.0,3020111250.0,747241000.0,2390020000.0,0.526,49.461,-178127000.0,77393000.0,77393000.0,560917000.0,296906000.0,2.326,0.297,344657000.0,42987000.0,301670000.0,344657000.0,0.0,125349000.0,0.0,0.0,0.06,320684000.0,446033000.0,0.281,446033000.0,320684000.0,311516000.0,6.09,5.96,6.09,2404535000.0,2341579000.0,2404535000.0,6542698052.0,20.0,14.669,237798000.0,4.891,1.0,1026808000.0,0.647,1586380000.0,9168000.0,1496892000.0,1472482500.0,338917000.0,0.0,0.0,0.0,713767000.0,321253000.0,392514000.0,6324551052.0,64553000.0,-13045000.0,-148047000.0,-25837000.0,-2918000.0,-161597000.0,-189918000.0,0.0,415925000.0,143000.0,296151000.0,296151000.0,296151000.0,0.0,755000.0,0.187,685717000.0,341091000.0,108172000.0,0.01,2.63,21.356,21.217,739867000.0,0.0,129.21,3.983,3.956,229537000.0,1311851000.0,1587725000.0,1587725000.0,58827000.0,0.098,0.126,0.218,0.202,10457000.0,610735000.0,1.0,48947845.0,48615000,49685000.0,32.659,1550881000.0,57458000.0,15365000.0,27401000.0,31.901,425988000.0
32,COO,MRT,2013-06-30,2013-07-31,2013-07-31,2021-09-03,-56387000.0,3006908000.0,2971142000.0,706007000.0,2300901000.0,0.529,49.508,-138700000.0,25482000.0,25482000.0,556459000.0,311740000.0,2.832,0.236,243629000.0,28338000.0,215291000.0,243629000.0,0.0,124405000.0,0.0,0.0,0.06,342744000.0,467149000.0,0.297,467149000.0,342744000.0,332753000.0,6.4,6.26,6.4,2415522000.0,2288633000.0,2415522000.0,6502421538.0,19.0,13.919,241701000.0,4.954,1.0,1015715000.0,0.646,1582077000.0,9991000.0,1393692000.0,1461926500.0,339908000.0,0.0,0.0,0.0,569266000.0,249286000.0,319980000.0,6196358538.0,12750000.0,-9347000.0,2624000.0,-232497000.0,-2885000.0,-220391000.0,-146793000.0,0.0,380401000.0,-467000.0,310674000.0,310674000.0,310674000.0,0.0,1066000.0,0.198,673749000.0,341966000.0,76571000.0,0.009,2.565,19.945,19.898,654100000.0,0.0,127.35,3.941,3.952,247296000.0,1254455000.0,1572174000.0,1572174000.0,57127000.0,0.105,0.136,0.234,0.218,10780000.0,605850000.0,1.0,48656133.0,48791000,49754000.0,32.223,1424831000.0,57029000.0,22079000.0,23308000.0,29.203,456721000.0
33,COO,MRT,2013-03-31,2013-04-30,2013-04-30,2021-09-03,-44003000.0,2966732000.0,2940394500.0,675788000.0,2290944000.0,0.523,47.721,-124212000.0,14441000.0,14441000.0,550829000.0,289502000.0,2.952,0.272,320504000.0,28955000.0,291549000.0,320504000.0,0.0,121113000.0,0.0,0.001,0.06,323086000.0,444199000.0,0.289,444199000.0,323086000.0,313038000.0,5.97,5.83,5.97,2314197000.0,2203369500.0,2314197000.0,5727565038.0,18.0,12.894,231244000.0,4.769,1.0,987538000.0,0.642,1592400000.0,10048000.0,1451476000.0,1498089250.0,339323000.0,0.0,0.0,0.0,630236000.0,228919000.0,401317000.0,5334039038.0,6696000.0,-152802000.0,-30636000.0,-43879000.0,-2885000.0,-74200000.0,-273876000.0,0.0,355456000.0,-684000.0,288598000.0,288598000.0,288598000.0,0.0,904000.0,0.188,661930000.0,325608000.0,73779000.0,0.01,2.305,18.483,18.492,636882000.0,0.0,110.4,3.467,3.48,224489000.0,1166972000.0,1538367000.0,1538367000.0,55418000.0,0.098,0.131,0.216,0.21,10780000.0,597539000.0,1.0,48315571.0,48494000,49478000.0,31.723,1374332000.0,51308000.0,24440000.0,26346000.0,28.34,446869000.0
34,COO,MRT,2012-12-31,2013-01-31,2013-01-31,2021-09-03,-29496000.0,2969544000.0,2855851750.0,680848000.0,2288696000.0,0.525,46.045,-109141000.0,14445000.0,14445000.0,544860000.0,268956000.0,3.011,0.323,407971000.0,30459000.0,377512000.0,407971000.0,0.0,116923000.0,0.0,0.001,0.06,307783000.0,424706000.0,0.283,424706000.0,307783000.0,297108000.0,5.57,5.43,5.57,2232062000.0,2134309250.0,2232062000.0,5274884702.0,17.0,12.42,212053000.0,4.374,1.0,954055000.0,0.636,1589068000.0,10675000.0,1547870000.0,1464839750.0,325394000.0,0.0,0.0,0.0,719996000.0,226132000.0,493864000.0,4914018702.0,6764000.0,-148611000.0,-12245000.0,-48911000.0,-2857000.0,-62371000.0,-252134000.0,0.0,321194000.0,75000.0,268383000.0,268383000.0,268383000.0,0.0,573000.0,0.179,644480000.0,309575000.0,61920000.0,0.011,2.202,18.31,18.196,636999000.0,0.0,101.35,3.278,3.278,241168000.0,1091836000.0,1498915000.0,1498915000.0,53959000.0,0.094,0.126,0.21,0.205,10780000.0,583808000.0,1.0,48485631.0,48476000,49633000.0,30.921,1380476000.0,51046000.0,28725000.0,33871000.0,28.478,454716000.0
35,COO,MRT,2012-09-30,2012-10-31,2012-10-31,2021-09-03,-31261000.0,2941384000.0,2763282500.0,657860000.0,2283524000.0,0.523,45.765,-99779000.0,12840000.0,12840000.0,521126000.0,248644000.0,2.506,0.332,373706000.0,25284000.0,348422000.0,373706000.0,0.0,111214000.0,0.0,0.001,0.06,286918000.0,398132000.0,0.275,398132000.0,286918000.0,275147000.0,5.18,5.05,5.18,2192751000.0,2060633000.0,2192751000.0,5064126227.0,18.0,12.72,215342000.0,4.494,1.0,924010000.0,0.639,1585030000.0,11771000.0,1454668000.0,1428021250.0,320199000.0,0.0,0.0,0.0,728226000.0,262552000.0,465674000.0,4596775227.0,7665000.0,-145319000.0,-16097000.0,-56752000.0,-2857000.0,-68443000.0,-238474000.0,0.0,315121000.0,-539000.0,248339000.0,248339000.0,248339000.0,0.0,305000.0,0.172,635612000.0,288398000.0,85056000.0,0.012,2.096,18.51,18.529,640255000.0,0.0,95.98,3.181,3.182,234297000.0,1018618000.0,1445136000.0,1445136000.0,51730000.0,0.09,0.121,0.201,0.199,10780000.0,564903000.0,1.0,47893053.0,47913000,49152000.0,30.162,1356354000.0,53851000.0,26808000.0,34611000.0,28.309,395308000.0
36,COO,MRT,2012-06-30,2012-07-31,2012-07-31,2021-09-03,-38631000.0,2883918000.0,2684066000.0,628106000.0,2255812000.0,0.525,43.119,-99650000.0,12732000.0,12732000.0,514865000.0,233136000.0,2.706,0.38,480083000.0,25858000.0,454225000.0,480083000.0,0.0,106734000.0,0.0,0.001,0.06,267568000.0,374302000.0,0.266,374302000.0,267568000.0,255614000.0,4.88,4.77,4.88,2074468000.0,1996817250.0,2074468000.0,3934634114.0,15.0,10.512,211644000.0,4.399,1.0,894879000.0,0.635,1580851000.0,11954000.0,1538343000.0,1396269500.0,301686000.0,0.0,0.0,0.0,787272000.0,232075000.0,555197000.0,3623071114.0,4860000.0,-162013000.0,-38829000.0,-13697000.0,-2852000.0,-49871000.0,-255039000.0,0.0,311294000.0,-1524000.0,233057000.0,233057000.0,233057000.0,0.0,79000.0,0.165,623840000.0,271039000.0,66251000.0,0.012,1.747,15.546,15.422,617615000.0,0.0,75.26,2.57,2.568,228593000.0,946698000.0,1409744000.0,1409744000.0,49350000.0,0.087,0.117,0.192,0.19,10981000.0,552225000.0,1.0,48140727.0,48110000,49302000.0,29.303,1303067000.0,49583000.0,22557000.0,32724000.0,27.085,396031000.0
37,COO,MRT,2012-03-31,2012-04-30,2012-04-30,2021-09-03,-21068000.0,2628561000.0,2616920000.0,576283000.0,2052278000.0,0.528,42.717,-94706000.0,7745000.0,7745000.0,525370000.0,210399000.0,2.526,0.29,319308000.0,44216000.0,275092000.0,319308000.0,0.0,104314000.0,0.0,0.001,0.06,246298000.0,350612000.0,0.254,350612000.0,246298000.0,233442000.0,4.42,4.31,4.42,2037956000.0,1950119750.0,2037956000.0,4577966899.0,19.0,13.057,225944000.0,4.736,1.0,857584000.0,0.62,1393521000.0,12856000.0,1318478000.0,1366396000.0,286069000.0,0.0,0.0,0.0,590605000.0,228125000.0,362480000.0,4175342899.0,-685000.0,-22058000.0,23584000.0,-233905000.0,-2852000.0,-208696000.0,-112024000.0,0.0,320650000.0,-615000.0,210399000.0,210399000.0,210399000.0,0.0,0.0,0.152,611828000.0,245756000.0,54926000.0,0.014,2.049,19.845,19.948,593603000.0,0.0,88.17,3.019,3.042,202882000.0,881259000.0,1382954000.0,1382954000.0,47919000.0,0.08,0.108,0.18,0.178,10981000.0,542012000.0,1.0,47355596.0,47708000,49007000.0,28.988,1235040000.0,53463000.0,23043000.0,21515000.0,25.887,348158000.0
38,COO,MRT,2011-12-31,2012-01-31,2012-01-31,2021-09-03,-29980000.0,2599267000.0,2616077750.0,555263000.0,2044004000.0,0.521,40.638,-94833000.0,7681000.0,7681000.0,525016000.0,190838000.0,2.69,0.342,410305000.0,39191000.0,371114000.0,410305000.0,0.0,101071000.0,0.0,0.001,0.06,224536000.0,325607000.0,0.239,325607000.0,224536000.0,210483000.0,4.03,3.92,4.03,1937357000.0,1893212250.0,1937357000.0,3826910147.0,17.0,11.753,210067000.0,4.406,1.0,838650000.0,0.615,1394903000.0,14053000.0,1400596000.0,1426270000.0,272774000.0,0.0,0.0,0.0,661910000.0,206392000.0,455518000.0,3451653147.0,4361000.0,-25959000.0,27091000.0,-203984000.0,-2816000.0,-181125000.0,-119226000.0,0.0,304900000.0,-188000.0,190838000.0,190838000.0,190838000.0,0.0,0.0,0.14,598078000.0,240572000.0,48205000.0,0.015,1.782,18.087,17.901,583239000.0,0.0,72.14,2.531,2.522,200160000.0,826338000.0,1363666000.0,1363666000.0,45278000.0,0.073,0.101,0.157,0.165,10981000.0,531432000.0,1.0,47846592.0,47674000,48792000.0,28.604,1204364000.0,50326000.0,19645000.0,19011000.0,25.262,348871000.0
39,COO,MRT,2011-09-30,2011-10-31,2011-10-31,2021-09-03,-18110000.0,2624518000.0,2609245500.0,540347000.0,2084171000.0,0.51,41.308,-103665000.0,5175000.0,5175000.0,526031000.0,175430000.0,2.022,0.355,380432000.0,52979000.0,327453000.0,380432000.0,0.0,98149000.0,0.0,0.001,0.06,210106000.0,308255000.0,0.232,308255000.0,210106000.0,192764000.0,3.74,3.63,3.74,1937488000.0,1839447750.0,1937488000.0,3745351068.0,18.0,12.15,232616000.0,4.959,1.0,804804000.0,0.605,1404908000.0,17342000.0,1327661000.0,1472531000.0,253584000.0,0.0,0.0,0.0,687030000.0,267206000.0,419824000.0,3308003068.0,1602000.0,-58010000.0,82035000.0,-242783000.0,-2816000.0,-172873000.0,-161675000.0,0.0,336281000.0,-131000.0,175430000.0,175430000.0,175430000.0,0.0,0.0,0.132,577248000.0,227556000.0,61755000.0,0.016,1.707,18.857,18.529,609205000.0,0.0,69.3,2.486,2.442,214779000.0,773136000.0,1330835000.0,1330835000.0,43581000.0,0.067,0.095,0.143,0.158,10981000.0,513138000.0,1.0,47734532.0,46904000,48309000.0,28.374,1219610000.0,55512000.0,17334000.0,22955000.0,26.002,273141000.0
40,COO,MRT,2011-06-30,2011-07-31,2011-07-31,2021-09-03,-4540000.0,2615334000.0,2584370500.0,543636000.0,2071698000.0,0.497,39.89,-103925000.0,7872000.0,7872000.0,514627000.0,166990000.0,2.287,0.385,445220000.0,38735000.0,406485000.0,445220000.0,0.0,95026000.0,0.0,0.001,0.06,206180000.0,301206000.0,0.235,301206000.0,206180000.0,183760000.0,3.6,3.49,3.6,1887678000.0,1771769750.0,1887678000.0,4134685734.0,20.0,13.727,185976000.0,3.93,1.0,768651000.0,0.599,1396140000.0,22420000.0,1418849000.0,1529842750.0,243370000.0,0.0,0.0,0.0,727656000.0,237693000.0,489963000.0,3589900734.0,4632000.0,-41371000.0,82531000.0,-213530000.0,-2755000.0,-140441000.0,-145296000.0,0.0,289901000.0,468000.0,166990000.0,166990000.0,166990000.0,0.0,0.0,0.13,545961000.0,222690000.0,58905000.0,0.017,1.902,21.498,21.247,601094000.0,0.0,76.49,2.797,2.821,218416000.0,716498000.0,1283278000.0,1283278000.0,42328000.0,0.065,0.094,0.135,0.161,9638000.0,483326000.0,1.0,46932942.0,47322000,49009000.0,27.118,1219194000.0,60269000.0,16770000.0,24897000.0,25.764,305943000.0
41,COO,MRT,2011-03-31,2011-04-30,2011-04-30,2021-09-03,2075000.0,2625192000.0,2556297000.0,538435000.0,2086757000.0,0.48,38.927,-101654000.0,8430000.0,8430000.0,485682000.0,162500000.0,2.612,0.45,553215000.0,29097000.0,524118000.0,553215000.0,0.0,93509000.0,0.0,0.001,0.06,206208000.0,299717000.0,0.244,299717000.0,206208000.0,178276000.0,3.54,3.45,3.54,1810326000.0,1698378000.0,1810326000.0,4061853900.0,20.0,13.552,176071000.0,3.786,1.0,741835000.0,0.604,1405853000.0,27932000.0,1557974000.0,1561950250.0,249382000.0,0.0,0.0,0.0,814866000.0,206150000.0,608716000.0,3462963900.0,-1399000.0,-38475000.0,44554000.0,-171814000.0,-2755000.0,-139539000.0,-140129000.0,0.0,277725000.0,544000.0,162500000.0,162500000.0,162500000.0,0.0,0.0,0.132,519716000.0,222119000.0,51641000.0,0.017,1.913,21.311,21.158,606005000.0,0.0,74.9,2.821,2.838,203764000.0,679793000.0,1227517000.0,1227517000.0,39191000.0,0.064,0.096,0.132,0.168,9638000.0,460974000.0,1.0,46234498.0,46506000,48239000.0,26.395,1219339000.0,58719000.0,15776000.0,30384000.0,26.219,332285000.0
42,COO,MRT,2010-12-31,2011-01-31,2011-01-31,2021-09-03,-17011000.0,2571938000.0,2527305250.0,503343000.0,2068595000.0,0.471,37.453,-89631000.0,3320000.0,3320000.0,487921000.0,131596000.0,2.705,0.493,602210000.0,15486000.0,586724000.0,602210000.0,0.0,93990000.0,0.0,0.001,0.06,174422000.0,268412000.0,0.225,268412000.0,174422000.0,141028000.0,2.88,2.82,2.88,1722299000.0,1631478500.0,1722299000.0,3235871431.0,19.0,12.056,194821000.0,4.237,1.0,703566000.0,0.59,1399114000.0,33394000.0,1585640000.0,1579468500.0,239996000.0,0.0,0.0,0.0,849639000.0,186074000.0,663565000.0,2628308431.0,1498000.0,-56789000.0,16365000.0,-141108000.0,-2732000.0,-136682000.0,-146420000.0,0.0,284452000.0,148000.0,131596000.0,131596000.0,131596000.0,0.0,0.0,0.11,529669000.0,173897000.0,48341000.0,0.021,1.526,19.973,19.91,595825000.0,0.0,57.34,2.206,2.213,189462000.0,644432000.0,1191487000.0,1191487000.0,37374000.0,0.052,0.081,0.11,0.146,9638000.0,445932000.0,1.0,45837259.0,45986000,47391000.0,25.91,1172824000.0,52491000.0,9432000.0,23270000.0,25.504,317269000.0
43,COO,MRT,2010-09-30,2010-10-31,2010-10-31,2021-09-03,-17334000.0,2525018000.0,2514670750.0,491340000.0,2033678000.0,0.461,36.608,-73757000.0,3573000.0,3573000.0,481794000.0,112803000.0,2.463,0.515,611136000.0,19159000.0,591977000.0,611136000.0,0.0,94001000.0,0.0,0.001,0.06,161094000.0,255095000.0,0.22,255095000.0,161094000.0,124426000.0,2.48,2.43,2.48,1666776000.0,1588917750.0,1666776000.0,2896492217.0,18.0,11.355,193906000.0,4.259,1.0,676723000.0,0.584,1376153000.0,36668000.0,1556908000.0,1611648250.0,227902000.0,0.0,0.0,0.0,858242000.0,199520000.0,658722000.0,2253061217.0,-359000.0,-32847000.0,11096000.0,-170338000.0,-2732000.0,-161567000.0,-106604000.0,0.0,267663000.0,149000.0,112803000.0,112803000.0,112803000.0,0.0,0.0,0.097,514561000.0,162162000.0,51792000.0,0.024,1.352,19.973,19.895,593887000.0,0.0,49.34,1.945,1.939,197490000.0,600522000.0,1158517000.0,1158517000.0,35274000.0,0.045,0.071,0.1,0.139,9638000.0,433057000.0,1.0,45663989.0,45530000,46505000.0,25.445,1148865000.0,51900000.0,11623000.0,24696000.0,25.233,291820000.0
44,COO,MRT,2010-06-30,2010-07-31,2010-07-31,2021-09-03,-33528000.0,2503040000.0,2521393000.0,491270000.0,2011770000.0,0.448,34.955,-60952000.0,3240000.0,3240000.0,480469000.0,94724000.0,2.191,0.57,646671000.0,22298000.0,624373000.0,646671000.0,0.0,95394000.0,0.0,0.002,0.06,142043000.0,237437000.0,0.21,237437000.0,142043000.0,102588000.0,2.09,2.06,2.09,1594111000.0,1557309250.0,1594111000.0,2512966492.0,18.0,10.584,220577000.0,4.837,1.0,648150000.0,0.574,1375016000.0,39455000.0,1547279000.0,1667997750.0,234315000.0,0.0,0.0,0.0,908929000.0,224176000.0,684753000.0,1809847492.0,-550000.0,-33117000.0,6586000.0,-192302000.0,-2719000.0,-188028000.0,-94069000.0,0.0,281529000.0,18000.0,94724000.0,94724000.0,94724000.0,0.0,0.0,0.084,505798000.0,142352000.0,41951000.0,0.029,1.135,19.107,18.593,569748000.0,0.0,38.86,1.604,1.57,190055000.0,552324000.0,1128619000.0,1128619000.0,33053000.0,0.038,0.061,0.085,0.126,12037000.0,426041000.0,1.0,46573533.0,45605000,46402000.0,24.748,1128024000.0,55631000.0,7864000.0,24950000.0,24.735,267094000.0
45,COO,MRT,2010-03-31,2010-04-30,2010-04-30,2021-09-03,-41701000.0,2509225000.0,2540991750.0,493449000.0,2015776000.0,0.44,33.92,-63964000.0,9829000.0,9829000.0,499655000.0,76905000.0,2.369,0.626,712948000.0,13567000.0,699381000.0,712948000.0,0.0,93493000.0,0.0,0.002,0.06,123432000.0,216925000.0,0.194,216925000.0,123432000.0,81621000.0,1.7,1.68,1.7,1542728000.0,1537375750.0,1542728000.0,2508088756.0,20.0,11.562,218185000.0,4.797,1.0,618559000.0,0.553,1376041000.0,41811000.0,1628047000.0,1737148750.0,238756000.0,0.0,0.0,0.0,966497000.0,208256000.0,758241000.0,1766592756.0,5357000.0,-31997000.0,3853000.0,-182645000.0,-2719000.0,-181104000.0,-95961000.0,0.0,282149000.0,273000.0,76905000.0,76905000.0,76905000.0,0.0,0.0,0.069,493678000.0,124881000.0,42822000.0,0.035,1.145,22.971,22.876,569486000.0,0.0,38.89,1.58,1.582,174291000.0,513967000.0,1118214000.0,1118214000.0,32202000.0,0.03,0.05,0.071,0.11,12037000.0,414814000.0,1.0,45425373.0,45481000,46367000.0,24.586,1133184000.0,56500000.0,4716000.0,23042000.0,24.916,285193000.0
46,COO,MRT,2009-12-31,2010-01-31,2010-01-31,2021-09-03,-24039000.0,2521400000.0,2550268250.0,496408000.0,2024992000.0,0.427,34.267,-72722000.0,1822000.0,1822000.0,485414000.0,97098000.0,2.776,0.625,743318000.0,19140000.0,724178000.0,743318000.0,0.0,90507000.0,0.0,0.002,0.06,152697000.0,243204000.0,0.223,243204000.0,152697000.0,109786000.0,2.15,2.12,2.15,1552056000.0,1508834000.0,1552056000.0,2375689846.0,16.0,9.768,181644000.0,4.01,1.0,604123000.0,0.554,1369730000.0,42911000.0,1714359000.0,1794308750.0,251842000.0,0.0,0.0,0.0,969344000.0,178807000.0,790537000.0,1598147846.0,-63000.0,-11984000.0,2035000.0,-169836000.0,-2712000.0,-170107000.0,-84706000.0,0.0,254366000.0,384000.0,97098000.0,97098000.0,97098000.0,0.0,0.0,0.089,450069000.0,154054000.0,36105000.0,0.028,1.03,16.459,16.428,586716000.0,0.0,35.32,1.467,1.468,174945000.0,509512000.0,1089537000.0,1089537000.0,33694000.0,0.038,0.064,0.085,0.14,12037000.0,397179000.0,1.0,45247674.0,45293000,46123000.0,24.055,1151670000.0,50366000.0,12688000.0,21027000.0,25.427,317601000.0
47,COO,MRT,2009-09-30,2009-10-31,2009-10-31,2021-09-03,-12920000.0,2551907000.0,2557673250.0,503878000.0,2048029000.0,0.422,34.099,-93906000.0,3932000.0,3932000.0,483927000.0,100548000.0,2.873,0.657,781474000.0,9844000.0,771630000.0,781474000.0,0.0,92602000.0,0.0,0.002,0.06,158971000.0,251573000.0,0.233,251573000.0,158971000.0,114828000.0,2.23,2.21,2.23,1540342000.0,1465600250.0,1540342000.0,2100689981.0,13.0,8.35,129222000.0,2.861,1.0,596494000.0,0.552,1371729000.0,44143000.0,1782306000.0,1825566500.0,260846000.0,0.0,0.0,0.0,1011565000.0,175414000.0,836151000.0,1265506981.0,1988000.0,-4731000.0,1116000.0,-121278000.0,-2712000.0,-122739000.0,-98637000.0,0.0,223128000.0,236000.0,100548000.0,100548000.0,100548000.0,0.0,0.0,0.093,446638000.0,149856000.0,36878000.0,0.027,0.822,12.586,12.561,602568000.0,0.0,28.01,1.171,1.171,170941000.0,490451000.0,1080421000.0,1080421000.0,33298000.0,0.039,0.069,0.087,0.147,12037000.0,391593000.0,1.0,45180542.0,45173000,45478000.0,23.917,1180178000.0,51141000.0,14280000.0,20856000.0,26.126,328464000.0
48,COO,MRT,2009-06-30,2009-07-31,2009-07-31,2021-09-03,-5947000.0,2581435000.0,2566600500.0,518015000.0,2063420000.0,0.414,33.519,-96545000.0,3790000.0,3790000.0,464177000.0,98389000.0,2.442,0.705,838973000.0,38448000.0,800525000.0,838973000.0,0.0,87787000.0,0.0,0.002,0.06,161763000.0,249550000.0,0.235,249550000.0,161763000.0,113803000.0,2.18,2.18,2.18,1514377000.0,1434783750.0,1514377000.0,2130872383.0,13.0,8.539,89114000.0,1.972,1.0,599631000.0,0.564,1380602000.0,47960000.0,1823883000.0,1843183250.0,276847000.0,0.0,0.0,0.0,1067058000.0,212133000.0,854925000.0,1239751383.0,352000.0,-4217000.0,3526000.0,-86760000.0,-1355000.0,-84454000.0,-100762000.0,0.0,185659000.0,-91000.0,98389000.0,98389000.0,98389000.0,0.0,0.0,0.092,444217000.0,155414000.0,44872000.0,0.028,0.819,12.601,12.587,608342000.0,0.0,27.44,1.165,1.165,170276000.0,469961000.0,1063808000.0,1063808000.0,34224000.0,0.038,0.069,0.088,0.152,13567000.0,389991000.0,1.0,45180444.0,45180000,45694000.0,23.546,1200833000.0,49799000.0,15414000.0,24777000.0,26.579,305882000.0
49,COO,MRT,2009-03-31,2009-04-30,2009-04-30,2021-09-03,-68847000.0,2546331000.0,2590123250.0,524532000.0,2021799000.0,0.408,31.626,-102072000.0,4472000.0,4472000.0,448758000.0,94360000.0,2.474,0.782,895593000.0,47214000.0,848379000.0,895593000.0,0.0,87063000.0,0.0,0.002,0.06,160775000.0,247838000.0,0.234,247838000.0,160775000.0,108634000.0,2.1,2.09,2.1,1428561000.0,1430340500.0,1428561000.0,2209814832.0,14.0,8.916,51703000.0,1.145,1.0,608333000.0,0.575,1368725000.0,52141000.0,1856687000.0,1871943750.0,288196000.0,0.0,0.0,0.0,1117770000.0,212040000.0,905730000.0,1298543832.0,2561000.0,-4515000.0,3848000.0,-45604000.0,-2705000.0,-44326000.0,-106587000.0,0.0,153775000.0,-301000.0,94360000.0,94360000.0,94360000.0,0.0,0.0,0.089,455800000.0,152533000.0,47136000.0,0.029,0.909,13.762,13.69,588390000.0,0.0,28.75,1.228,1.229,156409000.0,449407000.0,1057091000.0,1057091000.0,35517000.0,0.036,0.066,0.086,0.152,13567000.0,400592000.0,1.0,45166742.0,45170000,45523000.0,23.403,1177606000.0,52082000.0,14274000.0,12819000.0,26.071,312492000.0
50,COO,MRT,2008-12-31,2009-01-31,2009-01-31,2021-09-03,-89012000.0,2551020000.0,2610955000.0,536530000.0,2014490000.0,0.404,30.551,-116252000.0,1885000.0,1885000.0,446461000.0,80952000.0,2.114,0.85,913156000.0,41789000.0,871367000.0,913156000.0,0.0,87073000.0,0.0,0.003,0.06,147324000.0,234397000.0,0.222,234397000.0,147324000.0,93943000.0,1.8,1.8,1.8,1379121000.0,1431626750.0,1379121000.0,1758940149.0,12.0,7.504,10772000.0,0.239,1.0,609284000.0,0.577,1369074000.0,53381000.0,1839390000.0,1891028500.0,286587000.0,0.0,0.0,0.0,1171899000.0,253827000.0,918072000.0,856090149.0,-701000.0,-3412000.0,3924000.0,-12143000.0,-1350000.0,-7675000.0,-119664000.0,0.0,127024000.0,-386000.0,80952000.0,80952000.0,80952000.0,0.0,0.0,0.077,469492000.0,139792000.0,45859000.0,0.033,0.621,10.575,10.539,581225000.0,0.0,18.97,0.811,0.811,158764000.0,424758000.0,1055745000.0,1055745000.0,34568000.0,0.031,0.057,0.078,0.14,13567000.0,414416000.0,1.0,45128632.0,45141000,45141000.0,23.388,1181946000.0,55393000.0,12991000.0,11504000.0,26.183,282703000.0
51,COO,MRT,2008-09-30,2008-10-31,2008-10-31,2021-09-03,-25240000.0,2587616000.0,2619435500.0,526032000.0,2061584000.0,0.4,31.494,-124885000.0,1944000.0,1944000.0,437345000.0,63956000.0,2.06,0.826,904794000.0,43013000.0,861781000.0,904794000.0,0.0,82185000.0,0.0,0.004,0.06,126991000.0,209176000.0,0.2,209176000.0,126991000.0,73962000.0,1.42,1.42,1.42,1417076000.0,1440230000.0,1417076000.0,1665965375.0,13.0,7.964,-28357000.0,-0.63,1.0,610030000.0,0.582,1382286000.0,53029000.0,1852773000.0,1899067750.0,283454000.0,0.0,0.0,0.0,1170540000.0,255407000.0,915133000.0,741643375.0,-1282000.0,-3872000.0,6250000.0,25895000.0,-2699000.0,31204000.0,-128757000.0,0.0,96528000.0,-257000.0,63956000.0,63956000.0,63956000.0,0.0,0.0,0.061,483067000.0,126963000.0,63636000.0,0.042,0.523,11.596,11.606,602654000.0,0.0,16.48,0.708,0.708,159158000.0,402242000.0,1047375000.0,1047375000.0,35468000.0,0.024,0.044,0.067,0.121,13567000.0,429304000.0,1.0,45002632.0,44995000,45117000.0,23.278,1205330000.0,51982000.0,10006000.0,19574000.0,26.788,270625000.0
52,COO,MRT,2008-06-30,2008-07-31,2008-07-31,2021-09-03,90153000.0,2675526000.0,2621573750.0,568668000.0,2106858000.0,0.392,33.263,-157219000.0,3438000.0,3438000.0,463729000.0,11804000.0,2.371,0.788,927760000.0,36894000.0,890866000.0,927760000.0,0.0,91251000.0,0.0,0.002,0.06,73455000.0,164706000.0,0.16,164706000.0,73455000.0,24125000.0,0.26,0.25,0.26,1496604000.0,1450832750.0,1496604000.0,2455419398.0,33.0,14.908,-63576000.0,-1.413,1.0,565227000.0,0.549,1421055000.0,49330000.0,1938925000.0,1872793500.0,295862000.0,0.0,0.0,0.0,1178922000.0,239868000.0,939054000.0,1516285398.0,-4623000.0,-7044000.0,4373000.0,64182000.0,-2699000.0,65851000.0,-164263000.0,0.0,93643000.0,146000.0,11804000.0,11804000.0,11804000.0,0.0,0.0,0.011,489863000.0,75364000.0,66041000.0,0.231,1.013,128.455,129.615,645921000.0,0.0,33.7,1.474,1.474,180492000.0,372762000.0,1028956000.0,1028956000.0,35554000.0,0.005,0.008,0.039,0.071,16274000.0,433022000.0,1.0,44993632.0,44993000,46934000.0,22.869,1254471000.0,48382000.0,12321000.0,13178000.0,27.881,328800000.0
53,COO,MRT,2008-03-31,2008-04-30,2008-04-30,2021-09-03,47255000.0,2629658000.0,2587958500.0,556666000.0,2072992000.0,0.387,31.868,-170409000.0,1911000.0,1911000.0,446251000.0,2105000.0,2.312,0.834,941045000.0,39258000.0,901787000.0,941045000.0,0.0,92700000.0,0.0,0.002,0.06,64843000.0,157543000.0,0.157,157543000.0,64843000.0,19694000.0,0.04,0.04,0.04,1433706000.0,1435522250.0,1433706000.0,2497090120.0,39.0,15.85,-73367000.0,-1.631,1.0,556054000.0,0.555,1394978000.0,45149000.0,1933026000.0,1814023750.0,293397000.0,0.0,0.0,0.0,1195952000.0,240788000.0,955164000.0,1574567120.0,-10122000.0,-15238000.0,6317000.0,75037000.0,-2693000.0,78386000.0,-185647000.0,0.0,97042000.0,97000.0,2105000.0,2105000.0,2105000.0,0.0,0.0,0.002,488076000.0,67978000.0,68109000.0,1.5,1.098,748.013,875.0,638143000.0,0.0,35.0,1.571,1.571,176268000.0,356233000.0,1002305000.0,1002305000.0,38037000.0,0.001,0.001,0.036,0.065,16274000.0,426904000.0,1.0,44987632.0,44989000,47740000.0,22.279,1234680000.0,50530000.0,17589000.0,14596000.0,27.444,315878000.0
54,COO,MRT,2007-12-31,2008-01-31,2008-01-31,2021-09-03,43388000.0,2584942000.0,2557981250.0,526340000.0,2058602000.0,0.379,31.453,-176310000.0,2586000.0,2586000.0,436090000.0,-9663000.0,2.192,0.829,925109000.0,46858000.0,878251000.0,925109000.0,0.0,88557000.0,0.0,0.002,0.06,47367000.0,135924000.0,0.14,135924000.0,47367000.0,3370000.0,-0.22,-0.22,-0.22,1413534000.0,1431530750.0,1413534000.0,2643087328.0,56.0,19.445,-48679000.0,-1.083,1.0,532502000.0,0.55,1395842000.0,43997000.0,1871547000.0,1755520250.0,279007000.0,0.0,0.0,0.0,1171408000.0,240076000.0,931332000.0,1769683328.0,-20958000.0,-48743000.0,10093000.0,71301000.0,-2693000.0,76005000.0,-225053000.0,0.0,127631000.0,459000.0,-9663000.0,-9663000.0,-9663000.0,0.0,0.0,-0.01,482459000.0,50043000.0,54919000.0,-0.273,1.252,-183.14,-179.0,619280000.0,0.0,39.38,1.827,1.827,164167000.0,344992000.0,968592000.0,968592000.0,36878000.0,-0.004,-0.007,0.027,0.049,16274000.0,420309000.0,1.0,44938632.0,44941000,45129000.0,21.553,1189100000.0,50020000.0,13033000.0,14083000.0,26.459,286264000.0
55,COO,MRT,2007-09-30,2007-10-31,2007-10-31,2021-09-03,107780000.0,2596169000.0,2528994750.0,517522000.0,2078647000.0,0.374,32.646,-183625000.0,3226000.0,3226000.0,425709000.0,-11192000.0,1.806,0.779,876630000.0,46514000.0,830116000.0,876630000.0,0.0,84511000.0,0.0,0.001,0.06,43355000.0,127866000.0,0.135,127866000.0,43355000.0,672000.0,-0.25,-0.25,-0.25,1459487000.0,1428808000.0,1459487000.0,2734865572.0,63.0,21.389,-49641000.0,-1.11,1.0,519531000.0,0.55,1435417000.0,42683000.0,1747676000.0,1708010500.0,267914000.0,0.0,0.0,0.0,1136682000.0,286480000.0,850202000.0,1881640572.0,-4998000.0,-80969000.0,9258000.0,131654000.0,-2681000.0,125148000.0,-264594000.0,0.0,133984000.0,464000.0,-11192000.0,-11192000.0,-11192000.0,0.0,0.0,-0.012,473677000.0,45854000.0,61377000.0,-0.24,1.289,-168.124,-168.0,604530000.0,0.0,42.0,1.991,1.986,164493000.0,334127000.0,945240000.0,945240000.0,39858000.0,-0.004,-0.008,0.025,0.046,16274000.0,407951000.0,1.0,44800966.0,44707000,44707000.0,21.143,1160752000.0,43410000.0,11864000.0,51000000.0,25.964,231042000.0
56,COO,MRT,2007-06-30,2007-07-31,2007-07-31,2021-09-03,61788000.0,2541065000.0,2468102750.0,511097000.0,2029968000.0,0.37,32.055,-146811000.0,8061000.0,8061000.0,382859000.0,26603000.0,1.797,0.77,861286000.0,53706000.0,807580000.0,861286000.0,0.0,72278000.0,0.0,0.001,0.06,73120000.0,145398000.0,0.159,145398000.0,73120000.0,32828000.0,0.6,0.59,0.6,1435362000.0,1408563500.0,1435362000.0,3098850216.0,42.0,21.313,-15299000.0,-0.342,1.0,529984000.0,0.581,1406022000.0,40292000.0,1703846000.0,1632630250.0,265381000.0,0.0,0.0,0.0,1105703000.0,284422000.0,821281000.0,2245020216.0,-4663000.0,-82538000.0,8067000.0,99946000.0,-2681000.0,92842000.0,-229349000.0,0.0,131512000.0,332000.0,26603000.0,26603000.0,26603000.0,0.0,0.0,0.029,457627000.0,72357000.0,59531000.0,0.1,1.564,84.39,83.55,578717000.0,0.0,50.13,2.459,2.459,164332000.0,358320000.0,912843000.0,912843000.0,39018000.0,0.011,0.019,0.045,0.08,14243000.0,397735000.0,1.0,44783966.0,44778000,47785000.0,20.386,1135043000.0,45522000.0,6225000.0,36864000.0,25.348,226675000.0
57,COO,MRT,2007-03-31,2007-04-30,2007-04-30,2021-09-03,57759000.0,2509749000.0,2414962500.0,498543000.0,2011206000.0,0.367,31.756,-149268000.0,12033000.0,12033000.0,364958000.0,39400000.0,1.943,0.77,865863000.0,48417000.0,817446000.0,865863000.0,0.0,65313000.0,0.0,0.001,0.06,81773000.0,147086000.0,0.166,147086000.0,81773000.0,44032000.0,0.89,0.86,0.89,1417740000.0,1388896500.0,1417740000.0,3108527928.0,38.0,21.134,-26689000.0,-0.598,1.0,521821000.0,0.588,1407982000.0,37741000.0,1699012000.0,1573211750.0,261612000.0,0.0,0.0,0.0,1092009000.0,256585000.0,835424000.0,2278410928.0,-4522000.0,-75511000.0,5833000.0,106729000.0,-2673000.0,97329000.0,-224779000.0,0.0,122579000.0,349000.0,39400000.0,39400000.0,39400000.0,0.0,0.0,0.044,440822000.0,80999000.0,52434000.0,0.067,1.607,57.828,57.416,556103000.0,0.0,51.1,2.569,2.573,156772000.0,351484000.0,886779000.0,886779000.0,33769000.0,0.016,0.028,0.052,0.092,14243000.0,383253000.0,1.0,44587298.0,44645000,44645000.0,19.863,1101767000.0,42115000.0,4632000.0,33457000.0,24.678,241958000.0
58,COO,MRT,2006-12-31,2007-01-31,2007-01-31,2021-09-03,50431000.0,2468996000.0,2360231500.0,494199000.0,1974797000.0,0.37,31.472,-150498000.0,23544000.0,23544000.0,345913000.0,53628000.0,2.145,0.76,853661000.0,36142000.0,817519000.0,853661000.0,0.0,63537000.0,0.0,0.001,0.06,94613000.0,158150000.0,0.181,158150000.0,94613000.0,60003000.0,1.21,1.17,1.21,1402643000.0,1367043000.0,1402643000.0,2880109134.0,30.0,18.211,-28524000.0,-0.64,1.0,526728000.0,0.604,1387204000.0,34610000.0,1681508000.0,1504551750.0,248021000.0,0.0,0.0,0.0,1066353000.0,230401000.0,835952000.0,2145681134.0,-1053000.0,-47163000.0,1967000.0,85564000.0,-2673000.0,74471000.0,-197661000.0,0.0,121974000.0,163000.0,53628000.0,53628000.0,53628000.0,0.0,0.0,0.061,431780000.0,94948000.0,50400000.0,0.05,1.53,40.01,39.421,536183000.0,0.0,47.7,2.459,2.436,156815000.0,352011000.0,872641000.0,872641000.0,39726000.0,0.023,0.039,0.063,0.108,14243000.0,370919000.0,1.0,44982833.0,44568000,44984000.0,19.58,1081792000.0,44939000.0,6375000.0,30037000.0,24.273,263798000.0
59,COO,MRT,2006-09-30,2006-10-31,2006-10-31,2021-09-03,38711000.0,2352601000.0,2310047000.0,456951000.0,1895650000.0,0.372,30.962,-142657000.0,8224000.0,8224000.0,332983000.0,66234000.0,1.652,0.707,742652000.0,61366000.0,681286000.0,742652000.0,0.0,61647000.0,0.0,0.001,0.06,110668000.0,172315000.0,0.201,172315000.0,110668000.0,73337000.0,1.49,1.44,1.49,1378509000.0,1341548250.0,1378509000.0,3312623500.0,30.0,19.224,7852000.0,0.176,1.0,525977000.0,0.612,1364244000.0,37331000.0,1446155000.0,1437566500.0,236512000.0,0.0,0.0,0.0,974092000.0,276630000.0,697462000.0,2566331500.0,-22602000.0,-67953000.0,3020000.0,37594000.0,-2671000.0,37318000.0,-210610000.0,0.0,150509000.0,181000.0,66234000.0,66234000.0,66234000.0,0.0,0.0,0.077,413077000.0,112900000.0,66080000.0,0.04,1.862,38.746,38.678,496357000.0,0.0,57.63,2.988,2.987,146584000.0,348000000.0,858960000.0,858960000.0,34547000.0,0.029,0.049,0.077,0.129,14243000.0,357842000.0,1.0,44531173.0,44522000,47569000.0,19.293,988357000.0,41138000.0,7103000.0,38028000.0,22.199,180321000.0
60,COO,MRT,2006-06-30,2006-07-31,2006-07-31,2021-09-03,32210000.0,2328504000.0,2266854250.0,456232000.0,1872272000.0,0.381,30.466,-165770000.0,12724000.0,12724000.0,330114000.0,61199000.0,1.803,0.716,759016000.0,60573000.0,698443000.0,759016000.0,0.0,58932000.0,0.0,0.001,0.06,112660000.0,171592000.0,0.199,171592000.0,112660000.0,73869000.0,1.34,1.31,1.34,1356694000.0,1315227250.0,1356694000.0,2727134069.0,24.0,15.893,13633000.0,0.306,1.0,533461000.0,0.618,1355561000.0,38791000.0,1466172000.0,1394985750.0,226360000.0,0.0,0.0,0.0,971810000.0,253063000.0,718747000.0,1986882069.0,-5325000.0,-65034000.0,10410000.0,37827000.0,-2671000.0,46111000.0,-230804000.0,0.0,179403000.0,-35000.0,61199000.0,61199000.0,61199000.0,0.0,0.0,0.071,420431000.0,113030000.0,54782000.0,0.045,1.465,32.466,32.985,480547000.0,0.0,44.2,2.301,2.279,149923000.0,334398000.0,863575000.0,863575000.0,53679000.0,0.027,0.047,0.081,0.13,0.0,340414000.0,1.0,44952083.0,44531000,47482000.0,19.393,972943000.0,39335000.0,12670000.0,27997000.0,21.849,203169000.0
61,COO,MRT,2006-03-31,2006-04-30,2006-04-30,2021-09-03,27284000.0,2290825000.0,2226563750.0,440501000.0,1850324000.0,0.387,29.882,-161752000.0,16555000.0,16555000.0,326180000.0,77841000.0,1.807,0.722,756807000.0,58620000.0,698187000.0,756807000.0,0.0,56851000.0,0.0,0.001,0.06,124979000.0,181830000.0,0.211,181830000.0,124979000.0,86617000.0,1.72,1.66,1.72,1330326000.0,1289605750.0,1330326000.0,3181447816.0,25.0,17.497,19772000.0,0.444,1.0,534529000.0,0.621,1362895000.0,38362000.0,1424372000.0,1354862500.0,214666000.0,0.0,0.0,0.0,960499000.0,243810000.0,716689000.0,2440273816.0,-564000.0,-65260000.0,11349000.0,37085000.0,-2658000.0,46661000.0,-227012000.0,0.0,181524000.0,-1737000.0,77841000.0,77841000.0,77841000.0,0.0,0.0,0.09,407865000.0,126664000.0,46007000.0,0.035,1.834,31.349,31.872,447431000.0,0.0,54.82,2.835,2.836,148230000.0,314757000.0,860709000.0,860709000.0,54539000.0,0.035,0.06,0.092,0.145,0.0,331130000.0,1.0,44514298.0,44520000,47577000.0,19.333,927930000.0,40760000.0,8776000.0,26797000.0,20.843,196691000.0
62,COO,MRT,2005-12-31,2006-01-31,2006-01-31,2021-09-03,16642000.0,2268258000.0,2193890000.0,449343000.0,1818915000.0,0.394,29.23,-147665000.0,24597000.0,24597000.0,330931000.0,91967000.0,1.998,0.744,765771000.0,38537000.0,727234000.0,765771000.0,0.0,54632000.0,0.0,0.001,0.06,144815000.0,199447000.0,0.231,199447000.0,144815000.0,106225000.0,2.04,1.95,2.04,1300664000.0,1266203250.0,1300664000.0,3140931523.0,22.0,15.748,29667000.0,0.667,1.0,533875000.0,0.617,1370930000.0,38590000.0,1413567000.0,1318417250.0,198480000.0,0.0,0.0,0.0,967594000.0,224935000.0,742659000.0,2466845523.0,-3897000.0,-66078000.0,17004000.0,20851000.0,-2658000.0,34572000.0,-213743000.0,0.0,177332000.0,-2058000.0,91967000.0,91967000.0,91967000.0,0.0,0.0,0.106,390944000.0,142931000.0,40880000.0,0.029,1.897,26.823,27.172,414113000.0,0.0,55.43,2.852,2.852,155001000.0,301056000.0,864806000.0,864806000.0,45981000.0,0.042,0.073,0.11,0.167,0.0,322004000.0,1.0,44503798.0,44497000,47614000.0,19.435,897328000.0,41846000.0,14258000.0,28034000.0,20.166,224408000.0
63,COO,MRT,2005-09-30,2005-10-31,2005-10-31,2021-09-03,14114000.0,2179830000.0,2163301500.0,443714000.0,1736116000.0,0.373,30.3,-117093000.0,30826000.0,30826000.0,309785000.0,91722000.0,1.722,0.712,704912000.0,72260000.0,632652000.0,704912000.0,0.0,48638000.0,0.0,0.001,0.06,138182000.0,186820000.0,0.232,186820000.0,138182000.0,108457000.0,2.18,2.04,2.18,1273225000.0,1241963500.0,1273225000.0,3747057551.0,27.0,20.057,66750000.0,1.588,1.0,496832000.0,0.616,1320462000.0,29725000.0,1275832000.0,1286673250.0,185693000.0,0.0,0.0,0.0,906605000.0,257622000.0,648983000.0,3041366551.0,-8542000.0,-627006000.0,25163000.0,536629000.0,-2306000.0,551789000.0,-742320000.0,1779000.0,183843000.0,-1854000.0,91722000.0,91722000.0,91722000.0,0.0,0.0,0.114,360998000.0,135834000.0,36042000.0,0.028,2.389,33.159,31.578,379785000.0,0.0,68.84,3.771,3.586,152610000.0,284437000.0,806617000.0,806617000.0,42879000.0,0.042,0.074,0.107,0.171,0.0,297953000.0,1.0,44180223.0,42021000,45983000.0,19.196,859368000.0,43165000.0,16735000.0,35572000.0,20.451,186092000.0
64,COO,MRT,2005-06-30,2005-07-31,2005-07-31,2021-09-03,11392000.0,2167342000.0,1821234250.0,440431000.0,1726911000.0,0.394,28.426,-85807000.0,18049000.0,18049000.0,270776000.0,111878000.0,2.084,0.728,718577000.0,42509000.0,676068000.0,718577000.0,0.0,38822000.0,0.0,0.001,0.06,147311000.0,186133000.0,0.26,186133000.0,147311000.0,125972000.0,2.86,2.64,2.86,1254208000.0,1059697500.0,1254208000.0,3733545443.0,25.0,20.058,68727000.0,1.558,1.0,446011000.0,0.622,1350829000.0,21339000.0,1305679000.0,1088708250.0,185801000.0,0.0,0.0,0.0,913134000.0,211362000.0,701772000.0,3031036443.0,-8026000.0,-633859000.0,18849000.0,548189000.0,-2305000.0,557036000.0,-717887000.0,1779000.0,154534000.0,-1709000.0,111878000.0,111878000.0,111878000.0,0.0,0.0,0.156,300302000.0,145709000.0,31869000.0,0.021,2.417,27.092,24.021,353320000.0,0.0,68.7,4.229,4.229,165487000.0,275870000.0,716787000.0,716787000.0,17231000.0,0.061,0.106,0.135,0.206,0.0,270032000.0,1.0,44119890.0,44122000,47854000.0,16.246,816513000.0,32775000.0,14094000.0,3652000.0,18.506,229069000.0
65,COO,MRT,2005-03-31,2005-04-30,2005-04-30,2021-09-03,31714000.0,2160130000.0,1472447000.0,434818000.0,1725312000.0,0.423,28.12,-60078000.0,17119000.0,17119000.0,232618000.0,98307000.0,2.03,0.747,717361000.0,29876000.0,687485000.0,717361000.0,0.0,29184000.0,0.0,0.001,0.06,133378000.0,162562000.0,0.261,162562000.0,133378000.0,118690000.0,2.75,2.51,2.75,1236716000.0,873225500.0,1236716000.0,3682368763.0,28.0,22.652,82944000.0,1.886,1.0,390316000.0,0.627,1367592000.0,14688000.0,1278591000.0,878157750.0,190822000.0,0.0,0.0,0.0,923414000.0,214189000.0,709225000.0,2966094763.0,-3612000.0,-636079000.0,19105000.0,538329000.0,-1963000.0,547774000.0,-694378000.0,1779000.0,143022000.0,-30000.0,98307000.0,98307000.0,98307000.0,0.0,0.0,0.158,258873000.0,131443000.0,36858000.0,0.022,2.398,30.172,24.564,342518000.0,0.0,67.55,4.761,4.769,155168000.0,239574000.0,622934000.0,622934000.0,11932000.0,0.067,0.113,0.152,0.214,0.0,238289000.0,1.0,43909619.0,43980000,48104000.0,14.164,792538000.0,25704000.0,20383000.0,12506000.0,18.02,220629000.0
66,COO,MRT,2004-12-31,2005-01-31,2005-01-31,2021-09-03,32141000.0,2145904000.0,1118602750.0,438763000.0,1707141000.0,0.472,34.187,-45271000.0,28494000.0,28494000.0,190000000.0,92179000.0,2.232,0.783,742430000.0,21439000.0,720991000.0,742430000.0,0.0,20244000.0,0.0,0.001,0.06,119167000.0,139411000.0,0.264,139411000.0,119167000.0,111006000.0,2.79,2.53,2.79,1203705000.0,683149750.0,1203705000.0,2639395256.0,22.0,18.932,84925000.0,2.412,1.0,337992000.0,0.64,1376662000.0,8161000.0,1286591000.0,672119500.0,197024000.0,0.0,0.0,0.0,942199000.0,196587000.0,745612000.0,2513027256.0,-16830000.0,-674455000.0,18640000.0,560149000.0,-1963000.0,569129000.0,-716282000.0,3444000.0,130196000.0,127000.0,92179000.0,92179000.0,92179000.0,0.0,0.0,0.175,219473000.0,118519000.0,28529000.0,0.022,2.088,27.262,27.491,317489000.0,0.0,76.7,4.76,5.115,144968000.0,211747000.0,527992000.0,527992000.0,7798000.0,0.082,0.135,0.177,0.226,0.0,207692000.0,1.0,32764371.0,35209000,39479000.0,14.996,769242000.0,30861000.0,18827000.0,9224000.0,21.848,242176000.0
67,COO,MRT,2004-09-30,2004-10-31,2004-10-31,2021-09-03,26971000.0,811561000.0,763511000.0,304498000.0,507063000.0,0.642,16.726,-40505000.0,39368000.0,39368000.0,174346000.0,92825000.0,2.729,0.491,165736000.0,20871000.0,144865000.0,165736000.0,0.0,15651000.0,0.0,0.001,0.06,118493000.0,134144000.0,0.274,134144000.0,118493000.0,112489000.0,2.85,2.59,2.85,544161000.0,496982750.0,544161000.0,2446542399.0,21.0,18.238,60693000.0,1.866,1.0,315830000.0,0.644,342368000.0,6004000.0,483972000.0,463334250.0,107607000.0,1829000.0,1829000.0,0.0,267400000.0,111589000.0,155811000.0,2302189399.0,-8065000.0,-63942000.0,13766000.0,-20496000.0,-1943000.0,-8673000.0,-100637000.0,3810000.0,101198000.0,47000.0,92825000.0,92825000.0,92825000.0,0.0,0.0,0.189,199079000.0,116751000.0,21684000.0,0.021,4.231,24.801,24.684,151065000.0,0.0,70.35,4.697,4.669,99269000.0,195021000.0,490176000.0,490176000.0,6493000.0,0.122,0.187,0.256,0.242,0.0,190534000.0,1.0,32724796.0,32534000,36613000.0,15.067,469193000.0,30611000.0,19664000.0,15171000.0,14.422,192909000.0
68,COO,MRT,2004-06-30,2004-07-31,2004-07-31,2021-09-03,21420000.0,772193000.0,737011750.0,267453000.0,504740000.0,0.641,15.554,-41673000.0,26075000.0,26075000.0,166073000.0,85143000.0,2.343,0.519,170428000.0,20682000.0,149746000.0,170428000.0,0.0,14988000.0,0.0,0.001,0.06,115026000.0,130014000.0,0.275,130014000.0,115026000.0,108796000.0,2.64,2.4,2.64,508320000.0,466454250.0,508320000.0,2100356272.0,18.0,16.155,55699000.0,1.704,1.0,306258000.0,0.648,338942000.0,6230000.0,463477000.0,449853000.0,105078000.0,1187000.0,1187000.0,0.0,263873000.0,114127000.0,149746000.0,1942338272.0,-4723000.0,-66542000.0,25678000.0,-23127000.0,-1944000.0,607000.0,-102796000.0,5419000.0,97372000.0,94000.0,85143000.0,85143000.0,85143000.0,0.0,0.0,0.18,192973000.0,113285000.0,15624000.0,0.023,3.821,22.813,22.519,143500000.0,0.0,59.45,4.112,4.114,92301000.0,166297000.0,472331000.0,472331000.0,6151000.0,0.116,0.183,0.256,0.244,0.0,184993000.0,1.0,32671796.0,32682000,36718000.0,14.452,433251000.0,36160000.0,23653000.0,22503000.0,13.257,153326000.0
69,COO,MRT,2004-03-31,2004-04-30,2004-04-30,2021-09-03,18163000.0,744753000.0,708240750.0,254251000.0,490502000.0,0.638,14.635,-39713000.0,20731000.0,20731000.0,159938000.0,79758000.0,2.241,0.563,178749000.0,23877000.0,154872000.0,178749000.0,0.0,14104000.0,0.0,0.001,0.06,109518000.0,123622000.0,0.274,123622000.0,109518000.0,103087000.0,2.5,2.31,2.5,476413000.0,433681000.0,476413000.0,1886204884.0,17.0,15.258,46559000.0,1.43,1.0,291756000.0,0.646,334865000.0,6431000.0,454438000.0,439204000.0,103266000.0,2372000.0,2372000.0,0.0,268340000.0,113468000.0,154872000.0,1749472884.0,8836000.0,-87477000.0,31706000.0,14517000.0,-1988000.0,44235000.0,-121758000.0,5432000.0,86272000.0,87000.0,79758000.0,79758000.0,79758000.0,0.0,0.0,0.177,184813000.0,106943000.0,13658000.0,0.024,3.672,21.935,21.6,138776000.0,0.0,54.0,3.873,3.892,84682000.0,143230000.0,451694000.0,451694000.0,5726000.0,0.113,0.184,0.249,0.242,0.0,177499000.0,1.0,32397646.0,32554000,36521000.0,13.875,409888000.0,33048000.0,23329000.0,23198000.0,12.591,140783000.0
70,COO,MRT,2003-12-31,2004-01-31,2004-01-31,2021-09-03,27632000.0,725537000.0,672093750.0,275836000.0,449701000.0,0.636,14.27,-34838000.0,45324000.0,45324000.0,151719000.0,73270000.0,2.59,0.581,182056000.0,22046000.0,160010000.0,182056000.0,0.0,13143000.0,0.0,0.001,0.06,102483000.0,115626000.0,0.27,115626000.0,102483000.0,95852000.0,2.32,2.18,2.32,459037000.0,402863750.0,459037000.0,1692236432.0,17.0,14.635,48415000.0,1.505,1.0,275791000.0,0.645,304329000.0,6631000.0,451450000.0,420875250.0,99951000.0,4987000.0,4987000.0,0.0,266500000.0,106490000.0,160010000.0,1553808432.0,36270000.0,-48060000.0,29158000.0,4587000.0,-1988000.0,31757000.0,-79122000.0,3776000.0,83253000.0,382000.0,73270000.0,73270000.0,73270000.0,0.0,0.0,0.171,175519000.0,100272000.0,14404000.0,0.026,3.385,21.207,20.862,124647000.0,0.0,48.4,3.635,3.642,86078000.0,121531000.0,427510000.0,427510000.0,5783000.0,0.109,0.182,0.243,0.24,0.0,168212000.0,1.0,32103480.0,32167000,36133000.0,13.29,421208000.0,32016000.0,22582000.0,18594000.0,13.094,169346000.0
71,COO,MRT,2003-09-30,2003-10-31,2003-10-31,2021-09-03,14119000.0,705564000.0,639951500.0,264224000.0,441340000.0,0.643,13.516,-33872000.0,47433000.0,47433000.0,146588000.0,68770000.0,2.289,0.672,185861000.0,20658000.0,165203000.0,185861000.0,0.0,12525000.0,0.0,0.001,0.06,97451000.0,109976000.0,0.267,109976000.0,97451000.0,90487000.0,2.2,2.09,2.2,422047000.0,371338250.0,422047000.0,1527220988.0,16.0,13.887,45684000.0,1.463,1.0,265202000.0,0.644,298522000.0,6964000.0,430047000.0,408083750.0,89718000.0,5746000.0,5746000.0,0.0,283517000.0,115423000.0,168094000.0,1366219988.0,37178000.0,-75158000.0,23986000.0,42570000.0,-1952000.0,64604000.0,-107428000.0,1602000.0,79556000.0,446000.0,68770000.0,68770000.0,68770000.0,0.0,0.0,0.167,169960000.0,95242000.0,16227000.0,0.027,3.237,19.867,19.75,116277000.0,0.0,43.45,3.318,3.295,84607000.0,104139000.0,411790000.0,411790000.0,5573000.0,0.107,0.185,0.239,0.237,0.0,162852000.0,1.0,31443498.0,31226000,33245000.0,13.187,407042000.0,36983000.0,21717000.0,15880000.0,13.035,148801000.0
72,COO,MRT,2003-06-30,2003-07-31,2003-07-31,2021-09-03,4868000.0,657109000.0,606339250.0,235033000.0,422076000.0,0.649,12.07,-29226000.0,30798000.0,30798000.0,141001000.0,63920000.0,2.15,0.742,191799000.0,22744000.0,169055000.0,191799000.0,0.0,11972000.0,0.0,0.002,0.06,90554000.0,102526000.0,0.261,102526000.0,90554000.0,83194000.0,2.07,2.02,2.07,377227000.0,343687000.0,377227000.0,1241421405.0,14.0,12.108,34934000.0,1.118,1.0,252544000.0,0.642,287923000.0,7360000.0,420881000.0,386625250.0,82880000.0,5976000.0,5976000.0,0.0,279882000.0,109306000.0,170576000.0,1090738405.0,22008000.0,-69338000.0,13444000.0,44102000.0,-1952000.0,55547000.0,-98586000.0,-7000.0,64160000.0,887000.0,63920000.0,63920000.0,63920000.0,0.0,0.0,0.162,164047000.0,88497000.0,13692000.0,0.029,2.891,17.064,16.932,105401000.0,0.0,35.05,2.772,2.783,80006000.0,83098000.0,393545000.0,393545000.0,5416000.0,0.105,0.186,0.234,0.23,0.0,157276000.0,1.0,31119498.0,31253000,32398000.0,12.592,369186000.0,38512000.0,19274000.0,15168000.0,11.813,125727000.0
73,COO,MRT,2003-03-31,2003-04-30,2003-04-30,2021-09-03,5833000.0,600165000.0,580222000.0,210563000.0,389602000.0,0.647,11.391,-24848000.0,11895000.0,11895000.0,136035000.0,58618000.0,2.032,0.699,162578000.0,20636000.0,141942000.0,162578000.0,0.0,12172000.0,0.0,0.002,0.055,85502000.0,97674000.0,0.26,97674000.0,85502000.0,77450000.0,1.91,1.87,1.91,353144000.0,323096500.0,353144000.0,1029752719.0,12.0,10.543,36560000.0,1.179,1.0,239631000.0,0.638,266078000.0,8052000.0,381123000.0,372332500.0,81977000.0,4469000.0,4469000.0,0.0,247021000.0,103647000.0,143374000.0,862451719.0,-5138000.0,-129290000.0,7404000.0,80524000.0,-1693000.0,86188000.0,-153699000.0,305000.0,61408000.0,965000.0,58618000.0,58618000.0,58618000.0,0.0,0.0,0.156,159479000.0,80152000.0,15481000.0,0.029,2.442,14.713,14.607,98270000.0,0.0,27.9,2.296,2.303,76792000.0,65375000.0,375666000.0,375666000.0,5134000.0,0.101,0.181,0.23,0.228,0.0,152813000.0,1.0,30912248.0,31003000,31789000.0,12.117,334087000.0,37481000.0,18832000.0,10592000.0,10.776,106916000.0
74,COO,MRT,2002-12-31,2003-01-31,2003-01-31,2021-09-03,3483000.0,596968000.0,563163500.0,214165000.0,382803000.0,0.624,10.773,-23059000.0,9054000.0,9054000.0,129833000.0,53325000.0,2.087,0.793,176355000.0,17392000.0,158963000.0,176355000.0,0.0,12247000.0,0.0,0.002,0.055,78197000.0,90444000.0,0.258,90444000.0,78197000.0,70392000.0,1.75,1.71,1.75,332935000.0,303958500.0,332935000.0,944905011.0,12.0,10.447,31832000.0,1.03,1.0,221375000.0,0.63,261384000.0,7805000.0,400284000.0,347407750.0,81045000.0,3023000.0,3023000.0,0.0,264033000.0,102601000.0,161432000.0,791509011.0,4187000.0,-162978000.0,6452000.0,129377000.0,-1693000.0,134136000.0,-185197000.0,731000.0,54891000.0,357000.0,53325000.0,53325000.0,53325000.0,0.0,0.0,0.152,147692000.0,73683000.0,14287000.0,0.031,2.377,14.843,14.634,94516000.0,0.0,25.61,2.254,2.254,83886000.0,50164000.0,351208000.0,351208000.0,4773000.0,0.095,0.175,0.225,0.223,0.0,141394000.0,1.0,30906248.0,30904000,31601000.0,11.364,335584000.0,41592000.0,17067000.0,13006000.0,10.859,111564000.0
75,COO,MRT,2002-09-30,2002-10-31,2002-10-31,2021-09-03,-4474000.0,571115000.0,511406500.0,198910000.0,372205000.0,0.617,10.188,-23434000.0,10255000.0,10255000.0,115813000.0,48875000.0,1.57,0.834,163651000.0,36333000.0,127318000.0,163651000.0,0.0,11369000.0,0.0,0.002,0.05,72043000.0,83412000.0,0.265,83412000.0,72043000.0,65169000.0,1.6,1.57,1.6,311442000.0,286395750.0,311442000.0,971705121.0,13.0,11.649,32513000.0,1.064,1.0,199493000.0,0.633,253617000.0,6874000.0,344213000.0,301767250.0,76279000.0,2750000.0,2750000.0,0.0,259673000.0,126681000.0,132992000.0,812212121.0,-2673000.0,-136138000.0,6125000.0,91727000.0,-1527000.0,96325000.0,-155093000.0,4382000.0,55947000.0,148000.0,48875000.0,48875000.0,48875000.0,0.0,0.0,0.155,132522000.0,66971000.0,15212000.0,0.031,2.608,16.618,16.562,87944000.0,0.0,26.5,2.576,2.569,74545000.0,37236000.0,315306000.0,315306000.0,4315000.0,0.096,0.171,0.239,0.228,0.0,126730000.0,1.0,30649514.0,30568000,31189000.0,10.315,317498000.0,44587000.0,16294000.0,12261000.0,10.387,72229000.0
76,COO,MRT,2002-06-30,2002-07-31,2002-07-31,2021-09-03,-1711000.0,552640000.0,467840000.0,198269000.0,354371000.0,0.613,9.631,-21928000.0,8790000.0,8790000.0,105582000.0,44440000.0,1.683,0.874,168283000.0,32941000.0,135342000.0,168283000.0,0.0,11571000.0,0.0,0.002,0.05,67119000.0,78690000.0,0.275,78690000.0,67119000.0,61514000.0,1.47,1.43,1.47,294865000.0,272606250.0,294865000.0,818886364.0,12.0,10.406,23686000.0,0.774,1.0,181052000.0,0.632,230598000.0,5605000.0,363710000.0,275496000.0,77444000.0,5156000.0,5156000.0,0.0,257775000.0,117825000.0,139950000.0,671359364.0,-2478000.0,-142800000.0,3657000.0,110580000.0,-1527000.0,112757000.0,-160274000.0,4382000.0,45614000.0,-575000.0,44440000.0,44440000.0,44440000.0,0.0,0.0,0.155,118819000.0,62233000.0,14486000.0,0.034,2.277,15.107,14.932,93918000.0,0.0,21.95,2.342,2.345,69779000.0,21045000.0,286634000.0,286634000.0,3715000.0,0.095,0.163,0.244,0.234,0.0,112523000.0,1.0,30585848.0,30616000,31210000.0,9.362,322042000.0,45752000.0,17074000.0,10250000.0,10.519,80444000.0
77,COO,MRT,2002-03-31,2002-04-30,2002-04-30,2021-09-03,-3597000.0,531931000.0,420840250.0,198594000.0,333337000.0,0.612,9.072,-21570000.0,17033000.0,17033000.0,93074000.0,41440000.0,1.099,0.923,164560000.0,93770000.0,70790000.0,164560000.0,0.0,11065000.0,0.0,0.002,0.05,60602000.0,71667000.0,0.278,71667000.0,60602000.0,56430000.0,1.375,1.335,1.375,276592000.0,258712500.0,276592000.0,865985872.0,14.0,12.083,18635000.0,0.611,1.0,164362000.0,0.638,217316000.0,4172000.0,281424000.0,236047000.0,73181000.0,4016000.0,4016000.0,0.0,255339000.0,180718000.0,74621000.0,806936872.0,5136000.0,-73797000.0,10049000.0,48374000.0,-1510000.0,56960000.0,-91520000.0,4057000.0,40205000.0,-509000.0,41440000.0,41440000.0,41440000.0,0.0,0.0,0.161,105109000.0,59253000.0,15258000.0,0.036,2.917,19.472,19.273,88492000.0,0.0,26.5,3.135,3.138,66313000.0,8450000.0,257436000.0,257436000.0,3652000.0,0.098,0.16,0.257,0.235,0.0,97984000.0,1.0,30450448.0,30487000,31128000.0,8.444,314615000.0,44890000.0,14990000.0,9005000.0,10.32,17876000.0
78,COO,MRT,2001-12-31,2002-01-31,2002-01-31,2021-09-03,-5915000.0,389940000.0,370630250.0,148981000.0,240959000.0,0.655,8.63,-19761000.0,4867000.0,4867000.0,85041000.0,40232000.0,1.703,0.484,63916000.0,27103000.0,36813000.0,63916000.0,0.0,10545000.0,0.0,0.002,0.05,59518000.0,70063000.0,0.289,70063000.0,59518000.0,55886000.0,1.34,1.305,1.34,262684000.0,245082000.0,262684000.0,769083825.0,13.0,10.977,7576000.0,0.249,1.0,157667000.0,0.65,143802000.0,3632000.0,217722000.0,216858500.0,54176000.0,5006000.0,5006000.0,0.0,127256000.0,87465000.0,39791000.0,713209825.0,-7113000.0,-50218000.0,17514000.0,16281000.0,-1510000.0,32285000.0,-66585000.0,3622000.0,27337000.0,-150000.0,40232000.0,40232000.0,40232000.0,0.0,0.0,0.166,99467000.0,58200000.0,10537000.0,0.037,2.715,17.727,17.481,64519000.0,0.0,23.425,2.939,2.938,56016000.0,-1468000.0,242708000.0,242708000.0,3631000.0,0.109,0.164,0.274,0.245,0.0,91568000.0,1.0,30446524.0,30440000,31075000.0,7.973,246138000.0,46519000.0,15654000.0,8162000.0,8.086,61516000.0
79,COO,MRT,2001-09-30,2001-10-31,2001-10-31,2021-09-03,-3305000.0,396849000.0,353517750.0,155205000.0,241644000.0,0.664,8.637,-16757000.0,12928000.0,12928000.0,81204000.0,37136000.0,2.283,0.548,68802000.0,8249000.0,60553000.0,68802000.0,0.0,10988000.0,0.0,0.001,0.035,55866000.0,66854000.0,0.285,66854000.0,55866000.0,52128000.0,1.25,1.22,1.25,256284000.0,230865750.0,256284000.0,770361576.0,14.0,11.523,8862000.0,0.299,1.0,153368000.0,0.654,145622000.0,3738000.0,239128000.0,207424750.0,51153000.0,7982000.0,7982000.0,0.0,140565000.0,67973000.0,72592000.0,726600576.0,-1680000.0,-48217000.0,18912000.0,20112000.0,-1038000.0,37986000.0,-65208000.0,0.0,25619000.0,-77000.0,37136000.0,37136000.0,37136000.0,0.0,0.0,0.158,98610000.0,54758000.0,11149000.0,0.028,2.835,19.566,19.2,61028000.0,0.0,24.0,3.098,3.036,55318000.0,-10112000.0,234572000.0,234572000.0,3658000.0,0.105,0.161,0.269,0.238,0.0,89770000.0,1.0,30275024.0,29673000,30491000.0,7.905,251227000.0,48554000.0,14992000.0,7688000.0,8.467,87232000.0
80,COO,MRT,2001-06-30,2001-07-31,2001-07-31,2021-09-03,-5851000.0,364641000.0,334946750.0,133460000.0,231181000.0,0.68,7.981,-15274000.0,11268000.0,11268000.0,77474000.0,34529000.0,1.997,0.524,55029000.0,9435000.0,45594000.0,55029000.0,0.0,10246000.0,0.0,0.002,0.045,52589000.0,62835000.0,0.276,62835000.0,52589000.0,48844000.0,1.18,1.155,1.18,239290000.0,216404250.0,239290000.0,761843176.0,14.0,12.125,17286000.0,0.577,1.0,150185000.0,0.66,135644000.0,3745000.0,205914000.0,192687500.0,47574000.0,4840000.0,4840000.0,0.0,125351000.0,66844000.0,58507000.0,721898176.0,1840000.0,-35960000.0,18503000.0,3120000.0,-1324000.0,20252000.0,-51428000.0,0.0,32560000.0,456000.0,34529000.0,34529000.0,34529000.0,0.0,0.0,0.152,98686000.0,51499000.0,11312000.0,0.038,3.017,20.907,20.466,56635000.0,0.0,24.15,3.171,3.181,43053000.0,-21868000.0,227659000.0,227659000.0,3520000.0,0.103,0.16,0.273,0.231,0.0,90209000.0,1.0,29892264.0,29984000,30768000.0,7.593,228997000.0,54276000.0,14315000.0,7046000.0,7.637,66616000.0
81,COO,MRT,2001-03-31,2001-04-30,2001-04-30,2021-09-03,-5816000.0,331091000.0,317915750.0,128045000.0,203046000.0,0.683,7.545,-15650000.0,11897000.0,11897000.0,72546000.0,32829000.0,2.353,0.491,51842000.0,9886000.0,41956000.0,51842000.0,0.0,9602000.0,0.0,0.001,0.03,50866000.0,60468000.0,0.278,60468000.0,50866000.0,46871000.0,1.14,1.115,1.14,222070000.0,202625250.0,222070000.0,677777818.0,13.0,11.209,19559000.0,0.665,1.0,144656000.0,0.666,111946000.0,3995000.0,204670000.0,190183000.0,44008000.0,4338000.0,4338000.0,0.0,109021000.0,54420000.0,54601000.0,647089818.0,7150000.0,-20760000.0,13917000.0,-2792000.0,-859000.0,9322000.0,-37857000.0,0.0,35209000.0,476000.0,32829000.0,32829000.0,32829000.0,0.0,0.0,0.151,94109000.0,50547000.0,9668000.0,0.026,2.914,19.711,19.474,51606000.0,0.0,22.2,2.979,3.008,40417000.0,-31480000.0,217202000.0,217202000.0,3168000.0,0.103,0.162,0.267,0.234,0.0,86410000.0,1.0,29148190.0,29434000,30248000.0,7.379,219145000.0,54842000.0,14042000.0,7359000.0,7.445,73625000.0
82,COO,MRT,2000-12-31,2001-01-31,2001-01-31,2021-09-03,-4109000.0,321490000.0,308496500.0,120047000.0,201443000.0,0.683,7.101,-14644000.0,11980000.0,11980000.0,71118000.0,30882000.0,1.902,0.562,42668000.0,2047000.0,40621000.0,42668000.0,0.0,9259000.0,0.0,0.002,0.04,48722000.0,57981000.0,0.275,57981000.0,48722000.0,44360000.0,1.085,1.06,1.085,205819000.0,190695000.0,205819000.0,592396554.0,12.0,10.217,23525000.0,0.812,1.0,139671000.0,0.663,109070000.0,4362000.0,179987000.0,189175750.0,41197000.0,5978000.0,5978000.0,0.0,115671000.0,63121000.0,52550000.0,558653554.0,9298000.0,-6209000.0,4806000.0,-10296000.0,-1142000.0,-7088000.0,-22237000.0,0.0,38169000.0,454000.0,30882000.0,30882000.0,30882000.0,0.0,0.0,0.147,91377000.0,48294000.0,25598000.0,0.037,2.714,18.09,17.788,49979000.0,0.0,19.3,2.65,2.654,33735000.0,-40190000.0,210789000.0,210789000.0,2947000.0,0.1,0.162,0.258,0.231,0.0,83975000.0,1.0,28945780.0,28986000,29636000.0,7.272,212420000.0,57503000.0,13478000.0,7817000.0,7.328,56926000.0
83,COO,MRT,2000-09-30,2000-10-31,2000-10-31,2021-09-03,-3558000.0,322565000.0,300607500.0,112685000.0,209880000.0,0.669,6.993,-14665000.0,14608000.0,14608000.0,68100000.0,28968000.0,1.726,0.626,48351000.0,8094000.0,40257000.0,48351000.0,0.0,8734000.0,0.0,0.002,0.04,46439000.0,55173000.0,0.274,55173000.0,46439000.0,41695000.0,1.02,1.0,1.02,198438000.0,181321000.0,198438000.0,550006607.0,12.0,9.969,26363000.0,0.929,1.0,133117000.0,0.662,110854000.0,4744000.0,180179000.0,196088250.0,38219000.0,0.0,0.0,0.0,124127000.0,65275000.0,58852000.0,511117607.0,-6314000.0,-24444000.0,3078000.0,-9157000.0,-1134000.0,-7213000.0,-40564000.0,0.0,41028000.0,435000.0,28968000.0,28968000.0,28968000.0,0.0,0.0,0.144,86248000.0,46869000.0,7733000.0,0.039,2.576,17.644,17.525,47933000.0,0.0,17.875,2.54,2.521,33058000.0,-46210000.0,201217000.0,201217000.0,2711000.0,0.096,0.16,0.237,0.231,0.0,79324000.0,1.0,28593992.0,28376000,29019000.0,7.091,211711000.0,60779000.0,12727000.0,8033000.0,7.461,47410000.0
84,COO,MRT,2000-06-30,2000-07-31,2000-07-31,2021-09-03,-2688000.0,296517000.0,291434500.0,104759000.0,191758000.0,0.652,6.471,-13756000.0,9428000.0,9428000.0,64768000.0,27339000.0,2.268,0.61,48317000.0,2124000.0,46193000.0,48317000.0,0.0,8383000.0,0.0,0.002,0.04,44550000.0,52933000.0,0.278,52933000.0,44550000.0,39340000.0,0.965,0.945,0.965,184174000.0,172747250.0,184174000.0,548201533.0,12.0,10.357,27060000.0,0.951,1.0,125362000.0,0.659,93320000.0,5210000.0,195896000.0,202166500.0,38098000.0,0.0,0.0,0.0,112343000.0,46190000.0,66153000.0,498444533.0,-2298000.0,-21134000.0,3020000.0,-5833000.0,-1129000.0,-3567000.0,-39786000.0,0.0,40816000.0,239000.0,27339000.0,27339000.0,27339000.0,2970000.0,0.0,0.144,80306000.0,45056000.0,13021000.0,0.041,2.706,18.232,18.197,46655000.0,0.0,17.56,2.622,2.629,30628000.0,-55073000.0,190130000.0,190130000.0,2703000.0,0.094,0.158,0.22,0.234,0.0,73550000.0,1.0,28385224.0,28462000,29192000.0,6.68,203197000.0,62001000.0,12001000.0,6645000.0,7.139,58569000.0
85,COO,MRT,2000-03-31,2000-04-30,2000-04-30,2021-09-03,-1927000.0,293414000.0,287797500.0,99615000.0,193799000.0,0.635,6.169,-10882000.0,4747000.0,4747000.0,62476000.0,25224000.0,2.078,0.683,54504000.0,2295000.0,52209000.0,54504000.0,0.0,12640000.0,0.0,0.002,0.04,43090000.0,55730000.0,0.305,55730000.0,43090000.0,37722000.0,0.895,0.88,0.895,174349000.0,165744500.0,174349000.0,531607965.0,12.0,9.539,26938000.0,0.953,1.0,120150000.0,0.658,94583000.0,5368000.0,200641000.0,203597500.0,38283000.0,0.0,0.0,0.0,119065000.0,47947000.0,71118000.0,474334965.0,-694000.0,-21181000.0,0.0,-6129000.0,-1125000.0,-2804000.0,-35959000.0,0.0,37820000.0,249000.0,25224000.0,25224000.0,25224000.0,2970000.0,0.0,0.138,77248000.0,42902000.0,10946000.0,0.045,2.721,18.805,18.782,43913000.0,0.0,16.81,2.597,2.601,31476000.0,-63450000.0,182626000.0,182626000.0,2398000.0,0.088,0.152,0.212,0.236,0.0,70874000.0,1.0,28217428.0,28260000,28876000.0,6.462,198831000.0,65182000.0,12498000.0,10726000.0,7.036,51668000.0
86,COO,MRT,1999-12-31,2000-01-31,2000-01-31,2021-09-03,-988000.0,289934000.0,283145750.0,92674000.0,197260000.0,0.613,5.982,-11225000.0,2682000.0,2682000.0,59365000.0,25596000.0,2.082,0.722,59955000.0,2500000.0,57455000.0,59955000.0,0.0,10451000.0,0.0,0.002,0.03,43154000.0,53605000.0,0.309,53605000.0,43154000.0,37292000.0,0.91,0.9,0.91,168323000.0,159317750.0,168323000.0,466445496.0,11.0,8.702,25212000.0,0.896,1.0,114235000.0,0.658,95056000.0,5862000.0,207637000.0,203701250.0,40208000.0,0.0,0.0,0.0,121611000.0,44514000.0,77097000.0,425412496.0,-3092000.0,5414000.0,-7345000.0,-22422000.0,-842000.0,-30184000.0,-9727000.0,0.0,36437000.0,382000.0,25596000.0,25596000.0,25596000.0,1129000.0,0.0,0.147,73087000.0,41148000.0,9182000.0,0.033,2.527,16.62,16.621,42211000.0,0.0,15.125,2.451,2.452,28513000.0,-69930000.0,173600000.0,173600000.0,2164000.0,0.09,0.161,0.212,0.249,0.0,67103000.0,1.0,28126446.0,28138000,28718000.0,6.17,194878000.0,66715000.0,11696000.0,11991000.0,6.926,48160000.0
87,COO,MRT,1999-09-30,1999-10-31,1999-10-31,2021-09-03,-595000.0,285873000.0,283069250.0,100461000.0,185412000.0,0.594,5.821,-10121000.0,20922000.0,20922000.0,59009000.0,25100000.0,2.398,0.742,61955000.0,4888000.0,57067000.0,61955000.0,0.0,8440000.0,0.0,0.002,0.02,42141000.0,50581000.0,0.301,50581000.0,42141000.0,35811000.0,0.89,0.875,0.89,164143000.0,154064500.0,164143000.0,398373850.0,9.0,7.876,17577000.0,0.623,1.0,109146000.0,0.649,80518000.0,6330000.0,204492000.0,211596250.0,33430000.0,0.0,0.0,0.0,121730000.0,41896000.0,79834000.0,350594850.0,13589000.0,28685000.0,-7345000.0,-28122000.0,-561000.0,-34566000.0,20156000.0,5419000.0,27698000.0,301000.0,25100000.0,25100000.0,25100000.0,-129000.0,0.0,0.149,70335000.0,38811000.0,6263000.0,0.022,2.136,13.968,14.045,40319000.0,0.0,12.5,2.085,2.096,26792000.0,-74044000.0,168155000.0,168155000.0,1977000.0,0.089,0.163,0.199,0.251,0.0,64561000.0,1.0,28047588.0,28196000,28624000.0,5.964,205355000.0,68157000.0,10711000.0,11351000.0,7.283,58565000.0
88,COO,MRT,1999-06-30,1999-07-31,1999-07-31,2021-09-03,-1008000.0,281969000.0,285611250.0,96614000.0,185355000.0,0.563,5.588,-12521000.0,11726000.0,11726000.0,60293000.0,53836000.0,2.073,0.806,59505000.0,3009000.0,56496000.0,59505000.0,0.0,14867000.0,0.0,0.001,0.01,34841000.0,49708000.0,0.309,49708000.0,34841000.0,28109000.0,1.14,1.125,1.14,156163000.0,149342000.0,156163000.0,339443836.0,10.0,6.829,11626000.0,0.416,1.0,100462000.0,0.625,81527000.0,6732000.0,201620000.0,222459750.0,34953000.0,0.0,0.0,0.0,125806000.0,46601000.0,79205000.0,284547836.0,1667000.0,24934000.0,-15338000.0,-20245000.0,-280000.0,-34682000.0,12027000.0,0.0,24147000.0,175000.0,53836000.0,53836000.0,53836000.0,-7435000.0,0.0,0.335,67434000.0,33028000.0,9038000.0,0.009,1.822,5.285,8.965,38469000.0,0.0,10.22,1.77,1.777,26572000.0,-81283000.0,160755000.0,160755000.0,1734000.0,0.188,0.36,0.157,0.217,0.0,61820000.0,1.0,27842254.0,27946000,28388000.0,5.752,200442000.0,72318000.0,-25727000.0,13878000.0,7.172,50013000.0
89,COO,MRT,1999-03-31,1999-04-30,1999-04-30,2021-09-03,-1197000.0,274807000.0,285522750.0,87583000.0,187224000.0,0.55,5.329,-16541000.0,5441000.0,5441000.0,60050000.0,49125000.0,1.897,0.849,60337000.0,3170000.0,57167000.0,60337000.0,0.0,8416000.0,0.0,0.0,0.0,26349000.0,34765000.0,0.221,34765000.0,26349000.0,19407000.0,1.245,1.225,1.245,148642000.0,144707250.0,148642000.0,294747225.0,11.0,8.478,4394000.0,0.158,1.0,97010000.0,0.618,82466000.0,6942000.0,201056000.0,226781750.0,35509000.0,0.0,0.0,0.0,126165000.0,46181000.0,79984000.0,219591225.0,3994000.0,25927000.0,-15338000.0,-5598000.0,0.0,-26397000.0,9386000.0,0.0,20935000.0,70000.0,49125000.0,49125000.0,49125000.0,-7435000.0,0.0,0.313,65445000.0,31565000.0,9476000.0,0.0,1.477,4.47,6.325,37202000.0,0.0,7.875,1.398,1.399,24663000.0,-87549000.0,157060000.0,157060000.0,1848000.0,0.172,0.339,0.116,0.168,0.0,59739000.0,1.0,27884600.0,27892000,28142000.0,5.631,192341000.0,74340000.0,-29718000.0,13481000.0,6.896,41402000.0
90,COO,MRT,1998-12-31,1999-01-31,1999-01-31,2021-09-03,-899000.0,289628000.0,283581250.0,110322000.0,179306000.0,0.539,5.105,-19397000.0,5774000.0,5774000.0,57903000.0,43095000.0,2.617,0.966,80930000.0,3271000.0,77659000.0,80930000.0,0.0,8416000.0,0.0,0.0,0.0,17261000.0,25677000.0,0.168,25677000.0,17261000.0,10268000.0,1.275,1.245,1.275,147310000.0,139467250.0,147310000.0,306623355.0,18.0,11.942,-4424000.0,-0.153,1.0,94864000.0,0.621,83419000.0,6993000.0,239217000.0,226845500.0,34557000.0,0.0,0.0,0.0,142318000.0,42148000.0,100170000.0,223709355.0,-2983000.0,-9188000.0,-7993000.0,15875000.0,0.0,10860000.0,-28585000.0,0.0,14973000.0,-231000.0,43095000.0,43095000.0,43095000.0,-5594000.0,0.0,0.282,64480000.0,30384000.0,14452000.0,0.0,1.519,5.191,5.882,35438000.0,0.0,7.5,1.464,1.417,23707000.0,-94684000.0,152767000.0,152767000.0,1949000.0,0.152,0.309,0.076,0.113,0.0,58734000.0,1.0,29827914.0,28854000,29336000.0,5.294,206209000.0,67374000.0,-32827000.0,8805000.0,7.147,68174000.0
91,COO,MRT,1998-09-30,1998-10-31,1998-10-31,2021-09-03,-666000.0,296041000.0,274012500.0,116077000.0,179964000.0,0.537,4.898,-19573000.0,7333000.0,7333000.0,55764000.0,39846000.0,2.486,1.038,90247000.0,11570000.0,78677000.0,90247000.0,0.0,8416000.0,0.0,0.0,0.0,11376000.0,19792000.0,0.134,19792000.0,11376000.0,5123000.0,1.345,1.305,1.345,145253000.0,132334250.0,145253000.0,423204028.0,37.0,21.383,-8205000.0,-0.277,1.0,91428000.0,0.621,84308000.0,6253000.0,247946000.0,211831250.0,30349000.0,0.0,0.0,0.0,150788000.0,46701000.0,104087000.0,354168028.0,-10916000.0,-34298000.0,-7993000.0,44890000.0,0.0,37327000.0,-59290000.0,-5419000.0,11368000.0,-321000.0,39846000.0,39846000.0,39846000.0,-4336000.0,0.0,0.271,61728000.0,29700000.0,8393000.0,0.0,2.438,8.888,8.829,34234000.0,0.0,11.875,2.406,2.393,24426000.0,-98583000.0,147192000.0,147192000.0,1944000.0,0.145,0.301,0.054,0.077,0.0,56226000.0,1.0,29824676.0,29656000,30538000.0,4.963,211733000.0,67811000.0,-34723000.0,8987000.0,7.14,69376000.0
92,COO,MRT,1998-06-30,1998-07-31,1998-07-31,2021-09-03,0.0,281615000.0,242658250.0,95011000.0,186604000.0,0.389,4.619,-16527000.0,10059000.0,10059000.0,12928000.0,19103000.0,2.251,1.046,79095000.0,2707000.0,76388000.0,79095000.0,0.0,4267000.0,0.0,0.0,0.0,-3817000.0,450000.0,0.005,450000.0,-3817000.0,-7626000.0,1.4,1.355,1.4,137624000.0,123904250.0,137624000.0,543562693.0,-142.0,1207.917,-5204000.0,-0.175,1.0,81396000.0,0.863,89531000.0,3809000.0,218908000.0,174981250.0,30201000.0,0.0,0.0,0.0,143991000.0,42212000.0,101779000.0,473500693.0,-33232000.0,-33836000.0,-64000.0,5530000.0,0.0,5310000.0,-49681000.0,-2216000.0,11323000.0,-184000.0,19103000.0,19103000.0,19103000.0,0.0,0.0,0.203,56281000.0,25115000.0,12656000.0,0.0,3.441,24.787,11.361,62297000.0,0.0,15.905,5.02,5.024,40290000.0,-113779000.0,94324000.0,94324000.0,2025000.0,0.079,0.154,-0.022,-0.04,0.0,51342000.0,1.0,29770556.0,29792000,30684000.0,3.166,192084000.0,26239000.0,-26729000.0,10471000.0,6.448,52799000.0
93,COO,MRT,1998-03-31,1998-04-30,1998-04-30,2021-09-03,0.0,267041000.0,,83095000.0,183946000.0,,4.293,-12097000.0,1456000.0,1456000.0,18439000.0,24454000.0,1.826,1.091,71518000.0,3090000.0,68428000.0,71518000.0,0.0,4267000.0,0.0,0.0,0.0,1222000.0,5489000.0,0.059,5489000.0,1222000.0,-2390000.0,1.345,1.3,1.345,127682000.0,,127682000.0,628134486.0,514.0,114.435,-4435000.0,-0.149,1.0,75125000.0,0.803,90276000.0,3612000.0,201311000.0,,28212000.0,0.0,0.0,0.0,139359000.0,45516000.0,93843000.0,571613486.0,-91000.0,-33890000.0,50388000.0,-15868000.0,0.0,37828000.0,-45342000.0,-2216000.0,7662000.0,-239000.0,24454000.0,24454000.0,24454000.0,0.0,0.0,0.261,52040000.0,23085000.0,12980000.0,0.0,4.477,23.375,14.29,57703000.0,0.0,19.22,6.109,6.11,40807000.0,-123953000.0,93564000.0,93564000.0,2000000.0,,,,0.013,0.0,47555000.0,1.0,29740556.0,29744000,30886000.0,3.146,176765000.0,26290000.0,-26844000.0,10812000.0,5.943,37579000.0
94,COO,MRT,1997-12-31,1998-01-31,1998-01-31,2021-09-03,0.0,251353000.0,,82867000.0,168486000.0,,4.011,-7863000.0,8757000.0,8757000.0,22889000.0,28722000.0,1.92,1.116,65278000.0,1472000.0,63806000.0,65278000.0,0.0,4267000.0,0.0,0.0,0.0,5006000.0,9273000.0,0.103,9273000.0,5006000.0,1952000.0,1.285,1.245,1.285,118778000.0,,118778000.0,725675362.0,145.0,78.257,-915000.0,-0.031,1.0,66888000.0,0.745,85543000.0,3054000.0,179160000.0,,25835000.0,0.0,0.0,0.0,132575000.0,43171000.0,89404000.0,734361362.0,6121000.0,-30621000.0,50388000.0,-9505000.0,0.0,39268000.0,-39957000.0,-2216000.0,6948000.0,-138000.0,28722000.0,28722000.0,28722000.0,0.0,0.0,0.32,45971000.0,20917000.0,10680000.0,0.0,6.183,25.568,19.307,52778000.0,0.0,24.81,8.18,8.184,38158000.0,-132436000.0,89777000.0,89777000.0,1871000.0,,,,0.056,0.0,42105000.0,1.0,29599410.0,29616000,30708000.0,3.031,165810000.0,26548000.0,-26770000.0,13232000.0,5.599,39696000.0
95,COO,MRT,1997-09-30,1997-10-31,1997-10-31,2021-09-03,0.0,170624000.0,136766500.0,100574000.0,70050000.0,0.649,4.371,-7735000.0,18249000.0,18249000.0,27325000.0,31382000.0,3.454,0.53,9563000.0,438000.0,9125000.0,9563000.0,0.0,4267000.0,0.0,0.0,0.0,7821000.0,12088000.0,0.136,12088000.0,7821000.0,4647000.0,1.23,1.195,1.23,111533000.0,63431500.0,111533000.0,,,,3996000.0,0.157,1.0,61444000.0,0.692,32274000.0,3174000.0,100546000.0,95303000.0,14921000.0,0.0,0.0,0.0,59091000.0,29118000.0,29973000.0,529089454.0,11412000.0,-7145000.0,50388000.0,-32740000.0,0.0,17134000.0,-17453000.0,-2216000.0,11731000.0,0.0,31382000.0,31382000.0,31382000.0,0.0,0.0,0.354,41641000.0,19803000.0,6561000.0,0.0,4.744,16.86,14.533,7634000.0,0.0,17.875,5.96,5.138,13150000.0,-138429000.0,88769000.0,88769000.0,1739000.0,0.229,0.495,0.082,0.088,0.0,38337000.0,1.0,29599410.0,25518000,26240000.0,3.479,138350000.0,31213000.0,-26735000.0,9134000.0,5.422,71456000.0
96,COO,MRT,1997-06-30,1997-07-31,1997-07-31,2021-09-03,,,,,,,,,,,,,,,,,,,,,,0.0,0.0,,,,,,,,,,,,,,,,,,1.0,,,,,,,,,,,,,,,,,,,,,,,,,,,,,,,,,,,,,,,,14.0,,,,,,,,,,,,,,1.0,,25290000,,,,,,,,
97,COO,MRT,1997-03-31,1997-04-30,1997-04-30,2021-09-03,,,,,,,,,,,,,,,,,,,,,,0.0,0.0,,,,,,,,,,,,,,,,,,1.0,,,,,,,,,,,,,,,,,,,,,,,,,,,,,,,,,,,,,,,,8.94,,,,,,,,,,,,,,1.0,,23848000,,,,,,,,
98,COO,MRT,1996-12-31,1997-01-31,1997-01-31,2021-09-03,,,,,,,,,,,,,,,,,,,,,,0.0,0.0,,,,,,,,,,,,,,,,,,1.0,,,,,,,,,,,,,,,,,,,,,,,,,,,,,,,,,,,,,,,,9.25,,,,,,,,,,,,,,1.0,,23352000,,,,,,,,
99,COO,MRT,1996-09-30,1996-10-31,1996-10-31,2021-09-03,0.0,102909000.0,,42495000.0,60414000.0,,0.658,-3182000.0,6837000.0,6837000.0,19911000.0,16603000.0,1.276,5.713,48764000.0,844000.0,47920000.0,48764000.0,0.0,3352000.0,0.0,0.0,0.0,15586000.0,18938000.0,0.286,18938000.0,15586000.0,12165000.0,0.715,0.705,0.715,15330000.0,,15330000.0,,,,275000.0,0.012,1.0,46207000.0,0.699,21468000.0,3421000.0,90060000.0,,10363000.0,0.0,0.0,0.0,87579000.0,33308000.0,54271000.0,,-4370000.0,-4080000.0,0.0,-1513000.0,0.0,-1321000.0,-6506000.0,0.0,3457000.0,0.0,16603000.0,16603000.0,16603000.0,0.0,0.0,0.251,31937000.0,14270000.0,4574000.0,0.0,,,10.056,34674000.0,0.0,7.19,,2.533,21650000.0,-169811000.0,66118000.0,66118000.0,1176000.0,,,,0.236,0.0,29717000.0,1.0,,23292000,23588000.0,2.839,81441000.0,4148000.0,-4438000.0,9537000.0,3.497,9187000.0
100,COO,MRT,1995-09-30,1995-10-31,1995-10-31,2021-09-03,,,,,,,,-2185000.0,,,58003000.0,115000.0,,,,,,,,2704000.0,,0.0,0.0,4971000.0,7675000.0,0.079,7675000.0,4971000.0,230000.0,0.005,,0.005,,,,,,,1236000.0,0.053,1.0,39087000.0,0.403,,4741000.0,,,,,,,,,,,887000.0,-821000.0,0.0,-245000.0,0.0,-122000.0,-2412000.0,0.0,3421000.0,0.0,115000.0,115000.0,115000.0,0.0,0.0,0.001,31079000.0,8008000.0,,0.0,,,588.0,,0.0,2.94,,0.701,,,97090000.0,97090000.0,2914000.0,,,,0.051,0.0,25826000.0,1.0,,23152000,,4.194,,,115000.0,,,
