None,ticker,dimension,calendardate,datekey,reportperiod,lastupdated,accoci,assets,assetsavg,assetsc,assetsnc,assetturnover,bvps,capex,cashneq,cashnequsd,cor,consolinc,currentratio,de,debt,debtc,debtnc,debtusd,deferredrev,depamor,deposits,divyield,dps,ebit,ebitda,ebitdamargin,ebitdausd,ebitusd,ebt,eps,epsdil,epsusd,equity,equityavg,equityusd,ev,evebit,evebitda,fcf,fcfps,fxusd,gp,grossmargin,intangibles,intexp,invcap,invcapavg,inventory,investments,investmentsc,investmentsnc,liabilities,liabilitiesc,liabilitiesnc,marketcap,ncf,ncfbus,ncfcommon,ncfdebt,ncfdiv,ncff,ncfi,ncfinv,ncfo,ncfx,netinc,netinccmn,netinccmnusd,netincdis,netincnci,netmargin,opex,opinc,payables,payoutratio,pb,pe,pe1,ppnenet,prefdivis,price,ps,ps1,receivables,retearn,revenue,revenueusd,rnd,roa,roe,roic,ros,sbcomp,sgna,sharefactor,sharesbas,shareswa,shareswadil,sps,tangibles,taxassets,taxexp,taxliabilities,tbvps,workingcapital
0,NRTLQ,MRY,2008-12-31,2008-12-31,2008-12-31,2020-04-01,-729000000.0,8837000000.0,13143250000.0,6628000000.0,2209000000.0,0.793,-7.942,-159000000.0,2433000000.0,2433000000.0,6136000000.0,-5799000000.0,1.471,-3.029,4520000000.0,19000000.0,4501000000.0,4520000000.0,0.0,337000000.0,0.0,0.0,0.0,-2298000000.0,-1961000000.0,-0.188,-1961000000.0,-2298000000.0,-2606000000.0,-11.64,-11.64,-11.64,-3951000000.0,16250000.0,-3951000000.0,2258349166.0,-1.0,-1.152,-726000000.0,-1.459,1.0,4285000000.0,0.411,323000000.0,308000000.0,6095000000.0,7799250000.0,1477000000.0,192000000.0,65000000.0,127000000.0,11966000000.0,4506000000.0,7460000000.0,129349166.0,-1135000000.0,-114000000.0,0.0,-3000000.0,0.0,-74000000.0,-310000000.0,-323000000.0,-567000000.0,-184000000.0,-5799000000.0,-5799000000.0,-5799000000.0,0.0,0.0,-0.556,6478000000.0,-2193000000.0,1001000000.0,0.0,-0.033,-0.022,-0.022,1272000000.0,0.0,0.26,0.012,0.012,2154000000.0,-42362000000.0,10421000000.0,10421000000.0,1573000000.0,-0.441,-356.862,-0.295,-0.221,84000000.0,2153000000.0,1.0,497496792.0,497496792.0,,20.947,8514000000.0,56000000.0,3193000000.0,11000000.0,17.114,2122000000.0
1,NRTLQ,MRY,2007-12-31,2007-12-31,2007-12-31,2020-04-01,237000000.0,17068000000.0,18163500000.0,9147000000.0,7921000000.0,0.603,6.311,-145000000.0,3608000000.0,3608000000.0,6334000000.0,-957000000.0,1.351,4.888,4514000000.0,698000000.0,3816000000.0,4514000000.0,0.0,328000000.0,0.0,0.0,0.0,509000000.0,837000000.0,0.076,837000000.0,509000000.0,157000000.0,-1.98,-1.98,-1.98,2758000000.0,2793750000.0,2758000000.0,7898943710.0,16.0,9.437,-548000000.0,-1.254,1.0,4614000000.0,0.421,2772000000.0,352000000.0,8430000000.0,10289500000.0,2002000000.0,194000000.0,0.0,194000000.0,13480000000.0,6772000000.0,6708000000.0,6594943710.0,40000000.0,-10000000.0,10000000.0,-27000000.0,0.0,-69000000.0,408000000.0,563000000.0,-403000000.0,104000000.0,-957000000.0,-957000000.0,-957000000.0,0.0,0.0,-0.087,4419000000.0,195000000.0,1187000000.0,0.0,2.391,-6.891,-7.621,1532000000.0,0.0,15.09,0.602,0.602,2583000000.0,-36532000000.0,10948000000.0,10948000000.0,1723000000.0,-0.053,-0.343,0.049,0.046,105000000.0,2490000000.0,1.0,437040670.0,437040670.0,,25.05,14296000000.0,3355000000.0,1114000000.0,17000000.0,32.711,2375000000.0
2,NRTLQ,MRY,2006-12-31,2006-12-31,2006-12-31,2020-04-01,-621000000.0,18979000000.0,18211250000.0,9923000000.0,9056000000.0,0.627,2.585,-173000000.0,4131000000.0,4131000000.0,6979000000.0,28000000.0,1.475,15.236,4464000000.0,18000000.0,4446000000.0,4464000000.0,0.0,290000000.0,0.0,0.0,0.0,360000000.0,650000000.0,0.057,650000000.0,360000000.0,88000000.0,0.06,0.06,0.06,1121000000.0,1068000000.0,1121000000.0,12827114062.0,36.0,19.734,64000000.0,0.148,1.0,4439000000.0,0.389,2770000000.0,272000000.0,9816000000.0,9378750000.0,1989000000.0,204000000.0,0.0,204000000.0,17079000000.0,6726000000.0,10353000000.0,11591114062.0,541000000.0,457000000.0,1000000.0,543000000.0,0.0,483000000.0,-273000000.0,-557000000.0,237000000.0,94000000.0,28000000.0,28000000.0,28000000.0,0.0,0.0,0.002,4363000000.0,76000000.0,1125000000.0,0.0,10.34,413.968,445.5,1530000000.0,0.0,26.73,1.015,1.015,2785000000.0,-35574000000.0,11418000000.0,11418000000.0,1939000000.0,0.002,0.026,0.038,0.032,112000000.0,2503000000.0,1.0,433636890.0,433636890.0,,26.331,16209000000.0,4139000000.0,60000000.0,97000000.0,37.379,3197000000.0
3,NRTLQ,MRY,2005-12-31,2005-12-31,2005-12-31,2020-04-01,-848000000.0,18135000000.0,16984500000.0,9109000000.0,9026000000.0,0.619,1.76,-248000000.0,3028000000.0,3028000000.0,6231000000.0,-2610000000.0,1.123,21.742,3885000000.0,1446000000.0,2439000000.0,3885000000.0,0.0,302000000.0,0.0,0.0,0.0,-2482000000.0,-2180000000.0,-0.207,-2180000000.0,-2482000000.0,-2691000000.0,-6.02,-6.02,-6.02,763000000.0,2965750000.0,763000000.0,14077693133.0,-6.0,-6.458,-394000000.0,-0.909,1.0,4278000000.0,0.407,2758000000.0,209000000.0,8125000000.0,8373500000.0,2080000000.0,244000000.0,0.0,244000000.0,16589000000.0,8109000000.0,8480000000.0,13264693133.0,-734000000.0,-181000000.0,6000000.0,-23000000.0,0.0,-60000000.0,-426000000.0,3000000.0,-146000000.0,-102000000.0,-2610000000.0,-2610000000.0,-2610000000.0,-1000000.0,0.0,-0.248,6940000000.0,-2662000000.0,1181000000.0,0.0,17.385,-5.082,-5.083,1560000000.0,0.0,30.6,1.262,1.262,2826000000.0,-35602000000.0,10509000000.0,10509000000.0,1874000000.0,-0.154,-0.88,-0.296,-0.236,88000000.0,2429000000.0,1.0,433486704.0,433486704.0,,24.243,15377000000.0,4041000000.0,-81000000.0,104000000.0,35.473,1000000000.0
4,NRTLQ,MRY,2004-12-31,2004-12-31,2004-12-31,2020-04-01,-533000000.0,17775000000.0,16381000000.0,8850000000.0,8925000000.0,0.579,8.749,-266000000.0,3765000000.0,3765000000.0,5556000000.0,-247000000.0,1.491,3.711,3866000000.0,14000000.0,3852000000.0,3866000000.0,0.0,341000000.0,0.0,0.0,0.0,-75000000.0,266000000.0,0.028,266000000.0,-75000000.0,-267000000.0,-0.57,-0.57,-0.57,3640000000.0,3835500000.0,3640000000.0,14650471165.0,-195.0,55.077,-429000000.0,-1.031,1.0,3922000000.0,0.414,2381000000.0,192000000.0,9560000000.0,9415750000.0,1962000000.0,299000000.0,0.0,299000000.0,13509000000.0,5935000000.0,7574000000.0,14436471165.0,-317000000.0,145000000.0,31000000.0,-108000000.0,0.0,-110000000.0,-132000000.0,-11000000.0,-163000000.0,88000000.0,-247000000.0,-247000000.0,-247000000.0,-49000000.0,0.0,-0.026,4311000000.0,-389000000.0,989000000.0,0.0,3.966,-58.447,-60.877,1640000000.0,0.0,34.7,1.523,1.523,2510000000.0,-32950000000.0,9478000000.0,9478000000.0,1975000000.0,-0.015,-0.064,-0.008,-0.008,77000000.0,2146000000.0,1.0,416036633.0,416036633.0,,22.782,15394000000.0,3993000000.0,-20000000.0,144000000.0,37.002,2915000000.0
5,NRTLQ,MRY,2003-12-31,2003-12-31,2003-12-31,2020-04-01,-538000000.0,16591000000.0,15900000000.0,8306000000.0,8285000000.0,0.625,9.482,-131000000.0,4060000000.0,4060000000.0,5723000000.0,293000000.0,1.661,3.049,4010000000.0,119000000.0,3891000000.0,4010000000.0,0.0,546000000.0,0.0,0.0,0.0,388000000.0,934000000.0,0.094,934000000.0,388000000.0,210000000.0,0.7,0.7,0.7,3945000000.0,3306500000.0,3945000000.0,17812349576.0,46.0,19.071,-122000000.0,-0.293,1.0,4209000000.0,0.424,2391000000.0,178000000.0,9148000000.0,8194000000.0,967000000.0,244000000.0,0.0,244000000.0,12029000000.0,5002000000.0,7027000000.0,17598349576.0,212000000.0,76000000.0,3000000.0,-327000000.0,0.0,-359000000.0,386000000.0,0.0,9000000.0,176000000.0,293000000.0,293000000.0,293000000.0,-183000000.0,0.0,0.03,4339000000.0,-130000000.0,878000000.0,0.0,4.461,60.063,60.429,1656000000.0,0.0,42.3,1.772,1.772,2505000000.0,-32532000000.0,9932000000.0,9932000000.0,1968000000.0,0.018,0.089,0.047,0.039,42000000.0,1966000000.0,1.0,416036633.0,416036633.0,,23.873,14200000000.0,3766000000.0,-83000000.0,191000000.0,34.132,3304000000.0
6,NRTLQ,MRY,2002-12-31,2002-12-31,2002-12-31,2020-04-01,-951000000.0,16961000000.0,18605750000.0,9327000000.0,7634000000.0,0.592,7.951,54000000.0,4039000000.0,4039000000.0,7103000000.0,-2994000000.0,1.5,4.349,4233000000.0,273000000.0,3960000000.0,4233000000.0,0.0,701000000.0,0.0,0.0,0.0,-3242000000.0,-2541000000.0,-0.231,-2541000000.0,-3242000000.0,-3462000000.0,-7.8,-7.8,-7.8,3053000000.0,3742000000.0,3053000000.0,6346681383.0,-2.0,-2.498,-714000000.0,-1.86,1.0,3905000000.0,0.355,2338000000.0,220000000.0,8598000000.0,8637500000.0,1506000000.0,237000000.0,0.0,237000000.0,13277000000.0,6219000000.0,7058000000.0,6181681383.0,316000000.0,75000000.0,863000000.0,-928000000.0,0.0,532000000.0,129000000.0,0.0,-768000000.0,74000000.0,-2994000000.0,-2994000000.0,-2994000000.0,101000000.0,0.0,-0.272,6998000000.0,-3093000000.0,803000000.0,0.0,2.025,-2.065,-2.064,1692000000.0,0.0,16.1,0.562,0.562,2228000000.0,-32966000000.0,11008000000.0,11008000000.0,2083000000.0,-0.161,-0.8,-0.375,-0.295,110000000.0,2553000000.0,1.0,383955365.0,383955365.0,,28.67,14623000000.0,3486000000.0,-468000000.0,337000000.0,38.085,3108000000.0
7,NRTLQ,MRY,2001-12-31,2001-12-31,2001-12-31,2020-04-01,-900000000.0,21202000000.0,28286500000.0,11977000000.0,9225000000.0,0.668,15.91,-1094000000.0,3460000000.0,3460000000.0,14612000000.0,-25722000000.0,1.296,3.166,4849000000.0,755000000.0,4094000000.0,4849000000.0,0.0,5665000000.0,0.0,0.005,0.375,-28265000000.0,-22600000000.0,-1.196,-22600000000.0,-28265000000.0,-28473000000.0,-80.8,-80.8,-80.8,5089000000.0,12757750000.0,5089000000.0,25629523452.0,-1.0,-1.134,-888000000.0,-2.776,1.0,4288000000.0,0.227,3096000000.0,208000000.0,10252000000.0,12819500000.0,1851000000.0,251000000.0,0.0,251000000.0,16113000000.0,9243000000.0,6870000000.0,23861523452.0,1852000000.0,525000000.0,146000000.0,2560000000.0,-123000000.0,2556000000.0,-569000000.0,0.0,206000000.0,-10000000.0,-25722000000.0,-25722000000.0,-25722000000.0,2467000000.0,0.0,-1.361,29170000000.0,-24882000000.0,1347000000.0,-0.005,4.689,-0.928,-0.923,2562000000.0,0.0,74.6,1.263,1.263,3056000000.0,-29973000000.0,18900000000.0,18900000000.0,3116000000.0,-0.909,-2.016,-2.205,-1.496,248000000.0,6111000000.0,1.0,319859564.0,319859564.0,,59.088,18106000000.0,4132000000.0,-2751000000.0,518000000.0,56.606,2734000000.0
8,NRTLQ,MRY,2000-12-31,2000-12-31,2000-12-31,2020-04-01,-529000000.0,42180000000.0,33093500000.0,16530000000.0,25650000000.0,0.844,96.805,-1843000000.0,1644000000.0,1644000000.0,15091000000.0,-3443000000.0,1.825,0.449,1938000000.0,760000000.0,1178000000.0,1938000000.0,93000000.0,5341000000.0,0.0,0.002,0.75,-2165000000.0,3176000000.0,0.114,3176000000.0,-2165000000.0,-2251000000.0,-11.7,-11.7,-11.7,29109000000.0,21090500000.0,29109000000.0,96468908871.0,-45.0,30.374,-897000000.0,-2.983,1.0,12840000000.0,0.46,17958000000.0,86000000.0,15458000000.0,12775500000.0,3827000000.0,773000000.0,0.0,773000000.0,13071000000.0,9058000000.0,4013000000.0,96410908871.0,-509000000.0,1636000000.0,479000000.0,141000000.0,-223000000.0,397000000.0,-687000000.0,0.0,946000000.0,-25000000.0,-3443000000.0,-3443000000.0,-3443000000.0,475000000.0,0.0,-0.123,15471000000.0,-2631000000.0,3005000000.0,-0.064,3.312,-28.002,-27.404,3357000000.0,0.0,320.625,3.452,3.452,8392000000.0,-2726000000.0,27931000000.0,27931000000.0,3637000000.0,-0.104,-0.163,-0.169,-0.078,133000000.0,5450000000.0,1.0,300696792.0,300696792.0,,92.888,24222000000.0,927000000.0,1192000000.0,1180000000.0,80.553,7472000000.0
9,NRTLQ,MRY,1999-12-31,1999-12-31,1999-12-31,2020-04-01,-434000000.0,24007000000.0,,12132000000.0,11875000000.0,,,-771000000.0,2153000000.0,2153000000.0,10781000000.0,-351000000.0,1.708,0.837,1635000000.0,244000000.0,1391000000.0,1635000000.0,53000000.0,2407000000.0,0.0,0.001,0.75,318000000.0,2725000000.0,0.139,2725000000.0,318000000.0,225000000.0,-1.3,-1.3,-1.3,13072000000.0,,13072000000.0,,,,846000000.0,,1.0,8847000000.0,0.451,6295000000.0,93000000.0,10093000000.0,,2663000000.0,1072000000.0,0.0,1072000000.0,10935000000.0,7101000000.0,3834000000.0,,-77000000.0,322000000.0,507000000.0,-33000000.0,-204000000.0,270000000.0,-1309000000.0,0.0,1617000000.0,0.0,-351000000.0,-351000000.0,-351000000.0,94000000.0,0.0,-0.018,8745000000.0,102000000.0,2360000000.0,-0.577,,,-388.462,2333000000.0,0.0,505.0,,,7164000000.0,967000000.0,19628000000.0,19628000000.0,2724000000.0,,,,0.016,243000000.0,3780000000.0,1.0,,,,,17712000000.0,1188000000.0,576000000.0,1255000000.0,,5031000000.0
10,NRTLQ,MRY,1998-12-31,1998-12-31,1998-12-31,2020-04-01,,,,,,,,-604000000.0,,,9645000000.0,-1282000000.0,,,,,,,,1163000000.0,,0.006,0.75,-755000000.0,408000000.0,0.024,408000000.0,-755000000.0,-862000000.0,-5.6,-5.6,-5.6,,,,,,,876000000.0,,1.0,7212000000.0,0.428,,107000000.0,,,,,,,,,,,907000000.0,866000000.0,-99000000.0,-189000000.0,-178000000.0,-466000000.0,-113000000.0,0.0,1480000000.0,6000000.0,-1282000000.0,-1282000000.0,-1282000000.0,0.0,0.0,-0.076,7977000000.0,-765000000.0,,-0.134,,,-22.321,,0.0,125.0,,,,,16857000000.0,16857000000.0,2532000000.0,,,,-0.045,28000000.0,2983000000.0,1.0,,,,,,,420000000.0,,,
0,NRTLQ,MRQ,2009-03-31,2009-03-31,2009-03-31,2020-04-01,-829000000.0,8103000000.0,,6221000000.0,1882000000.0,,-8.959,-11000000.0,2571000000.0,2571000000.0,1108000000.0,-481000000.0,1.936,-2.632,94000000.0,3000000.0,91000000.0,94000000.0,0.0,82000000.0,0.0,0.0,0.0,-424000000.0,-342000000.0,-0.197,-342000000.0,-424000000.0,-500000000.0,-1.02,-1.02,-1.02,-4460000000.0,,-4460000000.0,2199014120.0,-1.0,-0.933,191000000.0,0.384,1.0,625000000.0,0.361,260000000.0,76000000.0,2153000000.0,,1419000000.0,156000000.0,23000000.0,133000000.0,11738000000.0,3213000000.0,8525000000.0,112014120.0,82000000.0,24000000.0,0.0,-48000000.0,0.0,-48000000.0,-18000000.0,-31000000.0,202000000.0,-54000000.0,-507000000.0,-507000000.0,-507000000.0,0.0,26000000.0,-0.293,1037000000.0,-412000000.0,420000000.0,0.0,-0.025,-0.018,-0.018,1172000000.0,0.0,0.225,0.012,0.012,1692000000.0,-42872000000.0,1733000000.0,1733000000.0,341000000.0,,,,,101000000.0,528000000.0,1.0,497840534.0,497840534.0,,3.481,7843000000.0,41000000.0,7000000.0,11000000.0,15.754,3008000000.0
1,NRTLQ,MRQ,2008-12-31,2008-12-31,2008-12-31,2020-04-01,-729000000.0,8837000000.0,,6628000000.0,2209000000.0,,-7.942,-30000000.0,2433000000.0,2433000000.0,1621000000.0,-2135000000.0,1.471,-3.029,4520000000.0,19000000.0,4501000000.0,4520000000.0,0.0,83000000.0,0.0,0.0,0.0,-1085000000.0,-1002000000.0,-0.368,-1002000000.0,-1085000000.0,-1168000000.0,-4.28,-4.28,-4.28,-3951000000.0,,-3951000000.0,2258349166.0,-1.0,-1.152,-119000000.0,-0.239,1.0,1101000000.0,0.404,323000000.0,83000000.0,6095000000.0,,1477000000.0,192000000.0,65000000.0,127000000.0,11966000000.0,4506000000.0,7460000000.0,129349166.0,93000000.0,12000000.0,0.0,25000000.0,0.0,-16000000.0,284000000.0,16000000.0,-89000000.0,-86000000.0,-2135000000.0,-2135000000.0,-2135000000.0,0.0,0.0,-0.784,2159000000.0,-1058000000.0,1001000000.0,0.0,-0.033,-0.022,-0.022,1272000000.0,0.0,0.26,0.012,0.012,2154000000.0,-42362000000.0,2722000000.0,2722000000.0,335000000.0,,,,,20000000.0,467000000.0,1.0,497496792.0,497496792.0,,5.471,8514000000.0,56000000.0,967000000.0,11000000.0,17.114,2122000000.0
2,NRTLQ,MRQ,2008-09-30,2008-09-30,2008-09-30,2020-04-01,43000000.0,11609000000.0,,7127000000.0,4482000000.0,,-2.149,-42000000.0,2356000000.0,2356000000.0,1411000000.0,-3413000000.0,1.48,-11.052,4485000000.0,20000000.0,4465000000.0,4485000000.0,0.0,86000000.0,0.0,0.0,0.0,-1206000000.0,-1120000000.0,-0.483,-1120000000.0,-1206000000.0,-1284000000.0,-6.85,-6.85,-6.85,-1067000000.0,,-1067000000.0,2471255272.0,-3.0,-4.174,-186000000.0,-0.375,1.0,908000000.0,0.392,1578000000.0,78000000.0,7343000000.0,,1722000000.0,509000000.0,346000000.0,163000000.0,11793000000.0,4817000000.0,6976000000.0,1112255272.0,-767000000.0,-120000000.0,0.0,-5000000.0,0.0,-14000000.0,-510000000.0,-348000000.0,-144000000.0,-99000000.0,-3413000000.0,-3413000000.0,-3413000000.0,0.0,0.0,-1.472,2102000000.0,-1194000000.0,1056000000.0,0.0,-1.042,-0.247,-0.246,1406000000.0,0.0,2.24,0.102,0.102,1951000000.0,-40229000000.0,2319000000.0,2319000000.0,377000000.0,,,,,22000000.0,514000000.0,1.0,496542532.0,496542532.0,,4.67,10031000000.0,1119000000.0,2129000000.0,15000000.0,20.202,2310000000.0
3,NRTLQ,MRQ,2008-06-30,2008-06-30,2008-06-30,2020-04-01,213000000.0,15874000000.0,,8128000000.0,7746000000.0,,5.372,-36000000.0,3138000000.0,3138000000.0,1492000000.0,-113000000.0,1.541,4.994,4497000000.0,21000000.0,4476000000.0,4497000000.0,0.0,86000000.0,0.0,0.0,0.0,21000000.0,107000000.0,0.041,107000000.0,21000000.0,-52000000.0,-0.23,-0.23,-0.23,2497000000.0,,2497000000.0,5074109629.0,11.0,6.456,-110000000.0,-0.237,1.0,1130000000.0,0.431,2737000000.0,73000000.0,9221000000.0,,1828000000.0,178000000.0,0.0,178000000.0,12470000000.0,5275000000.0,7195000000.0,3821109629.0,-152000000.0,5000000.0,0.0,-20000000.0,0.0,-30000000.0,-40000000.0,-9000000.0,-74000000.0,-8000000.0,-113000000.0,-113000000.0,-113000000.0,0.0,0.0,-0.043,1087000000.0,43000000.0,1107000000.0,0.0,1.53,-3.578,-3.736,1477000000.0,0.0,8.22,0.339,0.339,2161000000.0,-36813000000.0,2622000000.0,2622000000.0,441000000.0,,,,,21000000.0,575000000.0,1.0,464855186.0,464855186.0,,5.64,13137000000.0,3285000000.0,61000000.0,31000000.0,28.26,2853000000.0
4,NRTLQ,MRQ,2008-03-31,2008-03-31,2008-03-31,2020-04-01,215000000.0,16253000000.0,,8444000000.0,7809000000.0,,5.915,-51000000.0,3281000000.0,3281000000.0,1612000000.0,-60000000.0,1.36,4.944,4534000000.0,696000000.0,3838000000.0,4534000000.0,0.0,82000000.0,0.0,0.0,0.0,-28000000.0,54000000.0,0.02,54000000.0,-28000000.0,-102000000.0,-0.28,-0.28,-0.28,2586000000.0,,2586000000.0,3830656389.0,8.0,4.689,-311000000.0,-0.711,1.0,1146000000.0,0.416,2758000000.0,74000000.0,8538000000.0,,1818000000.0,193000000.0,0.0,193000000.0,12784000000.0,6210000000.0,6574000000.0,2924656389.0,-309000000.0,-11000000.0,0.0,-3000000.0,0.0,-14000000.0,-44000000.0,18000000.0,-260000000.0,9000000.0,-138000000.0,-138000000.0,-138000000.0,0.0,78000000.0,-0.05,1131000000.0,15000000.0,1070000000.0,0.0,1.131,-2.948,-3.279,1510000000.0,0.0,6.69,0.261,0.261,2338000000.0,-36705000000.0,2758000000.0,2758000000.0,420000000.0,,,,,21000000.0,597000000.0,1.0,437168369.0,437168369.0,,6.309,13495000000.0,3309000000.0,36000000.0,30000000.0,30.869,2234000000.0
5,NRTLQ,MRQ,2007-12-31,2007-12-31,2007-12-31,2020-04-01,237000000.0,17068000000.0,,9147000000.0,7921000000.0,,6.311,-94000000.0,3608000000.0,3608000000.0,1801000000.0,-844000000.0,1.351,4.888,4514000000.0,698000000.0,3816000000.0,4514000000.0,0.0,97000000.0,0.0,0.0,0.0,270000000.0,367000000.0,0.115,367000000.0,270000000.0,196000000.0,-1.74,-1.74,-1.74,2758000000.0,,2758000000.0,7898943710.0,16.0,9.437,323000000.0,0.739,1.0,1397000000.0,0.437,2772000000.0,74000000.0,8430000000.0,,2002000000.0,194000000.0,0.0,194000000.0,13480000000.0,6772000000.0,6708000000.0,6594943710.0,404000000.0,100000000.0,0.0,-6000000.0,0.0,-23000000.0,-6000000.0,-12000000.0,417000000.0,16000000.0,-844000000.0,-844000000.0,-844000000.0,0.0,0.0,-0.264,1198000000.0,199000000.0,1187000000.0,0.0,2.391,-6.891,-7.621,1532000000.0,0.0,15.09,0.602,0.602,2583000000.0,-36532000000.0,3198000000.0,3198000000.0,475000000.0,,,,,19000000.0,678000000.0,1.0,437040670.0,437040670.0,,7.317,14296000000.0,3355000000.0,1040000000.0,17000000.0,32.711,2375000000.0
6,NRTLQ,MRQ,2007-09-30,2007-09-30,2007-09-30,2020-04-01,-440000000.0,17915000000.0,,8894000000.0,9021000000.0,,6.653,-26000000.0,3192000000.0,3192000000.0,1542000000.0,27000000.0,1.372,4.88,4496000000.0,697000000.0,3799000000.0,4496000000.0,0.0,79000000.0,0.0,0.0,0.0,179000000.0,258000000.0,0.095,258000000.0,179000000.0,77000000.0,0.05,0.05,0.05,2907000000.0,,2907000000.0,8500851713.0,36.0,15.949,-165000000.0,-0.378,1.0,1163000000.0,0.43,2761000000.0,102000000.0,9977000000.0,,2094000000.0,200000000.0,0.0,200000000.0,14186000000.0,6481000000.0,7705000000.0,7418851713.0,-1345000000.0,-66000000.0,1000000.0,-1134000000.0,0.0,-1143000000.0,-109000000.0,-17000000.0,-139000000.0,46000000.0,27000000.0,27000000.0,27000000.0,0.0,0.0,0.01,1090000000.0,73000000.0,1077000000.0,0.0,2.552,-38.44,-38.591,1533000000.0,0.0,16.98,0.67,0.67,2538000000.0,-35688000000.0,2705000000.0,2705000000.0,416000000.0,,,,,31000000.0,613000000.0,1.0,436917062.0,436917062.0,,6.191,15154000000.0,4454000000.0,50000000.0,16000000.0,34.684,2413000000.0
7,NRTLQ,MRQ,2007-06-30,2007-06-30,2007-06-30,2020-04-01,-482000000.0,18949000000.0,,9998000000.0,8951000000.0,,6.427,17000000.0,4520000000.0,4520000000.0,1510000000.0,-37000000.0,1.744,5.472,5602000000.0,22000000.0,5580000000.0,5602000000.0,0.0,73000000.0,0.0,0.0,0.0,65000000.0,138000000.0,0.054,138000000.0,65000000.0,-26000000.0,-0.07,-0.07,-0.07,2806000000.0,,2806000000.0,11512690438.0,125.0,28.854,-103000000.0,-0.236,1.0,1052000000.0,0.411,2769000000.0,91000000.0,11528000000.0,,2119000000.0,196000000.0,0.0,196000000.0,15355000000.0,5734000000.0,9621000000.0,10499690438.0,-82000000.0,9000000.0,2000000.0,-8000000.0,0.0,-21000000.0,23000000.0,-3000000.0,-120000000.0,36000000.0,-37000000.0,-37000000.0,-37000000.0,0.0,0.0,-0.014,1090000000.0,-38000000.0,1025000000.0,0.0,3.742,-37.101,-38.175,1511000000.0,0.0,24.05,0.93,0.93,2393000000.0,-35715000000.0,2562000000.0,2562000000.0,423000000.0,,,,,30000000.0,595000000.0,1.0,436577565.0,436577565.0,,5.868,16180000000.0,4348000000.0,11000000.0,53000000.0,37.061,4264000000.0
8,NRTLQ,MRQ,2007-03-31,2007-03-31,2007-03-31,2020-04-01,-590000000.0,18722000000.0,,9863000000.0,8859000000.0,,6.232,-42000000.0,4599000000.0,4599000000.0,1481000000.0,-103000000.0,1.714,5.632,5612000000.0,21000000.0,5591000000.0,5612000000.0,0.0,79000000.0,0.0,0.0,0.0,-5000000.0,74000000.0,0.03,74000000.0,-5000000.0,-90000000.0,-0.23,-0.23,-0.23,2704000000.0,,2704000000.0,10767768473.0,24.0,13.894,-603000000.0,-1.39,1.0,1002000000.0,0.404,2759000000.0,85000000.0,11223000000.0,,2048000000.0,201000000.0,0.0,201000000.0,15228000000.0,5753000000.0,9475000000.0,10434768473.0,1063000000.0,-53000000.0,7000000.0,1121000000.0,0.0,1118000000.0,500000000.0,595000000.0,-561000000.0,6000000.0,-103000000.0,-103000000.0,-103000000.0,0.0,0.0,-0.041,1041000000.0,-39000000.0,1051000000.0,0.0,3.859,108.696,104.565,1515000000.0,0.0,24.05,0.907,0.907,2359000000.0,-35678000000.0,2483000000.0,2483000000.0,409000000.0,,,,,25000000.0,604000000.0,1.0,433878107.0,433878107.0,,5.723,15963000000.0,4152000000.0,13000000.0,48000000.0,36.791,4110000000.0
9,NRTLQ,MRQ,2006-12-31,2006-12-31,2006-12-31,2020-04-01,-621000000.0,18979000000.0,,9923000000.0,9056000000.0,,2.585,-38000000.0,4131000000.0,4131000000.0,1999000000.0,-80000000.0,1.475,15.236,4464000000.0,18000000.0,4446000000.0,4464000000.0,0.0,68000000.0,0.0,0.0,0.0,-5000000.0,63000000.0,0.019,63000000.0,-5000000.0,-89000000.0,-0.19,-0.19,-0.19,1121000000.0,,1121000000.0,12827114062.0,36.0,19.734,482000000.0,1.112,1.0,1323000000.0,0.398,2770000000.0,84000000.0,9816000000.0,,1989000000.0,204000000.0,0.0,204000000.0,17079000000.0,6726000000.0,10353000000.0,11591114062.0,892000000.0,392000000.0,0.0,9000000.0,0.0,-6000000.0,343000000.0,-11000000.0,520000000.0,35000000.0,-80000000.0,-80000000.0,-80000000.0,0.0,0.0,-0.024,1445000000.0,-122000000.0,1125000000.0,0.0,10.34,413.968,445.5,1530000000.0,0.0,26.73,1.015,1.015,2785000000.0,-35574000000.0,3322000000.0,3322000000.0,488000000.0,,,,,29000000.0,694000000.0,1.0,433636890.0,433636890.0,,7.661,16209000000.0,4139000000.0,-9000000.0,97000000.0,37.379,3197000000.0
10,NRTLQ,MRQ,2006-09-30,2006-09-30,2006-09-30,2020-04-01,-548000000.0,18199000000.0,,9026000000.0,9173000000.0,,3.033,-47000000.0,3228000000.0,3228000000.0,1803000000.0,-63000000.0,1.401,12.275,4464000000.0,18000000.0,4446000000.0,4464000000.0,0.0,87000000.0,0.0,0.0,0.0,37000000.0,124000000.0,0.042,124000000.0,37000000.0,-48000000.0,-0.14,-0.14,-0.14,1315000000.0,,1315000000.0,11192172247.0,-5.0,-6.381,-48000000.0,-0.111,1.0,1123000000.0,0.384,2773000000.0,85000000.0,10220000000.0,,1834000000.0,211000000.0,0.0,211000000.0,16142000000.0,6442000000.0,9700000000.0,9972172247.0,696000000.0,190000000.0,0.0,653000000.0,0.0,638000000.0,53000000.0,21000000.0,-1000000.0,6000000.0,-63000000.0,-63000000.0,-63000000.0,0.0,0.0,-0.022,1127000000.0,-4000000.0,949000000.0,0.0,7.583,-4.474,-4.457,1559000000.0,0.0,23.0,0.9,0.9,2804000000.0,-35425000000.0,2926000000.0,2926000000.0,474000000.0,,,,,30000000.0,585000000.0,1.0,433572706.0,433572706.0,,6.749,15426000000.0,4056000000.0,15000000.0,107000000.0,35.579,2584000000.0
11,NRTLQ,MRQ,2006-06-30,2006-06-30,2006-06-30,2020-04-01,-771000000.0,17826000000.0,,8551000000.0,9275000000.0,,2.678,-76000000.0,2550000000.0,2550000000.0,1712000000.0,342000000.0,1.252,13.718,3770000000.0,18000000.0,3752000000.0,3770000000.0,0.0,85000000.0,0.0,0.0,0.0,429000000.0,514000000.0,0.185,514000000.0,429000000.0,371000000.0,0.79,0.79,0.79,1161000000.0,,1161000000.0,10852843261.0,-5.0,-5.873,-184000000.0,-0.424,1.0,1068000000.0,0.384,2793000000.0,58000000.0,9423000000.0,,2035000000.0,209000000.0,0.0,209000000.0,15927000000.0,6830000000.0,9097000000.0,9711843261.0,-791000000.0,-34000000.0,0.0,-140000000.0,0.0,-153000000.0,-569000000.0,-570000000.0,-108000000.0,39000000.0,342000000.0,342000000.0,342000000.0,0.0,0.0,0.123,673000000.0,395000000.0,1065000000.0,0.0,8.365,-4.219,-4.211,1574000000.0,0.0,22.4,0.91,0.91,2785000000.0,-35326000000.0,2780000000.0,2780000000.0,498000000.0,,,,,28000000.0,614000000.0,1.0,433564431.0,433564431.0,,6.412,15033000000.0,4076000000.0,29000000.0,107000000.0,34.673,1721000000.0
12,NRTLQ,MRQ,2006-03-31,2006-03-31,2006-03-31,2020-04-01,-863000000.0,17841000000.0,,8587000000.0,9254000000.0,,1.557,-12000000.0,2772000000.0,2772000000.0,1465000000.0,-171000000.0,1.063,24.314,3913000000.0,1468000000.0,2445000000.0,3913000000.0,0.0,50000000.0,0.0,0.0,0.0,-101000000.0,-51000000.0,-0.021,-51000000.0,-101000000.0,-146000000.0,-0.39,-0.39,-0.39,675000000.0,,675000000.0,14034344463.0,-6.0,-6.172,-186000000.0,-0.429,1.0,925000000.0,0.387,2846000000.0,45000000.0,8056000000.0,,1984000000.0,246000000.0,0.0,246000000.0,16412000000.0,8080000000.0,8332000000.0,13221344463.0,-256000000.0,-91000000.0,1000000.0,21000000.0,0.0,4000000.0,-100000000.0,3000000.0,-174000000.0,14000000.0,-171000000.0,-171000000.0,-171000000.0,0.0,0.0,-0.072,1118000000.0,-193000000.0,1069000000.0,0.0,19.587,-4.939,-4.911,1531000000.0,0.0,30.5,1.258,1.258,2620000000.0,-35692000000.0,2390000000.0,2390000000.0,479000000.0,,,,,25000000.0,610000000.0,1.0,433486704.0,433486704.0,,5.513,14995000000.0,3994000000.0,25000000.0,109000000.0,34.592,507000000.0
13,NRTLQ,MRQ,2005-12-31,2005-12-31,2005-12-31,2020-04-01,-848000000.0,18135000000.0,,9109000000.0,9026000000.0,,1.76,-82000000.0,3028000000.0,3028000000.0,1829000000.0,-2337000000.0,1.123,21.742,3885000000.0,1446000000.0,2439000000.0,3885000000.0,0.0,69000000.0,0.0,0.0,0.0,-2410000000.0,-2341000000.0,-0.785,-2341000000.0,-2410000000.0,-2464000000.0,-5.42,-5.42,-5.42,763000000.0,,763000000.0,14077693133.0,-6.0,-6.458,35000000.0,0.081,1.0,1154000000.0,0.387,2758000000.0,54000000.0,8125000000.0,,2080000000.0,244000000.0,0.0,244000000.0,16589000000.0,8109000000.0,8480000000.0,13264693133.0,-45000000.0,-40000000.0,2000000.0,-10000000.0,0.0,-18000000.0,-128000000.0,3000000.0,117000000.0,-16000000.0,-2337000000.0,-2337000000.0,-2337000000.0,2000000.0,0.0,-0.783,3646000000.0,-2492000000.0,1181000000.0,0.0,17.385,-5.082,-5.083,1560000000.0,0.0,30.6,1.262,1.262,2826000000.0,-35602000000.0,2983000000.0,2983000000.0,469000000.0,,,,,30000000.0,696000000.0,1.0,433486704.0,433486704.0,,6.881,15377000000.0,4041000000.0,-127000000.0,104000000.0,35.473,1000000000.0
14,NRTLQ,MRQ,2005-09-30,2005-09-30,2005-09-30,2020-04-01,-699000000.0,16464000000.0,,7869000000.0,8595000000.0,,8.884,-52000000.0,3070000000.0,3070000000.0,1540000000.0,-136000000.0,1.311,3.172,3883000000.0,1455000000.0,2428000000.0,3883000000.0,0.0,73000000.0,0.0,0.0,0.0,-43000000.0,30000000.0,0.012,30000000.0,-43000000.0,-97000000.0,-0.3,-0.3,-0.3,3793000000.0,,3793000000.0,14671746491.0,-233.0,58.453,-196000000.0,-0.459,1.0,978000000.0,0.388,2669000000.0,54000000.0,8606000000.0,,1232000000.0,166000000.0,0.0,166000000.0,12030000000.0,6002000000.0,6028000000.0,13917746491.0,-63000000.0,140000000.0,3000000.0,0.0,0.0,-6000000.0,88000000.0,0.0,-144000000.0,-1000000.0,-136000000.0,-136000000.0,-136000000.0,-2000000.0,0.0,-0.054,1056000000.0,-78000000.0,984000000.0,0.0,3.669,-41.422,-42.338,1575000000.0,0.0,32.6,1.421,1.421,2616000000.0,-32692000000.0,2518000000.0,2518000000.0,443000000.0,,,,,22000000.0,567000000.0,1.0,426924739.0,426924739.0,,5.898,13795000000.0,3977000000.0,39000000.0,227000000.0,32.312,1867000000.0
15,NRTLQ,MRQ,2005-06-30,2005-06-30,2005-06-30,2020-04-01,-951000000.0,16582000000.0,,7961000000.0,8621000000.0,,8.486,-60000000.0,3133000000.0,3133000000.0,1485000000.0,-33000000.0,1.243,3.403,3887000000.0,1449000000.0,2438000000.0,3887000000.0,0.0,79000000.0,0.0,0.0,0.0,9000000.0,88000000.0,0.034,88000000.0,9000000.0,-42000000.0,-0.1,-0.1,-0.1,3622000000.0,,3622000000.0,11489096185.0,-44.0,174.077,48000000.0,0.112,1.0,1134000000.0,0.433,2676000000.0,51000000.0,8254000000.0,,1315000000.0,154000000.0,0.0,154000000.0,12324000000.0,6406000000.0,5918000000.0,11140096185.0,-371000000.0,-362000000.0,1000000.0,-6000000.0,0.0,-15000000.0,-414000000.0,0.0,108000000.0,-50000000.0,-33000000.0,-33000000.0,-33000000.0,1000000.0,0.0,-0.013,1170000000.0,-36000000.0,1144000000.0,0.0,3.076,-24.27,-24.393,1581000000.0,0.0,26.1,1.179,1.179,2735000000.0,-32587000000.0,2619000000.0,2619000000.0,488000000.0,,,,,18000000.0,588000000.0,1.0,426823609.0,426823609.0,,6.136,13906000000.0,3891000000.0,-9000000.0,151000000.0,32.58,1555000000.0
16,NRTLQ,MRQ,2005-03-31,2005-03-31,2005-03-31,2020-04-01,-824000000.0,16757000000.0,,8280000000.0,8477000000.0,,8.634,-54000000.0,3512000000.0,3512000000.0,1377000000.0,-104000000.0,1.322,3.377,3861000000.0,1290000000.0,2571000000.0,3861000000.0,0.0,81000000.0,0.0,0.0,0.0,-38000000.0,43000000.0,0.018,43000000.0,-38000000.0,-88000000.0,-0.2,-0.2,-0.2,3685000000.0,,3685000000.0,12073284515.0,-58.0,96.586,-281000000.0,-0.658,1.0,1012000000.0,0.424,2335000000.0,50000000.0,8509000000.0,,1316000000.0,148000000.0,0.0,148000000.0,12443000000.0,6262000000.0,6181000000.0,11652284515.0,-255000000.0,81000000.0,0.0,-7000000.0,0.0,-21000000.0,28000000.0,0.0,-227000000.0,-35000000.0,-104000000.0,-104000000.0,-104000000.0,-2000000.0,0.0,-0.044,1068000000.0,-56000000.0,983000000.0,0.0,3.162,-28.42,-28.144,1594000000.0,0.0,27.3,1.237,1.237,2780000000.0,-32632000000.0,2389000000.0,2389000000.0,474000000.0,,,,,18000000.0,578000000.0,1.0,426823609.0,426823609.0,,5.597,14422000000.0,3954000000.0,16000000.0,144000000.0,33.789,2018000000.0
17,NRTLQ,MRQ,2004-12-31,2004-12-31,2004-12-31,2020-04-01,-533000000.0,17775000000.0,,8850000000.0,8925000000.0,,8.749,-82000000.0,3765000000.0,3765000000.0,1237000000.0,-63000000.0,1.491,3.711,3866000000.0,14000000.0,3852000000.0,3866000000.0,0.0,81000000.0,0.0,0.0,0.0,9000000.0,90000000.0,0.04,90000000.0,9000000.0,-51000000.0,-0.17,-0.17,-0.17,3640000000.0,,3640000000.0,14650471165.0,-195.0,55.077,202000000.0,0.486,1.0,1028000000.0,0.454,2381000000.0,60000000.0,9560000000.0,,1962000000.0,299000000.0,0.0,299000000.0,13509000000.0,5935000000.0,7574000000.0,14436471165.0,290000000.0,9000000.0,1000000.0,6000000.0,0.0,-2000000.0,-70000000.0,-11000000.0,284000000.0,94000000.0,-63000000.0,-63000000.0,-63000000.0,-37000000.0,0.0,-0.028,1144000000.0,-116000000.0,989000000.0,0.0,3.966,-58.447,-60.877,1640000000.0,0.0,34.7,1.523,1.523,2510000000.0,-32950000000.0,2265000000.0,2265000000.0,510000000.0,,,,,22000000.0,550000000.0,1.0,416036633.0,416036633.0,,5.444,15394000000.0,3993000000.0,12000000.0,144000000.0,37.002,2915000000.0
18,NRTLQ,MRQ,2004-09-30,2004-09-30,2004-09-30,2020-04-01,-647000000.0,15789000000.0,,7698000000.0,8091000000.0,,8.985,-92000000.0,3467000000.0,3467000000.0,1393000000.0,-259000000.0,1.725,3.058,3888000000.0,26000000.0,3862000000.0,3888000000.0,0.0,89000000.0,0.0,0.0,0.0,-244000000.0,-155000000.0,-0.071,-155000000.0,-244000000.0,-289000000.0,-0.6,-0.6,-0.6,3738000000.0,,3738000000.0,14359245522.0,54.0,22.332,-282000000.0,-0.678,1.0,786000000.0,0.361,2383000000.0,45000000.0,9365000000.0,,1503000000.0,170000000.0,0.0,170000000.0,11432000000.0,4462000000.0,6970000000.0,14145245522.0,-319000000.0,10000000.0,0.0,-23000000.0,0.0,-31000000.0,-106000000.0,0.0,-190000000.0,3000000.0,-259000000.0,-259000000.0,-259000000.0,-5000000.0,0.0,-0.119,1108000000.0,-322000000.0,703000000.0,0.0,3.784,69.681,85.0,1591000000.0,0.0,34.0,1.384,1.384,2134000000.0,-32716000000.0,2179000000.0,2179000000.0,501000000.0,,,,,19000000.0,512000000.0,1.0,416036633.0,416036633.0,,5.238,13406000000.0,3892000000.0,-30000000.0,170000000.0,32.223,3236000000.0
19,NRTLQ,MRQ,2004-06-30,2004-06-30,2004-06-30,2020-04-01,-681000000.0,15937000000.0,,8254000000.0,7683000000.0,,9.478,-54000000.0,3761000000.0,3761000000.0,1535000000.0,16000000.0,1.832,2.884,3914000000.0,52000000.0,3862000000.0,3914000000.0,0.0,81000000.0,0.0,0.0,0.0,66000000.0,147000000.0,0.057,147000000.0,66000000.0,23000000.0,0.0,0.0,0.0,3943000000.0,,3943000000.0,20974227987.0,29.0,18.175,29000000.0,0.07,1.0,1055000000.0,0.407,2378000000.0,43000000.0,9207000000.0,,1282000000.0,156000000.0,0.0,156000000.0,11373000000.0,4505000000.0,6868000000.0,20760227987.0,110000000.0,74000000.0,0.0,12000000.0,0.0,5000000.0,30000000.0,0.0,83000000.0,-22000000.0,16000000.0,16000000.0,16000000.0,-6000000.0,0.0,0.006,1036000000.0,19000000.0,901000000.0,,5.265,35.009,38.385,1540000000.0,0.0,49.9,1.999,1.999,2387000000.0,-32457000000.0,2590000000.0,2590000000.0,493000000.0,,,,,21000000.0,542000000.0,1.0,416036633.0,416036633.0,,6.225,13559000000.0,3765000000.0,7000000.0,163000000.0,32.591,3749000000.0
20,NRTLQ,MRQ,2004-03-31,2004-03-31,2004-03-31,2020-04-01,-566000000.0,16023000000.0,,8103000000.0,7920000000.0,,9.665,-38000000.0,3661000000.0,3661000000.0,1391000000.0,59000000.0,1.856,2.83,3919000000.0,36000000.0,3883000000.0,3919000000.0,0.0,90000000.0,0.0,0.0,0.0,94000000.0,184000000.0,0.075,184000000.0,94000000.0,50000000.0,0.1,0.1,0.1,4021000000.0,,4021000000.0,24926576000.0,43.0,23.252,-378000000.0,-0.909,1.0,1053000000.0,0.431,2385000000.0,44000000.0,9531000000.0,,1246000000.0,217000000.0,0.0,217000000.0,11379000000.0,4365000000.0,7014000000.0,24712576000.0,-398000000.0,52000000.0,30000000.0,-103000000.0,0.0,-82000000.0,14000000.0,0.0,-340000000.0,13000000.0,59000000.0,59000000.0,59000000.0,-1000000.0,0.0,0.024,1023000000.0,30000000.0,822000000.0,0.0,6.146,51.917,54.0,1598000000.0,0.0,59.4,2.452,2.452,2397000000.0,-32473000000.0,2444000000.0,2444000000.0,471000000.0,,,,,15000000.0,542000000.0,1.0,416036633.0,416036633.0,,5.874,13638000000.0,3821000000.0,-9000000.0,169000000.0,32.781,3738000000.0
21,NRTLQ,MRQ,2003-12-31,2003-12-31,2003-12-31,2020-04-01,-538000000.0,16591000000.0,,8306000000.0,8285000000.0,,9.482,-48000000.0,4060000000.0,4060000000.0,1703000000.0,387000000.0,1.661,3.049,4010000000.0,119000000.0,3891000000.0,4010000000.0,0.0,117000000.0,0.0,0.0,0.0,350000000.0,467000000.0,0.155,467000000.0,350000000.0,308000000.0,0.9,0.9,0.9,3945000000.0,,3945000000.0,17812349576.0,46.0,19.071,246000000.0,0.591,1.0,1302000000.0,0.433,2391000000.0,42000000.0,9148000000.0,,967000000.0,244000000.0,0.0,244000000.0,12029000000.0,5002000000.0,7027000000.0,17598349576.0,435000000.0,78000000.0,1000000.0,-12000000.0,0.0,-20000000.0,471000000.0,0.0,294000000.0,79000000.0,387000000.0,387000000.0,387000000.0,-26000000.0,0.0,0.129,1129000000.0,173000000.0,878000000.0,0.0,4.461,60.063,60.429,1656000000.0,0.0,42.3,1.772,1.772,2505000000.0,-32532000000.0,3005000000.0,3005000000.0,528000000.0,,,,,7000000.0,508000000.0,1.0,416036633.0,416036633.0,,7.223,14200000000.0,3766000000.0,-79000000.0,191000000.0,34.132,3304000000.0
22,NRTLQ,MRQ,2003-09-30,2003-09-30,2003-09-30,2020-04-01,-933000000.0,15282000000.0,,7569000000.0,7713000000.0,,8.548,-40000000.0,3679000000.0,3679000000.0,1214000000.0,131000000.0,1.525,3.341,3893000000.0,135000000.0,3758000000.0,3893000000.0,0.0,144000000.0,0.0,0.0,0.0,212000000.0,356000000.0,0.152,356000000.0,212000000.0,167000000.0,0.3,0.3,0.3,3379000000.0,,3379000000.0,15827828779.0,87.0,20.214,-503000000.0,-1.272,1.0,1130000000.0,0.482,2233000000.0,45000000.0,8300000000.0,,928000000.0,183000000.0,0.0,183000000.0,11290000000.0,4963000000.0,6327000000.0,16206828779.0,-635000000.0,-8000000.0,2000000.0,-201000000.0,0.0,-208000000.0,-48000000.0,0.0,-463000000.0,19000000.0,131000000.0,131000000.0,131000000.0,-43000000.0,0.0,0.056,1095000000.0,35000000.0,768000000.0,0.0,4.796,1620.683,102.5,1470000000.0,0.0,41.0,1.639,1.639,2065000000.0,-33006000000.0,2344000000.0,2344000000.0,455000000.0,,,,,8000000.0,527000000.0,1.0,395288507.0,395288507.0,,5.93,13049000000.0,3702000000.0,36000000.0,280000000.0,33.011,2606000000.0
23,NRTLQ,MRQ,2003-06-30,2003-06-30,2003-06-30,2020-04-01,-999000000.0,15839000000.0,,7895000000.0,7944000000.0,,8.057,-27000000.0,4305000000.0,4305000000.0,1403000000.0,-101000000.0,1.45,4.103,3932000000.0,232000000.0,3700000000.0,3932000000.0,0.0,135000000.0,0.0,0.0,0.0,-70000000.0,65000000.0,0.028,65000000.0,-70000000.0,-115000000.0,-0.2,-0.2,-0.2,3104000000.0,,3104000000.0,10152062236.0,-6.0,-9.752,249000000.0,0.646,1.0,882000000.0,0.386,2235000000.0,45000000.0,7785000000.0,,879000000.0,199000000.0,0.0,199000000.0,12735000000.0,5446000000.0,7289000000.0,10402062236.0,269000000.0,1000000.0,0.0,-55000000.0,0.0,-64000000.0,-26000000.0,0.0,276000000.0,60000000.0,-101000000.0,-101000000.0,-101000000.0,8000000.0,0.0,-0.044,966000000.0,-84000000.0,770000000.0,0.0,3.351,-5.611,-6.923,1380000000.0,0.0,27.0,1.051,1.051,1826000000.0,-33191000000.0,2285000000.0,2285000000.0,508000000.0,,,,,13000000.0,441000000.0,1.0,385261564.0,385261564.0,,5.931,13604000000.0,3899000000.0,-14000000.0,501000000.0,35.311,2449000000.0
24,NRTLQ,MRQ,2003-03-31,2003-03-31,2003-03-31,2020-04-01,-1243000000.0,15888000000.0,,8271000000.0,7617000000.0,,7.265,-16000000.0,4158000000.0,4158000000.0,1403000000.0,-124000000.0,1.411,4.678,3940000000.0,246000000.0,3694000000.0,3940000000.0,0.0,150000000.0,0.0,0.0,0.0,-104000000.0,46000000.0,0.02,46000000.0,-104000000.0,-150000000.0,-0.3,-0.3,-0.3,2798000000.0,,2798000000.0,7952242207.0,-3.0,-4.711,-114000000.0,-0.296,1.0,895000000.0,0.389,2266000000.0,46000000.0,7543000000.0,,885000000.0,200000000.0,0.0,200000000.0,13090000000.0,5861000000.0,7229000000.0,8010242207.0,143000000.0,5000000.0,0.0,-59000000.0,0.0,-67000000.0,-11000000.0,0.0,-98000000.0,18000000.0,-124000000.0,-124000000.0,-124000000.0,-122000000.0,0.0,-0.054,1149000000.0,-254000000.0,751000000.0,0.0,2.863,-3.363,-3.782,1435000000.0,0.0,20.8,0.77,0.77,1960000000.0,-33228000000.0,2298000000.0,2298000000.0,477000000.0,,,,,14000000.0,490000000.0,1.0,385107798.0,385107798.0,,5.967,13622000000.0,3731000000.0,-26000000.0,487000000.0,35.372,2410000000.0
25,NRTLQ,MRQ,2002-12-31,2002-12-31,2002-12-31,2020-04-01,-951000000.0,16961000000.0,,9327000000.0,7634000000.0,,7.951,-13000000.0,4039000000.0,4039000000.0,1801000000.0,104000000.0,1.5,4.349,4233000000.0,273000000.0,3960000000.0,4233000000.0,0.0,173000000.0,0.0,0.0,0.0,143000000.0,316000000.0,0.107,316000000.0,143000000.0,97000000.0,0.6,0.6,0.6,3053000000.0,,3053000000.0,6346681383.0,-2.0,-2.498,-181000000.0,-0.471,1.0,1163000000.0,0.392,2338000000.0,46000000.0,8598000000.0,,1506000000.0,237000000.0,0.0,237000000.0,13277000000.0,6219000000.0,7058000000.0,6181681383.0,-314000000.0,25000000.0,0.0,-616000000.0,0.0,-642000000.0,428000000.0,420000000.0,-168000000.0,58000000.0,104000000.0,104000000.0,104000000.0,122000000.0,0.0,0.035,963000000.0,200000000.0,803000000.0,0.0,2.025,-2.065,-2.064,1692000000.0,0.0,16.1,0.562,0.562,2228000000.0,-32966000000.0,2964000000.0,2964000000.0,373000000.0,,,,,45000000.0,390000000.0,1.0,383955365.0,383955365.0,,7.72,14623000000.0,3486000000.0,-7000000.0,337000000.0,38.085,3108000000.0
26,NRTLQ,MRQ,2002-09-30,2002-09-30,2002-09-30,2020-04-01,-1005000000.0,17440000000.0,,9915000000.0,7525000000.0,,7.851,199000000.0,4590000000.0,4590000000.0,1440000000.0,-1733000000.0,1.319,4.786,4755000000.0,644000000.0,4111000000.0,4755000000.0,99000000.0,144000000.0,0.0,0.0,0.0,-1612000000.0,-1468000000.0,-0.625,-1468000000.0,-1612000000.0,-1670000000.0,-4.0,-4.0,-4.0,3014000000.0,,3014000000.0,1993974794.0,-1.0,-0.885,-183000000.0,-0.477,1.0,910000000.0,0.387,2333000000.0,58000000.0,7754000000.0,,1132000000.0,176000000.0,0.0,176000000.0,14426000000.0,7518000000.0,6908000000.0,2072974794.0,-726000000.0,2000000.0,1000000.0,-255000000.0,0.0,-254000000.0,-110000000.0,-420000000.0,-382000000.0,-30000000.0,-1733000000.0,-1733000000.0,-1733000000.0,-2000000.0,0.0,-0.737,2485000000.0,-1575000000.0,1286000000.0,0.0,0.688,-0.62,-0.614,1670000000.0,0.0,5.4,0.161,0.161,2086000000.0,-33488000000.0,2350000000.0,2350000000.0,557000000.0,,,,,19000000.0,700000000.0,1.0,383884221.0,383884221.0,,6.122,15107000000.0,3553000000.0,63000000.0,615000000.0,39.353,2397000000.0
27,NRTLQ,MRQ,2002-06-30,2002-06-30,2002-06-30,2020-04-01,-887000000.0,20086000000.0,,11152000000.0,8934000000.0,,15.319,-73000000.0,4869000000.0,4869000000.0,1775000000.0,-629000000.0,1.343,3.09,4790000000.0,665000000.0,4125000000.0,4790000000.0,123000000.0,186000000.0,0.0,0.0,0.0,-768000000.0,-582000000.0,-0.209,-582000000.0,-768000000.0,-825000000.0,-1.8,-1.8,-1.8,4911000000.0,,4911000000.0,6366388285.0,-1.0,-1.371,141000000.0,0.44,1.0,1013000000.0,0.363,2966000000.0,57000000.0,8739000000.0,,1453000000.0,223000000.0,0.0,223000000.0,15175000000.0,8302000000.0,6873000000.0,4648388285.0,1733000000.0,8000000.0,857000000.0,-76000000.0,0.0,1404000000.0,-173000000.0,0.0,214000000.0,52000000.0,-629000000.0,-629000000.0,-629000000.0,-3000000.0,0.0,-0.226,1747000000.0,-734000000.0,1600000000.0,0.0,0.947,-0.915,-0.929,2001000000.0,0.0,14.5,0.327,0.327,2592000000.0,-31689000000.0,2788000000.0,2788000000.0,571000000.0,,,,,20000000.0,756000000.0,1.0,320578502.0,320578502.0,,8.697,17120000000.0,3749000000.0,-196000000.0,631000000.0,53.403,2850000000.0
28,NRTLQ,MRQ,2002-03-31,2002-03-31,2002-03-31,2020-04-01,-1032000000.0,19936000000.0,,11148000000.0,8788000000.0,,12.451,-59000000.0,3089000000.0,3089000000.0,2087000000.0,-736000000.0,1.215,3.996,4807000000.0,724000000.0,4083000000.0,4807000000.0,133000000.0,200000000.0,0.0,0.004,0.0,-1005000000.0,-805000000.0,-0.277,-805000000.0,-1005000000.0,-1064000000.0,-2.3,-2.3,-2.3,3990000000.0,,3990000000.0,15779891103.0,-1.0,-0.697,-492000000.0,-1.535,1.0,819000000.0,0.282,3016000000.0,59000000.0,9459000000.0,,1489000000.0,273000000.0,0.0,273000000.0,15946000000.0,9179000000.0,6767000000.0,14388891103.0,-425000000.0,40000000.0,5000000.0,-6000000.0,0.0,-1000000.0,-37000000.0,0.0,-433000000.0,-6000000.0,-736000000.0,-736000000.0,-736000000.0,-16000000.0,0.0,-0.253,1803000000.0,-984000000.0,1883000000.0,0.0,3.606,-0.603,-0.602,2323000000.0,0.0,44.9,0.896,0.896,2886000000.0,-30992000000.0,2906000000.0,2906000000.0,582000000.0,,,,,24000000.0,707000000.0,1.0,320465281.0,320465281.0,,9.068,16920000000.0,4224000000.0,-328000000.0,757000000.0,52.798,1969000000.0
29,NRTLQ,MRQ,2001-12-31,2001-12-31,2001-12-31,2020-04-01,-900000000.0,21202000000.0,,11977000000.0,9225000000.0,,15.91,-132000000.0,3460000000.0,3460000000.0,2862000000.0,-246000000.0,1.296,3.166,4849000000.0,755000000.0,4094000000.0,4849000000.0,0.0,688000000.0,0.0,0.005,0.0,-85000000.0,603000000.0,0.124,603000000.0,-85000000.0,-155000000.0,-0.7,-0.7,-0.7,5089000000.0,,5089000000.0,25629523452.0,-1.0,-1.134,-351000000.0,-1.097,1.0,1983000000.0,0.409,3096000000.0,70000000.0,10252000000.0,,1851000000.0,251000000.0,0.0,251000000.0,16113000000.0,9243000000.0,6870000000.0,23861523452.0,141000000.0,380000000.0,10000000.0,-589000000.0,0.0,-606000000.0,733000000.0,0.0,-219000000.0,-5000000.0,-246000000.0,-246000000.0,-246000000.0,-543000000.0,0.0,-0.051,2168000000.0,-185000000.0,1347000000.0,0.0,4.689,-0.928,-0.923,2562000000.0,0.0,74.6,1.263,1.263,3056000000.0,-29973000000.0,4845000000.0,4845000000.0,455000000.0,,,,,157000000.0,1209000000.0,1.0,319859564.0,319859564.0,,15.147,18106000000.0,4132000000.0,91000000.0,518000000.0,56.606,2734000000.0
30,NRTLQ,MRQ,2001-09-30,2001-09-30,2001-09-30,2020-04-01,-926000000.0,23841000000.0,,13439000000.0,10402000000.0,,20.902,-128000000.0,3355000000.0,3355000000.0,3673000000.0,-3468000000.0,1.308,2.579,5123000000.0,686000000.0,4437000000.0,5123000000.0,120000000.0,844000000.0,0.0,0.01,0.0,-4703000000.0,-3859000000.0,-1.045,-3859000000.0,-4703000000.0,-4757000000.0,-10.8,-10.8,-10.8,6662000000.0,,6662000000.0,20379073651.0,-1.0,-0.917,812000000.0,2.548,1.0,21000000.0,0.006,4023000000.0,54000000.0,11311000000.0,,1991000000.0,237000000.0,0.0,237000000.0,17179000000.0,10275000000.0,6904000000.0,17880073651.0,1426000000.0,152000000.0,3000000.0,659000000.0,0.0,662000000.0,-52000000.0,0.0,940000000.0,12000000.0,-3468000000.0,-3468000000.0,-3468000000.0,0.0,0.0,-0.939,4377000000.0,-4356000000.0,1923000000.0,0.0,2.684,-0.666,-0.665,2804000000.0,0.0,56.1,0.804,0.804,4408000000.0,-28325000000.0,3694000000.0,3694000000.0,808000000.0,,,,,-2000000.0,1919000000.0,1.0,318717890.0,318717890.0,,11.59,19818000000.0,3465000000.0,-1289000000.0,626000000.0,62.18,3164000000.0
31,NRTLQ,MRQ,2001-06-30,2001-06-30,2001-06-30,2020-04-01,-854000000.0,25503000000.0,,13688000000.0,11815000000.0,,31.35,-271000000.0,1929000000.0,1929000000.0,4184000000.0,-19428000000.0,1.303,1.553,4428000000.0,1810000000.0,2618000000.0,4428000000.0,129000000.0,2069000000.0,0.0,0.008,0.188,-20635000000.0,-18566000000.0,-4.027,-18566000000.0,-20635000000.0,-20680000000.0,-60.8,-60.8,-60.8,9988000000.0,,9988000000.0,30772695232.0,-1.0,-1.779,95000000.0,0.298,1.0,426000000.0,0.092,4685000000.0,45000000.0,12808000000.0,,2633000000.0,464000000.0,0.0,464000000.0,15515000000.0,10509000000.0,5006000000.0,28769695232.0,157000000.0,-28000000.0,31000000.0,656000000.0,-63000000.0,624000000.0,-368000000.0,0.0,366000000.0,-2000000.0,-19428000000.0,-19428000000.0,-19428000000.0,2784000000.0,0.0,-4.214,18071000000.0,-17645000000.0,2042000000.0,-0.003,2.88,-1.2,-1.194,3387000000.0,0.0,90.3,1.139,1.139,6442000000.0,-24857000000.0,4610000000.0,4610000000.0,910000000.0,,,,,26000000.0,1642000000.0,1.0,318601276.0,318601276.0,,14.469,20818000000.0,2190000000.0,-1252000000.0,489000000.0,65.342,3179000000.0
32,NRTLQ,MRQ,2001-03-31,2001-03-31,2001-03-31,2020-04-01,-931000000.0,42600000000.0,,15720000000.0,26880000000.0,,92.064,-563000000.0,1772000000.0,1772000000.0,3893000000.0,-2580000000.0,1.991,0.454,3775000000.0,1142000000.0,2633000000.0,3775000000.0,109000000.0,2064000000.0,0.0,0.005,0.188,-2842000000.0,-778000000.0,-0.135,-778000000.0,-2842000000.0,-2881000000.0,-8.2,-8.2,-8.2,29292000000.0,,29292000000.0,44996743292.0,-10.0,22.101,-1444000000.0,-4.538,1.0,1858000000.0,0.323,19800000000.0,39000000.0,16907000000.0,,4165000000.0,721000000.0,0.0,721000000.0,13308000000.0,7896000000.0,5412000000.0,44702743292.0,128000000.0,21000000.0,102000000.0,1834000000.0,-60000000.0,1876000000.0,-882000000.0,0.0,-881000000.0,-15000000.0,-2580000000.0,-2580000000.0,-2580000000.0,226000000.0,0.0,-0.449,4554000000.0,-2696000000.0,2234000000.0,-0.023,1.526,-8.446,-8.075,3714000000.0,0.0,140.5,1.604,1.604,9023000000.0,-5366000000.0,5751000000.0,5751000000.0,943000000.0,,,,,67000000.0,1341000000.0,1.0,318168991.0,318168991.0,,18.075,22800000000.0,1244000000.0,-301000000.0,861000000.0,71.66,7824000000.0
33,NRTLQ,MRQ,2000-12-31,2000-12-31,2000-12-31,2020-04-01,-529000000.0,42180000000.0,,16530000000.0,25650000000.0,,96.805,-716000000.0,1644000000.0,1644000000.0,4193000000.0,-1382000000.0,1.825,0.449,1938000000.0,760000000.0,1178000000.0,1938000000.0,93000000.0,2011000000.0,0.0,0.002,0.188,-1026000000.0,985000000.0,0.12,985000000.0,-1026000000.0,-1043000000.0,-4.6,-4.6,-4.6,29109000000.0,,29109000000.0,96468908871.0,-45.0,30.374,686000000.0,2.281,1.0,3988000000.0,0.487,17958000000.0,17000000.0,15458000000.0,,3827000000.0,773000000.0,0.0,773000000.0,13071000000.0,9058000000.0,4013000000.0,96410908871.0,-114000000.0,193000000.0,70000000.0,87000000.0,-58000000.0,99000000.0,-1323000000.0,0.0,1402000000.0,10000000.0,-1382000000.0,-1382000000.0,-1382000000.0,220000000.0,0.0,-0.169,5031000000.0,-1043000000.0,3005000000.0,-0.041,3.312,-28.002,-27.404,3357000000.0,0.0,320.625,3.452,3.452,8392000000.0,-2726000000.0,8181000000.0,8181000000.0,1021000000.0,,,,,-373000000.0,1603000000.0,1.0,300696792.0,300696792.0,,27.207,24222000000.0,927000000.0,339000000.0,1180000000.0,80.553,7472000000.0
34,NRTLQ,MRQ,2000-09-30,2000-09-30,2000-09-30,2020-04-01,-570000000.0,33903000000.0,,15211000000.0,18692000000.0,,74.268,-435000000.0,1758000000.0,1758000000.0,3617000000.0,-586000000.0,19.085,0.518,1816000000.0,0.0,1816000000.0,1816000000.0,69000000.0,1388000000.0,0.0,0.001,0.188,-327000000.0,1061000000.0,0.158,1061000000.0,-327000000.0,-349000000.0,-2.0,-2.0,-2.0,22332000000.0,,22332000000.0,,,,-1198000000.0,-3.984,1.0,3109000000.0,0.462,13079000000.0,22000000.0,20085000000.0,,4059000000.0,848000000.0,0.0,848000000.0,11571000000.0,797000000.0,10774000000.0,179102526616.0,-1573000000.0,-57000000.0,113000000.0,49000000.0,-56000000.0,106000000.0,-562000000.0,0.0,-763000000.0,-23000000.0,-586000000.0,-586000000.0,-586000000.0,79000000.0,0.0,-0.087,3524000000.0,-415000000.0,2547000000.0,-0.094,8.02,-94.813,,2928000000.0,0.0,595.625,7.116,7.116,8565000000.0,-1259000000.0,6726000000.0,6726000000.0,917000000.0,,,,,208000000.0,1309000000.0,1.0,300696792.0,300696792.0,,22.368,20824000000.0,1106000000.0,237000000.0,1011000000.0,69.252,14414000000.0
35,NRTLQ,MRQ,2000-06-30,2000-06-30,2000-06-30,2020-04-01,,,,,,,,-397000000.0,,,3931000000.0,-745000000.0,,,,,,,,1124000000.0,,0.001,0.188,-356000000.0,768000000.0,0.107,768000000.0,-356000000.0,-380000000.0,-2.6,-2.6,-2.6,,,,,,,525000000.0,,1.0,3276000000.0,0.455,,24000000.0,,,,,,,,,,,1271000000.0,1479000000.0,113000000.0,-20000000.0,-56000000.0,37000000.0,821000000.0,-661000000.0,922000000.0,-2000000.0,-745000000.0,-745000000.0,-745000000.0,132000000.0,0.0,-0.103,3721000000.0,-445000000.0,,-0.072,,,,,0.0,682.5,,,,,7207000000.0,7207000000.0,927000000.0,,,,,132000000.0,1407000000.0,1.0,,,,,,,365000000.0,,,
36,NRTLQ,MRQ,2000-03-31,2000-03-31,2000-03-31,2020-04-01,,,,,,,,-295000000.0,,,3718000000.0,-730000000.0,,,,,,,,818000000.0,,0.001,0.188,-451000000.0,367000000.0,0.058,367000000.0,-451000000.0,-474000000.0,,,,,,,,,,-910000000.0,,1.0,2604000000.0,0.412,,23000000.0,,,,,,,,,,,-93000000.0,21000000.0,183000000.0,25000000.0,-53000000.0,155000000.0,377000000.0,661000000.0,-615000000.0,-10000000.0,-730000000.0,-730000000.0,-730000000.0,0.0,0.0,-0.115,3571000000.0,-967000000.0,,,,,,,0.0,630.625,,,,,6322000000.0,6322000000.0,851000000.0,,,,,166000000.0,1192000000.0,1.0,,,,,,,256000000.0,,,
37,NRTLQ,MRQ,1999-12-31,1999-12-31,1999-12-31,2020-04-01,-434000000.0,24007000000.0,,12132000000.0,11875000000.0,,,-242000000.0,2153000000.0,2153000000.0,2380000000.0,172000000.0,1.708,0.837,1635000000.0,244000000.0,1391000000.0,1635000000.0,53000000.0,550000000.0,0.0,0.001,0.188,505000000.0,1055000000.0,0.215,1055000000.0,505000000.0,486000000.0,0.6,0.6,0.6,13072000000.0,,13072000000.0,,,,1632000000.0,,1.0,2534000000.0,0.516,6295000000.0,19000000.0,10093000000.0,,2663000000.0,1072000000.0,0.0,1072000000.0,10935000000.0,7101000000.0,3834000000.0,,964000000.0,512000000.0,79000000.0,85000000.0,-50000000.0,114000000.0,-366000000.0,0.0,1874000000.0,-3000000.0,172000000.0,172000000.0,172000000.0,94000000.0,0.0,0.035,2182000000.0,352000000.0,2360000000.0,0.313,,,-388.462,2333000000.0,0.0,505.0,,,7164000000.0,967000000.0,4914000000.0,4914000000.0,546000000.0,,,,,127000000.0,991000000.0,1.0,,,,,17712000000.0,1188000000.0,314000000.0,1255000000.0,,5031000000.0
38,NRTLQ,MRQ,1999-09-30,1999-09-30,1999-09-30,2020-04-01,,,,,,,,,,,2985000000.0,-79000000.0,,,,,,,,,,0.003,0.188,58000000.0,,,,58000000.0,31000000.0,-0.3,-0.3,-0.3,,,,,,,,,1.0,2162000000.0,0.42,,27000000.0,,,,,,,,,,,,,,,,,,,,,-79000000.0,-79000000.0,-79000000.0,0.0,0.0,-0.015,2149000000.0,13000000.0,,-0.627,,,,,0.0,255.0,,,,,5147000000.0,5147000000.0,767000000.0,,,,,,952000000.0,1.0,,,,,,,110000000.0,,,
0,NRTLQ,MRT,2009-03-31,2009-03-31,2009-03-31,2020-04-01,-829000000.0,8103000000.0,11105750000.0,6221000000.0,1882000000.0,0.846,-8.959,-119000000.0,2571000000.0,2571000000.0,5632000000.0,-6142000000.0,1.936,-2.632,94000000.0,3000000.0,91000000.0,94000000.0,0.0,337000000.0,0.0,0.0,0.0,-2694000000.0,-2357000000.0,-0.251,-2357000000.0,-2694000000.0,-3004000000.0,-12.38,-12.38,-12.38,-4460000000.0,-1745250000.0,-4460000000.0,2199014120.0,-1.0,-0.933,-224000000.0,-0.45,1.0,3764000000.0,0.401,260000000.0,310000000.0,2153000000.0,6203000000.0,1419000000.0,156000000.0,23000000.0,133000000.0,11738000000.0,3213000000.0,8525000000.0,112014120.0,-744000000.0,-79000000.0,0.0,-48000000.0,0.0,-108000000.0,-284000000.0,-372000000.0,-105000000.0,-247000000.0,-6168000000.0,-6168000000.0,-6168000000.0,0.0,26000000.0,-0.656,6385000000.0,-2621000000.0,420000000.0,0.0,-0.025,-0.018,-0.018,1172000000.0,0.0,0.225,0.012,0.012,1692000000.0,-42872000000.0,9396000000.0,9396000000.0,1494000000.0,-0.555,3.534,-0.434,-0.287,164000000.0,2084000000.0,1.0,497840534.0,497840534.0,,18.874,7843000000.0,41000000.0,3164000000.0,11000000.0,15.754,3008000000.0
1,NRTLQ,MRT,2008-12-31,2008-12-31,2008-12-31,2020-04-01,-729000000.0,8837000000.0,13143250000.0,6628000000.0,2209000000.0,0.793,-7.942,-159000000.0,2433000000.0,2433000000.0,6136000000.0,-5799000000.0,1.471,-3.029,4520000000.0,19000000.0,4501000000.0,4520000000.0,0.0,337000000.0,0.0,0.0,0.0,-2298000000.0,-1961000000.0,-0.188,-1961000000.0,-2298000000.0,-2606000000.0,-11.64,-11.64,-11.64,-3951000000.0,16250000.0,-3951000000.0,2258349166.0,-1.0,-1.152,-726000000.0,-1.459,1.0,4285000000.0,0.411,323000000.0,308000000.0,6095000000.0,7799250000.0,1477000000.0,192000000.0,65000000.0,127000000.0,11966000000.0,4506000000.0,7460000000.0,129349166.0,-1135000000.0,-114000000.0,0.0,-3000000.0,0.0,-74000000.0,-310000000.0,-323000000.0,-567000000.0,-184000000.0,-5799000000.0,-5799000000.0,-5799000000.0,0.0,0.0,-0.556,6478000000.0,-2193000000.0,1001000000.0,0.0,-0.033,-0.022,-0.022,1272000000.0,0.0,0.26,0.012,0.012,2154000000.0,-42362000000.0,10421000000.0,10421000000.0,1573000000.0,-0.441,-356.862,-0.295,-0.221,84000000.0,2153000000.0,1.0,497496792.0,497496792.0,,20.947,8514000000.0,56000000.0,3193000000.0,11000000.0,17.114,2122000000.0
2,NRTLQ,MRT,2008-09-30,2008-09-30,2008-09-30,2020-04-01,43000000.0,11609000000.0,15201000000.0,7127000000.0,4482000000.0,0.717,-2.149,-223000000.0,2356000000.0,2356000000.0,6316000000.0,-4430000000.0,1.48,-11.052,4485000000.0,20000000.0,4465000000.0,4485000000.0,0.0,351000000.0,0.0,0.0,0.0,-943000000.0,-592000000.0,-0.054,-592000000.0,-943000000.0,-1242000000.0,-9.1,-9.1,-9.1,-1067000000.0,1693500000.0,-1067000000.0,2471255272.0,-3.0,-4.174,-284000000.0,-0.572,1.0,4581000000.0,0.42,1578000000.0,299000000.0,7343000000.0,8383000000.0,1722000000.0,509000000.0,346000000.0,163000000.0,11793000000.0,4817000000.0,6976000000.0,1112255272.0,-824000000.0,-26000000.0,0.0,-34000000.0,0.0,-81000000.0,-600000000.0,-351000000.0,-61000000.0,-82000000.0,-4508000000.0,-4508000000.0,-4508000000.0,0.0,78000000.0,-0.414,5518000000.0,-937000000.0,1056000000.0,0.0,-1.042,-0.247,-0.246,1406000000.0,0.0,2.24,0.102,0.102,1951000000.0,-40229000000.0,10897000000.0,10897000000.0,1713000000.0,-0.297,-2.662,-0.112,-0.087,83000000.0,2364000000.0,1.0,496542532.0,496542532.0,,21.946,10031000000.0,1119000000.0,3266000000.0,15000000.0,20.202,2310000000.0
3,NRTLQ,MRT,2008-06-30,2008-06-30,2008-06-30,2020-04-01,213000000.0,15874000000.0,16777500000.0,8128000000.0,7746000000.0,0.673,5.372,-207000000.0,3138000000.0,3138000000.0,6447000000.0,-990000000.0,1.541,4.994,4497000000.0,21000000.0,4476000000.0,4497000000.0,0.0,344000000.0,0.0,0.0,0.0,442000000.0,786000000.0,0.07,786000000.0,442000000.0,119000000.0,-2.2,-2.2,-2.2,2497000000.0,2687000000.0,2497000000.0,5074109629.0,11.0,6.456,-263000000.0,-0.566,1.0,4836000000.0,0.429,2737000000.0,323000000.0,9221000000.0,9041500000.0,1828000000.0,178000000.0,0.0,178000000.0,12470000000.0,5275000000.0,7195000000.0,3821109629.0,-1402000000.0,28000000.0,1000000.0,-1163000000.0,0.0,-1210000000.0,-199000000.0,-20000000.0,-56000000.0,63000000.0,-1068000000.0,-1068000000.0,-1068000000.0,0.0,78000000.0,-0.095,4506000000.0,330000000.0,1107000000.0,0.0,1.53,-3.578,-3.736,1477000000.0,0.0,8.22,0.339,0.339,2161000000.0,-36813000000.0,11283000000.0,11283000000.0,1752000000.0,-0.064,-0.397,0.049,0.039,92000000.0,2463000000.0,1.0,464855186.0,464855186.0,,24.272,13137000000.0,3285000000.0,1187000000.0,31000000.0,28.26,2853000000.0
4,NRTLQ,MRT,2008-03-31,2008-03-31,2008-03-31,2020-04-01,215000000.0,16253000000.0,17546250000.0,8444000000.0,7809000000.0,0.64,5.915,-154000000.0,3281000000.0,3281000000.0,6465000000.0,-914000000.0,1.36,4.944,4534000000.0,696000000.0,3838000000.0,4534000000.0,0.0,331000000.0,0.0,0.0,0.0,486000000.0,817000000.0,0.073,817000000.0,486000000.0,145000000.0,-2.04,-2.04,-2.04,2586000000.0,2764250000.0,2586000000.0,3830656389.0,8.0,4.689,-256000000.0,-0.586,1.0,4758000000.0,0.424,2758000000.0,341000000.0,8538000000.0,9618250000.0,1818000000.0,193000000.0,0.0,193000000.0,12784000000.0,6210000000.0,6574000000.0,2924656389.0,-1332000000.0,32000000.0,3000000.0,-1151000000.0,0.0,-1201000000.0,-136000000.0,-14000000.0,-102000000.0,107000000.0,-992000000.0,-992000000.0,-992000000.0,0.0,78000000.0,-0.088,4509000000.0,249000000.0,1070000000.0,0.0,1.131,-2.948,-3.279,1510000000.0,0.0,6.69,0.261,0.261,2338000000.0,-36705000000.0,11223000000.0,11223000000.0,1734000000.0,-0.057,-0.359,0.051,0.043,101000000.0,2483000000.0,1.0,437168369.0,437168369.0,,25.672,13495000000.0,3309000000.0,1137000000.0,30000000.0,30.869,2234000000.0
5,NRTLQ,MRT,2007-12-31,2007-12-31,2007-12-31,2020-04-01,237000000.0,17068000000.0,18163500000.0,9147000000.0,7921000000.0,0.603,6.311,-145000000.0,3608000000.0,3608000000.0,6334000000.0,-957000000.0,1.351,4.888,4514000000.0,698000000.0,3816000000.0,4514000000.0,0.0,328000000.0,0.0,0.0,0.0,509000000.0,837000000.0,0.076,837000000.0,509000000.0,157000000.0,-1.98,-1.98,-1.98,2758000000.0,2793750000.0,2758000000.0,7898943710.0,16.0,9.437,-548000000.0,-1.254,1.0,4614000000.0,0.421,2772000000.0,352000000.0,8430000000.0,10289500000.0,2002000000.0,194000000.0,0.0,194000000.0,13480000000.0,6772000000.0,6708000000.0,6594943710.0,40000000.0,-10000000.0,10000000.0,-27000000.0,0.0,-69000000.0,408000000.0,563000000.0,-403000000.0,104000000.0,-957000000.0,-957000000.0,-957000000.0,0.0,0.0,-0.087,4419000000.0,195000000.0,1187000000.0,0.0,2.391,-6.891,-7.621,1532000000.0,0.0,15.09,0.602,0.602,2583000000.0,-36532000000.0,10948000000.0,10948000000.0,1723000000.0,-0.053,-0.343,0.049,0.046,105000000.0,2490000000.0,1.0,437040670.0,437040670.0,,25.05,14296000000.0,3355000000.0,1114000000.0,17000000.0,32.711,2375000000.0
6,NRTLQ,MRT,2007-09-30,2007-09-30,2007-09-30,2020-04-01,-440000000.0,17915000000.0,18641250000.0,8894000000.0,9021000000.0,0.594,6.653,-89000000.0,3192000000.0,3192000000.0,6532000000.0,-193000000.0,1.372,4.88,4496000000.0,697000000.0,3799000000.0,4496000000.0,0.0,299000000.0,0.0,0.0,0.0,234000000.0,533000000.0,0.048,533000000.0,234000000.0,-128000000.0,-0.44,-0.44,-0.44,2907000000.0,2384500000.0,2907000000.0,8500851713.0,36.0,15.949,-389000000.0,-0.89,1.0,4540000000.0,0.41,2761000000.0,362000000.0,9977000000.0,10636000000.0,2094000000.0,200000000.0,0.0,200000000.0,14186000000.0,6481000000.0,7705000000.0,7418851713.0,528000000.0,282000000.0,10000000.0,-12000000.0,0.0,-52000000.0,757000000.0,564000000.0,-300000000.0,123000000.0,-193000000.0,-193000000.0,-193000000.0,0.0,0.0,-0.017,4666000000.0,-126000000.0,1077000000.0,0.0,2.552,-38.44,-38.591,1533000000.0,0.0,16.98,0.67,0.67,2538000000.0,-35688000000.0,11072000000.0,11072000000.0,1736000000.0,-0.01,-0.081,0.022,0.021,115000000.0,2506000000.0,1.0,436917062.0,436917062.0,,25.341,15154000000.0,4454000000.0,65000000.0,16000000.0,34.684,2413000000.0
7,NRTLQ,MRT,2007-06-30,2007-06-30,2007-06-30,2020-04-01,-482000000.0,18949000000.0,18712250000.0,9998000000.0,8951000000.0,0.604,6.427,-110000000.0,4520000000.0,4520000000.0,6793000000.0,-283000000.0,1.744,5.472,5602000000.0,22000000.0,5580000000.0,5602000000.0,0.0,307000000.0,0.0,0.0,0.0,92000000.0,399000000.0,0.035,399000000.0,92000000.0,-253000000.0,-0.63,-0.63,-0.63,2806000000.0,1986500000.0,2806000000.0,11512690438.0,125.0,28.854,-272000000.0,-0.623,1.0,4500000000.0,0.398,2769000000.0,345000000.0,11528000000.0,10696750000.0,2119000000.0,196000000.0,0.0,196000000.0,15355000000.0,5734000000.0,9621000000.0,10499690438.0,2569000000.0,538000000.0,9000000.0,1775000000.0,0.0,1729000000.0,919000000.0,602000000.0,-162000000.0,83000000.0,-283000000.0,-283000000.0,-283000000.0,0.0,0.0,-0.025,4703000000.0,-203000000.0,1025000000.0,0.0,3.742,-37.101,-38.175,1511000000.0,0.0,24.05,0.93,0.93,2393000000.0,-35715000000.0,11293000000.0,11293000000.0,1794000000.0,-0.015,-0.142,0.009,0.008,114000000.0,2478000000.0,1.0,436577565.0,436577565.0,,25.867,16180000000.0,4348000000.0,30000000.0,53000000.0,37.061,4264000000.0
8,NRTLQ,MRT,2007-03-31,2007-03-31,2007-03-31,2020-04-01,-590000000.0,18722000000.0,18431500000.0,9863000000.0,8859000000.0,0.625,6.232,-203000000.0,4599000000.0,4599000000.0,6995000000.0,96000000.0,1.714,5.632,5612000000.0,21000000.0,5591000000.0,5612000000.0,0.0,319000000.0,0.0,0.0,0.0,456000000.0,775000000.0,0.067,775000000.0,456000000.0,144000000.0,0.23,0.23,0.23,2704000000.0,1575250000.0,2704000000.0,10767768473.0,24.0,13.894,-353000000.0,-0.814,1.0,4516000000.0,0.392,2759000000.0,312000000.0,11223000000.0,10170500000.0,2048000000.0,201000000.0,0.0,201000000.0,15228000000.0,5753000000.0,9475000000.0,10434768473.0,1860000000.0,495000000.0,7000000.0,1643000000.0,0.0,1597000000.0,327000000.0,35000000.0,-150000000.0,86000000.0,96000000.0,96000000.0,96000000.0,0.0,0.0,0.008,4286000000.0,230000000.0,1051000000.0,0.0,3.859,108.696,104.565,1515000000.0,0.0,24.05,0.907,0.907,2359000000.0,-35678000000.0,11511000000.0,11511000000.0,1869000000.0,0.005,0.061,0.045,0.04,112000000.0,2497000000.0,1.0,433878107.0,433878107.0,,26.53,15963000000.0,4152000000.0,48000000.0,48000000.0,36.791,4110000000.0
9,NRTLQ,MRT,2006-12-31,2006-12-31,2006-12-31,2020-04-01,-621000000.0,18979000000.0,18211250000.0,9923000000.0,9056000000.0,0.627,2.585,-173000000.0,4131000000.0,4131000000.0,6979000000.0,28000000.0,1.475,15.236,4464000000.0,18000000.0,4446000000.0,4464000000.0,0.0,290000000.0,0.0,0.0,0.0,360000000.0,650000000.0,0.057,650000000.0,360000000.0,88000000.0,0.06,0.06,0.06,1121000000.0,1068000000.0,1121000000.0,12827114062.0,36.0,19.734,64000000.0,0.148,1.0,4439000000.0,0.389,2770000000.0,272000000.0,9816000000.0,9378750000.0,1989000000.0,204000000.0,0.0,204000000.0,17079000000.0,6726000000.0,10353000000.0,11591114062.0,541000000.0,457000000.0,1000000.0,543000000.0,0.0,483000000.0,-273000000.0,-557000000.0,237000000.0,94000000.0,28000000.0,28000000.0,28000000.0,0.0,0.0,0.002,4363000000.0,76000000.0,1125000000.0,0.0,10.34,413.968,445.5,1530000000.0,0.0,26.73,1.015,1.015,2785000000.0,-35574000000.0,11418000000.0,11418000000.0,1939000000.0,0.002,0.026,0.038,0.032,112000000.0,2503000000.0,1.0,433636890.0,433636890.0,,26.331,16209000000.0,4139000000.0,60000000.0,97000000.0,37.379,3197000000.0
10,NRTLQ,MRT,2006-09-30,2006-09-30,2006-09-30,2020-04-01,-548000000.0,18199000000.0,18000250000.0,9026000000.0,9173000000.0,0.615,3.033,-217000000.0,3228000000.0,3228000000.0,6809000000.0,-2229000000.0,1.401,12.275,4464000000.0,18000000.0,4446000000.0,4464000000.0,0.0,291000000.0,0.0,0.0,0.0,-2045000000.0,-1754000000.0,-0.158,-1754000000.0,-2045000000.0,-2287000000.0,-5.16,-5.16,-5.16,1315000000.0,978500000.0,1315000000.0,11192172247.0,-5.0,-6.381,-383000000.0,-0.883,1.0,4270000000.0,0.385,2773000000.0,242000000.0,10220000000.0,8956000000.0,1834000000.0,211000000.0,0.0,211000000.0,16142000000.0,6442000000.0,9700000000.0,9972172247.0,-396000000.0,25000000.0,3000000.0,524000000.0,0.0,471000000.0,-744000000.0,-543000000.0,-166000000.0,43000000.0,-2229000000.0,-2229000000.0,-2229000000.0,2000000.0,0.0,-0.201,6564000000.0,-2294000000.0,949000000.0,0.0,7.583,-4.474,-4.457,1559000000.0,0.0,23.0,0.9,0.9,2804000000.0,-35425000000.0,11079000000.0,11079000000.0,1920000000.0,-0.124,-2.278,-0.228,-0.185,113000000.0,2505000000.0,1.0,433572706.0,433572706.0,,25.553,15426000000.0,4056000000.0,-58000000.0,107000000.0,35.579,2584000000.0
11,NRTLQ,MRT,2006-06-30,2006-06-30,2006-06-30,2020-04-01,-771000000.0,17826000000.0,17566500000.0,8551000000.0,9275000000.0,0.607,2.678,-222000000.0,2550000000.0,2550000000.0,6546000000.0,-2302000000.0,1.252,13.718,3770000000.0,18000000.0,3752000000.0,3770000000.0,0.0,277000000.0,0.0,0.0,0.0,-2125000000.0,-1848000000.0,-0.173,-1848000000.0,-2125000000.0,-2336000000.0,-5.32,-5.32,-5.32,1161000000.0,1598000000.0,1161000000.0,10852843261.0,-5.0,-5.873,-531000000.0,-1.225,1.0,4125000000.0,0.387,2793000000.0,211000000.0,9423000000.0,8552500000.0,2035000000.0,209000000.0,0.0,209000000.0,15927000000.0,6830000000.0,9097000000.0,9711843261.0,-1155000000.0,-25000000.0,6000000.0,-129000000.0,0.0,-173000000.0,-709000000.0,-564000000.0,-309000000.0,36000000.0,-2302000000.0,-2302000000.0,-2302000000.0,0.0,0.0,-0.216,6493000000.0,-2368000000.0,1065000000.0,0.0,8.365,-4.219,-4.211,1574000000.0,0.0,22.4,0.91,0.91,2785000000.0,-35326000000.0,10671000000.0,10671000000.0,1889000000.0,-0.131,-1.441,-0.248,-0.199,105000000.0,2487000000.0,1.0,433564431.0,433564431.0,,24.612,15033000000.0,4076000000.0,-34000000.0,107000000.0,34.673,1721000000.0
12,NRTLQ,MRT,2006-03-31,2006-03-31,2006-03-31,2020-04-01,-863000000.0,17841000000.0,17255500000.0,8587000000.0,9254000000.0,0.609,1.557,-206000000.0,2772000000.0,2772000000.0,6319000000.0,-2677000000.0,1.063,24.314,3913000000.0,1468000000.0,2445000000.0,3913000000.0,0.0,271000000.0,0.0,0.0,0.0,-2545000000.0,-2274000000.0,-0.216,-2274000000.0,-2545000000.0,-2749000000.0,-6.21,-6.21,-6.21,675000000.0,2213250000.0,675000000.0,14034344463.0,-6.0,-6.172,-299000000.0,-0.69,1.0,4191000000.0,0.399,2846000000.0,204000000.0,8056000000.0,8260250000.0,1984000000.0,246000000.0,0.0,246000000.0,16412000000.0,8080000000.0,8332000000.0,13221344463.0,-735000000.0,-353000000.0,7000000.0,5000000.0,0.0,-35000000.0,-554000000.0,6000000.0,-93000000.0,-53000000.0,-2677000000.0,-2677000000.0,-2677000000.0,1000000.0,0.0,-0.255,6990000000.0,-2799000000.0,1069000000.0,0.0,19.587,-4.939,-4.911,1531000000.0,0.0,30.5,1.258,1.258,2620000000.0,-35692000000.0,10510000000.0,10510000000.0,1879000000.0,-0.155,-1.21,-0.308,-0.242,95000000.0,2461000000.0,1.0,433486704.0,433486704.0,,24.245,14995000000.0,3994000000.0,-72000000.0,109000000.0,34.592,507000000.0
13,NRTLQ,MRT,2005-12-31,2005-12-31,2005-12-31,2020-04-01,-848000000.0,18135000000.0,16984500000.0,9109000000.0,9026000000.0,0.619,1.76,-248000000.0,3028000000.0,3028000000.0,6231000000.0,-2610000000.0,1.123,21.742,3885000000.0,1446000000.0,2439000000.0,3885000000.0,0.0,302000000.0,0.0,0.0,0.0,-2482000000.0,-2180000000.0,-0.207,-2180000000.0,-2482000000.0,-2691000000.0,-6.02,-6.02,-6.02,763000000.0,2965750000.0,763000000.0,14077693133.0,-6.0,-6.458,-394000000.0,-0.909,1.0,4278000000.0,0.407,2758000000.0,209000000.0,8125000000.0,8373500000.0,2080000000.0,244000000.0,0.0,244000000.0,16589000000.0,8109000000.0,8480000000.0,13264693133.0,-734000000.0,-181000000.0,6000000.0,-23000000.0,0.0,-60000000.0,-426000000.0,3000000.0,-146000000.0,-102000000.0,-2610000000.0,-2610000000.0,-2610000000.0,-1000000.0,0.0,-0.248,6940000000.0,-2662000000.0,1181000000.0,0.0,17.385,-5.082,-5.083,1560000000.0,0.0,30.6,1.262,1.262,2826000000.0,-35602000000.0,10509000000.0,10509000000.0,1874000000.0,-0.154,-0.88,-0.296,-0.236,88000000.0,2429000000.0,1.0,433486704.0,433486704.0,,24.243,15377000000.0,4041000000.0,-81000000.0,104000000.0,35.473,1000000000.0
14,NRTLQ,MRT,2005-09-30,2005-09-30,2005-09-30,2020-04-01,-699000000.0,16464000000.0,16894500000.0,7869000000.0,8595000000.0,0.58,8.884,-248000000.0,3070000000.0,3070000000.0,5639000000.0,-336000000.0,1.311,3.172,3883000000.0,1455000000.0,2428000000.0,3883000000.0,0.0,314000000.0,0.0,0.0,0.0,-63000000.0,251000000.0,0.026,251000000.0,-63000000.0,-278000000.0,-0.77,-0.77,-0.77,3793000000.0,3685000000.0,3793000000.0,14671746491.0,-233.0,58.453,-227000000.0,-0.532,1.0,4152000000.0,0.424,2669000000.0,215000000.0,8606000000.0,8732250000.0,1232000000.0,166000000.0,0.0,166000000.0,12030000000.0,6002000000.0,6028000000.0,13917746491.0,-399000000.0,-132000000.0,5000000.0,-7000000.0,0.0,-44000000.0,-368000000.0,-11000000.0,21000000.0,8000000.0,-336000000.0,-336000000.0,-336000000.0,-40000000.0,0.0,-0.034,4438000000.0,-286000000.0,984000000.0,0.0,3.669,-41.422,-42.338,1575000000.0,0.0,32.6,1.421,1.421,2616000000.0,-32692000000.0,9791000000.0,9791000000.0,1915000000.0,-0.02,-0.091,-0.007,-0.006,80000000.0,2283000000.0,1.0,426924739.0,426924739.0,,22.934,13795000000.0,3977000000.0,58000000.0,227000000.0,32.312,1867000000.0
15,NRTLQ,MRT,2005-06-30,2005-06-30,2005-06-30,2020-04-01,-951000000.0,16582000000.0,16725750000.0,7961000000.0,8621000000.0,0.565,8.486,-288000000.0,3133000000.0,3133000000.0,5492000000.0,-459000000.0,1.243,3.403,3887000000.0,1449000000.0,2438000000.0,3887000000.0,0.0,330000000.0,0.0,0.0,0.0,-264000000.0,66000000.0,0.007,66000000.0,-264000000.0,-470000000.0,-1.07,-1.07,-1.07,3622000000.0,3671250000.0,3622000000.0,11489096185.0,-44.0,174.077,-313000000.0,-0.733,1.0,3960000000.0,0.419,2676000000.0,206000000.0,8254000000.0,8922000000.0,1315000000.0,154000000.0,0.0,154000000.0,12324000000.0,6406000000.0,5918000000.0,11140096185.0,-655000000.0,-262000000.0,2000000.0,-30000000.0,0.0,-69000000.0,-562000000.0,-11000000.0,-25000000.0,12000000.0,-459000000.0,-459000000.0,-459000000.0,-43000000.0,0.0,-0.049,4490000000.0,-530000000.0,1144000000.0,0.0,3.076,-24.27,-24.393,1581000000.0,0.0,26.1,1.179,1.179,2735000000.0,-32587000000.0,9452000000.0,9452000000.0,1973000000.0,-0.027,-0.125,-0.03,-0.028,77000000.0,2228000000.0,1.0,426823609.0,426823609.0,,22.145,13906000000.0,3891000000.0,-11000000.0,151000000.0,32.58,1555000000.0
16,NRTLQ,MRT,2005-03-31,2005-03-31,2005-03-31,2020-04-01,-824000000.0,16757000000.0,16564500000.0,8280000000.0,8477000000.0,0.569,8.634,-282000000.0,3512000000.0,3512000000.0,5542000000.0,-410000000.0,1.322,3.377,3861000000.0,1290000000.0,2571000000.0,3861000000.0,0.0,332000000.0,0.0,0.0,0.0,-207000000.0,125000000.0,0.013,125000000.0,-207000000.0,-405000000.0,-0.97,-0.97,-0.97,3685000000.0,3751500000.0,3685000000.0,12073284515.0,-58.0,96.586,-332000000.0,-0.778,1.0,3881000000.0,0.412,2335000000.0,198000000.0,8509000000.0,9160250000.0,1316000000.0,148000000.0,0.0,148000000.0,12443000000.0,6262000000.0,6181000000.0,11652284515.0,-174000000.0,174000000.0,1000000.0,-12000000.0,0.0,-49000000.0,-118000000.0,-11000000.0,-50000000.0,40000000.0,-410000000.0,-410000000.0,-410000000.0,-50000000.0,0.0,-0.044,4356000000.0,-475000000.0,983000000.0,0.0,3.162,-28.42,-28.144,1594000000.0,0.0,27.3,1.237,1.237,2780000000.0,-32632000000.0,9423000000.0,9423000000.0,1978000000.0,-0.025,-0.109,-0.023,-0.022,80000000.0,2182000000.0,1.0,426823609.0,426823609.0,,22.077,14422000000.0,3954000000.0,5000000.0,144000000.0,33.789,2018000000.0
17,NRTLQ,MRT,2004-12-31,2004-12-31,2004-12-31,2020-04-01,-533000000.0,17775000000.0,16381000000.0,8850000000.0,8925000000.0,0.579,8.749,-266000000.0,3765000000.0,3765000000.0,5556000000.0,-247000000.0,1.491,3.711,3866000000.0,14000000.0,3852000000.0,3866000000.0,0.0,341000000.0,0.0,0.0,0.0,-75000000.0,266000000.0,0.028,266000000.0,-75000000.0,-267000000.0,-0.57,-0.57,-0.57,3640000000.0,3835500000.0,3640000000.0,14650471165.0,-195.0,55.077,-429000000.0,-1.031,1.0,3922000000.0,0.414,2381000000.0,192000000.0,9560000000.0,9415750000.0,1962000000.0,299000000.0,0.0,299000000.0,13509000000.0,5935000000.0,7574000000.0,14436471165.0,-317000000.0,145000000.0,31000000.0,-108000000.0,0.0,-110000000.0,-132000000.0,-11000000.0,-163000000.0,88000000.0,-247000000.0,-247000000.0,-247000000.0,-49000000.0,0.0,-0.026,4311000000.0,-389000000.0,989000000.0,0.0,3.966,-58.447,-60.877,1640000000.0,0.0,34.7,1.523,1.523,2510000000.0,-32950000000.0,9478000000.0,9478000000.0,1975000000.0,-0.015,-0.064,-0.008,-0.008,77000000.0,2146000000.0,1.0,416036633.0,416036633.0,,22.782,15394000000.0,3993000000.0,-20000000.0,144000000.0,37.002,2915000000.0
18,NRTLQ,MRT,2004-09-30,2004-09-30,2004-09-30,2020-04-01,-647000000.0,15789000000.0,16085000000.0,7698000000.0,8091000000.0,0.635,8.985,-232000000.0,3467000000.0,3467000000.0,6022000000.0,203000000.0,1.725,3.058,3888000000.0,26000000.0,3862000000.0,3888000000.0,0.0,377000000.0,0.0,0.0,0.0,266000000.0,643000000.0,0.063,643000000.0,266000000.0,92000000.0,0.4,0.4,0.4,3738000000.0,3911750000.0,3738000000.0,14359245522.0,54.0,22.332,-385000000.0,-0.925,1.0,4196000000.0,0.411,2383000000.0,174000000.0,9365000000.0,9312750000.0,1503000000.0,170000000.0,0.0,170000000.0,11432000000.0,4462000000.0,6970000000.0,14145245522.0,-172000000.0,214000000.0,31000000.0,-126000000.0,0.0,-128000000.0,409000000.0,0.0,-153000000.0,73000000.0,203000000.0,203000000.0,203000000.0,-38000000.0,0.0,0.02,4296000000.0,-100000000.0,703000000.0,0.0,3.784,69.681,85.0,1591000000.0,0.0,34.0,1.384,1.384,2134000000.0,-32716000000.0,10218000000.0,10218000000.0,1993000000.0,0.013,0.052,0.029,0.026,62000000.0,2104000000.0,1.0,416036633.0,416036633.0,,24.56,13406000000.0,3892000000.0,-111000000.0,170000000.0,32.223,3236000000.0
19,NRTLQ,MRT,2004-06-30,2004-06-30,2004-06-30,2020-04-01,-681000000.0,15937000000.0,15958250000.0,8254000000.0,7683000000.0,0.651,9.478,-180000000.0,3761000000.0,3761000000.0,5843000000.0,593000000.0,1.832,2.884,3914000000.0,52000000.0,3862000000.0,3914000000.0,0.0,432000000.0,0.0,0.0,0.0,722000000.0,1154000000.0,0.111,1154000000.0,722000000.0,548000000.0,1.3,1.3,1.3,3943000000.0,3822000000.0,3943000000.0,20974227987.0,29.0,18.175,-606000000.0,-1.457,1.0,4540000000.0,0.437,2378000000.0,174000000.0,9207000000.0,9046500000.0,1282000000.0,156000000.0,0.0,156000000.0,11373000000.0,4505000000.0,6868000000.0,20760227987.0,-488000000.0,196000000.0,33000000.0,-304000000.0,0.0,-305000000.0,467000000.0,0.0,-426000000.0,89000000.0,593000000.0,593000000.0,593000000.0,-76000000.0,0.0,0.057,4283000000.0,257000000.0,901000000.0,0.0,5.265,35.009,38.385,1540000000.0,0.0,49.9,1.999,1.999,2387000000.0,-32457000000.0,10383000000.0,10383000000.0,1947000000.0,0.037,0.155,0.08,0.07,51000000.0,2119000000.0,1.0,416036633.0,416036633.0,,24.957,13559000000.0,3765000000.0,-45000000.0,163000000.0,32.591,3749000000.0
20,NRTLQ,MRT,2004-03-31,2004-03-31,2004-03-31,2020-04-01,-566000000.0,16023000000.0,15933750000.0,8103000000.0,7920000000.0,0.632,9.665,-153000000.0,3661000000.0,3661000000.0,5711000000.0,476000000.0,1.856,2.83,3919000000.0,36000000.0,3883000000.0,3919000000.0,0.0,486000000.0,0.0,0.0,0.0,586000000.0,1072000000.0,0.106,1072000000.0,586000000.0,410000000.0,1.1,1.1,1.1,4021000000.0,3612250000.0,4021000000.0,24926576000.0,43.0,23.252,-386000000.0,-0.928,1.0,4367000000.0,0.433,2385000000.0,176000000.0,9531000000.0,8691000000.0,1246000000.0,217000000.0,0.0,217000000.0,11379000000.0,4365000000.0,7014000000.0,24712576000.0,-329000000.0,123000000.0,33000000.0,-371000000.0,0.0,-374000000.0,411000000.0,0.0,-233000000.0,171000000.0,476000000.0,476000000.0,476000000.0,-62000000.0,0.0,0.047,4213000000.0,154000000.0,822000000.0,0.0,6.146,51.917,54.0,1598000000.0,0.0,59.4,2.452,2.452,2397000000.0,-32473000000.0,10078000000.0,10078000000.0,1962000000.0,0.03,0.132,0.067,0.058,43000000.0,2018000000.0,1.0,416036633.0,416036633.0,,24.224,13638000000.0,3821000000.0,-66000000.0,169000000.0,32.781,3738000000.0
21,NRTLQ,MRT,2003-12-31,2003-12-31,2003-12-31,2020-04-01,-538000000.0,16591000000.0,15900000000.0,8306000000.0,8285000000.0,0.625,9.482,-131000000.0,4060000000.0,4060000000.0,5723000000.0,293000000.0,1.661,3.049,4010000000.0,119000000.0,3891000000.0,4010000000.0,0.0,546000000.0,0.0,0.0,0.0,388000000.0,934000000.0,0.094,934000000.0,388000000.0,210000000.0,0.7,0.7,0.7,3945000000.0,3306500000.0,3945000000.0,17812349576.0,46.0,19.071,-122000000.0,-0.293,1.0,4209000000.0,0.424,2391000000.0,178000000.0,9148000000.0,8194000000.0,967000000.0,244000000.0,0.0,244000000.0,12029000000.0,5002000000.0,7027000000.0,17598349576.0,212000000.0,76000000.0,3000000.0,-327000000.0,0.0,-359000000.0,386000000.0,0.0,9000000.0,176000000.0,293000000.0,293000000.0,293000000.0,-183000000.0,0.0,0.03,4339000000.0,-130000000.0,878000000.0,0.0,4.461,60.063,60.429,1656000000.0,0.0,42.3,1.772,1.772,2505000000.0,-32532000000.0,9932000000.0,9932000000.0,1968000000.0,0.018,0.089,0.047,0.039,42000000.0,1966000000.0,1.0,416036633.0,416036633.0,,23.873,14200000000.0,3766000000.0,-83000000.0,191000000.0,34.132,3304000000.0
22,NRTLQ,MRT,2003-09-30,2003-09-30,2003-09-30,2020-04-01,-933000000.0,15282000000.0,15992500000.0,7569000000.0,7713000000.0,0.618,8.548,-96000000.0,3679000000.0,3679000000.0,5821000000.0,10000000.0,1.525,3.341,3893000000.0,135000000.0,3758000000.0,3893000000.0,0.0,602000000.0,0.0,0.0,0.0,181000000.0,783000000.0,0.079,783000000.0,181000000.0,-1000000.0,0.4,0.4,0.4,3379000000.0,3083500000.0,3379000000.0,15827828779.0,87.0,20.214,-549000000.0,-1.389,1.0,4070000000.0,0.411,2233000000.0,182000000.0,8300000000.0,8056500000.0,928000000.0,183000000.0,0.0,183000000.0,11290000000.0,4963000000.0,6327000000.0,16206828779.0,-537000000.0,23000000.0,2000000.0,-931000000.0,0.0,-981000000.0,343000000.0,420000000.0,-453000000.0,155000000.0,10000000.0,10000000.0,10000000.0,-35000000.0,0.0,0.001,4173000000.0,-103000000.0,768000000.0,0.0,4.796,1620.683,102.5,1470000000.0,0.0,41.0,1.639,1.639,2065000000.0,-33006000000.0,9891000000.0,9891000000.0,1813000000.0,0.001,0.003,0.022,0.018,80000000.0,1848000000.0,1.0,395288507.0,395288507.0,,25.022,13049000000.0,3702000000.0,-11000000.0,280000000.0,33.011,2606000000.0
23,NRTLQ,MRT,2003-06-30,2003-06-30,2003-06-30,2020-04-01,-999000000.0,15839000000.0,16532000000.0,7895000000.0,7944000000.0,0.599,8.057,143000000.0,4305000000.0,4305000000.0,6047000000.0,-1854000000.0,1.45,4.103,3932000000.0,232000000.0,3700000000.0,3932000000.0,0.0,602000000.0,0.0,0.0,0.0,-1643000000.0,-1041000000.0,-0.105,-1041000000.0,-1643000000.0,-1838000000.0,-3.9,-3.9,-3.9,3104000000.0,2992250000.0,3104000000.0,10152062236.0,-6.0,-9.752,-229000000.0,-0.594,1.0,3850000000.0,0.389,2235000000.0,195000000.0,7785000000.0,7920000000.0,879000000.0,199000000.0,0.0,199000000.0,12735000000.0,5446000000.0,7289000000.0,10402062236.0,-628000000.0,33000000.0,1000000.0,-985000000.0,0.0,-1027000000.0,281000000.0,0.0,-372000000.0,106000000.0,-1854000000.0,-1854000000.0,-1854000000.0,6000000.0,0.0,-0.187,5563000000.0,-1713000000.0,770000000.0,0.0,3.351,-5.611,-6.923,1380000000.0,0.0,27.0,1.051,1.051,1826000000.0,-33191000000.0,9897000000.0,9897000000.0,1915000000.0,-0.112,-0.62,-0.207,-0.166,91000000.0,2021000000.0,1.0,385261564.0,385261564.0,,25.689,13604000000.0,3899000000.0,16000000.0,501000000.0,35.311,2449000000.0
24,NRTLQ,MRT,2003-03-31,2003-03-31,2003-03-31,2020-04-01,-1243000000.0,15888000000.0,17593750000.0,8271000000.0,7617000000.0,0.591,7.265,97000000.0,4158000000.0,4158000000.0,6419000000.0,-2382000000.0,1.411,4.678,3940000000.0,246000000.0,3694000000.0,3940000000.0,0.0,653000000.0,0.0,0.0,0.0,-2341000000.0,-1688000000.0,-0.162,-1688000000.0,-2341000000.0,-2548000000.0,-5.5,-5.5,-5.5,2798000000.0,3444000000.0,2798000000.0,7952242207.0,-3.0,-4.711,-337000000.0,-0.875,1.0,3981000000.0,0.383,2266000000.0,207000000.0,7543000000.0,8158500000.0,885000000.0,200000000.0,0.0,200000000.0,13090000000.0,5861000000.0,7229000000.0,8010242207.0,836000000.0,40000000.0,858000000.0,-1006000000.0,0.0,441000000.0,134000000.0,0.0,-434000000.0,98000000.0,-2382000000.0,-2382000000.0,-2382000000.0,-5000000.0,0.0,-0.229,6344000000.0,-2363000000.0,751000000.0,0.0,2.863,-3.363,-3.782,1435000000.0,0.0,20.8,0.77,0.77,1960000000.0,-33228000000.0,10400000000.0,10400000000.0,1978000000.0,-0.135,-0.692,-0.287,-0.225,98000000.0,2336000000.0,1.0,385107798.0,385107798.0,,27.005,13622000000.0,3731000000.0,-166000000.0,487000000.0,35.372,2410000000.0
25,NRTLQ,MRT,2002-12-31,2002-12-31,2002-12-31,2020-04-01,-951000000.0,16961000000.0,18605750000.0,9327000000.0,7634000000.0,0.592,7.951,54000000.0,4039000000.0,4039000000.0,7103000000.0,-2994000000.0,1.5,4.349,4233000000.0,273000000.0,3960000000.0,4233000000.0,0.0,701000000.0,0.0,0.0,0.0,-3242000000.0,-2541000000.0,-0.231,-2541000000.0,-3242000000.0,-3462000000.0,-7.8,-7.8,-7.8,3053000000.0,3742000000.0,3053000000.0,6346681383.0,-2.0,-2.498,-714000000.0,-1.86,1.0,3905000000.0,0.355,2338000000.0,220000000.0,8598000000.0,8637500000.0,1506000000.0,237000000.0,0.0,237000000.0,13277000000.0,6219000000.0,7058000000.0,6181681383.0,316000000.0,75000000.0,863000000.0,-928000000.0,0.0,532000000.0,129000000.0,0.0,-768000000.0,74000000.0,-2994000000.0,-2994000000.0,-2994000000.0,101000000.0,0.0,-0.272,6998000000.0,-3093000000.0,803000000.0,0.0,2.025,-2.065,-2.064,1692000000.0,0.0,16.1,0.562,0.562,2228000000.0,-32966000000.0,11008000000.0,11008000000.0,2083000000.0,-0.161,-0.8,-0.375,-0.295,110000000.0,2553000000.0,1.0,383955365.0,383955365.0,,28.67,14623000000.0,3486000000.0,-468000000.0,337000000.0,38.085,3108000000.0
26,NRTLQ,MRT,2002-09-30,2002-09-30,2002-09-30,2020-04-01,-1005000000.0,17440000000.0,19666000000.0,9915000000.0,7525000000.0,0.655,7.851,-65000000.0,4590000000.0,4590000000.0,8164000000.0,-3344000000.0,1.319,4.786,4755000000.0,644000000.0,4111000000.0,4755000000.0,99000000.0,1218000000.0,0.0,0.0,0.0,-3470000000.0,-2252000000.0,-0.175,-2252000000.0,-3470000000.0,-3714000000.0,-8.8,-8.8,-8.8,3014000000.0,4251000000.0,3014000000.0,1993974794.0,-1.0,-0.885,-885000000.0,-2.305,1.0,4725000000.0,0.367,2333000000.0,244000000.0,7754000000.0,9051000000.0,1132000000.0,176000000.0,0.0,176000000.0,14426000000.0,7518000000.0,6908000000.0,2072974794.0,723000000.0,430000000.0,873000000.0,-926000000.0,0.0,543000000.0,413000000.0,-420000000.0,-820000000.0,11000000.0,-3344000000.0,-3344000000.0,-3344000000.0,-564000000.0,0.0,-0.259,8203000000.0,-3478000000.0,1286000000.0,0.0,0.688,-0.62,-0.614,1670000000.0,0.0,5.4,0.161,0.161,2086000000.0,-33488000000.0,12889000000.0,12889000000.0,2165000000.0,-0.17,-0.787,-0.383,-0.269,220000000.0,3372000000.0,1.0,383884221.0,383884221.0,,33.575,15107000000.0,3553000000.0,-370000000.0,615000000.0,39.353,2397000000.0
27,NRTLQ,MRT,2002-06-30,2002-06-30,2002-06-30,2020-04-01,-887000000.0,20086000000.0,21266250000.0,11152000000.0,8934000000.0,0.669,15.319,-392000000.0,4869000000.0,4869000000.0,10397000000.0,-5079000000.0,1.343,3.09,4790000000.0,665000000.0,4125000000.0,4790000000.0,123000000.0,1918000000.0,0.0,0.0,0.0,-6561000000.0,-4643000000.0,-0.326,-4643000000.0,-6561000000.0,-6801000000.0,-15.6,-15.6,-15.6,4911000000.0,5163000000.0,4911000000.0,6366388285.0,-1.0,-1.371,110000000.0,0.343,1.0,3836000000.0,0.27,2966000000.0,240000000.0,8739000000.0,9940250000.0,1453000000.0,223000000.0,0.0,223000000.0,15175000000.0,8302000000.0,6873000000.0,4648388285.0,2875000000.0,580000000.0,875000000.0,-12000000.0,0.0,1459000000.0,471000000.0,0.0,502000000.0,53000000.0,-5079000000.0,-5079000000.0,-5079000000.0,-562000000.0,0.0,-0.357,10095000000.0,-6259000000.0,1600000000.0,0.0,0.947,-0.915,-0.929,2001000000.0,0.0,14.5,0.327,0.327,2592000000.0,-31689000000.0,14233000000.0,14233000000.0,2416000000.0,-0.239,-0.984,-0.66,-0.461,199000000.0,4591000000.0,1.0,320578502.0,320578502.0,,44.398,17120000000.0,3749000000.0,-1722000000.0,631000000.0,53.403,2850000000.0
28,NRTLQ,MRT,2002-03-31,2002-03-31,2002-03-31,2020-04-01,-1032000000.0,19936000000.0,22620500000.0,11148000000.0,8788000000.0,0.71,12.451,-590000000.0,3089000000.0,3089000000.0,12806000000.0,-23878000000.0,1.215,3.996,4807000000.0,724000000.0,4083000000.0,4807000000.0,133000000.0,3801000000.0,0.0,0.004,0.188,-26428000000.0,-22627000000.0,-1.409,-22627000000.0,-26428000000.0,-26656000000.0,-74.6,-74.6,-74.6,3990000000.0,6432250000.0,3990000000.0,15779891103.0,-1.0,-0.697,64000000.0,0.2,1.0,3249000000.0,0.202,3016000000.0,228000000.0,9459000000.0,10957500000.0,1489000000.0,273000000.0,0.0,273000000.0,15946000000.0,9179000000.0,6767000000.0,14388891103.0,1299000000.0,544000000.0,49000000.0,720000000.0,-63000000.0,679000000.0,276000000.0,0.0,654000000.0,-1000000.0,-23878000000.0,-23878000000.0,-23878000000.0,2225000000.0,0.0,-1.487,26419000000.0,-23170000000.0,1883000000.0,-0.003,3.606,-0.603,-0.602,2323000000.0,0.0,44.9,0.896,0.896,2886000000.0,-30992000000.0,16055000000.0,16055000000.0,2755000000.0,-1.056,-3.712,-2.412,-1.646,205000000.0,5477000000.0,1.0,320465281.0,320465281.0,,50.099,16920000000.0,4224000000.0,-2778000000.0,757000000.0,52.798,1969000000.0
29,NRTLQ,MRT,2001-12-31,2001-12-31,2001-12-31,2020-04-01,-900000000.0,21202000000.0,28286500000.0,11977000000.0,9225000000.0,0.668,15.91,-1094000000.0,3460000000.0,3460000000.0,14612000000.0,-25722000000.0,1.296,3.166,4849000000.0,755000000.0,4094000000.0,4849000000.0,0.0,5665000000.0,0.0,0.005,0.375,-28265000000.0,-22600000000.0,-1.196,-22600000000.0,-28265000000.0,-28473000000.0,-80.8,-80.8,-80.8,5089000000.0,12757750000.0,5089000000.0,25629523452.0,-1.0,-1.134,-888000000.0,-2.776,1.0,4288000000.0,0.227,3096000000.0,208000000.0,10252000000.0,12819500000.0,1851000000.0,251000000.0,0.0,251000000.0,16113000000.0,9243000000.0,6870000000.0,23861523452.0,1852000000.0,525000000.0,146000000.0,2560000000.0,-123000000.0,2556000000.0,-569000000.0,0.0,206000000.0,-10000000.0,-25722000000.0,-25722000000.0,-25722000000.0,2467000000.0,0.0,-1.361,29170000000.0,-24882000000.0,1347000000.0,-0.005,4.689,-0.928,-0.923,2562000000.0,0.0,74.6,1.263,1.263,3056000000.0,-29973000000.0,18900000000.0,18900000000.0,3116000000.0,-0.909,-2.016,-2.205,-1.496,248000000.0,6111000000.0,1.0,319859564.0,319859564.0,,59.088,18106000000.0,4132000000.0,-2751000000.0,518000000.0,56.606,2734000000.0
30,NRTLQ,MRT,2001-09-30,2001-09-30,2001-09-30,2020-04-01,-926000000.0,23841000000.0,33531000000.0,13439000000.0,10402000000.0,0.663,20.902,-1678000000.0,3355000000.0,3355000000.0,15943000000.0,-26858000000.0,1.308,2.579,5123000000.0,686000000.0,4437000000.0,5123000000.0,120000000.0,6988000000.0,0.0,0.01,0.563,-29206000000.0,-22218000000.0,-0.999,-22218000000.0,-29206000000.0,-29361000000.0,-84.4,-84.4,-84.4,6662000000.0,18762750000.0,6662000000.0,20379073651.0,-1.0,-0.917,149000000.0,0.467,1.0,6293000000.0,0.283,4023000000.0,155000000.0,11311000000.0,14121000000.0,1991000000.0,237000000.0,0.0,237000000.0,17179000000.0,10275000000.0,6904000000.0,17880073651.0,1597000000.0,338000000.0,206000000.0,3236000000.0,-181000000.0,3261000000.0,-2625000000.0,0.0,1827000000.0,5000000.0,-26858000000.0,-26858000000.0,-26858000000.0,3230000000.0,0.0,-1.208,32033000000.0,-25740000000.0,1923000000.0,-0.007,2.684,-0.666,-0.665,2804000000.0,0.0,56.1,0.804,0.804,4408000000.0,-28325000000.0,22236000000.0,22236000000.0,3682000000.0,-0.801,-1.431,-2.068,-1.313,-282000000.0,6505000000.0,1.0,318717890.0,318717890.0,,69.767,19818000000.0,3465000000.0,-2503000000.0,626000000.0,62.18,3164000000.0
31,NRTLQ,MRT,2001-06-30,2001-06-30,2001-06-30,2020-04-01,-854000000.0,25503000000.0,36046500000.0,13688000000.0,11815000000.0,0.701,31.35,-1985000000.0,1929000000.0,1929000000.0,15887000000.0,-23976000000.0,1.303,1.553,4428000000.0,1810000000.0,2618000000.0,4428000000.0,129000000.0,7532000000.0,0.0,0.008,0.75,-24830000000.0,-17298000000.0,-0.685,-17298000000.0,-24830000000.0,-24953000000.0,-75.6,-75.6,-75.6,9988000000.0,22680250000.0,9988000000.0,30772695232.0,-1.0,-1.779,-1861000000.0,-5.841,1.0,9381000000.0,0.371,4685000000.0,123000000.0,12808000000.0,16314500000.0,2633000000.0,464000000.0,0.0,464000000.0,15515000000.0,10509000000.0,5006000000.0,28769695232.0,-1402000000.0,129000000.0,316000000.0,2626000000.0,-237000000.0,2705000000.0,-3135000000.0,0.0,124000000.0,-30000000.0,-23976000000.0,-23976000000.0,-23976000000.0,3309000000.0,0.0,-0.949,31180000000.0,-21799000000.0,2042000000.0,-0.01,2.88,-1.2,-1.194,3387000000.0,0.0,90.3,1.139,1.139,6442000000.0,-24857000000.0,25268000000.0,25268000000.0,3791000000.0,-0.665,-1.057,-1.522,-0.983,-72000000.0,5895000000.0,1.0,318601276.0,318601276.0,,79.309,20818000000.0,2190000000.0,-977000000.0,489000000.0,65.342,3179000000.0
32,NRTLQ,MRT,2001-03-31,2001-03-31,2001-03-31,2020-04-01,-931000000.0,42600000000.0,,15720000000.0,26880000000.0,,92.064,-2111000000.0,1772000000.0,1772000000.0,15634000000.0,-5293000000.0,1.991,0.454,3775000000.0,1142000000.0,2633000000.0,3775000000.0,109000000.0,6587000000.0,0.0,0.005,0.75,-4551000000.0,2036000000.0,0.073,2036000000.0,-4551000000.0,-4653000000.0,-17.4,-17.4,-17.4,29292000000.0,,29292000000.0,44996743292.0,-10.0,22.101,-1431000000.0,-4.498,1.0,12231000000.0,0.439,19800000000.0,102000000.0,16907000000.0,,4165000000.0,721000000.0,0.0,721000000.0,13308000000.0,7896000000.0,5412000000.0,44702743292.0,-288000000.0,1636000000.0,398000000.0,1950000000.0,-230000000.0,2118000000.0,-1946000000.0,-661000000.0,680000000.0,-30000000.0,-5293000000.0,-5293000000.0,-5293000000.0,657000000.0,0.0,-0.19,16830000000.0,-4599000000.0,2234000000.0,-0.043,1.526,-8.446,-8.075,3714000000.0,0.0,140.5,1.604,1.604,9023000000.0,-5366000000.0,27865000000.0,27865000000.0,3808000000.0,,,,-0.163,34000000.0,5660000000.0,1.0,318168991.0,318168991.0,,87.579,22800000000.0,1244000000.0,640000000.0,861000000.0,71.66,7824000000.0
33,NRTLQ,MRT,2000-12-31,2000-12-31,2000-12-31,2020-04-01,-529000000.0,42180000000.0,33093500000.0,16530000000.0,25650000000.0,0.844,96.805,-1843000000.0,1644000000.0,1644000000.0,15091000000.0,-3443000000.0,1.825,0.449,1938000000.0,760000000.0,1178000000.0,1938000000.0,93000000.0,5341000000.0,0.0,0.002,0.75,-2165000000.0,3176000000.0,0.114,3176000000.0,-2165000000.0,-2251000000.0,-11.7,-11.7,-11.7,29109000000.0,21090500000.0,29109000000.0,96468908871.0,-45.0,30.374,-897000000.0,-2.983,1.0,12840000000.0,0.46,17958000000.0,86000000.0,15458000000.0,12775500000.0,3827000000.0,773000000.0,0.0,773000000.0,13071000000.0,9058000000.0,4013000000.0,96410908871.0,-509000000.0,1636000000.0,479000000.0,141000000.0,-223000000.0,397000000.0,-687000000.0,0.0,946000000.0,-25000000.0,-3443000000.0,-3443000000.0,-3443000000.0,475000000.0,0.0,-0.123,15471000000.0,-2631000000.0,3005000000.0,-0.064,3.312,-28.002,-27.404,3357000000.0,0.0,320.625,3.452,3.452,8392000000.0,-2726000000.0,27931000000.0,27931000000.0,3637000000.0,-0.104,-0.163,-0.169,-0.078,133000000.0,5450000000.0,1.0,300696792.0,300696792.0,,92.888,24222000000.0,927000000.0,1192000000.0,1180000000.0,80.553,7472000000.0
34,NRTLQ,MRT,2000-09-30,2000-09-30,2000-09-30,2020-04-01,-570000000.0,33903000000.0,,15211000000.0,18692000000.0,,74.268,-1369000000.0,1758000000.0,1758000000.0,13646000000.0,-1889000000.0,19.085,0.518,1816000000.0,0.0,1816000000.0,1816000000.0,69000000.0,3880000000.0,0.0,0.001,0.75,-629000000.0,3251000000.0,0.129,3251000000.0,-629000000.0,-717000000.0,,,,22332000000.0,,22332000000.0,,,,49000000.0,0.163,1.0,11523000000.0,0.458,13079000000.0,88000000.0,20085000000.0,,4059000000.0,848000000.0,0.0,848000000.0,11571000000.0,797000000.0,10774000000.0,179102526616.0,569000000.0,1955000000.0,488000000.0,139000000.0,-215000000.0,412000000.0,270000000.0,0.0,1418000000.0,-38000000.0,-1889000000.0,-1889000000.0,-1889000000.0,305000000.0,0.0,-0.075,12998000000.0,-1475000000.0,2547000000.0,,8.02,-94.813,,2928000000.0,0.0,595.625,7.116,7.116,8565000000.0,-1259000000.0,25169000000.0,25169000000.0,3241000000.0,,,,-0.025,633000000.0,4899000000.0,1.0,300696792.0,300696792.0,,83.702,20824000000.0,1106000000.0,1172000000.0,1011000000.0,69.252,14414000000.0
35,NRTLQ,MRT,2000-06-30,2000-06-30,2000-06-30,2020-04-01,,,,,,,,,,,13014000000.0,-1382000000.0,,,,,,,,,,0.001,0.75,-244000000.0,,,,-244000000.0,-337000000.0,,,,,,,,,,,,1.0,10576000000.0,0.448,,93000000.0,,,,,,,,,,,,,,,,,,,,,-1382000000.0,-1382000000.0,-1382000000.0,226000000.0,0.0,-0.059,11623000000.0,-1047000000.0,,,,,,,0.0,682.5,,,,,23590000000.0,23590000000.0,3091000000.0,,,,-0.01,,4542000000.0,1.0,,,,,,,1045000000.0,,,
36,NRTLQ,MRT,2000-03-31,2000-03-31,2000-03-31,2020-04-01,,,,,,,,,,,,,,,,,,,,,,0.001,0.75,,,,,,,,,,,,,,,,,,1.0,,,,,,,,,,,,,,,,,,,,,,,,,,,,,,,,,,,,,,,,630.625,,,,,,,,,,,,,,1.0,,,,,,,,,,
37,NRTLQ,MRT,1999-12-31,1999-12-31,1999-12-31,2020-04-01,-434000000.0,24007000000.0,,12132000000.0,11875000000.0,,,-771000000.0,2153000000.0,2153000000.0,10781000000.0,-351000000.0,1.708,0.837,1635000000.0,244000000.0,1391000000.0,1635000000.0,53000000.0,2407000000.0,0.0,0.001,0.75,318000000.0,2725000000.0,0.139,2725000000.0,318000000.0,225000000.0,-1.3,-1.3,-1.3,13072000000.0,,13072000000.0,,,,846000000.0,,1.0,8847000000.0,0.451,6295000000.0,93000000.0,10093000000.0,,2663000000.0,1072000000.0,0.0,1072000000.0,10935000000.0,7101000000.0,3834000000.0,,-77000000.0,322000000.0,507000000.0,-33000000.0,-204000000.0,270000000.0,-1309000000.0,0.0,1617000000.0,0.0,-351000000.0,-351000000.0,-351000000.0,94000000.0,0.0,-0.018,8745000000.0,102000000.0,2360000000.0,-0.577,,,-388.462,2333000000.0,0.0,505.0,,,7164000000.0,967000000.0,19628000000.0,19628000000.0,2724000000.0,,,,0.016,243000000.0,3780000000.0,1.0,,,,,17712000000.0,1188000000.0,576000000.0,1255000000.0,,5031000000.0
38,NRTLQ,MRT,1999-09-30,1999-09-30,1999-09-30,2020-04-01,,,,,,,,,,,,,,,,,,,,,,0.003,0.75,,,,,,,,,,,,,,,,,,1.0,,,,,,,,,,,,,,,,,,,,,,,,,,,,,,,,,,,,,,,,255.0,,,,,,,,,,,,,,1.0,,,,,,,,,,
39,NRTLQ,MRT,1998-12-31,1998-12-31,1998-12-31,2020-04-01,,,,,,,,-604000000.0,,,9645000000.0,-1282000000.0,,,,,,,,1163000000.0,,0.006,0.75,-755000000.0,408000000.0,0.024,408000000.0,-755000000.0,-862000000.0,-5.6,-5.6,-5.6,,,,,,,876000000.0,,1.0,7212000000.0,0.428,,107000000.0,,,,,,,,,,,907000000.0,866000000.0,-99000000.0,-189000000.0,-178000000.0,-466000000.0,-113000000.0,0.0,1480000000.0,6000000.0,-1282000000.0,-1282000000.0,-1282000000.0,0.0,0.0,-0.076,7977000000.0,-765000000.0,,-0.134,,,-22.321,,0.0,125.0,,,,,16857000000.0,16857000000.0,2532000000.0,,,,-0.045,28000000.0,2983000000.0,1.0,,,,,,,420000000.0,,,
