None,ticker,dimension,calendardate,datekey,reportperiod,lastupdated,accoci,assets,assetsavg,assetsc,assetsnc,assetturnover,bvps,capex,cashneq,cashnequsd,cor,consolinc,currentratio,de,debt,debtc,debtnc,debtusd,deferredrev,depamor,deposits,divyield,dps,ebit,ebitda,ebitdamargin,ebitdausd,ebitusd,ebt,eps,epsdil,epsusd,equity,equityavg,equityusd,ev,evebit,evebitda,fcf,fcfps,fxusd,gp,grossmargin,intangibles,intexp,invcap,invcapavg,inventory,investments,investmentsc,investmentsnc,liabilities,liabilitiesc,liabilitiesnc,marketcap,ncf,ncfbus,ncfcommon,ncfdebt,ncfdiv,ncff,ncfi,ncfinv,ncfo,ncfx,netinc,netinccmn,netinccmnusd,netincdis,netincnci,netmargin,opex,opinc,payables,payoutratio,pb,pe,pe1,ppnenet,prefdivis,price,ps,ps1,receivables,retearn,revenue,revenueusd,rnd,roa,roe,roic,ros,sbcomp,sgna,sharefactor,sharesbas,shareswa,shareswadil,sps,tangibles,taxassets,taxexp,taxliabilities,tbvps,workingcapital
0,CMCSA,MRY,2020-12-31,2020-12-31,2020-12-31,2021-07-29,1884000000.0,273869000000.0,267802000000.0,26741000000.0,247128000000.0,0.387,19.741,-13591000000.0,11740000000.0,11740000000.0,0.0,10701000000.0,0.929,2.016,108928000000.0,3146000000.0,105782000000.0,108928000000.0,2963000000.0,13100000000.0,0.0,0.017,0.9,18486000000.0,31586000000.0,0.305,31586000000.0,18486000000.0,13898000000.0,2.3,2.28,2.3,90323000000.0,85404750000.0,90323000000.0,335630933322.0,18.0,10.626,11146000000.0,2.436,1.0,103564000000.0,1.0,165423000000.0,4588000000.0,176838000000.0,173966500000.0,0.0,8267000000.0,0.0,8267000000.0,182131000000.0,28796000000.0,153335000000.0,239746933322.0,6179000000.0,2106000000.0,-534000000.0,-133000000.0,-4140000000.0,-6513000000.0,-12047000000.0,-812000000.0,24737000000.0,2000000.0,10534000000.0,10534000000.0,10534000000.0,0.0,167000000.0,0.102,86071000000.0,17493000000.0,11364000000.0,0.391,2.654,22.759,22.783,51995000000.0,0.0,52.4,2.315,2.315,11466000000.0,56438000000.0,103564000000.0,103564000000.0,0.0,0.039,0.123,0.106,0.178,1193000000.0,72971000000.0,1.0,4575323155.0,4575323155,,22.635,108446000000.0,0.0,3364000000.0,28051000000.0,23.702,-2055000000.0
1,CMCSA,MRY,2019-12-31,2019-12-31,2019-12-31,2021-07-29,1047000000.0,263414000000.0,258133000000.0,25392000000.0,238022000000.0,0.422,18.185,-13544000000.0,5500000000.0,5500000000.0,0.0,13323000000.0,0.838,2.17,107383000000.0,4452000000.0,102931000000.0,107383000000.0,2768000000.0,12953000000.0,0.0,0.014,0.63,21297000000.0,34250000000.0,0.314,34250000000.0,21297000000.0,16730000000.0,2.87,2.83,2.87,82726000000.0,78169750000.0,82726000000.0,307123783922.0,14.0,8.967,12153000000.0,2.671,1.0,108942000000.0,1.0,168095000000.0,4567000000.0,166910000000.0,166358250000.0,0.0,7683000000.0,0.0,7683000000.0,179540000000.0,30292000000.0,149248000000.0,204579783922.0,1680000000.0,516000000.0,-504000000.0,-4988000000.0,-3735000000.0,-9181000000.0,-14841000000.0,-1899000000.0,25697000000.0,5000000.0,13057000000.0,13057000000.0,13057000000.0,0.0,266000000.0,0.12,87817000000.0,21125000000.0,10826000000.0,0.22,2.473,15.668,15.669,48322000000.0,0.0,44.97,1.878,1.878,11292000000.0,50695000000.0,108942000000.0,108942000000.0,0.0,0.051,0.167,0.128,0.195,1021000000.0,74864000000.0,1.0,4549250254.0,4549250254,,23.947,95319000000.0,0.0,3673000000.0,28180000000.0,20.953,-4900000000.0
2,CMCSA,MRY,2018-12-31,2018-12-31,2018-12-31,2021-07-29,-368000000.0,251684000000.0,208610750000.0,21848000000.0,229836000000.0,0.453,15.741,-12169000000.0,3814000000.0,3814000000.0,0.0,11862000000.0,0.792,2.502,111743000000.0,4398000000.0,107345000000.0,111743000000.0,2182000000.0,10676000000.0,0.0,0.027,0.917,18653000000.0,29329000000.0,0.31,29329000000.0,18653000000.0,15111000000.0,2.56,2.53,2.56,71613000000.0,70828000000.0,71613000000.0,217178637384.0,12.0,7.405,12128000000.0,2.666,1.0,94507000000.0,1.0,167623000000.0,3542000000.0,164387000000.0,130673250000.0,0.0,7883000000.0,0.0,7883000000.0,179182000000.0,27603000000.0,151579000000.0,154910637384.0,338000000.0,-38078000000.0,-5320000000.0,36362000000.0,-3352000000.0,27140000000.0,-50854000000.0,-1257000000.0,24297000000.0,-245000000.0,11731000000.0,11731000000.0,11731000000.0,0.0,131000000.0,0.124,75498000000.0,19009000000.0,8494000000.0,0.358,2.163,13.205,13.301,44437000000.0,0.0,34.05,1.639,1.639,11104000000.0,41983000000.0,94507000000.0,94507000000.0,0.0,0.056,0.166,0.143,0.197,826000000.0,64822000000.0,1.0,4549504769.0,4549504769,,20.773,84061000000.0,0.0,3380000000.0,27589000000.0,18.477,-5755000000.0
3,CMCSA,MRY,2017-12-31,2017-12-31,2017-12-31,2021-07-29,379000000.0,187462000000.0,184568250000.0,16343000000.0,171119000000.0,0.461,14.681,-11644000000.0,3428000000.0,3428000000.0,0.0,22922000000.0,0.743,1.72,64556000000.0,5134000000.0,59422000000.0,64556000000.0,1687000000.0,9688000000.0,0.0,0.012,0.473,18252000000.0,27940000000.0,0.329,27940000000.0,18252000000.0,15166000000.0,4.83,4.75,4.83,68616000000.0,58526750000.0,68616000000.0,248031561792.0,14.0,8.877,9617000000.0,2.058,1.0,85029000000.0,1.0,115890000000.0,3086000000.0,110707000000.0,107120250000.0,0.0,6931000000.0,0.0,6931000000.0,118003000000.0,21993000000.0,96010000000.0,187184561792.0,156000000.0,-382000000.0,-5435000000.0,3197000000.0,-2883000000.0,-7572000000.0,-13533000000.0,-2292000000.0,21261000000.0,0.0,22735000000.0,22735000000.0,22735000000.0,0.0,187000000.0,0.267,67011000000.0,18018000000.0,6908000000.0,0.098,2.728,8.233,8.292,38470000000.0,0.0,40.05,2.201,2.201,8834000000.0,38202000000.0,85029000000.0,85029000000.0,0.0,0.123,0.388,0.17,0.215,751000000.0,57323000000.0,1.0,4673771830.0,4673771830,,18.193,71572000000.0,0.0,-7569000000.0,24259000000.0,15.314,-5650000000.0
4,CMCSA,MRY,2016-12-31,2016-12-31,2016-12-31,2021-07-29,98000000.0,180500000000.0,175252000000.0,16361000000.0,164139000000.0,0.461,11.272,-11137000000.0,5073000000.0,5073000000.0,0.0,9028000000.0,0.76,2.305,61046000000.0,5480000000.0,55566000000.0,61046000000.0,1132000000.0,9426000000.0,0.0,0.02,0.675,16918000000.0,26344000000.0,0.326,26344000000.0,16918000000.0,13976000000.0,1.8,1.78,1.8,53943000000.0,53291000000.0,53943000000.0,222846076806.0,13.0,8.459,8554000000.0,1.787,1.0,80736000000.0,1.0,113868000000.0,2942000000.0,101070000000.0,96950000000.0,0.0,5247000000.0,0.0,5247000000.0,124326000000.0,21535000000.0,102791000000.0,165225076806.0,992000000.0,-3711000000.0,-5329000000.0,7969000000.0,-2601000000.0,-434000000.0,-18265000000.0,-3446000000.0,19691000000.0,0.0,8678000000.0,8678000000.0,8678000000.0,0.0,350000000.0,0.107,63905000000.0,16831000000.0,6915000000.0,0.375,3.063,19.04,19.181,36253000000.0,0.0,34.525,2.046,2.046,7955000000.0,23076000000.0,80736000000.0,80736000000.0,0.0,0.05,0.163,0.175,0.21,640000000.0,54479000000.0,1.0,4785664788.0,4785664788,,16.87,66632000000.0,0.0,5298000000.0,34854000000.0,13.923,-5174000000.0
5,CMCSA,MRY,2015-12-31,2015-12-31,2015-12-31,2021-07-29,-174000000.0,166574000000.0,160990750000.0,12303000000.0,154271000000.0,0.463,10.636,-10047000000.0,2316000000.0,2316000000.0,0.0,8413000000.0,0.677,2.154,52621000000.0,3627000000.0,48994000000.0,52621000000.0,1302000000.0,8680000000.0,0.0,0.017,0.487,15824000000.0,24504000000.0,0.329,24504000000.0,15824000000.0,13122000000.0,1.64,1.62,1.64,52269000000.0,52139000000.0,52269000000.0,184525461983.0,12.0,7.53,9438000000.0,1.92,1.0,74510000000.0,1.0,110468000000.0,2702000000.0,88233000000.0,83128250000.0,0.0,3224000000.0,0.0,3224000000.0,112596000000.0,18178000000.0,94418000000.0,138661461983.0,-1615000000.0,-1353000000.0,-7139000000.0,1243000000.0,-2437000000.0,-9136000000.0,-11964000000.0,-802000000.0,19485000000.0,0.0,8163000000.0,8163000000.0,8163000000.0,0.0,250000000.0,0.11,58512000000.0,15998000000.0,6215000000.0,0.297,2.653,16.987,17.204,33665000000.0,0.0,28.215,1.861,1.861,6896000000.0,21413000000.0,74510000000.0,74510000000.0,0.0,0.051,0.157,0.19,0.212,567000000.0,49832000000.0,1.0,4914459046.0,4914459046,,15.161,56106000000.0,0.0,4959000000.0,33566000000.0,11.417,-5875000000.0
6,CMCSA,MRY,2014-12-31,2014-12-31,2014-12-31,2021-07-29,-146000000.0,159186000000.0,158413750000.0,13531000000.0,145655000000.0,0.434,10.23,-8585000000.0,3910000000.0,3910000000.0,0.0,8592000000.0,0.777,2.013,48081000000.0,4217000000.0,43864000000.0,48081000000.0,915000000.0,8019000000.0,0.0,0.012,0.338,14870000000.0,22889000000.0,0.333,22889000000.0,14870000000.0,12253000000.0,1.62,1.6,1.62,52711000000.0,52312000000.0,52711000000.0,193254009912.0,13.0,8.443,8360000000.0,1.622,1.0,68775000000.0,1.0,104499000000.0,2617000000.0,81448000000.0,80689000000.0,0.0,3737000000.0,602000000.0,3135000000.0,106118000000.0,17410000000.0,88708000000.0,149451009912.0,2192000000.0,189000000.0,-4216000000.0,503000000.0,-2254000000.0,-6020000000.0,-8733000000.0,-191000000.0,16945000000.0,0.0,8380000000.0,8380000000.0,8380000000.0,0.0,212000000.0,0.122,53871000000.0,14904000000.0,5638000000.0,0.209,2.835,17.834,17.904,30953000000.0,0.0,29.005,2.173,2.173,6321000000.0,21539000000.0,68775000000.0,68775000000.0,0.0,0.053,0.16,0.184,0.216,513000000.0,45852000000.0,1.0,5152594722.0,5152594722,,13.348,54687000000.0,0.0,3873000000.0,32959000000.0,10.613,-3879000000.0
7,CMCSA,MRY,2013-12-31,2013-12-31,2013-12-31,2021-07-29,56000000.0,158813000000.0,157147750000.0,14075000000.0,144738000000.0,0.411,9.691,-9509000000.0,1718000000.0,1718000000.0,0.0,7135000000.0,0.744,2.126,47847000000.0,3280000000.0,44567000000.0,47847000000.0,898000000.0,7871000000.0,0.0,0.015,0.39,13370000000.0,21241000000.0,0.329,21241000000.0,13370000000.0,10796000000.0,1.3,1.28,1.3,50694000000.0,49423250000.0,50694000000.0,180832679073.0,14.0,8.513,4651000000.0,0.889,1.0,64657000000.0,1.0,104719000000.0,2574000000.0,81311000000.0,79263250000.0,0.0,7343000000.0,3573000000.0,3770000000.0,107755000000.0,18912000000.0,88843000000.0,135910679073.0,-9233000000.0,984000000.0,-1960000000.0,1834000000.0,-1964000000.0,-13879000000.0,-9514000000.0,-1223000000.0,14160000000.0,0.0,6816000000.0,6816000000.0,6816000000.0,0.0,319000000.0,0.105,51094000000.0,13563000000.0,5528000000.0,0.3,2.681,19.94,19.987,29840000000.0,0.0,25.983,2.102,2.102,6376000000.0,19235000000.0,64657000000.0,64657000000.0,0.0,0.043,0.138,0.169,0.207,419000000.0,43223000000.0,1.0,5230854578.0,5230854578,,12.361,54094000000.0,0.0,3980000000.0,31935000000.0,10.341,-4837000000.0
8,CMCSA,MRY,2012-12-31,2012-12-31,2012-12-31,2021-07-29,15000000.0,164971000000.0,160765500000.0,19991000000.0,144980000000.0,0.389,9.287,-6637000000.0,10951000000.0,10951000000.0,0.0,7865000000.0,1.196,2.334,40458000000.0,2376000000.0,38082000000.0,40458000000.0,851000000.0,7798000000.0,0.0,0.017,0.325,12468000000.0,20266000000.0,0.324,20266000000.0,12468000000.0,9947000000.0,1.16,1.14,1.16,49356000000.0,48363750000.0,49356000000.0,128966344634.0,10.0,6.364,8217000000.0,1.546,1.0,62570000000.0,1.0,105098000000.0,2521000000.0,72666000000.0,71633000000.0,0.0,7789000000.0,1464000000.0,6325000000.0,115175000000.0,16714000000.0,98461000000.0,99275344634.0,9331000000.0,3012000000.0,-2767000000.0,1119000000.0,-1608000000.0,-4037000000.0,-1486000000.0,2065000000.0,14854000000.0,0.0,6203000000.0,6203000000.0,6203000000.0,0.0,1662000000.0,0.099,50391000000.0,12179000000.0,6206000000.0,0.28,2.011,16.004,16.103,27232000000.0,0.0,18.68,1.587,1.587,5521000000.0,16280000000.0,62570000000.0,62570000000.0,0.0,0.039,0.128,0.174,0.199,371000000.0,42593000000.0,1.0,5314525944.0,5314525944,,11.773,59873000000.0,0.0,3744000000.0,30110000000.0,11.266,3277000000.0
9,CMCSA,MRY,2011-12-31,2011-12-31,2011-12-31,2021-07-29,-152000000.0,157818000000.0,155921500000.0,8573000000.0,149245000000.0,0.358,8.675,-6261000000.0,1620000000.0,1620000000.0,0.0,5157000000.0,0.647,2.33,39309000000.0,1367000000.0,37942000000.0,39309000000.0,790000000.0,7636000000.0,0.0,0.023,0.272,9715000000.0,17351000000.0,0.311,17351000000.0,9715000000.0,7210000000.0,0.755,0.75,0.755,47274000000.0,46732000000.0,47274000000.0,103769979968.0,11.0,5.981,8084000000.0,1.483,1.0,55842000000.0,1.0,105402000000.0,2505000000.0,76864000000.0,75776750000.0,0.0,9908000000.0,54000000.0,9854000000.0,110163000000.0,13241000000.0,96922000000.0,64605979968.0,-4364000000.0,-6130000000.0,-1858000000.0,-2672000000.0,-1187000000.0,-6201000000.0,-12508000000.0,-98000000.0,14345000000.0,0.0,4160000000.0,4160000000.0,4160000000.0,0.0,997000000.0,0.074,45121000000.0,10721000000.0,5705000000.0,0.36,1.367,15.53,15.702,27559000000.0,0.0,11.855,1.157,1.157,4652000000.0,13971000000.0,55842000000.0,55842000000.0,0.0,0.027,0.089,0.128,0.174,344000000.0,37485000000.0,1.0,5449681988.0,5449681988,,10.247,52416000000.0,0.0,3050000000.0,29932000000.0,9.618,-4668000000.0
10,CMCSA,MRY,2010-12-31,2010-12-31,2010-12-31,2021-07-29,-99000000.0,118534000000.0,116526500000.0,8886000000.0,109648000000.0,0.326,7.948,-5497000000.0,5984000000.0,5984000000.0,0.0,3668000000.0,1.079,1.671,31415000000.0,1800000000.0,29615000000.0,31415000000.0,83000000.0,6616000000.0,0.0,0.017,0.189,8227000000.0,14843000000.0,0.391,14843000000.0,8227000000.0,6071000000.0,0.645,0.645,0.645,44354000000.0,43664250000.0,44354000000.0,87794792694.0,11.0,5.915,5682000000.0,1.018,1.0,37937000000.0,1.0,77953000000.0,2156000000.0,57778000000.0,56260750000.0,0.0,6670000000.0,0.0,6670000000.0,74100000000.0,8234000000.0,65866000000.0,61298792694.0,5313000000.0,-84000000.0,-1166000000.0,2267000000.0,-1064000000.0,-155000000.0,-5711000000.0,-70000000.0,11179000000.0,0.0,3635000000.0,3635000000.0,3635000000.0,0.0,33000000.0,0.096,29957000000.0,7980000000.0,3291000000.0,0.293,1.382,16.863,17.031,23515000000.0,0.0,10.985,1.616,1.616,1855000000.0,12158000000.0,37937000000.0,37937000000.0,0.0,0.031,0.083,0.146,0.217,300000000.0,23341000000.0,1.0,5580226918.0,5580226918,,6.798,40581000000.0,0.0,2436000000.0,28246000000.0,7.272,652000000.0
11,CMCSA,MRY,2009-12-31,2009-12-31,2009-12-31,2021-07-29,-46000000.0,112733000000.0,113376000000.0,3223000000.0,109510000000.0,0.315,7.483,-5639000000.0,671000000.0,671000000.0,0.0,3628000000.0,0.445,1.637,29096000000.0,1156000000.0,27940000000.0,29096000000.0,0.0,6500000000.0,0.0,0.016,0.133,7464000000.0,13964000000.0,0.391,13964000000.0,7464000000.0,5116000000.0,0.635,0.63,0.635,42721000000.0,41965000000.0,42721000000.0,76714963507.0,10.0,5.494,4642000000.0,0.813,1.0,35756000000.0,1.0,78490000000.0,2348000000.0,55419000000.0,55357250000.0,0.0,5997000000.0,50000000.0,5947000000.0,69922000000.0,7249000000.0,62673000000.0,48129963507.0,-524000000.0,14000000.0,-764000000.0,-3174000000.0,-761000000.0,-4908000000.0,-5897000000.0,-346000000.0,10281000000.0,0.0,3638000000.0,3638000000.0,3638000000.0,0.0,-10000000.0,0.102,28542000000.0,7214000000.0,3094000000.0,0.209,1.127,13.23,13.276,23855000000.0,0.0,8.43,1.346,1.346,1711000000.0,10005000000.0,35756000000.0,35756000000.0,0.0,0.032,0.087,0.135,0.209,257000000.0,22042000000.0,1.0,5709366964.0,5709366964,,6.263,34243000000.0,240000000.0,1478000000.0,27800000000.0,5.998,-4026000000.0
12,CMCSA,MRY,2008-12-31,2008-12-31,2008-12-31,2021-07-29,-113000000.0,113017000000.0,113558500000.0,3716000000.0,109301000000.0,0.303,7.023,-6277000000.0,1195000000.0,1195000000.0,0.0,2525000000.0,0.416,1.791,32456000000.0,2278000000.0,30178000000.0,32456000000.0,0.0,6400000000.0,0.0,0.011,0.094,6519000000.0,12919000000.0,0.375,12919000000.0,6519000000.0,4080000000.0,0.435,0.43,0.435,40450000000.0,40447250000.0,40450000000.0,79584652387.0,12.0,6.16,3954000000.0,0.687,1.0,34423000000.0,1.0,78896000000.0,2439000000.0,56443000000.0,57070250000.0,0.0,4842000000.0,59000000.0,4783000000.0,72441000000.0,8939000000.0,63502000000.0,48610652387.0,232000000.0,-738000000.0,-2747000000.0,925000000.0,-547000000.0,-2522000000.0,-7477000000.0,-430000000.0,10231000000.0,0.0,2547000000.0,2547000000.0,2547000000.0,0.0,-22000000.0,0.074,27691000000.0,6732000000.0,3393000000.0,0.216,1.202,19.085,19.402,24444000000.0,0.0,8.44,1.412,1.412,1626000000.0,7427000000.0,34423000000.0,34423000000.0,0.0,0.022,0.063,0.114,0.189,258000000.0,21291000000.0,1.0,5759555970.0,5759555970,,5.977,34121000000.0,292000000.0,1533000000.0,26982000000.0,5.924,-5223000000.0
13,CMCSA,MRY,2007-12-31,2007-12-31,2007-12-31,2021-07-29,-56000000.0,113417000000.0,111920250000.0,3667000000.0,109750000000.0,0.278,6.726,-6564000000.0,963000000.0,963000000.0,0.0,2549000000.0,0.461,1.744,31323000000.0,1495000000.0,29828000000.0,31323000000.0,0.0,6208000000.0,0.0,0.0,0.0,6676000000.0,12884000000.0,0.415,12884000000.0,6676000000.0,4387000000.0,0.42,0.415,0.42,41340000000.0,41722750000.0,41340000000.0,84271107573.0,13.0,6.541,1625000000.0,0.264,1.0,31060000000.0,1.0,77521000000.0,2289000000.0,58304000000.0,55578000000.0,0.0,8061000000.0,98000000.0,7963000000.0,72077000000.0,7952000000.0,64125000000.0,56116107573.0,-276000000.0,-1319000000.0,-2690000000.0,2312000000.0,0.0,-316000000.0,-8149000000.0,-328000000.0,8189000000.0,0.0,2587000000.0,2587000000.0,2587000000.0,0.0,-38000000.0,0.083,25482000000.0,5578000000.0,3336000000.0,0.0,1.357,21.692,21.738,23624000000.0,0.0,9.13,1.807,1.807,1645000000.0,7191000000.0,31060000000.0,31060000000.0,0.0,0.023,0.062,0.12,0.215,212000000.0,19274000000.0,1.0,6146342560.0,6146342560,,5.053,35896000000.0,214000000.0,1800000000.0,26880000000.0,5.84,-4285000000.0
14,CMCSA,MRY,2006-12-31,2006-12-31,2006-12-31,2021-07-29,34000000.0,110405000000.0,106111750000.0,5202000000.0,105203000000.0,0.235,6.594,-4701000000.0,1239000000.0,1239000000.0,0.0,2533000000.0,0.723,1.682,28975000000.0,983000000.0,27992000000.0,28975000000.0,0.0,4962000000.0,0.0,0.0,0.0,5944000000.0,10906000000.0,0.437,10906000000.0,5944000000.0,3880000000.0,0.4,0.395,0.4,41167000000.0,40455500000.0,41167000000.0,112539935366.0,19.0,10.319,1917000000.0,0.307,1.0,24966000000.0,1.0,74576000000.0,2064000000.0,56374000000.0,53202250000.0,0.0,10582000000.0,1735000000.0,8847000000.0,69238000000.0,7191000000.0,62047000000.0,88094935366.0,292000000.0,-5110000000.0,-1937000000.0,5458000000.0,0.0,3546000000.0,-9872000000.0,-92000000.0,6618000000.0,0.0,2533000000.0,2533000000.0,2533000000.0,-298000000.0,0.0,0.101,20347000000.0,4619000000.0,2862000000.0,0.0,2.14,34.779,35.275,21248000000.0,0.0,14.11,3.529,3.529,1450000000.0,6214000000.0,24966000000.0,24966000000.0,0.0,0.024,0.063,0.112,0.238,190000000.0,15524000000.0,1.0,6243439785.0,6243439785,,3.999,35829000000.0,0.0,1347000000.0,27652000000.0,5.739,-1989000000.0
15,CMCSA,MRY,2005-12-31,2005-12-31,2005-12-31,2021-07-29,-114000000.0,103400000000.0,104095500000.0,2848000000.0,100552000000.0,0.202,6.174,-3902000000.0,947000000.0,947000000.0,0.0,928000000.0,0.437,1.571,23371000000.0,1689000000.0,21682000000.0,23371000000.0,0.0,4804000000.0,0.0,0.0,0.0,3596000000.0,8400000000.0,0.399,8400000000.0,3596000000.0,1801000000.0,0.14,0.14,0.14,40219000000.0,40999500000.0,40219000000.0,78311307294.0,22.0,9.323,933000000.0,0.143,1.0,21075000000.0,1.0,65420000000.0,1795000000.0,53880000000.0,50671250000.0,0.0,12823000000.0,148000000.0,12675000000.0,63181000000.0,6524000000.0,56657000000.0,56285307294.0,154000000.0,-199000000.0,-2220000000.0,1272000000.0,0.0,-933000000.0,-3748000000.0,555000000.0,4835000000.0,0.0,928000000.0,928000000.0,928000000.0,-100000000.0,0.0,0.044,17554000000.0,3521000000.0,2239000000.0,0.0,1.399,60.652,61.714,17704000000.0,0.0,8.64,2.671,2.671,1008000000.0,4825000000.0,21075000000.0,21075000000.0,0.0,0.009,0.023,0.071,0.171,56000000.0,13003000000.0,1.0,6514503159.0,6514503159,,3.235,37980000000.0,0.0,873000000.0,27372000000.0,5.83,-3676000000.0
16,CMCSA,MRY,2004-12-31,2004-12-31,2004-12-31,2021-07-29,-119000000.0,104694000000.0,106946500000.0,3535000000.0,101159000000.0,0.18,6.22,-4275000000.0,452000000.0,452000000.0,0.0,970000000.0,0.409,1.527,23592000000.0,3499000000.0,20093000000.0,23592000000.0,0.0,4623000000.0,0.0,0.0,0.0,3645000000.0,8268000000.0,0.43,8268000000.0,3645000000.0,1771000000.0,0.145,0.145,0.145,41422000000.0,41468250000.0,41422000000.0,98391978204.0,27.0,11.9,1807000000.0,0.271,1.0,19221000000.0,1.0,68942000000.0,1874000000.0,50257000000.0,53074250000.0,0.0,14367000000.0,1555000000.0,12812000000.0,63272000000.0,8635000000.0,54637000000.0,73877978204.0,-946000000.0,-296000000.0,-1248000000.0,-1293000000.0,0.0,-2516000000.0,-4512000000.0,85000000.0,6082000000.0,0.0,970000000.0,970000000.0,970000000.0,-42000000.0,0.0,0.05,16392000000.0,2829000000.0,2041000000.0,0.0,1.784,76.163,76.506,18711000000.0,0.0,11.093,3.844,3.844,959000000.0,4891000000.0,19221000000.0,19221000000.0,0.0,0.009,0.023,0.069,0.19,33000000.0,12041000000.0,1.0,6659673516.0,6659673516,,2.886,35752000000.0,0.0,801000000.0,27175000000.0,5.368,-5100000000.0
17,CMCSA,MRY,2003-12-31,2003-12-31,2003-12-31,2021-07-29,-140000000.0,109159000000.0,109627250000.0,5403000000.0,103756000000.0,0.167,6.196,-4316000000.0,1550000000.0,1550000000.0,0.0,3240000000.0,0.56,1.62,26996000000.0,3161000000.0,23835000000.0,26996000000.0,0.0,4438000000.0,0.0,0.0,0.0,5242000000.0,9680000000.0,0.528,9680000000.0,5242000000.0,3224000000.0,0.48,0.48,0.48,41662000000.0,39758750000.0,41662000000.0,100634384470.0,19.0,10.396,-1462000000.0,-0.217,1.0,18348000000.0,1.0,69750000000.0,2018000000.0,55201000000.0,58976250000.0,0.0,17311000000.0,2493000000.0,14818000000.0,67497000000.0,9654000000.0,57843000000.0,73498384470.0,1045000000.0,1723000000.0,53000000.0,-7067000000.0,0.0,-7048000000.0,5239000000.0,7832000000.0,2854000000.0,0.0,3240000000.0,3240000000.0,3240000000.0,-3458000000.0,0.0,0.177,16394000000.0,1954000000.0,2355000000.0,0.0,1.764,22.685,22.771,18473000000.0,0.0,10.93,4.006,4.006,907000000.0,4552000000.0,18348000000.0,18348000000.0,0.0,0.03,0.081,0.089,0.286,0.0,11956000000.0,1.0,6724463355.0,6724463355,,2.729,39409000000.0,0.0,-16000000.0,26579000000.0,5.861,-4251000000.0
18,CMCSA,MRY,2002-12-31,2002-12-31,2002-12-31,2021-07-29,-139000000.0,113128000000.0,55542375000.0,7099000000.0,106029000000.0,0.146,13.493,-1852000000.0,505000000.0,505000000.0,0.0,-274000000.0,0.461,1.951,34909000000.0,6953000000.0,27956000000.0,34909000000.0,0.0,1915000000.0,0.0,0.0,0.0,468000000.0,2383000000.0,0.294,2383000000.0,468000000.0,-402000000.0,-0.083,-0.083,-0.083,38329000000.0,20137850000.0,38329000000.0,31790598980.0,68.0,13.341,569000000.0,0.2,1.0,8102000000.0,1.0,70213000000.0,870000000.0,61913000000.0,30072025000.0,0.0,18432000000.0,3258000000.0,15174000000.0,74799000000.0,15406000000.0,59393000000.0,22318598980.0,291000000.0,-251000000.0,19000000.0,-749000000.0,0.0,-1005000000.0,-1125000000.0,1175000000.0,2421000000.0,0.0,-274000000.0,-274000000.0,-274000000.0,-195000000.0,0.0,-0.034,7181000000.0,921000000.0,1296000000.0,0.0,0.582,-81.455,-94.659,18381000000.0,0.0,7.857,2.755,2.755,862000000.0,1340000000.0,8102000000.0,8102000000.0,0.0,-0.005,-0.014,0.016,0.058,0.0,5266000000.0,1.0,2840721126.0,2840721126,,2.852,42915000000.0,0.0,-128000000.0,24209000000.0,15.107,-8307000000.0
19,CMCSA,MRY,2001-12-31,2001-12-31,2001-12-31,2021-07-29,144000000.0,38261000000.0,38224825000.0,4678000000.0,33583000000.0,0.155,5.08,-2039000000.0,350000000.0,350000000.0,0.0,609000000.0,1.451,1.644,12202000000.0,460000000.0,11742000000.0,12202000000.0,0.0,3273000000.0,0.0,0.0,0.0,1533000000.0,4806000000.0,0.809,4806000000.0,1533000000.0,825000000.0,0.213,0.21,0.213,14473000000.0,14842325000.0,14473000000.0,45408242272.0,30.0,9.448,-870000000.0,-0.305,1.0,5937000000.0,1.0,24509000000.0,708000000.0,22381000000.0,39355675000.0,455000000.0,4302000000.0,2623000000.0,1679000000.0,23788000000.0,3223000000.0,20565000000.0,34017442272.0,-330000000.0,-1329000000.0,0.0,1674000000.0,0.0,1651000000.0,-3150000000.0,523000000.0,1169000000.0,0.0,609000000.0,609000000.0,609000000.0,-220000000.0,0.0,0.103,7262000000.0,-1325000000.0,698000000.0,0.0,2.35,55.858,56.338,7011000000.0,0.0,12.0,5.73,5.759,967000000.0,1632000000.0,5937000000.0,5937000000.0,0.0,0.016,0.041,0.039,0.258,0.0,3989000000.0,1.0,2834786856.0,2849100000,2893500000.0,2.084,13752000000.0,129000000.0,216000000.0,6780000000.0,4.827,1455000000.0
20,CMCSA,MRY,2000-12-31,2000-12-31,2000-12-31,2021-07-29,432400000.0,35744500000.0,36188150000.0,5144400000.0,30600100000.0,0.231,5.272,-1637000000.0,651500000.0,651500000.0,0.0,2021000000.0,1.481,1.538,10811300000.0,293900000.0,10517400000.0,10811300000.0,0.0,2619000000.0,0.0,0.0,0.0,4178000000.0,6797000000.0,0.813,6797000000.0,4178000000.0,3450000000.0,0.747,0.71,0.747,14086400000.0,15056200000.0,14086400000.0,46643558602.0,11.0,6.862,-448000000.0,-0.168,1.0,8357000000.0,1.0,22067500000.0,728000000.0,20363300000.0,36188950000.0,438500000.0,5721600000.0,3059700000.0,2661900000.0,21658100000.0,3473500000.0,18184600000.0,37295558602.0,-271000000.0,-187000000.0,-294000000.0,79000000.0,0.0,-241000000.0,-1219000000.0,1014000000.0,1189000000.0,0.0,2021000000.0,2021000000.0,2021000000.0,0.0,0.0,0.242,8518000000.0,-161000000.0,813200000.0,0.0,2.648,18.454,18.434,5519900000.0,0.0,13.77,4.463,4.403,891900000.0,1056500000.0,8357000000.0,8357000000.0,0.0,0.056,0.134,0.115,0.5,0.0,3614000000.0,1.0,2708464677.0,2672100000,2846100000.0,3.128,13677000000.0,0.0,1429000000.0,6576600000.0,5.118,1670900000.0
21,CMCSA,MRY,1999-12-31,1999-12-31,1999-12-31,2021-07-29,6112700000.0,28685600000.0,22528100000.0,9704400000.0,18981200000.0,0.29,4.602,-893800000.0,922200000.0,922200000.0,0.0,1065700000.0,1.771,1.774,9224700000.0,517500000.0,8707200000.0,9224700000.0,0.0,1216000000.0,0.0,0.001,0.008,2993700000.0,4209700000.0,0.645,4209700000.0,2993700000.0,1789400000.0,0.46,0.433,0.46,10341300000.0,7437000000.0,10341300000.0,42065403028.0,14.0,9.992,355600000.0,0.158,1.0,6529200000.0,1.0,12722100000.0,1204300000.0,18787900000.0,21117925000.0,402800000.0,13154800000.0,7606000000.0,5548800000.0,18344300000.0,5478100000.0,12866200000.0,35990903028.0,51500000.0,-394100000.0,-13600000.0,1418400000.0,-9400000.0,1341400000.0,-2539300000.0,-2447900000.0,1249400000.0,0.0,1065700000.0,1036000000.0,1036000000.0,-335800000.0,0.0,0.159,5865200000.0,664000000.0,2737500000.0,0.017,3.48,34.74,34.696,3452300000.0,29700000.0,15.96,5.512,5.493,673300000.0,-619800000.0,6529200000.0,6529200000.0,0.0,0.046,0.139,0.142,0.459,0.0,2589200000.0,1.0,2255069112.0,2247300000,2459700000.0,2.905,15963500000.0,0.0,723700000.0,5269100000.0,7.103,4226300000.0
22,CMCSA,MRY,1998-12-31,1998-12-31,1998-12-31,2021-07-29,1049700000.0,14710500000.0,13930225000.0,5517400000.0,9193100000.0,0.389,1.735,-898900000.0,870700000.0,870700000.0,0.0,972100000.0,1.848,2.856,5577700000.0,113500000.0,5464200000.0,5577700000.0,0.0,939600000.0,0.0,0.002,0.031,2032800000.0,2972400000.0,0.549,2972400000.0,2032800000.0,1566100000.0,0.43,0.403,0.43,3815300000.0,2621475000.0,3815300000.0,48674397075.0,24.0,16.375,168800000.0,0.077,1.0,5419000000.0,1.0,8214500000.0,466700000.0,8217300000.0,15789500000.0,343800000.0,4255800000.0,3653400000.0,602400000.0,10895200000.0,2985700000.0,7909500000.0,42405597075.0,461600000.0,-450100000.0,28900000.0,824600000.0,-36000000.0,809200000.0,-1415300000.0,-66300000.0,1067700000.0,0.0,972100000.0,943000000.0,943000000.0,31400000.0,0.0,0.174,4861900000.0,557100000.0,1600300000.0,0.072,11.115,44.969,44.527,2524400000.0,29100000.0,19.147,7.825,7.77,549300000.0,-1488200000.0,5419000000.0,5419000000.0,0.0,0.068,0.36,0.129,0.375,0.0,2186600000.0,1.0,2214777006.0,2199000000,2418000000.0,2.464,6496000000.0,0.0,594000000.0,2533300000.0,2.954,2531700000.0
23,CMCSA,MRY,1997-12-31,1997-12-31,1997-12-31,2021-07-29,129100000.0,11326800000.0,7825100500.0,1478400000.0,9848400000.0,0.571,0.809,-795500000.0,409100000.0,409100000.0,0.0,-238700000.0,1.031,5.879,5466400000.0,132300000.0,5334100000.0,5466400000.0,0.0,826500000.0,0.0,0.003,0.031,290600000.0,1117100000.0,0.25,1117100000.0,290600000.0,-168300000.0,-0.123,-0.123,-0.123,1646500000.0,2046576500.0,1646500000.0,,,,49100000.0,0.024,1.0,4467700000.0,1.0,7937400000.0,458900000.0,7013200000.0,5130914500.0,309900000.0,1399700000.0,163900000.0,1235800000.0,9680300000.0,1433500000.0,8246800000.0,22833003252.0,82700000.0,-170100000.0,470200000.0,-635500000.0,-34000000.0,283900000.0,-1045800000.0,-80200000.0,844600000.0,0.0,-238700000.0,-253500000.0,-253500000.0,25600000.0,0.0,-0.057,4001100000.0,466600000.0,1095400000.0,-0.252,13.868,-90.071,-86.396,2483600000.0,14800000.0,10.627,5.111,4.838,439600000.0,-2415900000.0,4467700000.0,4467700000.0,0.0,-0.032,-0.124,0.057,0.065,0.0,1904400000.0,1.0,2148651498.0,2034000000,2034000000.0,2.197,3389400000.0,0.0,70400000.0,1849500000.0,1.666,44900000.0
24,CMCSA,MRY,1996-12-31,1996-12-31,1996-12-31,2021-07-29,0.0,4323401000.0,,399543000.0,3923858000.0,,1.647,-554400000.0,69988000.0,69988000.0,0.0,-53500000.0,0.886,0.767,1568993000.0,167867000.0,1401126000.0,1568993000.0,0.0,581100000.0,0.0,0.005,0.031,503900000.0,1085000000.0,0.3,1085000000.0,503900000.0,55500000.0,-0.035,-0.035,-0.035,2446653000.0,,2446653000.0,,,,90100000.0,0.061,1.0,3612300000.0,1.0,2122908000.0,448400000.0,3248629000.0,,72414000.0,405755000.0,226670000.0,179085000.0,1876748000.0,450869000.0,1425879000.0,,-193000000.0,-24800000.0,-175900000.0,98300000.0,-26800000.0,-88000000.0,-749500000.0,-138100000.0,644500000.0,0.0,-53500000.0,-54200000.0,-54200000.0,46100000.0,0.0,-0.015,3146400000.0,465900000.0,201772000.0,-0.886,,,-167.81,1408680000.0,700000.0,5.873,,2.415,16211000.0,-556831000.0,3612300000.0,3612300000.0,0.0,,,,0.139,0.0,1451100000.0,1.0,,1485600000,1485600000.0,2.432,2200493000.0,0.0,109000000.0,0.0,1.481,-51326000.0
25,CMCSA,MRY,1995-12-31,1995-12-31,1995-12-31,2021-07-29,,,,,,,,-31726000.0,,,0.0,-110429000.0,,,,,,,,242000.0,,0.005,0.031,-110429000.0,-110187000.0,,-110187000.0,-110429000.0,-110429000.0,-0.03,,-0.03,,,,,,,-48696000.0,-0.034,1.0,0.0,,,0.0,,,,,,,,,,,-3891000.0,-132407000.0,0.0,0.0,0.0,2183368000.0,-2170289000.0,0.0,-16970000.0,0.0,-110429000.0,-110429000.0,-110429000.0,0.0,0.0,,66551000.0,-66551000.0,,-1.033,,,-195.889,,0.0,5.877,,,,,0.0,0.0,0.0,,,,,0.0,66340000.0,1.0,,1438200000,,0.0,,,0.0,,,
0,CMCSA,MRQ,2021-06-30,2021-06-30,2021-06-30,2021-07-29,1992000000.0,277004000000.0,,27046000000.0,249958000000.0,,20.665,-3091000000.0,12378000000.0,12378000000.0,0.0,3630000000.0,0.923,1.901,103751000000.0,3407000000.0,100344000000.0,103751000000.0,3566000000.0,3383000000.0,0.0,0.012,0.25,6831000000.0,10214000000.0,0.358,10214000000.0,6831000000.0,5738000000.0,0.81,0.8,0.81,94935000000.0,,94935000000.0,355881809483.0,16.0,10.17,4515000000.0,0.983,1.0,28546000000.0,1.0,164115000000.0,1093000000.0,174948000000.0,,0.0,9467000000.0,0.0,9467000000.0,180488000000.0,29314000000.0,151174000000.0,261950809483.0,-2558000000.0,-13000000.0,-648000000.0,-5470000000.0,-1150000000.0,-7166000000.0,-3019000000.0,-34000000.0,7606000000.0,21000000.0,3738000000.0,3738000000.0,3738000000.0,0.0,-108000000.0,0.131,23039000000.0,5507000000.0,11672000000.0,0.309,2.759,21.013,21.041,52769000000.0,0.0,57.02,2.403,2.403,11110000000.0,60359000000.0,28546000000.0,28546000000.0,0.0,,,,,338000000.0,19656000000.0,1.0,4594016301.0,4594016301,,6.214,112889000000.0,0.0,2000000000.0,29525000000.0,24.573,-2268000000.0
1,CMCSA,MRQ,2021-03-31,2021-03-31,2021-03-31,2021-07-29,1972000000.0,278511000000.0,,29438000000.0,249073000000.0,,20.21,-2899000000.0,14950000000.0,14950000000.0,0.0,3292000000.0,0.955,1.992,108881000000.0,4777000000.0,104104000000.0,108881000000.0,3376000000.0,3362000000.0,0.0,0.013,0.23,5466000000.0,8828000000.0,0.324,8828000000.0,5466000000.0,4448000000.0,0.73,0.71,0.73,92575000000.0,,92575000000.0,345047305467.0,17.0,10.427,4852000000.0,1.059,1.0,27205000000.0,1.0,164332000000.0,1018000000.0,177299000000.0,,0.0,8376000000.0,0.0,8376000000.0,184411000000.0,30811000000.0,153600000000.0,247859305467.0,3208000000.0,241000000.0,-309000000.0,68000000.0,-1080000000.0,-1898000000.0,-2612000000.0,-52000000.0,7751000000.0,-33000000.0,3329000000.0,3329000000.0,3329000000.0,0.0,-37000000.0,0.122,22166000000.0,5039000000.0,11148000000.0,0.315,2.677,21.156,21.22,52317000000.0,0.0,54.11,2.38,2.38,10986000000.0,58321000000.0,27205000000.0,27205000000.0,0.0,,,,,373000000.0,18804000000.0,1.0,4580656172.0,4580656172,,5.939,114179000000.0,0.0,1119000000.0,28260000000.0,24.926,-1373000000.0
2,CMCSA,MRQ,2020-12-31,2020-12-31,2020-12-31,2021-07-29,1884000000.0,273869000000.0,,26741000000.0,247128000000.0,,19.741,-4358000000.0,11740000000.0,11740000000.0,0.0,3437000000.0,0.929,2.016,108928000000.0,3146000000.0,105782000000.0,108928000000.0,2963000000.0,3252000000.0,0.0,0.017,0.23,5403000000.0,8655000000.0,0.312,8655000000.0,5403000000.0,4359000000.0,0.73,0.73,0.73,90323000000.0,,90323000000.0,335630933322.0,18.0,10.626,684000000.0,0.149,1.0,27708000000.0,1.0,165423000000.0,1044000000.0,176838000000.0,,0.0,8267000000.0,0.0,8267000000.0,182131000000.0,28796000000.0,153335000000.0,239746933322.0,-1969000000.0,200000000.0,-105000000.0,-1701000000.0,-1054000000.0,-2922000000.0,-4074000000.0,-267000000.0,5042000000.0,-15000000.0,3380000000.0,3380000000.0,3380000000.0,0.0,57000000.0,0.122,23790000000.0,3918000000.0,11364000000.0,0.315,2.654,22.759,22.783,51995000000.0,0.0,52.4,2.315,2.315,11466000000.0,56438000000.0,27708000000.0,27708000000.0,0.0,,,,,271000000.0,20538000000.0,1.0,4575323155.0,4575323155,,6.056,108446000000.0,0.0,979000000.0,28051000000.0,23.702,-2055000000.0
3,CMCSA,MRQ,2020-09-30,2020-09-30,2020-09-30,2021-07-29,212000000.0,268940000000.0,,27369000000.0,241571000000.0,,18.865,-3349000000.0,13707000000.0,13707000000.0,0.0,2031000000.0,0.927,2.105,109591000000.0,4429000000.0,105162000000.0,109591000000.0,2888000000.0,3320000000.0,0.0,0.014,0.0,3978000000.0,7298000000.0,0.286,7298000000.0,3978000000.0,2758000000.0,0.44,0.44,0.44,86176000000.0,,86176000000.0,307362334404.0,17.0,9.837,1879000000.0,0.411,1.0,25532000000.0,1.0,162748000000.0,1220000000.0,172565000000.0,,0.0,7131000000.0,0.0,7131000000.0,181369000000.0,29511000000.0,151858000000.0,211320334404.0,-239000000.0,62000000.0,-160000000.0,-1332000000.0,-1058000000.0,-2066000000.0,-3495000000.0,-74000000.0,5228000000.0,94000000.0,2019000000.0,2019000000.0,2019000000.0,0.0,12000000.0,0.079,21456000000.0,4076000000.0,10979000000.0,0.0,2.452,20.485,20.56,50466000000.0,0.0,46.26,2.027,2.027,10310000000.0,54254000000.0,25532000000.0,25532000000.0,0.0,,,,,301000000.0,18136000000.0,1.0,4568100614.0,4568100614,,5.589,106192000000.0,0.0,739000000.0,27905000000.0,23.246,-2142000000.0
4,CMCSA,MRQ,2020-06-30,2020-06-30,2020-06-30,2021-07-29,-1279000000.0,265978000000.0,,27485000000.0,238493000000.0,,18.32,-3014000000.0,13935000000.0,13935000000.0,0.0,3009000000.0,0.966,2.167,109977000000.0,4046000000.0,105931000000.0,109977000000.0,2403000000.0,3264000000.0,0.0,0.028,0.23,5046000000.0,8310000000.0,0.35,8310000000.0,5046000000.0,3934000000.0,0.65,0.65,0.65,83614000000.0,,83614000000.0,278135352936.0,14.0,8.615,5629000000.0,1.233,1.0,23715000000.0,1.0,160905000000.0,1112000000.0,172670000000.0,,0.0,7378000000.0,0.0,7378000000.0,181187000000.0,28445000000.0,152742000000.0,177908352936.0,5367000000.0,2021000000.0,-36000000.0,1058000000.0,-1051000000.0,-1899000000.0,-1377000000.0,-402000000.0,8643000000.0,0.0,2988000000.0,2988000000.0,2988000000.0,0.0,21000000.0,0.126,19068000000.0,4647000000.0,10426000000.0,0.354,2.128,15.451,15.468,48985000000.0,0.0,38.98,1.686,1.686,10227000000.0,53420000000.0,23715000000.0,23715000000.0,0.0,,,,,323000000.0,15804000000.0,1.0,4564093200.0,4564093200,,5.196,105073000000.0,0.0,946000000.0,27947000000.0,23.022,-960000000.0
5,CMCSA,MRQ,2020-03-31,2020-03-31,2020-03-31,2021-07-29,-1144000000.0,262421000000.0,,24084000000.0,238337000000.0,,17.901,-2870000000.0,8516000000.0,8516000000.0,0.0,2224000000.0,0.873,2.204,108743000000.0,2973000000.0,105770000000.0,108743000000.0,2634000000.0,3264000000.0,0.0,0.031,0.44,4059000000.0,7323000000.0,0.275,7323000000.0,4059000000.0,2847000000.0,0.47,0.46,0.47,81506000000.0,,81506000000.0,258416331095.0,13.0,7.958,2954000000.0,0.649,1.0,26609000000.0,1.0,161255000000.0,1212000000.0,173793000000.0,,0.0,7080000000.0,0.0,7080000000.0,179638000000.0,27600000000.0,152038000000.0,156533331095.0,3020000000.0,-177000000.0,-233000000.0,1842000000.0,-977000000.0,374000000.0,-3101000000.0,-69000000.0,5824000000.0,-77000000.0,2147000000.0,2147000000.0,2147000000.0,0.0,77000000.0,0.081,21757000000.0,4852000000.0,9963000000.0,0.936,1.921,13.435,13.43,48442000000.0,0.0,34.38,1.44,1.44,10800000000.0,51516000000.0,26609000000.0,26609000000.0,0.0,,,,,298000000.0,18493000000.0,1.0,4553034645.0,4553034645,,5.844,101166000000.0,0.0,700000000.0,27865000000.0,22.219,-3516000000.0
6,CMCSA,MRQ,2019-12-31,2019-12-31,2019-12-31,2021-07-29,1047000000.0,263414000000.0,,25392000000.0,238022000000.0,,18.185,-4256000000.0,5500000000.0,5500000000.0,0.0,3200000000.0,0.838,2.17,107383000000.0,4452000000.0,102931000000.0,107383000000.0,2768000000.0,3177000000.0,0.0,0.014,0.21,5136000000.0,8313000000.0,0.293,8313000000.0,5136000000.0,4023000000.0,0.69,0.68,0.69,82726000000.0,,82726000000.0,307123783922.0,14.0,8.967,1979000000.0,0.435,1.0,28398000000.0,1.0,168095000000.0,1113000000.0,166910000000.0,,0.0,7683000000.0,0.0,7683000000.0,179540000000.0,30292000000.0,149248000000.0,204579783922.0,1987000000.0,489000000.0,-72000000.0,584000000.0,-957000000.0,-355000000.0,-3929000000.0,-202000000.0,6235000000.0,36000000.0,3162000000.0,3162000000.0,3162000000.0,0.0,38000000.0,0.111,23151000000.0,5247000000.0,10826000000.0,0.304,2.473,15.668,15.669,48322000000.0,0.0,44.97,1.878,1.878,11292000000.0,50695000000.0,28398000000.0,28398000000.0,0.0,,,,,231000000.0,19974000000.0,1.0,4549250254.0,4549250254,,6.242,95319000000.0,0.0,861000000.0,28180000000.0,20.953,-4900000000.0
7,CMCSA,MRQ,2019-09-30,2019-09-30,2019-09-30,2021-07-29,-1159000000.0,256374000000.0,,22323000000.0,234051000000.0,,17.193,-3405000000.0,3507000000.0,3507000000.0,0.0,3288000000.0,0.859,2.268,106051000000.0,1039000000.0,105012000000.0,106051000000.0,2944000000.0,3180000000.0,0.0,0.018,0.21,5159000000.0,8339000000.0,0.311,8339000000.0,5159000000.0,3992000000.0,0.71,0.7,0.71,78144000000.0,,78144000000.0,308581940389.0,15.0,9.278,1786000000.0,0.393,1.0,26827000000.0,1.0,164899000000.0,1167000000.0,168030000000.0,,0.0,8289000000.0,0.0,8289000000.0,177214000000.0,25989000000.0,151225000000.0,204887940389.0,-417000000.0,-9000000.0,-82000000.0,-978000000.0,-955000000.0,-2094000000.0,-3498000000.0,-92000000.0,5191000000.0,-16000000.0,3217000000.0,3217000000.0,3217000000.0,0.0,71000000.0,0.12,21487000000.0,5340000000.0,10198000000.0,0.296,2.622,16.515,16.453,46790000000.0,0.0,45.08,1.89,1.89,10684000000.0,48570000000.0,26827000000.0,26827000000.0,0.0,,,,,257000000.0,18307000000.0,1.0,4544985368.0,4544985368,,5.903,91475000000.0,0.0,775000000.0,27992000000.0,20.127,-3666000000.0
8,CMCSA,MRQ,2019-06-30,2019-06-30,2019-06-30,2021-07-29,-62000000.0,256555000000.0,,21361000000.0,235194000000.0,,16.933,-3024000000.0,3919000000.0,3919000000.0,0.0,3203000000.0,0.689,2.326,107613000000.0,6365000000.0,101248000000.0,107613000000.0,2642000000.0,3276000000.0,0.0,0.018,0.21,5223000000.0,8499000000.0,0.316,8499000000.0,5223000000.0,4086000000.0,0.69,0.68,0.69,76850000000.0,,76850000000.0,297483422994.0,15.0,9.264,4016000000.0,0.885,1.0,26858000000.0,1.0,165333000000.0,1137000000.0,163908000000.0,,0.0,8438000000.0,0.0,8438000000.0,178725000000.0,31008000000.0,147717000000.0,191888422994.0,422000000.0,47000000.0,-103000000.0,-1444000000.0,-954000000.0,-2407000000.0,-4188000000.0,-1166000000.0,7040000000.0,-23000000.0,3125000000.0,3125000000.0,3125000000.0,0.0,78000000.0,0.116,21502000000.0,5356000000.0,10014000000.0,0.304,2.497,15.891,15.895,46047000000.0,0.0,42.28,1.85,1.85,10835000000.0,46425000000.0,26858000000.0,26858000000.0,0.0,,,,,288000000.0,18226000000.0,1.0,4538515208.0,4538515208,,5.918,91222000000.0,0.0,961000000.0,27996000000.0,20.1,-9647000000.0
9,CMCSA,MRQ,2019-03-31,2019-03-31,2019-03-31,2021-07-29,422000000.0,256189000000.0,,20273000000.0,235916000000.0,,16.562,-2859000000.0,3498000000.0,3498000000.0,0.0,3632000000.0,0.726,2.406,109093000000.0,4629000000.0,104464000000.0,109093000000.0,2485000000.0,3320000000.0,0.0,0.019,0.0,5779000000.0,9099000000.0,0.339,9099000000.0,5779000000.0,4629000000.0,0.78,0.77,0.78,74959000000.0,,74959000000.0,288876981630.0,15.0,9.284,4372000000.0,0.966,1.0,26859000000.0,1.0,167282000000.0,1150000000.0,166585000000.0,,0.0,9159000000.0,0.0,9159000000.0,180327000000.0,27917000000.0,152410000000.0,180947981630.0,-312000000.0,-11000000.0,-247000000.0,-3150000000.0,-869000000.0,-4325000000.0,-3226000000.0,-439000000.0,7231000000.0,8000000.0,3553000000.0,3553000000.0,3553000000.0,0.0,79000000.0,0.132,21677000000.0,5182000000.0,10232000000.0,0.0,2.414,14.873,14.974,45721000000.0,0.0,39.98,1.836,1.836,10736000000.0,44379000000.0,26859000000.0,26859000000.0,0.0,,,,,245000000.0,18357000000.0,1.0,4525962522.0,4525962522,,5.934,88907000000.0,0.0,1076000000.0,27819000000.0,19.644,-7644000000.0
10,CMCSA,MRQ,2018-12-31,2018-12-31,2018-12-31,2021-07-29,-368000000.0,251684000000.0,,21848000000.0,229836000000.0,,15.741,-3801000000.0,3814000000.0,3814000000.0,0.0,2582000000.0,0.792,2.502,111743000000.0,4398000000.0,107345000000.0,111743000000.0,2182000000.0,3197000000.0,0.0,0.027,0.38,4126000000.0,7323000000.0,0.263,7323000000.0,4126000000.0,2997000000.0,0.56,0.55,0.56,71613000000.0,,71613000000.0,217178637384.0,12.0,7.405,1989000000.0,0.437,1.0,27846000000.0,1.0,167623000000.0,1129000000.0,164387000000.0,,0.0,7883000000.0,0.0,7883000000.0,179182000000.0,27603000000.0,151579000000.0,154910637384.0,-10713000000.0,-38117000000.0,-1038000000.0,28008000000.0,-865000000.0,26006000000.0,-42264000000.0,-417000000.0,5790000000.0,-245000000.0,2511000000.0,2511000000.0,2511000000.0,0.0,71000000.0,0.09,23332000000.0,4514000000.0,8494000000.0,0.679,2.163,13.205,13.301,44437000000.0,0.0,34.05,1.639,1.639,11104000000.0,41983000000.0,27846000000.0,27846000000.0,0.0,,,,,219000000.0,20135000000.0,1.0,4549504769.0,4549504769,,6.121,84061000000.0,0.0,486000000.0,27589000000.0,18.477,-5755000000.0
11,CMCSA,MRQ,2018-09-30,2018-09-30,2018-09-30,2021-07-29,374000000.0,200635000000.0,,23206000000.0,177429000000.0,,15.61,-2995000000.0,10616000000.0,10616000000.0,0.0,2896000000.0,1.182,1.794,72884000000.0,3173000000.0,69711000000.0,72884000000.0,1633000000.0,2477000000.0,0.0,0.02,0.19,4715000000.0,7192000000.0,0.325,7192000000.0,4715000000.0,3885000000.0,0.63,0.62,0.63,71523000000.0,,71523000000.0,221100261057.0,12.0,7.673,2975000000.0,0.649,1.0,22135000000.0,1.0,115940000000.0,830000000.0,127336000000.0,,0.0,7724000000.0,0.0,7724000000.0,128290000000.0,19627000000.0,108663000000.0,162246261057.0,8780000000.0,14000000.0,-1284000000.0,8399000000.0,-871000000.0,6094000000.0,-3284000000.0,-302000000.0,5970000000.0,0.0,2886000000.0,2886000000.0,2886000000.0,0.0,10000000.0,0.13,17299000000.0,4836000000.0,7036000000.0,0.302,2.268,6.699,6.823,39855000000.0,0.0,35.41,1.828,1.828,8983000000.0,41218000000.0,22135000000.0,22135000000.0,0.0,,,,,197000000.0,14822000000.0,1.0,4581933382.0,4581933382,,4.831,84695000000.0,0.0,999000000.0,25167000000.0,18.485,3579000000.0
12,CMCSA,MRQ,2018-06-30,2018-06-30,2018-06-30,2021-07-29,461000000.0,191248000000.0,,18215000000.0,173033000000.0,,15.311,-2880000000.0,5726000000.0,5726000000.0,0.0,3208000000.0,0.958,1.69,64580000000.0,2634000000.0,61946000000.0,64580000000.0,1746000000.0,2403000000.0,0.0,0.015,0.19,5099000000.0,7502000000.0,0.345,7502000000.0,5099000000.0,4293000000.0,0.7,0.69,0.7,70694000000.0,,70694000000.0,212174584720.0,11.0,7.434,4183000000.0,0.906,1.0,21735000000.0,1.0,116304000000.0,806000000.0,114791000000.0,,0.0,7438000000.0,0.0,7438000000.0,119505000000.0,19007000000.0,100498000000.0,151487584720.0,-335000000.0,114000000.0,-1269000000.0,-1921000000.0,-878000000.0,-4384000000.0,-3014000000.0,-399000000.0,7063000000.0,0.0,3216000000.0,3216000000.0,3216000000.0,0.0,-8000000.0,0.148,16721000000.0,5014000000.0,6940000000.0,0.271,2.143,6.319,6.408,39355000000.0,0.0,32.81,1.728,1.728,8847000000.0,40269000000.0,21735000000.0,21735000000.0,0.0,,,,,211000000.0,14318000000.0,1.0,4617116267.0,4617116267,,4.707,74944000000.0,0.0,1077000000.0,25140000000.0,16.232,-792000000.0
13,CMCSA,MRQ,2018-03-31,2018-03-31,2018-03-31,2021-07-29,608000000.0,190876000000.0,,18753000000.0,172123000000.0,,14.96,-2493000000.0,6030000000.0,6030000000.0,0.0,3176000000.0,0.978,1.729,66717000000.0,3039000000.0,63678000000.0,66717000000.0,1578000000.0,2599000000.0,0.0,0.018,0.158,4713000000.0,7312000000.0,0.321,7312000000.0,4713000000.0,3936000000.0,0.67,0.66,0.67,69482000000.0,,69482000000.0,219821838941.0,12.0,7.797,2981000000.0,0.642,1.0,22791000000.0,1.0,116205000000.0,777000000.0,116179000000.0,,0.0,7095000000.0,0.0,7095000000.0,120166000000.0,19179000000.0,100987000000.0,158702838941.0,2606000000.0,-89000000.0,-1729000000.0,1876000000.0,-738000000.0,-576000000.0,-2292000000.0,-139000000.0,5474000000.0,0.0,3118000000.0,3118000000.0,3118000000.0,0.0,58000000.0,0.137,18146000000.0,4645000000.0,7349000000.0,0.236,2.284,6.817,6.903,39068000000.0,0.0,34.17,1.819,1.819,8759000000.0,38961000000.0,22791000000.0,22791000000.0,0.0,,,,,199000000.0,15547000000.0,1.0,4644508017.0,4644508017,,4.907,74671000000.0,0.0,818000000.0,24702000000.0,16.077,-426000000.0
14,CMCSA,MRQ,2017-12-31,2017-12-31,2017-12-31,2021-07-29,379000000.0,187462000000.0,,16343000000.0,171119000000.0,,14.681,-3297000000.0,3428000000.0,3428000000.0,0.0,15051000000.0,0.743,1.72,64556000000.0,5134000000.0,59422000000.0,64556000000.0,1687000000.0,2609000000.0,0.0,0.012,0.158,4199000000.0,6808000000.0,0.308,6808000000.0,4199000000.0,3392000000.0,3.19,3.14,3.19,68616000000.0,,68616000000.0,248031561792.0,14.0,8.877,2107000000.0,0.451,1.0,22075000000.0,1.0,115890000000.0,807000000.0,110707000000.0,,0.0,6931000000.0,0.0,6931000000.0,118003000000.0,21993000000.0,96010000000.0,187184561792.0,-657000000.0,47000000.0,-1223000000.0,-435000000.0,-736000000.0,-2451000000.0,-3610000000.0,-348000000.0,5404000000.0,0.0,14999000000.0,14999000000.0,14999000000.0,0.0,52000000.0,0.679,17946000000.0,4129000000.0,6908000000.0,0.05,2.728,8.233,8.292,38470000000.0,0.0,40.05,2.201,2.201,8834000000.0,38202000000.0,22075000000.0,22075000000.0,0.0,,,,,157000000.0,15337000000.0,1.0,4673771830.0,4673771830,,4.723,71572000000.0,0.0,-11607000000.0,24259000000.0,15.314,-5650000000.0
15,CMCSA,MRQ,2017-09-30,2017-09-30,2017-09-30,2021-07-29,381000000.0,185301000000.0,,15960000000.0,169341000000.0,,11.76,-2892000000.0,4114000000.0,4114000000.0,0.0,2674000000.0,0.744,2.328,64961000000.0,5241000000.0,59720000000.0,64961000000.0,1572000000.0,2104000000.0,0.0,0.015,0.0,4817000000.0,6921000000.0,0.328,6921000000.0,4817000000.0,4051000000.0,0.56,0.55,0.56,55427000000.0,,55427000000.0,242245569375.0,13.0,6.941,2216000000.0,0.47,1.0,21081000000.0,1.0,116628000000.0,766000000.0,108071000000.0,,0.0,6695000000.0,0.0,6695000000.0,129038000000.0,21449000000.0,107589000000.0,181370569375.0,1406000000.0,-31000000.0,-1736000000.0,1331000000.0,-743000000.0,-1186000000.0,-2516000000.0,-176000000.0,5108000000.0,0.0,2642000000.0,2642000000.0,2642000000.0,0.0,32000000.0,0.125,16302000000.0,4779000000.0,6976000000.0,0.0,3.272,18.11,18.237,37856000000.0,0.0,38.48,2.151,2.151,7915000000.0,24979000000.0,21081000000.0,21081000000.0,0.0,,,,,203000000.0,14198000000.0,1.0,4713372385.0,4713372385,,4.473,68673000000.0,0.0,1409000000.0,35602000000.0,14.57,-5489000000.0
16,CMCSA,MRQ,2017-06-30,2017-06-30,2017-06-30,2021-07-29,428000000.0,183031000000.0,,14832000000.0,168199000000.0,,11.597,-2862000000.0,2693000000.0,2693000000.0,0.0,2542000000.0,0.666,2.312,63568000000.0,6358000000.0,57210000000.0,63568000000.0,1448000000.0,2507000000.0,0.0,0.019,0.315,4646000000.0,7153000000.0,0.336,7153000000.0,4646000000.0,3888000000.0,0.53,0.52,0.53,55005000000.0,,55005000000.0,242358881341.0,13.0,7.487,2262000000.0,0.477,1.0,21286000000.0,1.0,116646000000.0,758000000.0,104984000000.0,,0.0,6521000000.0,0.0,6521000000.0,127183000000.0,22276000000.0,104907000000.0,184595881341.0,-1324000000.0,-182000000.0,-1480000000.0,1753000000.0,-747000000.0,-2794000000.0,-3654000000.0,-757000000.0,5124000000.0,0.0,2521000000.0,2521000000.0,2521000000.0,0.0,21000000.0,0.118,16718000000.0,4568000000.0,6730000000.0,0.594,3.356,19.209,19.267,37171000000.0,0.0,38.92,2.183,2.183,7849000000.0,24560000000.0,21286000000.0,21286000000.0,0.0,,,,,218000000.0,14211000000.0,1.0,4742956869.0,4742956869,,4.488,66385000000.0,0.0,1367000000.0,35409000000.0,13.997,-7444000000.0
17,CMCSA,MRQ,2017-03-31,2017-03-31,2017-03-31,2021-07-29,342000000.0,182479000000.0,,15245000000.0,167234000000.0,,11.587,-2593000000.0,4022000000.0,4022000000.0,0.0,2655000000.0,0.799,2.267,61785000000.0,3509000000.0,58276000000.0,61785000000.0,1234000000.0,2468000000.0,0.0,0.015,0.0,4590000000.0,7058000000.0,0.343,7058000000.0,4590000000.0,3835000000.0,0.54,0.53,0.54,55059000000.0,,55059000000.0,234585771280.0,14.0,8.019,3032000000.0,0.638,1.0,20587000000.0,1.0,116449000000.0,755000000.0,104719000000.0,,0.0,5938000000.0,0.0,5938000000.0,124831000000.0,19074000000.0,105757000000.0,178612771280.0,731000000.0,-216000000.0,-996000000.0,548000000.0,-657000000.0,-1141000000.0,-3753000000.0,-1011000000.0,5625000000.0,0.0,2573000000.0,2573000000.0,2573000000.0,0.0,82000000.0,0.125,16045000000.0,4542000000.0,6658000000.0,0.0,3.244,19.591,19.681,36626000000.0,0.0,37.59,2.164,2.164,7525000000.0,24063000000.0,20587000000.0,20587000000.0,0.0,,,,,173000000.0,13577000000.0,1.0,4751603386.0,4751603386,,4.333,66030000000.0,0.0,1262000000.0,35348000000.0,13.896,-3829000000.0
18,CMCSA,MRQ,2016-12-31,2016-12-31,2016-12-31,2021-07-29,98000000.0,180500000000.0,,16361000000.0,164139000000.0,,11.272,-3109000000.0,5073000000.0,5073000000.0,0.0,2400000000.0,0.76,2.305,61046000000.0,5480000000.0,55566000000.0,61046000000.0,1132000000.0,9426000000.0,0.0,0.02,0.275,4344000000.0,13770000000.0,0.645,13770000000.0,4344000000.0,3588000000.0,0.48,0.47,0.48,53943000000.0,,53943000000.0,222846076806.0,13.0,8.459,2593000000.0,0.542,1.0,21358000000.0,1.0,113868000000.0,756000000.0,101070000000.0,,0.0,5247000000.0,0.0,5247000000.0,124326000000.0,21535000000.0,102791000000.0,165225076806.0,480000000.0,193000000.0,-1291000000.0,1122000000.0,-657000000.0,-1109000000.0,-4113000000.0,-1268000000.0,5702000000.0,0.0,2279000000.0,2279000000.0,2279000000.0,0.0,121000000.0,0.107,17122000000.0,4236000000.0,6915000000.0,0.573,3.063,19.04,19.181,36253000000.0,0.0,34.525,2.046,2.046,7955000000.0,23076000000.0,21358000000.0,21358000000.0,0.0,,,,,640000000.0,14758000000.0,1.0,4785664788.0,4785664788,,4.463,66632000000.0,0.0,1309000000.0,34854000000.0,13.923,-5174000000.0
19,CMCSA,MRQ,2016-09-30,2016-09-30,2016-09-30,2021-07-29,34000000.0,177924000000.0,,15228000000.0,162696000000.0,,11.087,-2924000000.0,2807000000.0,2807000000.0,0.0,2324000000.0,0.844,2.283,60428000000.0,3333000000.0,57095000000.0,60428000000.0,1340000000.0,0.0,0.0,0.016,0.138,4388000000.0,4388000000.0,0.206,4388000000.0,4388000000.0,3637000000.0,0.47,0.46,0.47,53481000000.0,,53481000000.0,210898516009.0,13.0,8.415,1271000000.0,0.263,1.0,21319000000.0,1.0,114741000000.0,751000000.0,102766000000.0,,0.0,3857000000.0,0.0,3857000000.0,122101000000.0,18038000000.0,104063000000.0,160000516009.0,-1858000000.0,-3778000000.0,-1421000000.0,4440000000.0,-663000000.0,2271000000.0,-8324000000.0,-1736000000.0,4195000000.0,0.0,2237000000.0,2237000000.0,2237000000.0,0.0,87000000.0,0.105,16879000000.0,4440000000.0,6594000000.0,0.294,2.992,19.116,19.173,35656000000.0,0.0,33.17,2.035,2.035,7533000000.0,22510000000.0,21319000000.0,21319000000.0,0.0,,,,,0.0,14484000000.0,1.0,4823651372.0,4823651372,,4.42,63183000000.0,0.0,1400000000.0,34523000000.0,13.099,-2810000000.0
20,CMCSA,MRQ,2016-06-30,2016-06-30,2016-06-30,2021-07-29,1000000.0,171985000000.0,,14777000000.0,157208000000.0,,10.938,-2701000000.0,4665000000.0,4665000000.0,0.0,2080000000.0,0.84,2.198,55563000000.0,2934000000.0,52629000000.0,55563000000.0,1611000000.0,0.0,0.0,0.012,0.138,4038000000.0,4038000000.0,0.21,4038000000.0,4038000000.0,3306000000.0,0.42,0.41,0.42,53098000000.0,,53098000000.0,208234880708.0,13.0,8.482,1694000000.0,0.349,1.0,19269000000.0,1.0,111795000000.0,732000000.0,93487000000.0,,0.0,3679000000.0,0.0,3679000000.0,116709000000.0,17601000000.0,99108000000.0,158228880708.0,-963000000.0,-102000000.0,-1202000000.0,-330000000.0,-670000000.0,-2239000000.0,-3119000000.0,-104000000.0,4395000000.0,0.0,2028000000.0,2028000000.0,2028000000.0,0.0,52000000.0,0.105,15203000000.0,4066000000.0,6359000000.0,0.329,2.98,19.465,19.577,34896000000.0,0.0,32.595,2.083,2.083,6708000000.0,22117000000.0,19269000000.0,19269000000.0,0.0,,,,,0.0,12814000000.0,1.0,4854391186.0,4854391186,,3.969,60190000000.0,0.0,1278000000.0,34512000000.0,12.399,-2824000000.0
21,CMCSA,MRQ,2016-03-31,2016-03-31,2016-03-31,2021-07-29,-84000000.0,170599000000.0,,15180000000.0,155419000000.0,,10.777,-2403000000.0,5628000000.0,5628000000.0,0.0,2224000000.0,0.795,2.205,55634000000.0,4119000000.0,51515000000.0,55634000000.0,1393000000.0,0.0,0.0,0.012,0.125,4148000000.0,4148000000.0,0.221,4148000000.0,4148000000.0,3445000000.0,0.44,0.43,0.44,52642000000.0,,52642000000.0,199507692012.0,12.0,8.085,2996000000.0,0.613,1.0,18790000000.0,1.0,111044000000.0,703000000.0,90477000000.0,,0.0,3638000000.0,0.0,3638000000.0,116087000000.0,19084000000.0,97003000000.0,149181692012.0,3333000000.0,-24000000.0,-1415000000.0,2737000000.0,-611000000.0,643000000.0,-2709000000.0,-338000000.0,5399000000.0,0.0,2134000000.0,2134000000.0,2134000000.0,0.0,90000000.0,0.114,14701000000.0,4089000000.0,6333000000.0,0.284,2.834,18.109,18.287,34122000000.0,0.0,30.54,1.977,1.977,6375000000.0,21750000000.0,18790000000.0,18790000000.0,0.0,,,,,0.0,12423000000.0,1.0,4884796726.0,4884796726,,3.847,59555000000.0,0.0,1311000000.0,33821000000.0,12.192,-3904000000.0
22,CMCSA,MRQ,2015-12-31,2015-12-31,2015-12-31,2021-07-29,-174000000.0,166574000000.0,,12303000000.0,154271000000.0,,10.636,-3153000000.0,2316000000.0,2316000000.0,0.0,2056000000.0,0.677,2.154,52621000000.0,3627000000.0,48994000000.0,52621000000.0,1302000000.0,8680000000.0,0.0,0.017,0.125,3807000000.0,12487000000.0,0.649,12487000000.0,3807000000.0,3133000000.0,0.4,0.395,0.4,52269000000.0,,52269000000.0,184525461983.0,12.0,7.53,2519000000.0,0.513,1.0,19245000000.0,1.0,110468000000.0,674000000.0,88233000000.0,,0.0,3224000000.0,0.0,3224000000.0,112596000000.0,18178000000.0,94418000000.0,138661461983.0,402000000.0,-1487000000.0,-1404000000.0,1820000000.0,-614000000.0,-510000000.0,-4760000000.0,-90000000.0,5672000000.0,0.0,1971000000.0,1971000000.0,1971000000.0,0.0,85000000.0,0.102,15243000000.0,4002000000.0,6215000000.0,0.312,2.653,16.987,17.204,33665000000.0,0.0,28.215,1.861,1.861,6896000000.0,21413000000.0,19245000000.0,19245000000.0,0.0,,,,,567000000.0,12973000000.0,1.0,4914459046.0,4914459046,,3.916,56106000000.0,0.0,1162000000.0,33566000000.0,11.417,-5875000000.0
23,CMCSA,MRQ,2015-09-30,2015-09-30,2015-09-30,2021-07-29,-195000000.0,158958000000.0,,11501000000.0,147457000000.0,,10.375,-2532000000.0,1893000000.0,1893000000.0,0.0,2041000000.0,0.663,2.069,47757000000.0,3152000000.0,44605000000.0,47757000000.0,1265000000.0,0.0,0.0,0.013,0.0,3878000000.0,3878000000.0,0.208,3878000000.0,3878000000.0,3219000000.0,0.405,0.4,0.405,51716000000.0,,51716000000.0,186806319770.0,12.0,7.869,2447000000.0,0.491,1.0,18669000000.0,1.0,104882000000.0,659000000.0,82581000000.0,,0.0,3460000000.0,137000000.0,3323000000.0,106993000000.0,17359000000.0,89634000000.0,141769319770.0,-1593000000.0,-82000000.0,-2182000000.0,-770000000.0,-623000000.0,-3604000000.0,-2968000000.0,-440000000.0,4979000000.0,0.0,1996000000.0,1996000000.0,1996000000.0,0.0,45000000.0,0.107,14668000000.0,4001000000.0,5996000000.0,0.0,2.741,17.466,17.61,32170000000.0,0.0,28.44,1.942,1.942,6527000000.0,20883000000.0,18669000000.0,18669000000.0,0.0,,,,,0.0,12485000000.0,1.0,4984856532.0,4984856532,,3.745,54076000000.0,0.0,1223000000.0,33131000000.0,10.848,-5858000000.0
24,CMCSA,MRQ,2015-06-30,2015-06-30,2015-06-30,2021-07-29,-166000000.0,159674000000.0,,13319000000.0,146355000000.0,,10.424,-2339000000.0,3486000000.0,3486000000.0,0.0,2175000000.0,0.758,2.041,48523000000.0,3887000000.0,44636000000.0,48523000000.0,1122000000.0,0.0,0.0,0.016,0.125,4163000000.0,4163000000.0,0.222,4163000000.0,4163000000.0,3450000000.0,0.425,0.42,0.425,52400000000.0,,52400000000.0,194360485763.0,13.0,8.263,1250000000.0,0.249,1.0,18743000000.0,1.0,104435000000.0,713000000.0,82711000000.0,,0.0,3143000000.0,144000000.0,2999000000.0,106945000000.0,17565000000.0,89380000000.0,151164485763.0,-451000000.0,36000000.0,-1581000000.0,1252000000.0,-628000000.0,-1498000000.0,-2542000000.0,-240000000.0,3589000000.0,0.0,2137000000.0,2137000000.0,2137000000.0,0.0,38000000.0,0.114,14638000000.0,4105000000.0,5880000000.0,0.294,2.885,17.349,17.585,31572000000.0,0.0,30.07,2.126,2.126,7016000000.0,21313000000.0,18743000000.0,18743000000.0,0.0,,,,,0.0,12477000000.0,1.0,5027086324.0,5027086324,,3.728,55239000000.0,0.0,1313000000.0,33198000000.0,10.988,-4246000000.0
25,CMCSA,MRQ,2015-03-31,2015-03-31,2015-03-31,2021-07-29,-188000000.0,158757000000.0,,12921000000.0,145836000000.0,,10.266,-2023000000.0,3937000000.0,3937000000.0,0.0,2141000000.0,0.698,2.036,47133000000.0,4180000000.0,42953000000.0,47133000000.0,970000000.0,0.0,0.0,0.016,0.237,3976000000.0,3976000000.0,0.223,3976000000.0,3976000000.0,3320000000.0,0.41,0.405,0.41,52171000000.0,,52171000000.0,187818057669.0,12.0,8.084,3222000000.0,0.634,1.0,17853000000.0,1.0,104463000000.0,656000000.0,78988000000.0,,0.0,3393000000.0,158000000.0,3235000000.0,106246000000.0,18502000000.0,87744000000.0,143494057669.0,27000000.0,180000000.0,-1972000000.0,-1059000000.0,-572000000.0,-3524000000.0,-1694000000.0,-32000000.0,5245000000.0,0.0,2059000000.0,2059000000.0,2059000000.0,0.0,82000000.0,0.115,13963000000.0,3890000000.0,6157000000.0,0.578,2.75,16.748,16.907,31127000000.0,0.0,28.235,2.073,2.073,6144000000.0,21186000000.0,17853000000.0,17853000000.0,0.0,,,,,0.0,11897000000.0,1.0,5082134148.0,5082134148,,3.513,54294000000.0,0.0,1261000000.0,32855000000.0,10.683,-5581000000.0
26,CMCSA,MRQ,2014-12-31,2014-12-31,2014-12-31,2021-07-29,-146000000.0,159186000000.0,,13531000000.0,145655000000.0,,10.23,-2626000000.0,3910000000.0,3910000000.0,0.0,1996000000.0,0.777,2.013,48081000000.0,4217000000.0,43864000000.0,48081000000.0,915000000.0,8019000000.0,0.0,0.012,0.0,3703000000.0,11722000000.0,0.661,11722000000.0,3703000000.0,3039000000.0,0.375,0.37,0.375,52711000000.0,,52711000000.0,193254009912.0,13.0,8.443,2017000000.0,0.391,1.0,17732000000.0,1.0,104499000000.0,664000000.0,81448000000.0,,0.0,3737000000.0,602000000.0,3135000000.0,106118000000.0,17410000000.0,88708000000.0,149451009912.0,-637000000.0,44000000.0,-1999000000.0,-70000000.0,-578000000.0,-2627000000.0,-2653000000.0,-46000000.0,4643000000.0,0.0,1925000000.0,1925000000.0,1925000000.0,0.0,71000000.0,0.109,13945000000.0,3787000000.0,5638000000.0,0.0,2.835,17.834,17.904,30953000000.0,0.0,29.005,2.173,2.173,6321000000.0,21539000000.0,17732000000.0,17732000000.0,0.0,,,,,513000000.0,11855000000.0,1.0,5152594722.0,5152594722,,3.441,54687000000.0,0.0,1114000000.0,32959000000.0,10.613,-3879000000.0
27,CMCSA,MRQ,2014-09-30,2014-09-30,2014-09-30,2021-07-29,3000000.0,159237000000.0,,13936000000.0,145301000000.0,,10.297,-2226000000.0,4547000000.0,4547000000.0,0.0,2633000000.0,0.816,1.981,48350000000.0,3523000000.0,44827000000.0,48350000000.0,976000000.0,0.0,0.0,0.016,0.113,3662000000.0,3662000000.0,0.218,3662000000.0,3662000000.0,2999000000.0,0.5,0.495,0.5,53298000000.0,,53298000000.0,184208181222.0,13.0,8.157,2529000000.0,0.489,1.0,16791000000.0,1.0,104768000000.0,663000000.0,81188000000.0,,0.0,3660000000.0,531000000.0,3129000000.0,105584000000.0,17084000000.0,88500000000.0,139188181222.0,3018000000.0,70000000.0,-746000000.0,1892000000.0,-584000000.0,455000000.0,-2192000000.0,-68000000.0,4755000000.0,0.0,2592000000.0,2592000000.0,2592000000.0,0.0,41000000.0,0.154,13046000000.0,3745000000.0,5680000000.0,0.226,2.612,16.633,16.65,30362000000.0,0.0,26.89,2.048,2.048,6172000000.0,21805000000.0,16791000000.0,16791000000.0,0.0,,,,,0.0,11087000000.0,1.0,5176206070.0,5176206070,,3.244,54469000000.0,0.0,407000000.0,32227000000.0,10.523,-3148000000.0
28,CMCSA,MRQ,2014-06-30,2014-06-30,2014-06-30,2021-07-29,-14000000.0,157459000000.0,,12772000000.0,144687000000.0,,9.995,-2068000000.0,1529000000.0,1529000000.0,0.0,2025000000.0,0.735,2.023,46549000000.0,2947000000.0,43602000000.0,46549000000.0,847000000.0,0.0,0.0,0.019,0.113,3874000000.0,3874000000.0,0.23,3874000000.0,3874000000.0,3226000000.0,0.385,0.38,0.385,51971000000.0,,51971000000.0,183903491550.0,13.0,8.242,993000000.0,0.191,1.0,16844000000.0,1.0,104825000000.0,648000000.0,80279000000.0,,0.0,5397000000.0,2325000000.0,3072000000.0,105127000000.0,17375000000.0,87752000000.0,139557491550.0,-1525000000.0,-225000000.0,-741000000.0,-882000000.0,-584000000.0,-2203000000.0,-2383000000.0,-40000000.0,3061000000.0,0.0,1992000000.0,1992000000.0,1992000000.0,0.0,33000000.0,0.118,13040000000.0,3804000000.0,5432000000.0,0.294,2.685,18.588,18.574,29970000000.0,0.0,26.84,2.073,2.073,6232000000.0,20432000000.0,16844000000.0,16844000000.0,0.0,,,,,0.0,11040000000.0,1.0,5199608478.0,5199608478,,3.239,52634000000.0,0.0,1234000000.0,31854000000.0,10.123,-4603000000.0
29,CMCSA,MRQ,2014-03-31,2014-03-31,2014-03-31,2021-07-29,33000000.0,157773000000.0,,14043000000.0,143730000000.0,,9.834,-1665000000.0,3054000000.0,3054000000.0,0.0,1938000000.0,0.789,2.07,47400000000.0,2819000000.0,44581000000.0,47400000000.0,776000000.0,0.0,0.0,0.02,0.113,3631000000.0,3631000000.0,0.209,3631000000.0,3631000000.0,2989000000.0,0.36,0.355,0.36,51268000000.0,,51268000000.0,176560746388.0,13.0,8.078,2821000000.0,0.541,1.0,17408000000.0,1.0,104475000000.0,642000000.0,79841000000.0,,0.0,5479000000.0,2389000000.0,3090000000.0,106141000000.0,17803000000.0,88338000000.0,130431746388.0,1336000000.0,300000000.0,-730000000.0,-437000000.0,-508000000.0,-1645000000.0,-1505000000.0,-37000000.0,4486000000.0,0.0,1871000000.0,1871000000.0,1871000000.0,0.0,67000000.0,0.107,13840000000.0,3568000000.0,5534000000.0,0.314,2.544,17.991,18.0,29588000000.0,0.0,25.02,1.954,1.954,6151000000.0,19737000000.0,17408000000.0,17408000000.0,0.0,,,,,0.0,11870000000.0,1.0,5213099376.0,5213099376,,3.339,53298000000.0,0.0,1118000000.0,31595000000.0,10.224,-3760000000.0
30,CMCSA,MRQ,2013-12-31,2013-12-31,2013-12-31,2021-07-29,56000000.0,158813000000.0,,14075000000.0,144738000000.0,,9.691,-2517000000.0,1718000000.0,1718000000.0,0.0,1968000000.0,0.744,2.126,47847000000.0,3280000000.0,44567000000.0,47847000000.0,898000000.0,7871000000.0,0.0,0.015,0.098,3545000000.0,11416000000.0,0.674,11416000000.0,3545000000.0,2899000000.0,0.37,0.36,0.37,50694000000.0,,50694000000.0,180832679073.0,14.0,8.513,-36000000.0,-0.007,1.0,16926000000.0,1.0,104719000000.0,646000000.0,81311000000.0,,0.0,7343000000.0,3573000000.0,3770000000.0,107755000000.0,18912000000.0,88843000000.0,135910679073.0,115000000.0,371000000.0,-495000000.0,948000000.0,-510000000.0,-179000000.0,-2187000000.0,-192000000.0,2481000000.0,0.0,1913000000.0,1913000000.0,1913000000.0,0.0,55000000.0,0.113,13279000000.0,3647000000.0,5528000000.0,0.265,2.681,19.94,19.987,29840000000.0,0.0,25.983,2.102,2.102,6376000000.0,19235000000.0,16926000000.0,16926000000.0,0.0,,,,,419000000.0,11281000000.0,1.0,5230854578.0,5230854578,,3.236,54094000000.0,0.0,986000000.0,31935000000.0,10.341,-4837000000.0
31,CMCSA,MRQ,2013-09-30,2013-09-30,2013-09-30,2021-07-29,-110000000.0,156595000000.0,,13407000000.0,143188000000.0,,9.47,-2370000000.0,1603000000.0,1603000000.0,0.0,1778000000.0,0.718,2.141,46525000000.0,2337000000.0,44188000000.0,46525000000.0,1001000000.0,0.0,0.0,0.02,0.195,3392000000.0,3392000000.0,0.21,3392000000.0,3392000000.0,2753000000.0,0.33,0.325,0.33,49718000000.0,,49718000000.0,163682884308.0,13.0,7.968,1624000000.0,0.309,1.0,16151000000.0,1.0,104736000000.0,639000000.0,78115000000.0,,0.0,7804000000.0,4132000000.0,3672000000.0,106461000000.0,18666000000.0,87795000000.0,118422884308.0,214000000.0,544000000.0,-489000000.0,-200000000.0,-512000000.0,-1413000000.0,-2367000000.0,-536000000.0,3994000000.0,0.0,1732000000.0,1732000000.0,1732000000.0,0.0,46000000.0,0.107,12737000000.0,3414000000.0,6032000000.0,0.591,2.382,18.443,18.414,28806000000.0,0.0,22.558,1.86,1.86,5501000000.0,18324000000.0,16151000000.0,16151000000.0,0.0,,,,,0.0,10821000000.0,1.0,5249823088.0,5249823088,,3.076,51859000000.0,0.0,1021000000.0,31261000000.0,9.878,-5259000000.0
32,CMCSA,MRQ,2013-06-30,2013-06-30,2013-06-30,2021-07-29,77000000.0,156819000000.0,,12735000000.0,144084000000.0,,9.321,-1768000000.0,1389000000.0,1389000000.0,0.0,1744000000.0,0.685,2.186,46649000000.0,2535000000.0,44114000000.0,46649000000.0,946000000.0,0.0,0.0,0.012,0.098,3418000000.0,3418000000.0,0.21,3418000000.0,3418000000.0,2782000000.0,0.33,0.325,0.33,49091000000.0,,49091000000.0,155332077419.0,12.0,7.292,1548000000.0,0.294,1.0,16270000000.0,1.0,104738000000.0,636000000.0,78739000000.0,,0.0,9064000000.0,3765000000.0,5299000000.0,107333000000.0,18602000000.0,88731000000.0,109945077419.0,-450000000.0,-5000000.0,-489000000.0,-527000000.0,-513000000.0,-1569000000.0,-2197000000.0,-407000000.0,3316000000.0,0.0,1734000000.0,1734000000.0,1734000000.0,0.0,10000000.0,0.107,12835000000.0,3435000000.0,6077000000.0,0.297,2.24,16.164,16.182,28255000000.0,0.0,20.875,1.716,1.716,5507000000.0,17509000000.0,16270000000.0,16270000000.0,0.0,,,,,0.0,10845000000.0,1.0,5266830056.0,5266830056,,3.089,52081000000.0,0.0,1048000000.0,31303000000.0,9.888,-5867000000.0
33,CMCSA,MRQ,2013-03-31,2013-03-31,2013-03-31,2021-07-29,-11000000.0,156364000000.0,,11783000000.0,144581000000.0,,9.161,-2854000000.0,1839000000.0,1839000000.0,0.0,1645000000.0,0.654,2.235,47226000000.0,2177000000.0,45049000000.0,47226000000.0,903000000.0,0.0,0.0,0.015,0.0,3015000000.0,3015000000.0,0.197,3015000000.0,3015000000.0,2362000000.0,0.275,0.27,0.275,48190000000.0,,48190000000.0,139916419154.0,11.0,6.77,1515000000.0,0.288,1.0,15310000000.0,1.0,104845000000.0,653000000.0,78888000000.0,,0.0,8274000000.0,2841000000.0,5433000000.0,107713000000.0,18018000000.0,89695000000.0,110409419154.0,-9112000000.0,74000000.0,-487000000.0,1613000000.0,-429000000.0,-10718000000.0,-2763000000.0,-88000000.0,4369000000.0,0.0,1437000000.0,1437000000.0,1437000000.0,0.0,208000000.0,0.094,12243000000.0,3067000000.0,5750000000.0,0.0,2.291,17.208,17.347,28219000000.0,0.0,20.99,1.752,1.752,5063000000.0,16730000000.0,15310000000.0,15310000000.0,0.0,,,,,0.0,10276000000.0,1.0,5260096196.0,5260096196,,2.911,51519000000.0,0.0,925000000.0,31152000000.0,9.794,-6235000000.0
34,CMCSA,MRQ,2012-12-31,2012-12-31,2012-12-31,2021-07-29,15000000.0,164971000000.0,,19991000000.0,144980000000.0,,9.287,-1989000000.0,10951000000.0,10951000000.0,0.0,1807000000.0,1.196,2.334,40458000000.0,2376000000.0,38082000000.0,40458000000.0,851000000.0,7798000000.0,0.0,0.017,0.163,2919000000.0,10717000000.0,0.672,10717000000.0,2919000000.0,2296000000.0,0.29,0.28,0.29,49356000000.0,,49356000000.0,128966344634.0,10.0,6.364,1626000000.0,0.306,1.0,15937000000.0,1.0,105098000000.0,623000000.0,72666000000.0,,0.0,7789000000.0,1464000000.0,6325000000.0,115175000000.0,16714000000.0,98461000000.0,99275344634.0,2052000000.0,12000000.0,-732000000.0,1931000000.0,-432000000.0,433000000.0,-1996000000.0,-25000000.0,3615000000.0,0.0,1518000000.0,1518000000.0,1518000000.0,0.0,289000000.0,0.095,12643000000.0,3294000000.0,6206000000.0,0.562,2.011,16.004,16.103,27232000000.0,0.0,18.68,1.587,1.587,5521000000.0,16280000000.0,15937000000.0,15937000000.0,0.0,,,,,371000000.0,10660000000.0,1.0,5314525944.0,5314525944,,2.999,59873000000.0,0.0,778000000.0,30110000000.0,11.266,3277000000.0
35,CMCSA,MRQ,2012-09-30,2012-09-30,2012-09-30,2021-07-29,-48000000.0,162454000000.0,,18066000000.0,144388000000.0,,9.136,-1773000000.0,8899000000.0,8899000000.0,0.0,2978000000.0,1.042,2.314,38590000000.0,2799000000.0,35791000000.0,38590000000.0,887000000.0,0.0,0.0,0.015,0.0,4151000000.0,4151000000.0,0.251,4151000000.0,4151000000.0,3518000000.0,0.395,0.39,0.395,48892000000.0,,48892000000.0,130675405374.0,11.0,6.562,1651000000.0,0.309,1.0,16544000000.0,1.0,105360000000.0,633000000.0,69450000000.0,,0.0,7352000000.0,1401000000.0,5951000000.0,113113000000.0,17335000000.0,95778000000.0,95647405374.0,6798000000.0,2936000000.0,-719000000.0,1434000000.0,-435000000.0,35000000.0,3339000000.0,2191000000.0,3424000000.0,0.0,2113000000.0,2113000000.0,2113000000.0,0.0,865000000.0,0.128,13496000000.0,3048000000.0,6250000000.0,0.0,1.956,16.016,16.174,26984000000.0,0.0,17.872,1.551,1.551,5123000000.0,15774000000.0,16544000000.0,16544000000.0,0.0,,,,,0.0,11536000000.0,1.0,5351652280.0,5351652280,,3.091,57094000000.0,0.0,1405000000.0,30231000000.0,10.668,731000000.0
36,CMCSA,MRQ,2012-06-30,2012-06-30,2012-06-30,2021-07-29,-170000000.0,157688000000.0,,11354000000.0,146334000000.0,,8.852,-1517000000.0,2101000000.0,2101000000.0,0.0,1633000000.0,0.721,2.294,37129000000.0,2954000000.0,34175000000.0,37129000000.0,1027000000.0,0.0,0.0,0.017,0.163,2784000000.0,2784000000.0,0.183,2784000000.0,2784000000.0,2159000000.0,0.25,0.25,0.25,47731000000.0,,47731000000.0,121774551223.0,12.0,6.785,1905000000.0,0.353,1.0,15211000000.0,1.0,105274000000.0,625000000.0,71700000000.0,,0.0,10249000000.0,2231000000.0,8018000000.0,109509000000.0,15742000000.0,93767000000.0,86196551223.0,-106000000.0,29000000.0,-716000000.0,-714000000.0,-437000000.0,-2048000000.0,-1480000000.0,-39000000.0,3422000000.0,0.0,1348000000.0,1348000000.0,1348000000.0,0.0,285000000.0,0.089,12132000000.0,3079000000.0,5730000000.0,0.652,1.806,18.082,18.269,26891000000.0,0.0,15.985,1.449,1.449,4387000000.0,14626000000.0,15211000000.0,15211000000.0,0.0,,,,,0.0,10207000000.0,1.0,5392339770.0,5392339770,,2.821,52414000000.0,0.0,811000000.0,29881000000.0,9.72,-4388000000.0
37,CMCSA,MRQ,2012-03-31,2012-03-31,2012-03-31,2021-07-29,-148000000.0,157949000000.0,,9355000000.0,148594000000.0,,8.803,-1358000000.0,2207000000.0,2207000000.0,0.0,1447000000.0,0.598,2.32,37785000000.0,2705000000.0,35080000000.0,37785000000.0,0.0,0.0,0.0,0.015,0.0,2614000000.0,2614000000.0,0.176,2614000000.0,2614000000.0,1974000000.0,0.225,0.225,0.225,47476000000.0,,47476000000.0,118610644373.0,12.0,6.656,3035000000.0,0.563,1.0,14878000000.0,1.0,105179000000.0,640000000.0,72716000000.0,,0.0,10149000000.0,0.0,10149000000.0,110128000000.0,15632000000.0,94496000000.0,80921644373.0,587000000.0,35000000.0,-600000000.0,-1532000000.0,-304000000.0,-2457000000.0,-1349000000.0,-62000000.0,4393000000.0,0.0,1224000000.0,1224000000.0,1224000000.0,0.0,223000000.0,0.082,12120000000.0,2758000000.0,5763000000.0,0.0,1.704,18.221,18.525,26962000000.0,0.0,15.005,1.381,1.381,4379000000.0,14217000000.0,14878000000.0,14878000000.0,0.0,,,,,0.0,10190000000.0,1.0,5392978632.0,5392978632,,2.759,52770000000.0,0.0,750000000.0,29812000000.0,9.785,-6277000000.0
38,CMCSA,MRQ,2011-12-31,2011-12-31,2011-12-31,2021-07-29,-152000000.0,157818000000.0,,8573000000.0,149245000000.0,,8.675,-1971000000.0,1620000000.0,1620000000.0,0.0,1585000000.0,0.647,2.33,39309000000.0,1367000000.0,37942000000.0,39309000000.0,790000000.0,7636000000.0,0.0,0.023,0.113,2730000000.0,10366000000.0,0.689,10366000000.0,2730000000.0,2088000000.0,0.235,0.235,0.235,47274000000.0,,47274000000.0,103769979968.0,11.0,5.981,2168000000.0,0.398,1.0,15042000000.0,1.0,105402000000.0,642000000.0,76864000000.0,,0.0,9908000000.0,54000000.0,9854000000.0,110163000000.0,13241000000.0,96922000000.0,64605979968.0,-186000000.0,123000000.0,-460000000.0,-1501000000.0,-306000000.0,-2478000000.0,-1847000000.0,-19000000.0,4139000000.0,0.0,1287000000.0,1287000000.0,1287000000.0,0.0,298000000.0,0.086,12124000000.0,2918000000.0,5705000000.0,0.481,1.367,15.53,15.702,27559000000.0,0.0,11.855,1.157,1.157,4652000000.0,13971000000.0,15042000000.0,15042000000.0,0.0,,,,,344000000.0,10126000000.0,1.0,5449681988.0,5449681988,,2.76,52416000000.0,0.0,801000000.0,29932000000.0,9.618,-4668000000.0
39,CMCSA,MRQ,2011-09-30,2011-09-30,2011-09-30,2021-07-29,-147000000.0,156827000000.0,,8582000000.0,148245000000.0,,8.491,-1617000000.0,1806000000.0,1806000000.0,0.0,1166000000.0,0.607,2.352,40970000000.0,2448000000.0,38522000000.0,40970000000.0,0.0,0.0,0.0,0.02,0.056,2184000000.0,2184000000.0,0.152,2184000000.0,2184000000.0,1547000000.0,0.165,0.165,0.165,46683000000.0,,46683000000.0,95073445738.0,10.0,6.004,1633000000.0,0.297,1.0,14339000000.0,1.0,104714000000.0,637000000.0,77131000000.0,,0.0,9575000000.0,0.0,9575000000.0,109815000000.0,14146000000.0,95669000000.0,57511445738.0,-191000000.0,-709000000.0,-554000000.0,-148000000.0,-309000000.0,-1066000000.0,-2375000000.0,-33000000.0,3250000000.0,0.0,908000000.0,908000000.0,908000000.0,0.0,258000000.0,0.063,11698000000.0,2641000000.0,5455000000.0,0.339,1.232,14.781,14.943,27441000000.0,0.0,10.46,1.138,1.138,4096000000.0,13236000000.0,14339000000.0,14339000000.0,0.0,,,,,0.0,9765000000.0,1.0,5498226170.0,5498226170,,2.608,52113000000.0,0.0,639000000.0,29663000000.0,9.478,-5564000000.0
40,CMCSA,MRQ,2011-06-30,2011-06-30,2011-06-30,2021-07-29,-105000000.0,154782000000.0,,8350000000.0,146432000000.0,,8.431,-1444000000.0,1997000000.0,1997000000.0,0.0,1367000000.0,0.658,2.313,39559000000.0,1350000000.0,38209000000.0,39559000000.0,0.0,0.0,0.0,0.016,0.056,2657000000.0,2657000000.0,0.185,2657000000.0,2657000000.0,2036000000.0,0.185,0.185,0.185,46643000000.0,,46643000000.0,108699380185.0,12.0,6.947,2044000000.0,0.369,1.0,14333000000.0,1.0,104707000000.0,621000000.0,74940000000.0,,0.0,10829000000.0,0.0,10829000000.0,107877000000.0,12697000000.0,95180000000.0,70095380185.0,175000000.0,96000000.0,-448000000.0,-941000000.0,-311000000.0,-1914000000.0,-1399000000.0,-30000000.0,3488000000.0,0.0,1022000000.0,1022000000.0,1022000000.0,0.0,345000000.0,0.071,11395000000.0,2938000000.0,4838000000.0,0.303,1.503,18.207,18.362,24619000000.0,0.0,12.67,1.535,1.535,4156000000.0,12932000000.0,14333000000.0,14333000000.0,0.0,,,,,0.0,9532000000.0,1.0,5532389912.0,5532389912,,2.591,50075000000.0,0.0,1014000000.0,29477000000.0,9.051,-4347000000.0
41,CMCSA,MRQ,2011-03-31,2011-03-31,2011-03-31,2021-07-29,-97000000.0,154259000000.0,,7547000000.0,146712000000.0,,8.371,-1229000000.0,1822000000.0,1822000000.0,0.0,1039000000.0,0.549,2.324,40426000000.0,2296000000.0,38130000000.0,40426000000.0,0.0,0.0,0.0,0.015,0.047,2144000000.0,2144000000.0,0.177,2144000000.0,2144000000.0,1539000000.0,0.17,0.17,0.17,46328000000.0,,46328000000.0,93832594532.0,11.0,6.253,2239000000.0,0.405,1.0,12128000000.0,1.0,104944000000.0,605000000.0,74172000000.0,,0.0,10785000000.0,74000000.0,10711000000.0,107652000000.0,13747000000.0,93905000000.0,68401594532.0,-4162000000.0,-5640000000.0,-396000000.0,-82000000.0,-261000000.0,-743000000.0,-6887000000.0,-16000000.0,3468000000.0,0.0,943000000.0,943000000.0,943000000.0,0.0,96000000.0,0.078,9904000000.0,2224000000.0,4858000000.0,0.276,1.476,18.427,18.727,24911000000.0,0.0,12.36,1.674,1.674,3708000000.0,12504000000.0,12128000000.0,12128000000.0,0.0,,,,,0.0,8062000000.0,1.0,5534109590.0,5534109590,,2.191,49315000000.0,0.0,596000000.0,28919000000.0,8.911,-6200000000.0
42,CMCSA,MRQ,2010-12-31,2010-12-31,2010-12-31,2021-07-29,-99000000.0,118534000000.0,,8886000000.0,109648000000.0,,7.948,-1696000000.0,5984000000.0,5984000000.0,0.0,1033000000.0,1.079,1.671,31415000000.0,1800000000.0,29615000000.0,31415000000.0,83000000.0,6616000000.0,0.0,0.017,0.047,2235000000.0,8851000000.0,0.911,8851000000.0,2235000000.0,1691000000.0,0.18,0.18,0.18,44354000000.0,,44354000000.0,87794792694.0,11.0,5.915,1751000000.0,0.314,1.0,9721000000.0,1.0,77953000000.0,544000000.0,57778000000.0,,0.0,6670000000.0,0.0,6670000000.0,74100000000.0,8234000000.0,65866000000.0,61298792694.0,1442000000.0,99000000.0,-274000000.0,496000000.0,-264000000.0,-162000000.0,-1843000000.0,-37000000.0,3447000000.0,0.0,1018000000.0,1018000000.0,1018000000.0,0.0,15000000.0,0.105,7708000000.0,2013000000.0,3291000000.0,0.261,1.382,16.863,17.031,23515000000.0,0.0,10.985,1.616,1.616,1855000000.0,12158000000.0,9721000000.0,9721000000.0,0.0,,,,,300000000.0,6005000000.0,1.0,5580226918.0,5580226918,,1.742,40581000000.0,0.0,673000000.0,28246000000.0,7.272,652000000.0
43,CMCSA,MRQ,2010-09-30,2010-09-30,2010-09-30,2021-07-29,-116000000.0,116525000000.0,,7172000000.0,109353000000.0,,7.8,-1501000000.0,4542000000.0,4542000000.0,0.0,870000000.0,0.81,1.659,31038000000.0,2300000000.0,28738000000.0,31038000000.0,0.0,0.0,0.0,0.019,0.047,1996000000.0,1996000000.0,0.21,1996000000.0,1996000000.0,1451000000.0,0.155,0.155,0.155,43784000000.0,,43784000000.0,77706828106.0,10.0,5.412,899000000.0,0.16,1.0,9489000000.0,1.0,78231000000.0,545000000.0,55933000000.0,,0.0,6453000000.0,72000000.0,6381000000.0,72657000000.0,8857000000.0,63800000000.0,50742828106.0,514000000.0,0.0,-292000000.0,-12000000.0,-265000000.0,-573000000.0,-1313000000.0,-16000000.0,2400000000.0,0.0,867000000.0,867000000.0,867000000.0,0.0,3000000.0,0.091,7535000000.0,1954000000.0,3297000000.0,0.303,1.159,14.206,14.236,23328000000.0,0.0,9.04,1.361,1.361,1868000000.0,11525000000.0,9489000000.0,9489000000.0,0.0,,,,,0.0,5911000000.0,1.0,5613144702.0,5613144702,,1.69,38294000000.0,0.0,584000000.0,27347000000.0,6.822,-1685000000.0
44,CMCSA,MRQ,2010-06-30,2010-06-30,2010-06-30,2021-07-29,-86000000.0,115627000000.0,,6591000000.0,109036000000.0,,7.697,-1258000000.0,4028000000.0,4028000000.0,0.0,886000000.0,0.758,1.66,30992000000.0,2308000000.0,28684000000.0,30992000000.0,0.0,0.0,0.0,0.019,0.047,2015000000.0,2015000000.0,0.212,2015000000.0,2015000000.0,1472000000.0,0.155,0.155,0.155,43437000000.0,,43437000000.0,76447499275.0,10.0,5.378,1171000000.0,0.208,1.0,9525000000.0,1.0,78353000000.0,543000000.0,55548000000.0,,0.0,6151000000.0,53000000.0,6098000000.0,72103000000.0,8690000000.0,63413000000.0,49011499275.0,545000000.0,-11000000.0,-300000000.0,-13000000.0,-267000000.0,-585000000.0,-1299000000.0,6000000.0,2429000000.0,0.0,884000000.0,884000000.0,884000000.0,0.0,2000000.0,0.093,7447000000.0,2078000000.0,3126000000.0,0.303,1.128,13.431,13.465,23217000000.0,0.0,8.685,1.338,1.338,1845000000.0,11026000000.0,9525000000.0,9525000000.0,0.0,,,,,0.0,5788000000.0,1.0,5643235380.0,5643235380,,1.688,37274000000.0,0.0,588000000.0,27575000000.0,6.605,-2099000000.0
45,CMCSA,MRQ,2010-03-31,2010-03-31,2010-03-31,2021-07-29,-47000000.0,115420000000.0,,5968000000.0,109452000000.0,,7.617,-1042000000.0,3483000000.0,3483000000.0,0.0,879000000.0,0.693,1.677,30919000000.0,2337000000.0,28582000000.0,30919000000.0,0.0,0.0,0.0,0.016,0.047,1981000000.0,1981000000.0,0.215,1981000000.0,1981000000.0,1457000000.0,0.155,0.155,0.155,43082000000.0,,43082000000.0,81678677186.0,11.0,5.776,1861000000.0,0.329,1.0,9202000000.0,1.0,78457000000.0,524000000.0,55784000000.0,,0.0,6308000000.0,41000000.0,6267000000.0,72241000000.0,8615000000.0,63626000000.0,53253677186.0,2812000000.0,-172000000.0,-300000000.0,1796000000.0,-268000000.0,1165000000.0,-1256000000.0,-23000000.0,2903000000.0,0.0,866000000.0,866000000.0,866000000.0,0.0,13000000.0,0.094,7267000000.0,1935000000.0,3006000000.0,0.303,1.236,14.269,14.374,23441000000.0,0.0,9.415,1.475,1.475,1581000000.0,10517000000.0,9202000000.0,9202000000.0,0.0,,,,,0.0,5637000000.0,1.0,5656258862.0,5656258862,,1.627,36963000000.0,0.0,591000000.0,27756000000.0,6.535,-2647000000.0
46,CMCSA,MRQ,2009-12-31,2009-12-31,2009-12-31,2021-07-29,-46000000.0,112733000000.0,,3223000000.0,109510000000.0,,7.483,-1748000000.0,671000000.0,671000000.0,0.0,960000000.0,0.445,1.637,29096000000.0,1156000000.0,27940000000.0,29096000000.0,0.0,6500000000.0,0.0,0.016,0.034,1865000000.0,8365000000.0,0.923,8365000000.0,1865000000.0,1345000000.0,0.17,0.165,0.17,42721000000.0,,42721000000.0,76714963507.0,10.0,5.494,808000000.0,0.142,1.0,9067000000.0,1.0,78490000000.0,520000000.0,55419000000.0,,0.0,5997000000.0,50000000.0,5947000000.0,69922000000.0,7249000000.0,62673000000.0,48129963507.0,-191000000.0,50000000.0,-326000000.0,-308000000.0,-193000000.0,-851000000.0,-1896000000.0,-235000000.0,2556000000.0,0.0,955000000.0,955000000.0,955000000.0,0.0,5000000.0,0.105,7250000000.0,1817000000.0,3094000000.0,0.2,1.127,13.23,13.276,23855000000.0,0.0,8.43,1.346,1.346,1711000000.0,10005000000.0,9067000000.0,9067000000.0,0.0,,,,,257000000.0,5658000000.0,1.0,5709366964.0,5709366964,,1.588,34243000000.0,240000000.0,390000000.0,27800000000.0,5.998,-4026000000.0
47,CMCSA,MRQ,2009-09-30,2009-09-30,2009-09-30,2021-07-29,-72000000.0,112463000000.0,,3406000000.0,109057000000.0,,7.372,-1369000000.0,862000000.0,862000000.0,0.0,934000000.0,0.48,1.656,29447000000.0,954000000.0,28493000000.0,29447000000.0,0.0,0.0,0.0,0.015,0.034,1854000000.0,1854000000.0,0.21,1854000000.0,1854000000.0,1147000000.0,0.165,0.165,0.165,42311000000.0,,42311000000.0,77490132190.0,11.0,5.88,1243000000.0,0.217,1.0,8845000000.0,1.0,78585000000.0,707000000.0,55371000000.0,,0.0,5755000000.0,56000000.0,5699000000.0,70082000000.0,7092000000.0,62990000000.0,48442132190.0,-3127000000.0,-9000000.0,-330000000.0,-3621000000.0,-193000000.0,-4308000000.0,-1431000000.0,-60000000.0,2612000000.0,0.0,944000000.0,944000000.0,944000000.0,0.0,-10000000.0,0.107,7134000000.0,1711000000.0,3133000000.0,0.206,1.145,15.652,15.63,23605000000.0,0.0,8.44,1.36,1.36,1639000000.0,9416000000.0,8845000000.0,8845000000.0,0.0,,,,,0.0,5519000000.0,1.0,5739589122.0,5739589122,,1.541,33878000000.0,0.0,203000000.0,27566000000.0,5.903,-3686000000.0
48,CMCSA,MRQ,2009-06-30,2009-06-30,2009-06-30,2021-07-29,-80000000.0,115237000000.0,,6537000000.0,108700000000.0,,7.237,-1229000000.0,3989000000.0,3989000000.0,0.0,956000000.0,0.619,1.759,33037000000.0,4167000000.0,28870000000.0,33037000000.0,0.0,0.0,0.0,0.018,0.034,1942000000.0,1942000000.0,0.216,1942000000.0,1942000000.0,1391000000.0,0.165,0.165,0.165,41733000000.0,,41733000000.0,71876615543.0,11.0,5.488,1372000000.0,0.238,1.0,8978000000.0,1.0,78671000000.0,551000000.0,55057000000.0,,0.0,5252000000.0,62000000.0,5190000000.0,73423000000.0,10557000000.0,62866000000.0,41693615543.0,2110000000.0,-20000000.0,-108000000.0,1087000000.0,-195000000.0,763000000.0,-1254000000.0,-11000000.0,2601000000.0,0.0,967000000.0,967000000.0,967000000.0,0.0,-11000000.0,0.108,7103000000.0,1875000000.0,3070000000.0,0.206,0.999,14.269,14.317,23715000000.0,0.0,7.23,1.18,1.18,1677000000.0,8736000000.0,8978000000.0,8978000000.0,0.0,,,,,0.0,5443000000.0,1.0,5766751804.0,5766751804,,1.557,36566000000.0,0.0,424000000.0,27394000000.0,6.341,-4020000000.0
49,CMCSA,MRQ,2009-03-31,2009-03-31,2009-03-31,2021-07-29,-93000000.0,113071000000.0,,4250000000.0,108821000000.0,,7.156,-1293000000.0,1879000000.0,1879000000.0,0.0,778000000.0,0.478,1.749,32062000000.0,2647000000.0,29415000000.0,32062000000.0,0.0,0.0,0.0,0.014,0.031,1803000000.0,1803000000.0,0.203,1803000000.0,1803000000.0,1233000000.0,0.135,0.135,0.135,41095000000.0,,41095000000.0,70424085123.0,11.0,5.476,1219000000.0,0.212,1.0,8866000000.0,1.0,78785000000.0,570000000.0,55582000000.0,,0.0,4931000000.0,59000000.0,4872000000.0,71882000000.0,8887000000.0,62995000000.0,39163085123.0,684000000.0,-7000000.0,0.0,-332000000.0,-180000000.0,-512000000.0,-1316000000.0,-40000000.0,2512000000.0,0.0,772000000.0,772000000.0,772000000.0,0.0,6000000.0,0.087,7055000000.0,1811000000.0,3121000000.0,0.23,0.953,15.138,15.326,24038000000.0,0.0,6.82,1.122,1.122,1483000000.0,8004000000.0,8866000000.0,8866000000.0,0.0,,,,,0.0,5422000000.0,1.0,5742387848.0,5742387848,,1.544,34286000000.0,0.0,461000000.0,27188000000.0,5.971,-4637000000.0
50,CMCSA,MRQ,2008-12-31,2008-12-31,2008-12-31,2021-07-29,-113000000.0,113017000000.0,,3716000000.0,109301000000.0,,7.023,-1864000000.0,1195000000.0,1195000000.0,0.0,412000000.0,0.416,1.791,32456000000.0,2278000000.0,30178000000.0,32456000000.0,0.0,6400000000.0,0.0,0.011,0.031,1180000000.0,7580000000.0,0.849,7580000000.0,1180000000.0,581000000.0,0.075,0.07,0.075,40450000000.0,,40450000000.0,79584652387.0,12.0,6.16,994000000.0,0.173,1.0,8932000000.0,1.0,78896000000.0,599000000.0,56443000000.0,,0.0,4842000000.0,59000000.0,4783000000.0,72441000000.0,8939000000.0,63502000000.0,48610652387.0,-1519000000.0,-38000000.0,0.0,-1445000000.0,-180000000.0,-1630000000.0,-2747000000.0,-815000000.0,2858000000.0,0.0,412000000.0,412000000.0,412000000.0,0.0,0.0,0.046,7175000000.0,1757000000.0,3393000000.0,0.413,1.202,19.085,19.402,24444000000.0,0.0,8.44,1.412,1.412,1626000000.0,7427000000.0,8932000000.0,8932000000.0,0.0,,,,,258000000.0,5562000000.0,1.0,5759555970.0,5759555970,,1.551,34121000000.0,292000000.0,169000000.0,26982000000.0,5.924,-5223000000.0
51,CMCSA,MRQ,2008-09-30,2008-09-30,2008-09-30,2021-07-29,-64000000.0,114496000000.0,,5513000000.0,108983000000.0,,6.889,-1437000000.0,2714000000.0,2714000000.0,0.0,756000000.0,0.595,1.848,33688000000.0,3087000000.0,30601000000.0,33688000000.0,0.0,0.0,0.0,0.006,0.031,1773000000.0,1773000000.0,0.207,1773000000.0,1773000000.0,1172000000.0,0.13,0.13,0.13,40204000000.0,,40204000000.0,88029739622.0,13.0,6.695,1008000000.0,0.173,1.0,8549000000.0,1.0,78931000000.0,601000000.0,57280000000.0,,0.0,5406000000.0,203000000.0,5203000000.0,74292000000.0,9259000000.0,65033000000.0,57283739622.0,947000000.0,-369000000.0,-810000000.0,1192000000.0,-182000000.0,187000000.0,-1685000000.0,106000000.0,2445000000.0,0.0,771000000.0,771000000.0,771000000.0,0.0,-15000000.0,0.09,6879000000.0,1670000000.0,3187000000.0,0.238,1.425,20.929,21.571,23910000000.0,0.0,9.815,1.701,1.701,1658000000.0,7196000000.0,8549000000.0,8549000000.0,0.0,,,,,0.0,5312000000.0,1.0,5836346370.0,5836346370,,1.465,35565000000.0,0.0,401000000.0,27209000000.0,6.094,-3746000000.0
52,CMCSA,MRQ,2008-06-30,2008-06-30,2008-06-30,2021-07-29,-59000000.0,113897000000.0,,4647000000.0,109250000000.0,,6.812,-1419000000.0,1767000000.0,1767000000.0,0.0,619000000.0,0.574,1.824,32513000000.0,1889000000.0,30624000000.0,32513000000.0,0.0,0.0,0.0,0.003,0.0,1705000000.0,1705000000.0,0.199,1705000000.0,1705000000.0,1087000000.0,0.105,0.105,0.105,40337000000.0,,40337000000.0,86892785778.0,13.0,6.721,1250000000.0,0.211,1.0,8553000000.0,1.0,79137000000.0,618000000.0,57417000000.0,,0.0,5661000000.0,295000000.0,5366000000.0,73560000000.0,8089000000.0,65471000000.0,56168785778.0,1132000000.0,-302000000.0,-947000000.0,1204000000.0,-185000000.0,-35000000.0,-1502000000.0,256000000.0,2669000000.0,0.0,632000000.0,632000000.0,632000000.0,0.0,-13000000.0,0.074,6803000000.0,1750000000.0,3027000000.0,0.0,1.392,22.236,22.855,23833000000.0,0.0,9.485,1.707,1.707,1665000000.0,6967000000.0,8553000000.0,8553000000.0,0.0,,,,,0.0,5202000000.0,1.0,5921854062.0,5921854062,,1.444,34760000000.0,0.0,455000000.0,27292000000.0,5.87,-3442000000.0
53,CMCSA,MRQ,2008-03-31,2008-03-31,2008-03-31,2021-07-29,-57000000.0,112824000000.0,,3104000000.0,109720000000.0,,6.796,-1557000000.0,635000000.0,635000000.0,0.0,738000000.0,0.419,1.765,31359000000.0,1350000000.0,30009000000.0,31359000000.0,0.0,0.0,0.0,0.003,0.031,1861000000.0,1861000000.0,0.222,1861000000.0,1861000000.0,1240000000.0,0.12,0.12,0.12,40798000000.0,,40798000000.0,88410762359.0,13.0,6.9,702000000.0,0.117,1.0,8389000000.0,1.0,79004000000.0,621000000.0,57141000000.0,,0.0,5886000000.0,86000000.0,5800000000.0,72026000000.0,7403000000.0,64623000000.0,58050762359.0,-328000000.0,-29000000.0,-990000000.0,-26000000.0,0.0,-1044000000.0,-1543000000.0,23000000.0,2259000000.0,0.0,732000000.0,732000000.0,732000000.0,0.0,6000000.0,0.087,6834000000.0,1555000000.0,2982000000.0,0.258,1.423,23.389,23.877,23949000000.0,0.0,9.67,1.811,1.811,1497000000.0,7187000000.0,8389000000.0,8389000000.0,0.0,,,,,0.0,5215000000.0,1.0,6003181216.0,6003181216,,1.397,33820000000.0,0.0,508000000.0,27116000000.0,5.634,-4299000000.0
54,CMCSA,MRQ,2007-12-31,2007-12-31,2007-12-31,2021-07-29,-56000000.0,113417000000.0,,3667000000.0,109750000000.0,,6.726,-1667000000.0,963000000.0,963000000.0,0.0,564000000.0,0.461,1.744,31323000000.0,1495000000.0,29828000000.0,31323000000.0,0.0,6208000000.0,0.0,0.0,0.0,1602000000.0,7810000000.0,0.955,7810000000.0,1602000000.0,1002000000.0,0.1,0.1,0.1,41340000000.0,,41340000000.0,84271107573.0,13.0,6.541,1017000000.0,0.165,1.0,8179000000.0,1.0,77521000000.0,600000000.0,58304000000.0,,0.0,8061000000.0,98000000.0,7963000000.0,72077000000.0,7952000000.0,64125000000.0,56116107573.0,-1986000000.0,-42000000.0,-1242000000.0,231000000.0,0.0,-1000000000.0,-3670000000.0,-1925000000.0,2684000000.0,0.0,602000000.0,602000000.0,602000000.0,0.0,-38000000.0,0.074,6721000000.0,1458000000.0,3336000000.0,0.0,1.357,21.692,21.738,23624000000.0,0.0,9.13,1.807,1.807,1645000000.0,7191000000.0,8179000000.0,8179000000.0,0.0,,,,,212000000.0,5097000000.0,1.0,6146342560.0,6146342560,,1.331,35896000000.0,214000000.0,400000000.0,26880000000.0,5.84,-4285000000.0
55,CMCSA,MRQ,2007-09-30,2007-09-30,2007-09-30,2021-07-29,-93000000.0,113171000000.0,,5397000000.0,107774000000.0,,6.777,-1610000000.0,2949000000.0,2949000000.0,0.0,560000000.0,0.805,1.702,31104000000.0,764000000.0,30340000000.0,31104000000.0,0.0,0.0,0.0,0.0,0.0,1552000000.0,1552000000.0,0.199,1552000000.0,1552000000.0,981000000.0,0.09,0.09,0.09,41888000000.0,,41888000000.0,102154935510.0,16.0,13.401,-12000000.0,-0.002,1.0,7781000000.0,1.0,77721000000.0,571000000.0,56901000000.0,,0.0,6288000000.0,65000000.0,6223000000.0,71283000000.0,6704000000.0,64579000000.0,74730935510.0,2121000000.0,-507000000.0,-530000000.0,2811000000.0,0.0,2280000000.0,-1757000000.0,305000000.0,1598000000.0,0.0,560000000.0,560000000.0,560000000.0,0.0,0.0,0.072,6390000000.0,1391000000.0,3014000000.0,0.0,1.784,31.466,31.403,23213000000.0,0.0,12.09,2.498,2.498,1598000000.0,7145000000.0,7781000000.0,7781000000.0,0.0,,,,,0.0,4852000000.0,1.0,6181218818.0,6181218818,,1.259,35450000000.0,0.0,421000000.0,26570000000.0,5.735,-1307000000.0
56,CMCSA,MRQ,2007-06-30,2007-06-30,2007-06-30,2021-07-29,-52000000.0,110756000000.0,,3542000000.0,107214000000.0,,6.72,-1715000000.0,828000000.0,828000000.0,0.0,588000000.0,0.518,1.648,28252000000.0,458000000.0,27794000000.0,28252000000.0,0.0,0.0,0.0,0.0,0.0,1591000000.0,1591000000.0,0.206,1591000000.0,1591000000.0,1041000000.0,0.095,0.095,0.095,41825000000.0,,41825000000.0,114744711924.0,16.0,11.878,227000000.0,0.036,1.0,7712000000.0,1.0,77495000000.0,550000000.0,53846000000.0,,0.0,6606000000.0,395000000.0,6211000000.0,68931000000.0,6839000000.0,62092000000.0,87510711924.0,-209000000.0,-761000000.0,-636000000.0,-29000000.0,0.0,-617000000.0,-1534000000.0,921000000.0,1942000000.0,0.0,588000000.0,588000000.0,588000000.0,0.0,0.0,0.076,6244000000.0,1468000000.0,2978000000.0,0.0,2.092,28.862,28.99,22900000000.0,0.0,14.06,3.064,3.064,1441000000.0,6951000000.0,7712000000.0,7712000000.0,0.0,,,,,0.0,4700000000.0,1.0,6224090464.0,6224090464,,1.239,33261000000.0,0.0,453000000.0,26635000000.0,5.344,-3297000000.0
57,CMCSA,MRQ,2007-03-31,2007-03-31,2007-03-31,2021-07-29,-41000000.0,110337000000.0,,4255000000.0,106082000000.0,,6.706,-1572000000.0,1037000000.0,1037000000.0,0.0,837000000.0,0.577,1.637,28271000000.0,1049000000.0,27222000000.0,28271000000.0,0.0,0.0,0.0,0.0,0.0,1931000000.0,1931000000.0,0.261,1931000000.0,1931000000.0,1363000000.0,0.135,0.13,0.135,41838000000.0,,41838000000.0,108687734525.0,16.0,10.256,393000000.0,0.063,1.0,7388000000.0,1.0,76936000000.0,568000000.0,53261000000.0,,0.0,7325000000.0,1248000000.0,6077000000.0,68499000000.0,7374000000.0,61125000000.0,80951734525.0,-202000000.0,-9000000.0,-282000000.0,-701000000.0,0.0,-979000000.0,-1188000000.0,371000000.0,1965000000.0,0.0,837000000.0,837000000.0,837000000.0,0.0,0.0,0.113,6127000000.0,1261000000.0,2980000000.0,0.0,1.935,27.876,27.903,22513000000.0,0.0,12.975,3.025,3.025,1282000000.0,6814000000.0,7388000000.0,7388000000.0,0.0,,,,,0.0,4625000000.0,1.0,6239054684.0,6239054684,,1.184,33401000000.0,0.0,526000000.0,26585000000.0,5.354,-3119000000.0
58,CMCSA,MRQ,2006-12-31,2006-12-31,2006-12-31,2021-07-29,34000000.0,110405000000.0,,5202000000.0,105203000000.0,,6.594,-1423000000.0,1239000000.0,1239000000.0,0.0,390000000.0,0.723,1.682,28975000000.0,983000000.0,27992000000.0,28975000000.0,0.0,1376000000.0,0.0,0.0,0.0,1173000000.0,2549000000.0,0.363,2549000000.0,1173000000.0,611000000.0,0.065,0.06,0.065,41167000000.0,,41167000000.0,112539935366.0,19.0,10.319,-20000000.0,-0.003,1.0,7031000000.0,1.0,74576000000.0,562000000.0,56374000000.0,,0.0,10582000000.0,1735000000.0,8847000000.0,69238000000.0,7191000000.0,62047000000.0,88094935366.0,-1872000000.0,-1271000000.0,-188000000.0,1710000000.0,0.0,1540000000.0,-4815000000.0,-2155000000.0,1403000000.0,0.0,390000000.0,390000000.0,390000000.0,39000000.0,0.0,0.055,5813000000.0,1218000000.0,2862000000.0,0.0,2.14,34.779,35.275,21248000000.0,0.0,14.11,3.529,3.529,1450000000.0,6214000000.0,7031000000.0,7031000000.0,0.0,,,,,45000000.0,4437000000.0,1.0,6243439785.0,6243439785,,1.126,35829000000.0,0.0,221000000.0,27652000000.0,5.739,-1989000000.0
59,CMCSA,MRQ,2006-09-30,2006-09-30,2006-09-30,2021-07-29,-94000000.0,107972000000.0,,5481000000.0,102491000000.0,,6.486,-1283000000.0,2774000000.0,2774000000.0,0.0,1217000000.0,0.887,1.651,27219000000.0,773000000.0,26446000000.0,27219000000.0,0.0,1232000000.0,0.0,0.0,0.0,2357000000.0,3589000000.0,0.558,3589000000.0,2357000000.0,1827000000.0,0.19,0.19,0.19,40722000000.0,,40722000000.0,100374136865.0,18.0,9.543,748000000.0,0.119,1.0,6432000000.0,1.0,74044000000.0,530000000.0,52197000000.0,,0.0,7901000000.0,656000000.0,7245000000.0,67250000000.0,6176000000.0,61074000000.0,77224136865.0,1943000000.0,-3289000000.0,-421000000.0,3066000000.0,0.0,2650000000.0,-2738000000.0,1834000000.0,2031000000.0,0.0,1217000000.0,1217000000.0,1217000000.0,-248000000.0,0.0,0.189,5208000000.0,1224000000.0,2351000000.0,0.0,1.896,33.93,34.167,20671000000.0,0.0,12.3,3.307,3.307,1228000000.0,6088000000.0,6432000000.0,6432000000.0,0.0,,,,,49000000.0,3995000000.0,1.0,6278385111.0,6278385111,,1.024,33928000000.0,0.0,610000000.0,27684000000.0,5.404,-695000000.0
60,CMCSA,MRQ,2006-06-30,2006-06-30,2006-06-30,2021-07-29,-94000000.0,103088000000.0,,3540000000.0,99548000000.0,,6.296,-1048000000.0,973000000.0,973000000.0,0.0,460000000.0,0.614,1.583,24123000000.0,763000000.0,23360000000.0,24123000000.0,0.0,1203000000.0,0.0,0.0,0.0,1325000000.0,2528000000.0,0.428,2528000000.0,1325000000.0,829000000.0,0.075,0.075,0.075,39907000000.0,,39907000000.0,91611941258.0,22.0,10.273,398000000.0,0.063,1.0,5908000000.0,1.0,68250000000.0,496000000.0,52224000000.0,,0.0,12651000000.0,813000000.0,11838000000.0,63181000000.0,5764000000.0,57417000000.0,69174941258.0,-795000000.0,-550000000.0,-630000000.0,-103000000.0,0.0,-722000000.0,-1519000000.0,84000000.0,1446000000.0,0.0,460000000.0,460000000.0,460000000.0,-61000000.0,0.0,0.078,4735000000.0,1173000000.0,2068000000.0,0.0,1.733,54.001,53.76,18945000000.0,0.0,10.913,3.116,3.116,1125000000.0,5152000000.0,5908000000.0,5908000000.0,0.0,,,,,50000000.0,3597000000.0,1.0,6338571282.0,6338571282,,0.932,34838000000.0,0.0,369000000.0,27103000000.0,5.496,-2224000000.0
61,CMCSA,MRQ,2006-03-31,2006-03-31,2006-03-31,2021-07-29,-115000000.0,102982000000.0,,3998000000.0,98984000000.0,,6.266,-947000000.0,1693000000.0,1693000000.0,0.0,466000000.0,0.701,1.573,24130000000.0,881000000.0,23249000000.0,24130000000.0,0.0,1151000000.0,0.0,0.0,0.0,1089000000.0,2240000000.0,0.4,2240000000.0,1089000000.0,613000000.0,0.075,0.075,0.075,40026000000.0,,40026000000.0,78377224069.0,20.0,8.928,791000000.0,0.124,1.0,5595000000.0,1.0,67705000000.0,476000000.0,52014000000.0,,0.0,12837000000.0,819000000.0,12018000000.0,62956000000.0,5700000000.0,57256000000.0,55699224069.0,1016000000.0,0.0,-698000000.0,785000000.0,0.0,78000000.0,-800000000.0,145000000.0,1738000000.0,0.0,466000000.0,466000000.0,466000000.0,-28000000.0,0.0,0.083,4591000000.0,1004000000.0,1940000000.0,0.0,1.392,44.524,45.417,18709000000.0,0.0,8.72,2.544,2.544,910000000.0,5012000000.0,5595000000.0,5595000000.0,0.0,,,,,46000000.0,3495000000.0,1.0,6387525696.0,6387525696,,0.876,35277000000.0,0.0,147000000.0,27157000000.0,5.523,-1702000000.0
62,CMCSA,MRQ,2005-12-31,2005-12-31,2005-12-31,2021-07-29,-114000000.0,103400000000.0,,2848000000.0,100552000000.0,,6.174,-945000000.0,947000000.0,947000000.0,0.0,133000000.0,0.437,1.571,23371000000.0,1689000000.0,21682000000.0,23371000000.0,0.0,1263000000.0,0.0,0.0,0.0,898000000.0,2161000000.0,0.399,2161000000.0,898000000.0,436000000.0,0.02,0.02,0.02,40219000000.0,,40219000000.0,78311307294.0,22.0,9.323,-50000000.0,-0.008,1.0,5416000000.0,1.0,65420000000.0,462000000.0,53880000000.0,,0.0,12823000000.0,148000000.0,12675000000.0,63181000000.0,6524000000.0,56657000000.0,56285307294.0,27000000.0,-3000000.0,-1005000000.0,881000000.0,0.0,-136000000.0,-732000000.0,305000000.0,895000000.0,0.0,133000000.0,133000000.0,133000000.0,-26000000.0,0.0,0.025,4567000000.0,849000000.0,2239000000.0,0.0,1.399,60.652,61.714,17704000000.0,0.0,8.64,2.671,2.671,1008000000.0,4825000000.0,5416000000.0,5416000000.0,0.0,,,,,16000000.0,3376000000.0,1.0,6514503159.0,6514503159,,0.831,37980000000.0,0.0,303000000.0,27372000000.0,5.83,-3676000000.0
63,CMCSA,MRQ,2005-09-30,2005-09-30,2005-09-30,2021-07-29,-65000000.0,103397000000.0,,2363000000.0,101034000000.0,,6.224,-923000000.0,579000000.0,579000000.0,0.0,222000000.0,0.33,1.522,22605000000.0,2498000000.0,20107000000.0,22605000000.0,0.0,1216000000.0,0.0,0.0,0.0,773000000.0,1989000000.0,0.376,1989000000.0,773000000.0,351000000.0,0.033,0.033,0.033,41005000000.0,,41005000000.0,87312754402.0,22.0,9.971,500000000.0,0.076,1.0,5284000000.0,1.0,68600000000.0,422000000.0,49661000000.0,,0.0,13225000000.0,207000000.0,13018000000.0,62392000000.0,7162000000.0,55230000000.0,64517754402.0,-756000000.0,-62000000.0,-614000000.0,-825000000.0,0.0,-1495000000.0,-684000000.0,301000000.0,1423000000.0,0.0,222000000.0,222000000.0,222000000.0,-24000000.0,0.0,0.042,4443000000.0,841000000.0,1980000000.0,0.0,1.573,52.97,53.81,18781000000.0,0.0,9.793,3.164,3.164,990000000.0,5046000000.0,5284000000.0,5284000000.0,0.0,,,,,16000000.0,3288000000.0,1.0,6587925909.0,6587925909,,0.802,34797000000.0,0.0,129000000.0,27147000000.0,5.282,-4799000000.0
64,CMCSA,MRQ,2005-06-30,2005-06-30,2005-06-30,2021-07-29,-154000000.0,105347000000.0,,3784000000.0,101563000000.0,,6.26,-1030000000.0,1335000000.0,1335000000.0,0.0,430000000.0,0.411,1.544,24130000000.0,4384000000.0,19746000000.0,24130000000.0,0.0,1161000000.0,0.0,0.0,0.0,1228000000.0,2389000000.0,0.427,2389000000.0,1228000000.0,761000000.0,0.063,0.063,0.063,41418000000.0,,41418000000.0,90177731592.0,23.0,10.302,155000000.0,0.023,1.0,5598000000.0,1.0,68851000000.0,467000000.0,50092000000.0,,0.0,14056000000.0,848000000.0,13208000000.0,63929000000.0,9199000000.0,54730000000.0,67641731592.0,699000000.0,-134000000.0,-315000000.0,1103000000.0,0.0,833000000.0,-1319000000.0,-110000000.0,1185000000.0,0.0,430000000.0,430000000.0,430000000.0,0.0,0.0,0.077,4550000000.0,1048000000.0,2042000000.0,0.0,1.633,55.626,56.172,18797000000.0,0.0,10.223,3.347,3.347,1031000000.0,5160000000.0,5598000000.0,5598000000.0,0.0,,,,,19000000.0,3389000000.0,1.0,6616406742.0,6616406742,,0.846,36496000000.0,0.0,331000000.0,27105000000.0,5.516,-5415000000.0
65,CMCSA,MRQ,2005-03-31,2005-03-31,2005-03-31,2021-07-29,-106000000.0,104238000000.0,,2930000000.0,101308000000.0,,6.259,-1004000000.0,636000000.0,636000000.0,0.0,143000000.0,0.333,1.521,23172000000.0,3855000000.0,19317000000.0,23172000000.0,0.0,1164000000.0,0.0,0.0,0.0,727000000.0,1891000000.0,0.353,1891000000.0,727000000.0,283000000.0,0.02,0.02,0.02,41356000000.0,,41356000000.0,97544670271.0,26.0,11.552,328000000.0,0.05,1.0,5363000000.0,1.0,68926000000.0,444000000.0,49052000000.0,,0.0,13895000000.0,950000000.0,12945000000.0,62882000000.0,8796000000.0,54086000000.0,74404670271.0,184000000.0,0.0,-286000000.0,113000000.0,0.0,-135000000.0,-1013000000.0,59000000.0,1332000000.0,0.0,143000000.0,143000000.0,143000000.0,0.0,0.0,0.027,4497000000.0,866000000.0,1998000000.0,0.0,1.799,70.997,71.266,18738000000.0,0.0,11.26,3.781,3.781,883000000.0,4899000000.0,5363000000.0,5363000000.0,0.0,,,,,5000000.0,3333000000.0,1.0,6607874802.0,6607874802,,0.812,35312000000.0,0.0,140000000.0,27096000000.0,5.344,-5866000000.0
66,CMCSA,MRQ,2004-12-31,2004-12-31,2004-12-31,2021-07-29,-119000000.0,104694000000.0,,3535000000.0,101159000000.0,,6.22,-1665000000.0,452000000.0,452000000.0,0.0,423000000.0,0.409,1.527,23592000000.0,3499000000.0,20093000000.0,23592000000.0,0.0,1275000000.0,0.0,0.0,0.0,1213000000.0,2488000000.0,0.6,2488000000.0,1213000000.0,758000000.0,0.065,0.065,0.065,41422000000.0,,41422000000.0,98391978204.0,27.0,11.9,-18000000.0,-0.003,1.0,4149000000.0,1.0,68942000000.0,455000000.0,50257000000.0,,0.0,14367000000.0,1555000000.0,12812000000.0,63272000000.0,8635000000.0,54637000000.0,73877978204.0,-113000000.0,0.0,-291000000.0,-358000000.0,0.0,-638000000.0,-1122000000.0,-3000000.0,1647000000.0,0.0,423000000.0,423000000.0,423000000.0,-42000000.0,0.0,0.102,3517000000.0,632000000.0,2041000000.0,0.0,1.784,76.163,76.506,18711000000.0,0.0,11.093,3.844,3.844,959000000.0,4891000000.0,4149000000.0,4149000000.0,0.0,,,,,33000000.0,2514000000.0,1.0,6659673516.0,6659673516,,0.623,35752000000.0,0.0,335000000.0,27175000000.0,5.368,-5100000000.0
67,CMCSA,MRQ,2004-09-30,2004-09-30,2004-09-30,2021-07-29,-135000000.0,106444000000.0,,4382000000.0,102062000000.0,,6.145,-878000000.0,717000000.0,717000000.0,0.0,220000000.0,0.491,1.584,25231000000.0,3128000000.0,22103000000.0,25231000000.0,0.0,1174000000.0,0.0,0.0,0.0,811000000.0,1985000000.0,0.389,1985000000.0,811000000.0,376000000.0,0.033,0.033,0.033,41198000000.0,,41198000000.0,88294846611.0,25.0,11.327,924000000.0,0.138,1.0,5098000000.0,1.0,69601000000.0,435000000.0,52440000000.0,,0.0,15352000000.0,2256000000.0,13096000000.0,65246000000.0,8917000000.0,56329000000.0,63111846611.0,123000000.0,40000000.0,-484000000.0,-376000000.0,0.0,-854000000.0,-825000000.0,132000000.0,1802000000.0,0.0,220000000.0,220000000.0,220000000.0,0.0,0.0,0.043,4412000000.0,686000000.0,1023000000.0,0.0,1.532,67.862,67.238,18656000000.0,0.0,9.413,3.185,3.185,940000000.0,4621000000.0,5098000000.0,5098000000.0,0.0,,,,,0.0,3238000000.0,1.0,6704516283.0,6704516283,,0.76,36843000000.0,0.0,156000000.0,27028000000.0,5.495,-4535000000.0
68,CMCSA,MRQ,2004-06-30,2004-06-30,2004-06-30,2021-07-29,-130000000.0,108081000000.0,,4418000000.0,103663000000.0,,6.145,-904000000.0,594000000.0,594000000.0,0.0,262000000.0,0.512,1.603,25777000000.0,2792000000.0,22985000000.0,25777000000.0,0.0,1100000000.0,0.0,0.0,0.0,980000000.0,2080000000.0,0.411,2080000000.0,980000000.0,496000000.0,0.04,0.04,0.04,41515000000.0,,41515000000.0,89028868127.0,14.0,8.409,955000000.0,0.141,1.0,5066000000.0,1.0,70208000000.0,484000000.0,54425000000.0,,0.0,16685000000.0,2481000000.0,14204000000.0,66566000000.0,8631000000.0,57935000000.0,63277868127.0,-281000000.0,-295000000.0,-483000000.0,-290000000.0,0.0,-773000000.0,-1367000000.0,-20000000.0,1859000000.0,0.0,262000000.0,262000000.0,262000000.0,0.0,0.0,0.052,4214000000.0,852000000.0,988000000.0,0.0,1.524,16.284,16.233,18615000000.0,0.0,9.367,3.285,3.285,925000000.0,4653000000.0,5066000000.0,5066000000.0,0.0,,,,,0.0,3114000000.0,1.0,6755644284.0,6755644284,,0.75,37873000000.0,0.0,234000000.0,27301000000.0,5.606,-4213000000.0
69,CMCSA,MRQ,2004-03-31,2004-03-31,2004-03-31,2021-07-29,-130000000.0,108567000000.0,,5260000000.0,103307000000.0,,6.206,-828000000.0,875000000.0,875000000.0,0.0,65000000.0,0.566,1.601,26626000000.0,3386000000.0,23240000000.0,26626000000.0,0.0,1074000000.0,0.0,0.0,0.0,641000000.0,1715000000.0,0.349,1715000000.0,641000000.0,141000000.0,0.01,0.01,0.01,41738000000.0,,41738000000.0,89924872848.0,16.0,8.838,-54000000.0,-0.008,1.0,4908000000.0,1.0,69851000000.0,500000000.0,55175000000.0,,0.0,17052000000.0,2782000000.0,14270000000.0,66829000000.0,9292000000.0,57537000000.0,64478872848.0,-675000000.0,-41000000.0,10000000.0,-269000000.0,0.0,-251000000.0,-1198000000.0,-24000000.0,774000000.0,0.0,65000000.0,65000000.0,65000000.0,0.0,0.0,0.013,4249000000.0,659000000.0,1024000000.0,0.0,1.545,17.901,17.986,18495000000.0,0.0,9.587,3.432,3.432,776000000.0,4598000000.0,4908000000.0,4908000000.0,0.0,,,,,0.0,3175000000.0,1.0,6725890770.0,6725890770,,0.73,38716000000.0,0.0,76000000.0,27024000000.0,5.756,-4032000000.0
70,CMCSA,MRQ,2003-12-31,2003-12-31,2003-12-31,2021-07-29,-140000000.0,109159000000.0,,5403000000.0,103756000000.0,,6.196,-1223000000.0,1550000000.0,1550000000.0,0.0,383000000.0,0.56,1.62,26996000000.0,3161000000.0,23835000000.0,26996000000.0,0.0,978000000.0,0.0,0.0,0.0,1037000000.0,2015000000.0,0.425,2015000000.0,1037000000.0,598000000.0,0.057,0.057,0.057,41662000000.0,,41662000000.0,100634384470.0,19.0,10.396,-888000000.0,-0.132,1.0,4742000000.0,1.0,69750000000.0,439000000.0,55201000000.0,,0.0,17311000000.0,2493000000.0,14818000000.0,67497000000.0,9654000000.0,57843000000.0,73498384470.0,-1695000000.0,1762000000.0,53000000.0,-2769000000.0,0.0,-2747000000.0,717000000.0,39000000.0,335000000.0,0.0,383000000.0,383000000.0,383000000.0,0.0,0.0,0.081,4000000000.0,742000000.0,2355000000.0,0.0,1.764,22.685,22.771,18473000000.0,0.0,10.93,4.006,4.006,907000000.0,4552000000.0,4742000000.0,4742000000.0,0.0,,,,,0.0,3022000000.0,1.0,6724463355.0,6724463355,,0.705,39409000000.0,0.0,215000000.0,26579000000.0,5.861,-4251000000.0
71,CMCSA,MRQ,2003-09-30,2003-09-30,2003-09-30,2021-07-29,-160000000.0,109816000000.0,,7614000000.0,102202000000.0,,6.134,-1081000000.0,3245000000.0,3245000000.0,0.0,3176000000.0,0.753,1.663,30381000000.0,3065000000.0,27316000000.0,30381000000.0,0.0,1139000000.0,0.0,0.0,0.0,3638000000.0,4777000000.0,1.051,4777000000.0,3638000000.0,3073000000.0,0.47,0.47,0.47,41238000000.0,,41238000000.0,100082207721.0,22.0,11.414,-273000000.0,-0.041,1.0,4546000000.0,1.0,67802000000.0,565000000.0,59035000000.0,,0.0,18445000000.0,2982000000.0,15463000000.0,68578000000.0,10115000000.0,58463000000.0,69067207721.0,2429000000.0,-17000000.0,0.0,-1603000000.0,0.0,-1603000000.0,3224000000.0,4351000000.0,808000000.0,0.0,3176000000.0,3176000000.0,3176000000.0,-3329000000.0,0.0,0.699,4053000000.0,493000000.0,1188000000.0,0.0,1.675,24.614,24.636,18194000000.0,0.0,10.273,4.159,4.159,850000000.0,4181000000.0,4546000000.0,4546000000.0,0.0,,,,,0.0,2914000000.0,1.0,6722959869.0,6722959869,,0.676,42014000000.0,0.0,-103000000.0,25164000000.0,6.249,-2501000000.0
72,CMCSA,MRQ,2003-06-30,2003-06-30,2003-06-30,2021-07-29,-125000000.0,109522000000.0,,5893000000.0,103629000000.0,,5.668,-1054000000.0,1324000000.0,1324000000.0,0.0,-22000000.0,0.618,1.876,32339000000.0,2416000000.0,29923000000.0,32339000000.0,0.0,1187000000.0,0.0,0.0,0.0,481000000.0,1668000000.0,0.363,1668000000.0,481000000.0,-9000000.0,-0.003,-0.003,-0.003,38081000000.0,,38081000000.0,99472270680.0,89.0,21.709,4000000.0,0.001,1.0,4594000000.0,1.0,70378000000.0,490000000.0,60619000000.0,,506000000.0,15547000000.0,2161000000.0,13386000000.0,71441000000.0,9540000000.0,61901000000.0,67586270680.0,188000000.0,-22000000.0,0.0,-518000000.0,0.0,-505000000.0,-365000000.0,755000000.0,1058000000.0,0.0,-22000000.0,-22000000.0,-22000000.0,-71000000.0,0.0,-0.005,4169000000.0,425000000.0,1507000000.0,0.0,1.775,-229.885,-372.593,19079000000.0,0.0,10.06,4.913,4.913,1376000000.0,1004000000.0,4594000000.0,4594000000.0,0.0,,,,,0.0,2982000000.0,1.0,6718317165.0,6718317165,,0.684,39144000000.0,137000000.0,13000000.0,24179000000.0,5.826,-3647000000.0
73,CMCSA,MRQ,2003-03-31,2003-03-31,2003-03-31,2021-07-29,-140000000.0,110012000000.0,,6488000000.0,103524000000.0,,5.666,-958000000.0,1024000000.0,1024000000.0,0.0,-297000000.0,0.633,1.891,32910000000.0,2652000000.0,30258000000.0,32910000000.0,0.0,1134000000.0,0.0,0.0,0.0,86000000.0,1220000000.0,0.273,1220000000.0,86000000.0,-438000000.0,-0.043,-0.043,-0.043,38054000000.0,,38054000000.0,98133925834.0,169.0,30.279,-305000000.0,-0.045,1.0,4466000000.0,1.0,70602000000.0,524000000.0,61050000000.0,,482000000.0,16341000000.0,3153000000.0,13188000000.0,71958000000.0,10246000000.0,61712000000.0,64004925834.0,123000000.0,0.0,0.0,-2177000000.0,0.0,-2193000000.0,1663000000.0,2687000000.0,653000000.0,0.0,-297000000.0,-297000000.0,-297000000.0,-58000000.0,0.0,-0.067,4172000000.0,294000000.0,1631000000.0,0.0,1.682,-132.79,-98.247,18961000000.0,0.0,9.53,5.393,5.393,1323000000.0,1043000000.0,4466000000.0,4466000000.0,0.0,,,,,0.0,3038000000.0,1.0,6716151714.0,6716151714,,0.665,39410000000.0,129000000.0,-141000000.0,24218000000.0,5.868,-3758000000.0
74,CMCSA,MRQ,2002-12-31,2002-12-31,2002-12-31,2021-07-29,-139000000.0,113128000000.0,,7099000000.0,106029000000.0,,13.493,-817000000.0,505000000.0,505000000.0,0.0,-51000000.0,0.461,1.951,34909000000.0,6953000000.0,27956000000.0,34909000000.0,0.0,824000000.0,0.0,0.0,0.0,279000000.0,1103000000.0,0.368,1103000000.0,279000000.0,-56000000.0,-0.007,-0.007,-0.007,38329000000.0,,38329000000.0,31790598980.0,68.0,13.341,-39000000.0,-0.014,1.0,3000000000.0,1.0,70213000000.0,335000000.0,61913000000.0,,0.0,18432000000.0,3258000000.0,15174000000.0,74799000000.0,15406000000.0,59393000000.0,22318598980.0,95000000.0,-235000000.0,19000000.0,176000000.0,0.0,-150000000.0,-533000000.0,485000000.0,778000000.0,0.0,-51000000.0,-51000000.0,-51000000.0,-54000000.0,0.0,-0.017,2919000000.0,81000000.0,1296000000.0,0.0,0.582,-81.455,-94.659,18381000000.0,0.0,7.857,2.755,2.755,862000000.0,1340000000.0,3000000000.0,3000000000.0,0.0,,,,,0.0,2095000000.0,1.0,2840721126.0,2840721126,,1.056,42915000000.0,0.0,-5000000.0,24209000000.0,15.107,-8307000000.0
75,CMCSA,MRQ,2002-09-30,2002-09-30,2002-09-30,2021-07-29,-197700000.0,35777300000.0,,3195600000.0,32581700000.0,,4.909,-246000000.0,569800000.0,569800000.0,0.0,76000000.0,1.143,1.566,10041800000.0,113900000.0,9927900000.0,10041800000.0,0.0,316000000.0,0.0,0.0,0.0,275000000.0,591000000.0,0.348,591000000.0,275000000.0,103000000.0,0.027,0.027,0.027,13941600000.0,,13941600000.0,30386638236.0,-129.0,17.99,347000000.0,0.122,1.0,1698000000.0,1.0,24462400000.0,172000000.0,17991400000.0,,482700000.0,1491500000.0,905900000.0,585600000.0,21835700000.0,2795500000.0,19040200000.0,20194038236.0,-12000000.0,0.0,0.0,-388000000.0,0.0,-384000000.0,-221000000.0,123000000.0,593000000.0,0.0,76000000.0,76000000.0,76000000.0,-52000000.0,0.0,0.045,1427000000.0,271000000.0,806100000.0,0.0,1.448,-37.149,-37.421,7035600000.0,0.0,7.11,3.346,3.346,932800000.0,1391600000.0,1698000000.0,1698000000.0,0.0,,,,,0.0,1056000000.0,1.0,2840230413.0,2840230413,,0.598,11314900000.0,132900000.0,27000000.0,6734700000.0,3.984,400100000.0
76,CMCSA,MRQ,2002-06-30,2002-06-30,2002-06-30,2021-07-29,-23700000.0,36118800000.0,,3460000000.0,32658800000.0,,4.912,-390000000.0,557800000.0,557800000.0,0.0,-210000000.0,1.453,1.574,10750400000.0,206900000.0,10543500000.0,10750400000.0,0.0,388000000.0,0.0,0.0,0.0,-61000000.0,327000000.0,0.121,327000000.0,-61000000.0,-243000000.0,-0.073,-0.073,-0.073,14031800000.0,,14031800000.0,33968230359.0,-82.0,16.376,141000000.0,0.049,1.0,2704000000.0,1.0,24517400000.0,182000000.0,19413500000.0,,414000000.0,1785200000.0,1057600000.0,727600000.0,22087000000.0,2380500000.0,19706500000.0,22887830359.0,15000000.0,-4000000.0,0.0,-606000000.0,0.0,-602000000.0,86000000.0,557000000.0,531000000.0,0.0,-210000000.0,-210000000.0,-210000000.0,0.0,0.0,-0.078,2226000000.0,478000000.0,680100000.0,0.0,1.631,-31.509,-31.884,7023100000.0,0.0,8.067,3.397,3.421,957000000.0,1317300000.0,2704000000.0,2704000000.0,0.0,,,,,0.0,1212000000.0,1.0,2837334342.0,2856900000,2856900000.0,0.946,11601400000.0,135900000.0,-33000000.0,6877000000.0,4.061,1079500000.0
77,CMCSA,MRQ,2002-03-31,2002-03-31,2002-03-31,2021-07-29,-8000000.0,37145400000.0,,4229800000.0,32915600000.0,,4.992,-399000000.0,543100000.0,543100000.0,0.0,-89000000.0,1.517,1.607,11623500000.0,267500000.0,11356000000.0,11623500000.0,0.0,387000000.0,0.0,0.0,0.0,101000000.0,488000000.0,0.183,488000000.0,101000000.0,-86000000.0,-0.03,-0.03,-0.03,14249000000.0,,14249000000.0,43468918991.0,-1238.0,15.04,120000000.0,0.042,1.0,2667000000.0,1.0,24466500000.0,187000000.0,20970200000.0,,426100000.0,3152700000.0,2087400000.0,1065300000.0,22896400000.0,2789100000.0,20107300000.0,31617118991.0,193000000.0,-12000000.0,0.0,69000000.0,0.0,131000000.0,-457000000.0,10000000.0,519000000.0,0.0,-89000000.0,-89000000.0,-89000000.0,0.0,0.0,-0.033,2246000000.0,421000000.0,794700000.0,0.0,2.219,-65.705,-66.766,7034000000.0,0.0,11.15,4.962,4.994,979900000.0,1541400000.0,2667000000.0,2667000000.0,0.0,,,,,0.0,1230000000.0,1.0,2835616053.0,2854200000,2854200000.0,0.934,12678900000.0,0.0,3000000.0,6496600000.0,4.442,1440700000.0
78,CMCSA,MRQ,2001-12-31,2001-12-31,2001-12-31,2021-07-29,144000000.0,38261000000.0,,4678000000.0,33583000000.0,,5.073,-357800000.0,350000000.0,350000000.0,0.0,-320600000.0,1.451,1.644,12202000000.0,460000000.0,11742000000.0,12202000000.0,0.0,833300000.0,0.0,0.0,0.0,-550200000.0,283100000.0,-0.274,283100000.0,-550200000.0,-706700000.0,-0.113,-0.11,-0.113,14473000000.0,,14473000000.0,45408242272.0,30.0,9.448,-771400000.0,-0.27,1.0,-1034500000.0,1.0,24509000000.0,156500000.0,22381000000.0,,455000000.0,4302000000.0,2623000000.0,1679000000.0,23788000000.0,3223000000.0,20565000000.0,34017442272.0,-336900000.0,-411500000.0,3900000.0,434200000.0,0.0,431200000.0,-354500000.0,550600000.0,-413600000.0,0.0,-320600000.0,-320600000.0,-320600000.0,-220000000.0,0.0,0.31,-121500000.0,-913000000.0,698000000.0,0.0,2.35,55.858,56.338,7011000000.0,0.0,12.0,5.73,5.759,967000000.0,1632000000.0,-1034500000.0,-1034500000.0,0.0,,,,,0.0,730800000.0,1.0,2834786856.0,2852700000,2891700000.0,-0.363,13752000000.0,129000000.0,-386100000.0,6780000000.0,4.821,1455000000.0
79,CMCSA,MRQ,2001-09-30,2001-09-30,2001-09-30,2021-07-29,199300000.0,38781400000.0,,3429800000.0,35351600000.0,,5.198,-537500000.0,658400000.0,658400000.0,0.0,-106800000.0,0.81,1.614,12049200000.0,554400000.0,11494800000.0,12049200000.0,0.0,878800000.0,0.0,0.0,0.0,97400000.0,976200000.0,0.407,976200000.0,97400000.0,-93300000.0,-0.037,-0.037,-0.037,14838800000.0,,14838800000.0,44865439044.0,12.0,6.576,70500000.0,0.025,1.0,2400800000.0,1.0,0.0,190700000.0,45937700000.0,,504300000.0,4574200000.0,1271900000.0,3302300000.0,23942600000.0,4234500000.0,19708100000.0,33612639044.0,-87500000.0,-44700000.0,-24100000.0,-108500000.0,0.0,-126200000.0,-569300000.0,58300000.0,608000000.0,0.0,-106800000.0,-106800000.0,-106800000.0,0.0,0.0,-0.044,2579000000.0,-178200000.0,3294000000.0,0.0,2.265,19.426,19.206,6782100000.0,0.0,11.85,3.532,3.554,829700000.0,1952000000.0,2400800000.0,2400800000.0,0.0,,,,,0.0,1126400000.0,1.0,2836509624.0,2854500000,2854500000.0,0.841,38781400000.0,0.0,13500000.0,6647700000.0,13.586,-804700000.0
80,CMCSA,MRQ,2001-06-30,2001-06-30,2001-06-30,2021-07-29,291800000.0,38640700000.0,,4161500000.0,34479200000.0,,5.278,-626800000.0,745900000.0,745900000.0,0.0,35200000.0,1.032,1.566,11998700000.0,548000000.0,11450700000.0,11998700000.0,0.0,826200000.0,0.0,0.0,0.0,316700000.0,1142900000.0,0.489,1142900000.0,316700000.0,138200000.0,0.013,0.013,0.013,15060500000.0,,15060500000.0,50706030555.0,9.0,5.84,94800000.0,0.033,1.0,2338700000.0,1.0,0.0,178500000.0,45860400000.0,,471800000.0,4773300000.0,1928700000.0,2844600000.0,23580200000.0,4033100000.0,19547100000.0,40588330555.0,77600000.0,-846400000.0,6700000.0,959700000.0,0.0,943900000.0,-1587900000.0,-62600000.0,721600000.0,0.0,35200000.0,35200000.0,35200000.0,0.0,0.0,0.015,2472000000.0,-133300000.0,3116000000.0,0.0,2.695,13.194,12.898,6472300000.0,0.0,14.317,4.472,4.501,828800000.0,2075800000.0,2338700000.0,2338700000.0,0.0,,,,,0.0,1090600000.0,1.0,2835040551.0,2853300000,2896800000.0,0.82,38640700000.0,0.0,103000000.0,6652000000.0,13.542,128400000.0
81,CMCSA,MRQ,2001-03-31,2001-03-31,2001-03-31,2021-07-29,272700000.0,37216200000.0,,5023200000.0,32193000000.0,,5.288,-516900000.0,668300000.0,668300000.0,0.0,1001200000.0,1.228,1.482,10786000000.0,523000000.0,10263000000.0,10786000000.0,0.0,734700000.0,0.0,0.0,0.0,1669100000.0,2403800000.0,1.077,2403800000.0,1669100000.0,1486800000.0,0.353,0.347,0.353,14997000000.0,,14997000000.0,48849229942.0,9.0,5.801,-263900000.0,-0.093,1.0,2232000000.0,1.0,0.0,182300000.0,43243600000.0,,448300000.0,5843900000.0,2950800000.0,2893100000.0,22219200000.0,4090300000.0,18128900000.0,38689429942.0,16800000.0,-26400000.0,13500000.0,388600000.0,0.0,402100000.0,-638300000.0,-23300000.0,253000000.0,0.0,1001200000.0,1001200000.0,1001200000.0,0.0,0.0,0.449,2332500000.0,-100500000.0,2702300000.0,0.0,2.58,12.011,11.806,5664700000.0,0.0,13.73,4.473,4.501,792500000.0,2040600000.0,2232000000.0,2232000000.0,0.0,,,,,0.0,1041200000.0,1.0,2817875451.0,2835900000,2895000000.0,0.787,37216200000.0,0.0,485600000.0,6977500000.0,13.123,932900000.0
82,CMCSA,MRQ,2000-12-31,2000-12-31,2000-12-31,2021-07-29,432400000.0,35744500000.0,,5144400000.0,30600100000.0,,5.174,-581000000.0,651500000.0,651500000.0,0.0,778000000.0,1.481,1.538,10811300000.0,293900000.0,10517400000.0,10811300000.0,0.0,776800000.0,0.0,0.0,0.0,1522400000.0,2299200000.0,0.903,2299200000.0,1522400000.0,1301400000.0,0.287,0.27,0.287,14086400000.0,,14086400000.0,46643558602.0,11.0,6.862,-206700000.0,-0.076,1.0,2546000000.0,1.0,22067500000.0,221000000.0,20363300000.0,,438500000.0,5721600000.0,3059700000.0,2661900000.0,21658100000.0,3473500000.0,18184600000.0,37295558602.0,75300000.0,-26000000.0,-27500000.0,881300000.0,0.0,862200000.0,-1161200000.0,-145200000.0,374300000.0,0.0,778000000.0,800700000.0,800700000.0,0.0,0.0,0.314,2660200000.0,-114200000.0,813200000.0,0.0,2.648,18.454,18.434,5519900000.0,-22700000.0,13.77,4.463,4.403,891900000.0,1056500000.0,2546000000.0,2546000000.0,0.0,,,,,0.0,1142800000.0,1.0,2708464677.0,2722500000,2896500000.0,0.935,13677000000.0,0.0,523400000.0,6576600000.0,5.024,1670900000.0
83,CMCSA,MRQ,2000-09-30,2000-09-30,2000-09-30,2021-07-29,1727500000.0,35031600000.0,,5720600000.0,29311000000.0,,5.363,-448000000.0,575900000.0,575900000.0,0.0,1246800000.0,1.024,1.396,9923900000.0,1312500000.0,8611400000.0,9923900000.0,0.0,662100000.0,0.0,0.0,0.0,2174300000.0,2836400000.0,1.447,2836400000.0,2174300000.0,1999100000.0,0.457,0.43,0.457,14622300000.0,,14622300000.0,46527034142.0,13.0,8.041,193000000.0,0.071,1.0,1960000000.0,1.0,0.0,175200000.0,38792300000.0,,413500000.0,7277300000.0,3872100000.0,3405200000.0,20409300000.0,5587300000.0,14822000000.0,36813834142.0,-76400000.0,-77200000.0,-68400000.0,87200000.0,0.0,-15600000.0,-701800000.0,-176600000.0,641000000.0,0.0,1246800000.0,1239200000.0,1239200000.0,0.0,0.0,0.632,2016400000.0,-56400000.0,2711400000.0,0.0,2.518,35.439,37.676,5121600000.0,7600000.0,13.563,4.753,4.775,722000000.0,308400000.0,1960000000.0,1960000000.0,0.0,,,,,0.0,825100000.0,1.0,2714217312.0,2726400000,2896800000.0,0.719,35031600000.0,0.0,752300000.0,6314600000.0,12.849,133300000.0
84,CMCSA,MRQ,2000-06-30,2000-06-30,2000-06-30,2021-07-29,3049000000.0,35331700000.0,,4827800000.0,30503900000.0,,5.414,-318900000.0,652300000.0,652300000.0,0.0,187700000.0,1.178,1.391,10365500000.0,146900000.0,10218600000.0,10365500000.0,0.0,634400000.0,0.0,0.0,0.0,246500000.0,880900000.0,0.461,880900000.0,246500000.0,372800000.0,0.067,0.063,0.067,14777900000.0,,14777900000.0,45453229018.0,23.0,11.837,-1700000.0,-0.001,1.0,1912100000.0,1.0,0.0,-126300000.0,40947600000.0,,373300000.0,8167500000.0,2975000000.0,5192500000.0,20553800000.0,4097300000.0,16456500000.0,35269429018.0,-98300000.0,-8500000.0,-89000000.0,-277000000.0,0.0,-366000000.0,-49500000.0,277900000.0,317200000.0,0.0,187700000.0,180100000.0,180100000.0,0.0,0.0,0.094,1943700000.0,-31600000.0,2492100000.0,0.0,2.387,276.84,259.2,4665800000.0,7600000.0,12.96,4.776,4.79,706500000.0,-878200000.0,1912100000.0,1912100000.0,0.0,,,,,0.0,821100000.0,1.0,2721406560.0,2729400000,2924100000.0,0.701,35331700000.0,0.0,185100000.0,6297300000.0,12.945,730500000.0
85,CMCSA,MRQ,2000-03-31,2000-03-31,2000-03-31,2021-07-29,5121100000.0,38644800000.0,,6715100000.0,31929700000.0,,6.669,-289100000.0,750600000.0,750600000.0,0.0,-191500000.0,1.608,1.309,10934400000.0,128800000.0,10805600000.0,10934400000.0,0.0,545700000.0,0.0,0.0,0.0,632800000.0,1178500000.0,0.608,1178500000.0,632800000.0,-223300000.0,-0.08,-0.08,-0.08,16738200000.0,,16738200000.0,39317559776.0,12.0,8.073,-432600000.0,-0.172,1.0,1938900000.0,1.0,0.0,856100000.0,44652600000.0,,374800000.0,11384800000.0,4841900000.0,6542900000.0,21906600000.0,4176000000.0,17730600000.0,31015059776.0,-171600000.0,-75300000.0,-109100000.0,-612500000.0,0.0,-721600000.0,693500000.0,1057900000.0,-143500000.0,0.0,-191500000.0,-199000000.0,-199000000.0,0.0,0.0,-0.103,1897700000.0,41200000.0,2516500000.0,0.0,1.853,40.612,39.286,4764600000.0,7500000.0,13.75,4.417,4.915,654600000.0,-975900000.0,1938900000.0,1938900000.0,0.0,,,,,0.0,824900000.0,1.0,2255640711.0,2509800000,2509800000.0,0.773,38644800000.0,0.0,-31800000.0,7329400000.0,15.398,2539100000.0
86,CMCSA,MRQ,1999-12-31,1999-12-31,1999-12-31,2021-07-29,6112700000.0,28685600000.0,,9704400000.0,18981200000.0,,4.563,-348500000.0,922200000.0,922200000.0,0.0,-174200000.0,1.771,1.774,9224700000.0,517500000.0,8707200000.0,9224700000.0,0.0,357100000.0,0.0,0.001,0.0,533100000.0,890200000.0,0.46,890200000.0,533100000.0,-278400000.0,-0.083,-0.073,-0.083,10341300000.0,,10341300000.0,42065403028.0,14.0,9.992,-1486900000.0,-0.656,1.0,1934100000.0,1.0,12722100000.0,811500000.0,18787900000.0,,402800000.0,13154800000.0,7606000000.0,5548800000.0,18344300000.0,5478100000.0,12866200000.0,35990903028.0,40300000.0,0.0,1800000.0,1592200000.0,0.0,1557600000.0,-378900000.0,-1226900000.0,-1138400000.0,0.0,-174200000.0,-181500000.0,-181500000.0,0.0,0.0,-0.094,1757500000.0,176600000.0,2737500000.0,0.0,3.48,34.74,34.696,3452300000.0,7300000.0,15.96,5.512,5.493,673300000.0,-619800000.0,1934100000.0,1934100000.0,0.0,,,,,0.0,739000000.0,1.0,2255069112.0,2266200000,2500200000.0,0.853,15963500000.0,0.0,-104200000.0,5269100000.0,7.044,4226300000.0
87,CMCSA,MRQ,1999-09-30,1999-09-30,1999-09-30,2021-07-29,3245600000.0,22264900000.0,,7341300000.0,14923600000.0,,3.37,-218900000.0,881900000.0,881900000.0,0.0,335100000.0,1.794,1.916,6956400000.0,178400000.0,6778000000.0,6956400000.0,0.0,312800000.0,0.0,0.001,0.0,577400000.0,890200000.0,0.557,890200000.0,577400000.0,439300000.0,0.147,0.137,0.147,7635900000.0,,7635900000.0,32673682775.0,10.0,7.502,197600000.0,0.087,1.0,1599300000.0,1.0,0.0,138100000.0,24247500000.0,,468400000.0,8037300000.0,5354100000.0,2683200000.0,14629000000.0,4091900000.0,10537100000.0,27024882775.0,-1311800000.0,313900000.0,-15600000.0,-933600000.0,0.0,-949200000.0,-779100000.0,-874100000.0,416500000.0,0.0,335100000.0,327800000.0,327800000.0,-355900000.0,0.0,0.205,1448100000.0,151200000.0,2197300000.0,0.0,3.539,16.558,16.309,3209800000.0,7300000.0,12.02,4.329,4.362,541600000.0,-371900000.0,1599300000.0,1599300000.0,0.0,,,,,0.0,649400000.0,1.0,2248326354.0,2265600000,2471700000.0,0.706,22264900000.0,0.0,104200000.0,4459000000.0,9.827,3249400000.0
88,CMCSA,MRQ,1999-06-30,1999-06-30,1999-06-30,2021-07-29,2717900000.0,21885000000.0,,8972400000.0,12912600000.0,,3.019,-204000000.0,2193700000.0,2193700000.0,0.0,824000000.0,1.915,2.246,7842500000.0,838400000.0,7004100000.0,7842500000.0,0.0,307600000.0,0.0,0.002,0.0,1603800000.0,1911400000.0,1.234,1911400000.0,1603800000.0,1460300000.0,0.367,0.337,0.367,6742100000.0,,6742100000.0,31256703117.0,8.0,6.444,1467000000.0,0.657,1.0,1549200000.0,1.0,0.0,143500000.0,22848300000.0,,383900000.0,7099900000.0,5735700000.0,1364200000.0,15142900000.0,4685500000.0,10457400000.0,26514703117.0,645000000.0,-708000000.0,3700000.0,47900000.0,-400000.0,48000000.0,-1074000000.0,-162000000.0,1671000000.0,0.0,824000000.0,816400000.0,816400000.0,0.0,0.0,0.527,1399400000.0,149800000.0,1851600000.0,0.0,3.933,13.185,13.117,3149300000.0,7600000.0,11.937,4.508,4.532,548300000.0,-592800000.0,1549200000.0,1549200000.0,0.0,,,,,0.0,642500000.0,1.0,2221282026.0,2233200000,2445900000.0,0.694,21885000000.0,0.0,636300000.0,4244000000.0,9.8,4286900000.0
89,CMCSA,MRQ,1999-03-31,1999-03-31,1999-03-31,2021-07-29,2184000000.0,17276900000.0,,7539100000.0,9737800000.0,,2.261,-122400000.0,1548700000.0,1548700000.0,0.0,81000000.0,2.197,2.436,6290700000.0,122000000.0,6168700000.0,6290700000.0,0.0,238500000.0,0.0,0.002,0.008,279600000.0,518100000.0,0.377,518100000.0,279600000.0,168400000.0,0.033,0.033,0.033,5028700000.0,,5028700000.0,50188070892.0,22.0,15.668,177900000.0,0.08,1.0,1374000000.0,1.0,0.0,111200000.0,18588000000.0,,321400000.0,6156900000.0,4978400000.0,1178500000.0,12248200000.0,3430900000.0,8817300000.0,45481070892.0,678000000.0,0.0,-3500000.0,711900000.0,-9000000.0,685000000.0,-307300000.0,-184900000.0,300300000.0,0.0,81000000.0,73500000.0,73500000.0,20100000.0,0.0,0.053,1187400000.0,186600000.0,1399700000.0,0.242,9.044,41.253,41.0,2483300000.0,7500000.0,20.5,8.212,8.232,487800000.0,-1416800000.0,1374000000.0,1374000000.0,0.0,,,,,0.0,558400000.0,1.0,2218588824.0,2224200000,2444700000.0,0.618,17276900000.0,0.0,87400000.0,3289200000.0,7.768,4108200000.0
90,CMCSA,MRQ,1998-12-31,1998-12-31,1998-12-31,2021-07-29,1049700000.0,14710500000.0,,5517400000.0,9193100000.0,,1.721,-255800000.0,870700000.0,870700000.0,0.0,421800000.0,1.848,2.856,5577700000.0,113500000.0,5464200000.0,5577700000.0,0.0,230700000.0,0.0,0.002,0.008,805000000.0,1035700000.0,0.602,1035700000.0,805000000.0,693200000.0,0.19,0.173,0.19,3815300000.0,,3815300000.0,48674397075.0,24.0,16.375,35300000.0,0.016,1.0,1720700000.0,1.0,8214500000.0,111800000.0,8217300000.0,,343800000.0,4255800000.0,3653400000.0,602400000.0,10895200000.0,2985700000.0,7909500000.0,42405597075.0,449900000.0,-180700000.0,3200000.0,698500000.0,-8900000.0,684700000.0,-525900000.0,-103400000.0,291100000.0,0.0,421800000.0,414400000.0,414400000.0,10000000.0,0.0,0.241,1529900000.0,190800000.0,1600300000.0,0.042,11.115,44.969,44.527,2524400000.0,7400000.0,19.147,7.825,7.77,549300000.0,-1488200000.0,1720700000.0,1720700000.0,0.0,,,,,0.0,561100000.0,1.0,2214777006.0,2217000000,2434200000.0,0.776,6496000000.0,0.0,271400000.0,2533300000.0,2.93,2531700000.0
91,CMCSA,MRQ,1998-09-30,1998-09-30,1998-09-30,2021-07-29,328300000.0,14365600000.0,,3199500000.0,11166100000.0,,1.197,-240900000.0,435000000.0,435000000.0,0.0,714000000.0,1.907,4.418,6703800000.0,106400000.0,6597400000.0,6703800000.0,0.0,240400000.0,0.0,0.002,0.008,1144900000.0,1385300000.0,1.119,1385300000.0,1144900000.0,1027200000.0,0.32,0.293,0.32,2651400000.0,,2651400000.0,40679508544.0,34.0,19.949,96300000.0,0.043,1.0,1238200000.0,1.0,0.0,117700000.0,18956900000.0,,368200000.0,2467100000.0,1702500000.0,764600000.0,11714200000.0,1677500000.0,10036700000.0,34433308544.0,-85400000.0,-50000000.0,11800000.0,-62600000.0,-9200000.0,-57900000.0,-364700000.0,-61200000.0,337200000.0,0.0,714000000.0,706600000.0,706600000.0,6600000.0,0.0,0.571,1105200000.0,133000000.0,1418500000.0,0.025,12.987,78.222,78.9,3308700000.0,7400000.0,15.543,7.411,7.412,502700000.0,-1898700000.0,1238200000.0,1238200000.0,0.0,,,,,0.0,519700000.0,1.0,2215310436.0,2215800000,2425800000.0,0.559,14365600000.0,0.0,313200000.0,2301600000.0,6.483,1522000000.0
92,CMCSA,MRQ,1998-06-30,1998-06-30,1998-06-30,2021-07-29,282300000.0,13289700000.0,,1537100000.0,11752600000.0,,0.914,-207500000.0,516600000.0,516600000.0,0.0,-84800000.0,1.055,5.569,6762800000.0,103900000.0,6658900000.0,6762800000.0,0.0,229200000.0,0.0,0.002,0.008,35000000.0,264200000.0,0.219,264200000.0,35000000.0,-81800000.0,-0.043,-0.043,-0.043,2023200000.0,,2023200000.0,35402245665.0,222.0,35.673,-50700000.0,-0.023,1.0,1205700000.0,1.0,0.0,116800000.0,18078300000.0,,314000000.0,1362600000.0,48500000.0,1314100000.0,11266500000.0,1457600000.0,9808900000.0,29317045665.0,-154200000.0,-82500000.0,8100000.0,-39700000.0,-9000000.0,-42600000.0,-268400000.0,22800000.0,156800000.0,0.0,-84800000.0,-92000000.0,-92000000.0,4800000.0,0.0,-0.076,1081700000.0,124000000.0,1262900000.0,-0.186,14.49,-89.218,-86.601,3177800000.0,7200000.0,13.25,6.356,6.36,485000000.0,-2596700000.0,1205700000.0,1205700000.0,0.0,,,,,0.0,532400000.0,1.0,2212607220.0,2214000000,2214000000.0,0.545,13289700000.0,0.0,3000000.0,2129000000.0,6.003,79500000.0
93,CMCSA,MRQ,1998-03-31,1998-03-31,1998-03-31,2021-07-29,201300000.0,13355100000.0,,1663700000.0,11691400000.0,,0.929,-194700000.0,671100000.0,671100000.0,0.0,-78900000.0,1.084,5.691,6756300000.0,129400000.0,6626900000.0,6756300000.0,0.0,239300000.0,0.0,0.003,0.008,47900000.0,287200000.0,0.229,287200000.0,47900000.0,-72500000.0,-0.04,-0.04,-0.04,1996000000.0,,1996000000.0,29002205489.0,112.0,26.048,87900000.0,0.041,1.0,1254400000.0,1.0,0.0,120400000.0,17905500000.0,,297100000.0,1229100000.0,31900000.0,1197200000.0,11359100000.0,1534800000.0,9824300000.0,24845573489.0,251300000.0,-136900000.0,5800000.0,228400000.0,-8900000.0,225000000.0,-256300000.0,75500000.0,282600000.0,0.0,-78900000.0,-86000000.0,-86000000.0,9900000.0,0.0,-0.069,1145000000.0,109400000.0,1248800000.0,-0.2,12.448,-90.545,-88.949,3170100000.0,7100000.0,11.563,5.411,5.411,485100000.0,-2503300000.0,1254400000.0,1254400000.0,0.0,,,,,0.0,573300000.0,1.0,2148651498.0,2148600000,2148600000.0,0.584,13355100000.0,0.0,6400000.0,2115000000.0,6.216,128900000.0
94,CMCSA,MRQ,1997-12-31,1997-12-31,1997-12-31,2021-07-29,129100000.0,11326800000.0,,1478400000.0,9848400000.0,,0.77,-113500000.0,409100000.0,409100000.0,0.0,-81400000.0,1.031,5.879,5466400000.0,132300000.0,5334100000.0,5466400000.0,0.0,122800000.0,0.0,0.003,0.008,-20300000.0,102500000.0,0.108,102500000.0,-20300000.0,-56400000.0,-0.04,-0.04,-0.04,1646500000.0,,1646500000.0,,,,-11000000.0,-0.005,1.0,948200000.0,1.0,7937400000.0,36100000.0,7013200000.0,,309900000.0,1399700000.0,163900000.0,1235800000.0,9680300000.0,1433500000.0,8246800000.0,22833003252.0,-159600000.0,-22800000.0,4300000.0,-85400000.0,-8800000.0,-61400000.0,-200700000.0,-70300000.0,102500000.0,0.0,-81400000.0,-88400000.0,-88400000.0,25600000.0,0.0,-0.093,844000000.0,104200000.0,1095400000.0,-0.2,13.868,-90.071,-86.396,2483600000.0,7000000.0,10.627,5.111,4.838,439600000.0,-2415900000.0,948200000.0,948200000.0,0.0,,,,,0.0,320900000.0,1.0,2148651498.0,2138400000,2138400000.0,0.443,3389400000.0,0.0,25000000.0,1849500000.0,1.585,44900000.0
95,CMCSA,MRQ,1997-09-30,1997-09-30,1997-09-30,2021-07-29,,,,,,,,-234900000.0,,,0.0,-55200000.0,,,,,,,,241300000.0,,0.004,0.008,97200000.0,338500000.0,0.281,338500000.0,97200000.0,-46700000.0,-0.03,-0.03,-0.03,,,,,,,70800000.0,0.034,1.0,1204200000.0,1.0,,143900000.0,,,,,,,,,,,-691000000.0,57000000.0,1000000.0,-567800000.0,-8700000.0,-579400000.0,-417300000.0,-233900000.0,305700000.0,0.0,-55200000.0,-62200000.0,-62200000.0,0.0,0.0,-0.052,1080500000.0,123700000.0,,-0.267,,,,,7000000.0,8.543,,,,,1204200000.0,1204200000.0,0.0,,,,,0.0,541100000.0,1.0,,2093400000,2093400000.0,0.575,,,8500000.0,,,
96,CMCSA,MRQ,1997-06-30,1997-06-30,1997-06-30,2021-07-29,,,,,,,,-267100000.0,,,0.0,-37400000.0,,,,,,,,250000000.0,,0.004,0.008,135200000.0,385200000.0,0.325,385200000.0,135200000.0,-10400000.0,-0.02,,-0.02,,,,,,,-28100000.0,-0.014,1.0,1184500000.0,1.0,,145600000.0,,,,,,,,,,,809700000.0,-55400000.0,471900000.0,-84200000.0,-8600000.0,839500000.0,-268800000.0,62500000.0,239000000.0,0.0,-37400000.0,-37800000.0,-37800000.0,0.0,0.0,-0.032,1067100000.0,117400000.0,,-0.4,,,,,400000.0,6.98,,,,,1184500000.0,1184500000.0,0.0,,,,,0.0,538100000.0,1.0,,1948800000,,0.608,,,27000000.0,,,
97,CMCSA,MRQ,1997-03-31,1997-03-31,1997-03-31,2021-07-29,,,,,,,,-180000000.0,,,0.0,-64700000.0,,,,,,,,212400000.0,,0.006,0.008,78500000.0,290900000.0,0.257,290900000.0,78500000.0,-54800000.0,-0.033,-0.033,-0.033,,,,,,,17400000.0,0.009,1.0,1130800000.0,1.0,,133300000.0,,,,,,,,,,,123600000.0,-148900000.0,-7000000.0,101900000.0,-7900000.0,85200000.0,-159000000.0,161500000.0,197400000.0,0.0,-64700000.0,-65100000.0,-65100000.0,0.0,0.0,-0.058,1009500000.0,121300000.0,,-0.242,,,,,400000.0,5.46,,,,,1130800000.0,1130800000.0,0.0,,,,,0.0,504300000.0,1.0,,1955400000,1955400000.0,0.578,,,9900000.0,,,
98,CMCSA,MRQ,1996-12-31,1996-12-31,1996-12-31,2021-07-29,0.0,4323401000.0,,399543000.0,3923858000.0,,1.647,,69988000.0,69988000.0,,,0.886,0.767,1568993000.0,167867000.0,1401126000.0,1568993000.0,0.0,,0.0,0.005,0.008,,,,,,,,,,2446653000.0,,2446653000.0,,,,,,1.0,,,2122908000.0,,3248629000.0,,72414000.0,405755000.0,226670000.0,179085000.0,1876748000.0,450869000.0,1425879000.0,,,,,,,,,,,,,,,,,,,,201772000.0,,,,-167.81,1408680000.0,,5.873,,2.415,16211000.0,-556831000.0,,,,,,,,,,1.0,,1485600000,,,2200493000.0,0.0,,0.0,1.481,-51326000.0
0,CMCSA,MRT,2021-06-30,2021-06-30,2021-06-30,2021-07-29,1992000000.0,277004000000.0,274581000000.0,27046000000.0,249958000000.0,0.397,20.665,-13697000000.0,12378000000.0,12378000000.0,0.0,12390000000.0,0.923,1.901,103751000000.0,3407000000.0,100344000000.0,103751000000.0,3566000000.0,13317000000.0,0.0,0.012,0.71,21678000000.0,34995000000.0,0.321,34995000000.0,21678000000.0,17303000000.0,2.71,2.68,2.71,94935000000.0,91002250000.0,94935000000.0,355881809483.0,16.0,10.17,11930000000.0,2.597,1.0,108991000000.0,1.0,164115000000.0,4375000000.0,174948000000.0,175412500000.0,0.0,9467000000.0,0.0,9467000000.0,180488000000.0,29314000000.0,151174000000.0,261950809483.0,-1558000000.0,490000000.0,-1222000000.0,-8435000000.0,-4342000000.0,-14052000000.0,-13200000000.0,-427000000.0,25627000000.0,67000000.0,12466000000.0,12466000000.0,12466000000.0,0.0,-76000000.0,0.114,90451000000.0,18540000000.0,11672000000.0,0.262,2.759,21.013,21.041,52769000000.0,0.0,57.02,2.403,2.403,11110000000.0,60359000000.0,108991000000.0,108991000000.0,0.0,0.045,0.137,0.124,0.199,1283000000.0,77134000000.0,1.0,4594016301.0,4594016301,,23.725,112889000000.0,0.0,4837000000.0,29525000000.0,24.573,-2268000000.0
1,CMCSA,MRT,2021-03-31,2021-03-31,2021-03-31,2021-07-29,1972000000.0,278511000000.0,271824500000.0,29438000000.0,249073000000.0,0.383,20.21,-13620000000.0,14950000000.0,14950000000.0,0.0,11769000000.0,0.955,1.992,108881000000.0,4777000000.0,104104000000.0,108881000000.0,3376000000.0,13198000000.0,0.0,0.013,0.69,19893000000.0,33091000000.0,0.318,33091000000.0,19893000000.0,15499000000.0,2.55,2.53,2.55,92575000000.0,88172000000.0,92575000000.0,345047305467.0,17.0,10.427,13044000000.0,2.848,1.0,104160000000.0,1.0,164332000000.0,4394000000.0,177299000000.0,174843000000.0,0.0,8376000000.0,0.0,8376000000.0,184411000000.0,30811000000.0,153600000000.0,247859305467.0,6367000000.0,2524000000.0,-610000000.0,-1907000000.0,-4243000000.0,-8785000000.0,-11558000000.0,-795000000.0,26664000000.0,46000000.0,11716000000.0,11716000000.0,11716000000.0,0.0,53000000.0,0.112,86480000000.0,17680000000.0,11148000000.0,0.271,2.677,21.156,21.22,52317000000.0,0.0,54.11,2.38,2.38,10986000000.0,58321000000.0,104160000000.0,104160000000.0,0.0,0.043,0.133,0.114,0.191,1268000000.0,73282000000.0,1.0,4580656172.0,4580656172,,22.739,114179000000.0,0.0,3783000000.0,28260000000.0,24.926,-1373000000.0
2,CMCSA,MRT,2020-12-31,2020-12-31,2020-12-31,2021-07-29,1884000000.0,273869000000.0,267802000000.0,26741000000.0,247128000000.0,0.387,19.741,-13591000000.0,11740000000.0,11740000000.0,0.0,10701000000.0,0.929,2.016,108928000000.0,3146000000.0,105782000000.0,108928000000.0,2963000000.0,13100000000.0,0.0,0.017,0.9,18486000000.0,31586000000.0,0.305,31586000000.0,18486000000.0,13898000000.0,2.3,2.28,2.3,90323000000.0,85404750000.0,90323000000.0,335630933322.0,18.0,10.626,11146000000.0,2.436,1.0,103564000000.0,1.0,165423000000.0,4588000000.0,176838000000.0,173966500000.0,0.0,8267000000.0,0.0,8267000000.0,182131000000.0,28796000000.0,153335000000.0,239746933322.0,6179000000.0,2106000000.0,-534000000.0,-133000000.0,-4140000000.0,-6513000000.0,-12047000000.0,-812000000.0,24737000000.0,2000000.0,10534000000.0,10534000000.0,10534000000.0,0.0,167000000.0,0.102,86071000000.0,17493000000.0,11364000000.0,0.391,2.654,22.759,22.783,51995000000.0,0.0,52.4,2.315,2.315,11466000000.0,56438000000.0,103564000000.0,103564000000.0,0.0,0.039,0.123,0.106,0.178,1193000000.0,72971000000.0,1.0,4575323155.0,4575323155,,22.635,108446000000.0,0.0,3364000000.0,28051000000.0,23.702,-2055000000.0
3,CMCSA,MRT,2020-09-30,2020-09-30,2020-09-30,2021-07-29,212000000.0,268940000000.0,265188250000.0,27369000000.0,241571000000.0,0.393,18.865,-13489000000.0,13707000000.0,13707000000.0,0.0,10464000000.0,0.927,2.105,109591000000.0,4429000000.0,105162000000.0,109591000000.0,2888000000.0,13025000000.0,0.0,0.014,0.67,18219000000.0,31244000000.0,0.3,31244000000.0,18219000000.0,13562000000.0,2.25,2.23,2.25,86176000000.0,83505500000.0,86176000000.0,307362334404.0,17.0,9.837,12441000000.0,2.723,1.0,104254000000.0,1.0,162748000000.0,4657000000.0,172565000000.0,171484500000.0,0.0,7131000000.0,0.0,7131000000.0,181369000000.0,29511000000.0,151858000000.0,211320334404.0,10135000000.0,2395000000.0,-501000000.0,2152000000.0,-4043000000.0,-3946000000.0,-11902000000.0,-747000000.0,25930000000.0,53000000.0,10316000000.0,10316000000.0,10316000000.0,0.0,148000000.0,0.099,85432000000.0,18822000000.0,10979000000.0,0.298,2.452,20.485,20.56,50466000000.0,0.0,46.26,2.027,2.027,10310000000.0,54254000000.0,104254000000.0,104254000000.0,0.0,0.039,0.124,0.106,0.175,1153000000.0,72407000000.0,1.0,4568100614.0,4568100614,,22.822,106192000000.0,0.0,3246000000.0,27905000000.0,23.246,-2142000000.0
4,CMCSA,MRT,2020-06-30,2020-06-30,2020-06-30,2021-07-29,-1279000000.0,265978000000.0,262046750000.0,27485000000.0,238493000000.0,0.403,18.32,-13545000000.0,13935000000.0,13935000000.0,0.0,11721000000.0,0.966,2.167,109977000000.0,4046000000.0,105931000000.0,109977000000.0,2403000000.0,12885000000.0,0.0,0.028,1.09,19400000000.0,32285000000.0,0.306,32285000000.0,19400000000.0,14796000000.0,2.52,2.49,2.52,83614000000.0,81497500000.0,83614000000.0,278135352936.0,14.0,8.615,12348000000.0,2.705,1.0,105549000000.0,1.0,160905000000.0,4604000000.0,172670000000.0,170350750000.0,0.0,7378000000.0,0.0,7378000000.0,181187000000.0,28445000000.0,152742000000.0,177908352936.0,9957000000.0,2324000000.0,-423000000.0,2506000000.0,-3940000000.0,-3974000000.0,-11905000000.0,-765000000.0,25893000000.0,-57000000.0,11514000000.0,11514000000.0,11514000000.0,0.0,207000000.0,0.109,85463000000.0,20086000000.0,10426000000.0,0.433,2.128,15.451,15.468,48985000000.0,0.0,38.98,1.686,1.686,10227000000.0,53420000000.0,105549000000.0,105549000000.0,0.0,0.044,0.141,0.114,0.184,1109000000.0,72578000000.0,1.0,4564093200.0,4564093200,,23.126,105073000000.0,0.0,3282000000.0,27947000000.0,23.022,-960000000.0
5,CMCSA,MRT,2020-03-31,2020-03-31,2020-03-31,2021-07-29,-1144000000.0,262421000000.0,259691000000.0,24084000000.0,238337000000.0,0.419,17.901,-13555000000.0,8516000000.0,8516000000.0,0.0,11915000000.0,0.873,2.204,108743000000.0,2973000000.0,105770000000.0,108743000000.0,2634000000.0,12897000000.0,0.0,0.031,1.07,19577000000.0,32474000000.0,0.299,32474000000.0,19577000000.0,14948000000.0,2.56,2.52,2.56,81506000000.0,79806500000.0,81506000000.0,258416331095.0,13.0,7.958,10735000000.0,2.358,1.0,108692000000.0,1.0,161255000000.0,4629000000.0,173793000000.0,168160250000.0,0.0,7080000000.0,0.0,7080000000.0,179638000000.0,27600000000.0,152038000000.0,156533331095.0,5012000000.0,350000000.0,-490000000.0,4000000.0,-3843000000.0,-4482000000.0,-14716000000.0,-1529000000.0,24290000000.0,-80000000.0,11651000000.0,11651000000.0,11651000000.0,0.0,264000000.0,0.107,87897000000.0,20795000000.0,9963000000.0,0.418,1.921,13.435,13.43,48442000000.0,0.0,34.38,1.44,1.44,10800000000.0,51516000000.0,108692000000.0,108692000000.0,0.0,0.045,0.146,0.116,0.18,1074000000.0,75000000000.0,1.0,4553034645.0,4553034645,,23.872,101166000000.0,0.0,3297000000.0,27865000000.0,22.219,-3516000000.0
6,CMCSA,MRT,2019-12-31,2019-12-31,2019-12-31,2021-07-29,1047000000.0,263414000000.0,258133000000.0,25392000000.0,238022000000.0,0.422,18.185,-13544000000.0,5500000000.0,5500000000.0,0.0,13323000000.0,0.838,2.17,107383000000.0,4452000000.0,102931000000.0,107383000000.0,2768000000.0,12953000000.0,0.0,0.014,0.63,21297000000.0,34250000000.0,0.314,34250000000.0,21297000000.0,16730000000.0,2.87,2.83,2.87,82726000000.0,78169750000.0,82726000000.0,307123783922.0,14.0,8.967,12153000000.0,2.671,1.0,108942000000.0,1.0,168095000000.0,4567000000.0,166910000000.0,166358250000.0,0.0,7683000000.0,0.0,7683000000.0,179540000000.0,30292000000.0,149248000000.0,204579783922.0,1680000000.0,516000000.0,-504000000.0,-4988000000.0,-3735000000.0,-9181000000.0,-14841000000.0,-1899000000.0,25697000000.0,5000000.0,13057000000.0,13057000000.0,13057000000.0,0.0,266000000.0,0.12,87817000000.0,21125000000.0,10826000000.0,0.22,2.473,15.668,15.669,48322000000.0,0.0,44.97,1.878,1.878,11292000000.0,50695000000.0,108942000000.0,108942000000.0,0.0,0.051,0.167,0.128,0.195,1021000000.0,74864000000.0,1.0,4549250254.0,4549250254,,23.947,95319000000.0,0.0,3673000000.0,28180000000.0,20.953,-4900000000.0
7,CMCSA,MRT,2019-09-30,2019-09-30,2019-09-30,2021-07-29,-1159000000.0,256374000000.0,255200500000.0,22323000000.0,234051000000.0,0.425,17.193,-13089000000.0,3507000000.0,3507000000.0,0.0,12705000000.0,0.859,2.268,106051000000.0,1039000000.0,105012000000.0,106051000000.0,2944000000.0,12973000000.0,0.0,0.018,0.8,20287000000.0,33260000000.0,0.307,33260000000.0,20287000000.0,15704000000.0,2.74,2.7,2.74,78144000000.0,75391500000.0,78144000000.0,308581940389.0,15.0,9.278,12163000000.0,2.676,1.0,108390000000.0,1.0,164899000000.0,4583000000.0,168030000000.0,165727500000.0,0.0,8289000000.0,0.0,8289000000.0,177214000000.0,25989000000.0,151225000000.0,204887940389.0,-11020000000.0,-38090000000.0,-1470000000.0,22436000000.0,-3643000000.0,17180000000.0,-53176000000.0,-2114000000.0,25252000000.0,-276000000.0,12406000000.0,12406000000.0,12406000000.0,0.0,299000000.0,0.114,87998000000.0,20392000000.0,10198000000.0,0.292,2.622,16.515,16.453,46790000000.0,0.0,45.08,1.89,1.89,10684000000.0,48570000000.0,108390000000.0,108390000000.0,0.0,0.049,0.165,0.122,0.187,1009000000.0,75025000000.0,1.0,4544985368.0,4544985368,,23.848,91475000000.0,0.0,3298000000.0,27992000000.0,20.127,-3666000000.0
8,CMCSA,MRT,2019-06-30,2019-06-30,2019-06-30,2021-07-29,-62000000.0,256555000000.0,241265750000.0,21361000000.0,235194000000.0,0.43,16.933,-12679000000.0,3919000000.0,3919000000.0,0.0,12313000000.0,0.689,2.326,107613000000.0,6365000000.0,101248000000.0,107613000000.0,2642000000.0,12270000000.0,0.0,0.018,0.78,19843000000.0,32113000000.0,0.31,32113000000.0,19843000000.0,15597000000.0,2.66,2.62,2.66,76850000000.0,73736250000.0,76850000000.0,297483422994.0,15.0,9.264,13352000000.0,2.942,1.0,103698000000.0,1.0,165333000000.0,4246000000.0,163908000000.0,155554000000.0,0.0,8438000000.0,0.0,8438000000.0,178725000000.0,31008000000.0,147717000000.0,191888422994.0,-1823000000.0,-38067000000.0,-2672000000.0,31813000000.0,-3559000000.0,25368000000.0,-52962000000.0,-2324000000.0,26031000000.0,-260000000.0,12075000000.0,12075000000.0,12075000000.0,0.0,238000000.0,0.116,83810000000.0,19888000000.0,10014000000.0,0.293,2.497,15.891,15.895,46047000000.0,0.0,42.28,1.85,1.85,10835000000.0,46425000000.0,103698000000.0,103698000000.0,0.0,0.05,0.164,0.128,0.191,949000000.0,71540000000.0,1.0,4538515208.0,4538515208,,22.848,91222000000.0,0.0,3522000000.0,27996000000.0,20.1,-9647000000.0
9,CMCSA,MRT,2019-03-31,2019-03-31,2019-03-31,2021-07-29,422000000.0,256189000000.0,224939000000.0,20273000000.0,235916000000.0,0.438,16.562,-12535000000.0,3498000000.0,3498000000.0,0.0,12318000000.0,0.726,2.406,109093000000.0,4629000000.0,104464000000.0,109093000000.0,2485000000.0,11397000000.0,0.0,0.019,0.76,19719000000.0,31116000000.0,0.316,31116000000.0,19719000000.0,15804000000.0,2.67,2.63,2.67,74959000000.0,72197250000.0,74959000000.0,288876981630.0,15.0,9.284,13519000000.0,2.987,1.0,98575000000.0,1.0,167282000000.0,3915000000.0,166585000000.0,143274750000.0,0.0,9159000000.0,0.0,9159000000.0,180327000000.0,27917000000.0,152410000000.0,180947981630.0,-2580000000.0,-38000000000.0,-3838000000.0,31336000000.0,-3483000000.0,23391000000.0,-51788000000.0,-1557000000.0,26054000000.0,-237000000.0,12166000000.0,12166000000.0,12166000000.0,0.0,152000000.0,0.123,79029000000.0,19546000000.0,10232000000.0,0.285,2.414,14.873,14.974,45721000000.0,0.0,39.98,1.836,1.836,10736000000.0,44379000000.0,98575000000.0,98575000000.0,0.0,0.054,0.169,0.138,0.2,872000000.0,67632000000.0,1.0,4525962522.0,4525962522,,21.78,88907000000.0,0.0,3638000000.0,27819000000.0,19.644,-7644000000.0
10,CMCSA,MRT,2018-12-31,2018-12-31,2018-12-31,2021-07-29,-368000000.0,251684000000.0,208610750000.0,21848000000.0,229836000000.0,0.453,15.741,-12169000000.0,3814000000.0,3814000000.0,0.0,11862000000.0,0.792,2.502,111743000000.0,4398000000.0,107345000000.0,111743000000.0,2182000000.0,10676000000.0,0.0,0.027,0.917,18653000000.0,29329000000.0,0.31,29329000000.0,18653000000.0,15111000000.0,2.56,2.53,2.56,71613000000.0,70828000000.0,71613000000.0,217178637384.0,12.0,7.405,12128000000.0,2.666,1.0,94507000000.0,1.0,167623000000.0,3542000000.0,164387000000.0,130673250000.0,0.0,7883000000.0,0.0,7883000000.0,179182000000.0,27603000000.0,151579000000.0,154910637384.0,338000000.0,-38078000000.0,-5320000000.0,36362000000.0,-3352000000.0,27140000000.0,-50854000000.0,-1257000000.0,24297000000.0,-245000000.0,11731000000.0,11731000000.0,11731000000.0,0.0,131000000.0,0.124,75498000000.0,19009000000.0,8494000000.0,0.358,2.163,13.205,13.301,44437000000.0,0.0,34.05,1.639,1.639,11104000000.0,41983000000.0,94507000000.0,94507000000.0,0.0,0.056,0.166,0.143,0.197,826000000.0,64822000000.0,1.0,4549504769.0,4549504769,,20.773,84061000000.0,0.0,3380000000.0,27589000000.0,18.477,-5755000000.0
11,CMCSA,MRT,2018-09-30,2018-09-30,2018-09-30,2021-07-29,374000000.0,200635000000.0,192555250000.0,23206000000.0,177429000000.0,0.461,15.61,-11665000000.0,10616000000.0,10616000000.0,0.0,24331000000.0,1.182,1.794,72884000000.0,3173000000.0,69711000000.0,72884000000.0,1633000000.0,10088000000.0,0.0,0.02,0.695,18726000000.0,28814000000.0,0.325,28814000000.0,18726000000.0,15506000000.0,5.19,5.11,5.19,71523000000.0,70078750000.0,71523000000.0,221100261057.0,12.0,7.673,12246000000.0,2.673,1.0,88736000000.0,1.0,115940000000.0,3220000000.0,127336000000.0,117253250000.0,0.0,7724000000.0,0.0,7724000000.0,128290000000.0,19627000000.0,108663000000.0,162246261057.0,10394000000.0,86000000.0,-5505000000.0,7919000000.0,-3223000000.0,-1317000000.0,-12200000000.0,-1188000000.0,23911000000.0,0.0,24219000000.0,24219000000.0,24219000000.0,0.0,112000000.0,0.273,70112000000.0,18624000000.0,7036000000.0,0.134,2.268,6.699,6.823,39855000000.0,0.0,35.41,1.828,1.828,8983000000.0,41218000000.0,88736000000.0,88736000000.0,0.0,0.126,0.346,0.16,0.211,764000000.0,60024000000.0,1.0,4581933382.0,4581933382,,19.366,84695000000.0,0.0,-8713000000.0,25167000000.0,18.485,3579000000.0
12,CMCSA,MRT,2018-06-30,2018-06-30,2018-06-30,2021-07-29,461000000.0,191248000000.0,188721750000.0,18215000000.0,173033000000.0,0.465,15.311,-11562000000.0,5726000000.0,5726000000.0,0.0,24109000000.0,0.958,1.69,64580000000.0,2634000000.0,61946000000.0,64580000000.0,1746000000.0,9715000000.0,0.0,0.015,0.505,18828000000.0,28543000000.0,0.326,28543000000.0,18828000000.0,15672000000.0,5.12,5.04,5.12,70694000000.0,66054750000.0,70694000000.0,212174584720.0,11.0,7.434,11487000000.0,2.488,1.0,87682000000.0,1.0,116304000000.0,3156000000.0,114791000000.0,112437000000.0,0.0,7438000000.0,0.0,7438000000.0,119505000000.0,19007000000.0,100498000000.0,151487584720.0,3020000000.0,41000000.0,-5957000000.0,851000000.0,-3095000000.0,-8597000000.0,-11432000000.0,-1062000000.0,23049000000.0,0.0,23975000000.0,23975000000.0,23975000000.0,0.0,134000000.0,0.273,69115000000.0,18567000000.0,6940000000.0,0.099,2.143,6.319,6.408,39355000000.0,0.0,32.81,1.728,1.728,8847000000.0,40269000000.0,87682000000.0,87682000000.0,0.0,0.127,0.363,0.167,0.215,770000000.0,59400000000.0,1.0,4617116267.0,4617116267,,18.991,74944000000.0,0.0,-8303000000.0,25140000000.0,16.232,-792000000.0
13,CMCSA,MRT,2018-03-31,2018-03-31,2018-03-31,2021-07-29,608000000.0,190876000000.0,186667500000.0,18753000000.0,172123000000.0,0.467,14.96,-11544000000.0,6030000000.0,6030000000.0,0.0,23443000000.0,0.978,1.729,66717000000.0,3039000000.0,63678000000.0,66717000000.0,1578000000.0,9819000000.0,0.0,0.018,0.63,18375000000.0,28194000000.0,0.323,28194000000.0,18375000000.0,15267000000.0,4.95,4.87,4.95,69482000000.0,62132500000.0,69482000000.0,219821838941.0,12.0,7.797,9566000000.0,2.06,1.0,87233000000.0,1.0,116205000000.0,3108000000.0,116179000000.0,109985250000.0,0.0,7095000000.0,0.0,7095000000.0,120166000000.0,19179000000.0,100987000000.0,158702838941.0,2031000000.0,-255000000.0,-6168000000.0,4525000000.0,-2964000000.0,-7007000000.0,-12072000000.0,-1420000000.0,21110000000.0,0.0,23280000000.0,23280000000.0,23280000000.0,0.0,163000000.0,0.267,69112000000.0,18121000000.0,7349000000.0,0.127,2.284,6.817,6.903,39068000000.0,0.0,34.17,1.819,1.819,8759000000.0,38961000000.0,87233000000.0,87233000000.0,0.0,0.125,0.375,0.167,0.211,777000000.0,59293000000.0,1.0,4644508017.0,4644508017,,18.782,74671000000.0,0.0,-8013000000.0,24702000000.0,16.077,-426000000.0
14,CMCSA,MRT,2017-12-31,2017-12-31,2017-12-31,2021-07-29,379000000.0,187462000000.0,184568250000.0,16343000000.0,171119000000.0,0.461,14.681,-11644000000.0,3428000000.0,3428000000.0,0.0,22922000000.0,0.743,1.72,64556000000.0,5134000000.0,59422000000.0,64556000000.0,1687000000.0,9688000000.0,0.0,0.012,0.473,18252000000.0,27940000000.0,0.329,27940000000.0,18252000000.0,15166000000.0,4.83,4.75,4.83,68616000000.0,58526750000.0,68616000000.0,248031561792.0,14.0,8.877,9617000000.0,2.058,1.0,85029000000.0,1.0,115890000000.0,3086000000.0,110707000000.0,107120250000.0,0.0,6931000000.0,0.0,6931000000.0,118003000000.0,21993000000.0,96010000000.0,187184561792.0,156000000.0,-382000000.0,-5435000000.0,3197000000.0,-2883000000.0,-7572000000.0,-13533000000.0,-2292000000.0,21261000000.0,0.0,22735000000.0,22735000000.0,22735000000.0,0.0,187000000.0,0.267,67011000000.0,18018000000.0,6908000000.0,0.098,2.728,8.233,8.292,38470000000.0,0.0,40.05,2.201,2.201,8834000000.0,38202000000.0,85029000000.0,85029000000.0,0.0,0.123,0.388,0.17,0.215,751000000.0,57323000000.0,1.0,4673771830.0,4673771830,,18.193,71572000000.0,0.0,-7569000000.0,24259000000.0,15.314,-5650000000.0
15,CMCSA,MRT,2017-09-30,2017-09-30,2017-09-30,2021-07-29,381000000.0,185301000000.0,182827750000.0,15960000000.0,169341000000.0,0.461,11.76,-11456000000.0,4114000000.0,4114000000.0,0.0,10271000000.0,0.744,2.328,64961000000.0,5241000000.0,59720000000.0,64961000000.0,1572000000.0,16505000000.0,0.0,0.015,0.59,18397000000.0,34902000000.0,0.414,34902000000.0,18397000000.0,15362000000.0,2.11,2.07,2.11,55427000000.0,54858500000.0,55427000000.0,242245569375.0,13.0,6.941,10103000000.0,2.143,1.0,84312000000.0,1.0,116628000000.0,3035000000.0,108071000000.0,104711000000.0,0.0,6695000000.0,0.0,6695000000.0,129038000000.0,21449000000.0,107589000000.0,181370569375.0,1293000000.0,-236000000.0,-5503000000.0,4754000000.0,-2804000000.0,-6230000000.0,-14036000000.0,-3212000000.0,21559000000.0,0.0,10015000000.0,10015000000.0,10015000000.0,0.0,256000000.0,0.119,66187000000.0,18125000000.0,6976000000.0,0.28,3.272,18.11,18.237,37856000000.0,0.0,38.48,2.151,2.151,7915000000.0,24979000000.0,84312000000.0,84312000000.0,0.0,0.055,0.183,0.176,0.218,1234000000.0,56744000000.0,1.0,4713372385.0,4713372385,,17.888,68673000000.0,0.0,5347000000.0,35602000000.0,14.57,-5489000000.0
16,CMCSA,MRT,2017-06-30,2017-06-30,2017-06-30,2021-07-29,428000000.0,183031000000.0,180983500000.0,14832000000.0,168199000000.0,0.467,11.597,-11488000000.0,2693000000.0,2693000000.0,0.0,9921000000.0,0.666,2.312,63568000000.0,6358000000.0,57210000000.0,63568000000.0,1448000000.0,14401000000.0,0.0,0.019,0.728,17968000000.0,32369000000.0,0.383,32369000000.0,17968000000.0,14948000000.0,2.02,1.98,2.02,55005000000.0,54372000000.0,55005000000.0,242358881341.0,13.0,7.487,9158000000.0,1.931,1.0,84550000000.0,1.0,116646000000.0,3020000000.0,104984000000.0,103384750000.0,0.0,6521000000.0,0.0,6521000000.0,127183000000.0,22276000000.0,104907000000.0,184595881341.0,-1971000000.0,-3983000000.0,-5188000000.0,7863000000.0,-2724000000.0,-2773000000.0,-19844000000.0,-4772000000.0,20646000000.0,0.0,9610000000.0,9610000000.0,9610000000.0,0.0,311000000.0,0.114,66764000000.0,17786000000.0,6730000000.0,0.36,3.356,19.209,19.267,37171000000.0,0.0,38.92,2.183,2.183,7849000000.0,24560000000.0,84550000000.0,84550000000.0,0.0,0.053,0.177,0.174,0.213,1031000000.0,57030000000.0,1.0,4742956869.0,4742956869,,17.826,66385000000.0,0.0,5338000000.0,35409000000.0,13.997,-7444000000.0
17,CMCSA,MRT,2017-03-31,2017-03-31,2017-03-31,2021-07-29,342000000.0,182479000000.0,178222000000.0,15245000000.0,167234000000.0,0.463,11.587,-11327000000.0,4022000000.0,4022000000.0,0.0,9459000000.0,0.799,2.267,61785000000.0,3509000000.0,58276000000.0,61785000000.0,1234000000.0,11894000000.0,0.0,0.015,0.55,17360000000.0,29254000000.0,0.354,29254000000.0,17360000000.0,14366000000.0,1.91,1.87,1.91,55059000000.0,53895250000.0,55059000000.0,234585771280.0,14.0,8.019,8590000000.0,1.808,1.0,82533000000.0,1.0,116449000000.0,2994000000.0,104719000000.0,100510500000.0,0.0,5938000000.0,0.0,5938000000.0,124831000000.0,19074000000.0,105757000000.0,178612771280.0,-1610000000.0,-3903000000.0,-4910000000.0,5780000000.0,-2647000000.0,-2218000000.0,-19309000000.0,-4119000000.0,19917000000.0,0.0,9117000000.0,9117000000.0,9117000000.0,0.0,342000000.0,0.11,65249000000.0,17284000000.0,6658000000.0,0.288,3.244,19.591,19.681,36626000000.0,0.0,37.59,2.164,2.164,7525000000.0,24063000000.0,82533000000.0,82533000000.0,0.0,0.051,0.169,0.173,0.21,813000000.0,55633000000.0,1.0,4751603386.0,4751603386,,17.37,66030000000.0,0.0,5249000000.0,35348000000.0,13.896,-3829000000.0
18,CMCSA,MRT,2016-12-31,2016-12-31,2016-12-31,2021-07-29,98000000.0,180500000000.0,175252000000.0,16361000000.0,164139000000.0,0.461,11.272,-11137000000.0,5073000000.0,5073000000.0,0.0,9028000000.0,0.76,2.305,61046000000.0,5480000000.0,55566000000.0,61046000000.0,1132000000.0,9426000000.0,0.0,0.02,0.675,16918000000.0,26344000000.0,0.326,26344000000.0,16918000000.0,13976000000.0,1.8,1.78,1.8,53943000000.0,53291000000.0,53943000000.0,222846076806.0,13.0,8.459,8554000000.0,1.787,1.0,80736000000.0,1.0,113868000000.0,2942000000.0,101070000000.0,96950000000.0,0.0,5247000000.0,0.0,5247000000.0,124326000000.0,21535000000.0,102791000000.0,165225076806.0,992000000.0,-3711000000.0,-5329000000.0,7969000000.0,-2601000000.0,-434000000.0,-18265000000.0,-3446000000.0,19691000000.0,0.0,8678000000.0,8678000000.0,8678000000.0,0.0,350000000.0,0.107,63905000000.0,16831000000.0,6915000000.0,0.375,3.063,19.04,19.181,36253000000.0,0.0,34.525,2.046,2.046,7955000000.0,23076000000.0,80736000000.0,80736000000.0,0.0,0.05,0.163,0.175,0.21,640000000.0,54479000000.0,1.0,4785664788.0,4785664788,,16.87,66632000000.0,0.0,5298000000.0,34854000000.0,13.923,-5174000000.0
19,CMCSA,MRT,2016-09-30,2016-09-30,2016-09-30,2021-07-29,34000000.0,177924000000.0,171770500000.0,15228000000.0,162696000000.0,0.458,11.087,-11181000000.0,2807000000.0,2807000000.0,0.0,8684000000.0,0.844,2.283,60428000000.0,3333000000.0,57095000000.0,60428000000.0,1340000000.0,8680000000.0,0.0,0.016,0.525,16381000000.0,25061000000.0,0.319,25061000000.0,16381000000.0,13521000000.0,1.73,1.695,1.73,53481000000.0,52872500000.0,53481000000.0,210898516009.0,13.0,8.415,8480000000.0,1.758,1.0,78623000000.0,1.0,114741000000.0,2860000000.0,102766000000.0,93740750000.0,0.0,3857000000.0,0.0,3857000000.0,122101000000.0,18038000000.0,104063000000.0,160000516009.0,914000000.0,-5391000000.0,-5442000000.0,8667000000.0,-2558000000.0,165000000.0,-18912000000.0,-2268000000.0,19661000000.0,0.0,8370000000.0,8370000000.0,8370000000.0,0.0,314000000.0,0.106,62026000000.0,16597000000.0,6594000000.0,0.303,2.992,19.116,19.173,35656000000.0,0.0,33.17,2.035,2.035,7533000000.0,22510000000.0,78623000000.0,78623000000.0,0.0,0.049,0.158,0.175,0.208,567000000.0,52694000000.0,1.0,4823651372.0,4823651372,,16.299,63183000000.0,0.0,5151000000.0,34523000000.0,13.099,-2810000000.0
20,CMCSA,MRT,2016-06-30,2016-06-30,2016-06-30,2021-07-29,1000000.0,171985000000.0,167029000000.0,14777000000.0,157208000000.0,0.455,10.938,-10789000000.0,4665000000.0,4665000000.0,0.0,8401000000.0,0.84,2.198,55563000000.0,2934000000.0,52629000000.0,55563000000.0,1611000000.0,8680000000.0,0.0,0.012,0.388,15871000000.0,24551000000.0,0.323,24551000000.0,15871000000.0,13103000000.0,1.665,1.635,1.665,53098000000.0,52431250000.0,53098000000.0,208234880708.0,13.0,8.482,9656000000.0,1.989,1.0,75973000000.0,1.0,111795000000.0,2768000000.0,93487000000.0,88694500000.0,0.0,3679000000.0,0.0,3679000000.0,116709000000.0,17601000000.0,99108000000.0,158228880708.0,1179000000.0,-1695000000.0,-6203000000.0,3457000000.0,-2518000000.0,-5710000000.0,-13556000000.0,-972000000.0,20445000000.0,0.0,8129000000.0,8129000000.0,8129000000.0,0.0,272000000.0,0.107,59815000000.0,16158000000.0,6359000000.0,0.233,2.98,19.465,19.577,34896000000.0,0.0,32.595,2.083,2.083,6708000000.0,22117000000.0,75973000000.0,75973000000.0,0.0,0.049,0.155,0.179,0.209,567000000.0,50695000000.0,1.0,4854391186.0,4854391186,,15.65,60190000000.0,0.0,4974000000.0,34512000000.0,12.399,-2824000000.0
21,CMCSA,MRT,2016-03-31,2016-03-31,2016-03-31,2021-07-29,-84000000.0,170599000000.0,163951250000.0,15180000000.0,155419000000.0,0.46,10.777,-10427000000.0,5628000000.0,5628000000.0,0.0,8496000000.0,0.795,2.205,55634000000.0,4119000000.0,51515000000.0,55634000000.0,1393000000.0,8680000000.0,0.0,0.012,0.375,15996000000.0,24676000000.0,0.327,24676000000.0,15996000000.0,13247000000.0,1.67,1.645,1.67,52642000000.0,52256750000.0,52642000000.0,199507692012.0,12.0,8.085,9212000000.0,1.886,1.0,75447000000.0,1.0,111044000000.0,2749000000.0,90477000000.0,86000500000.0,0.0,3638000000.0,0.0,3638000000.0,116087000000.0,19084000000.0,97003000000.0,149181692012.0,1691000000.0,-1557000000.0,-6582000000.0,5039000000.0,-2476000000.0,-4969000000.0,-12979000000.0,-1108000000.0,19639000000.0,0.0,8238000000.0,8238000000.0,8238000000.0,0.0,258000000.0,0.109,59250000000.0,16197000000.0,6333000000.0,0.225,2.834,18.109,18.287,34122000000.0,0.0,30.54,1.977,1.977,6375000000.0,21750000000.0,75447000000.0,75447000000.0,0.0,0.05,0.158,0.186,0.212,567000000.0,50358000000.0,1.0,4884796726.0,4884796726,,15.445,59555000000.0,0.0,5009000000.0,33821000000.0,12.192,-3904000000.0
22,CMCSA,MRT,2015-12-31,2015-12-31,2015-12-31,2021-07-29,-174000000.0,166574000000.0,160990750000.0,12303000000.0,154271000000.0,0.463,10.636,-10047000000.0,2316000000.0,2316000000.0,0.0,8413000000.0,0.677,2.154,52621000000.0,3627000000.0,48994000000.0,52621000000.0,1302000000.0,8680000000.0,0.0,0.017,0.487,15824000000.0,24504000000.0,0.329,24504000000.0,15824000000.0,13122000000.0,1.64,1.62,1.64,52269000000.0,52139000000.0,52269000000.0,184525461983.0,12.0,7.53,9438000000.0,1.92,1.0,74510000000.0,1.0,110468000000.0,2702000000.0,88233000000.0,83128250000.0,0.0,3224000000.0,0.0,3224000000.0,112596000000.0,18178000000.0,94418000000.0,138661461983.0,-1615000000.0,-1353000000.0,-7139000000.0,1243000000.0,-2437000000.0,-9136000000.0,-11964000000.0,-802000000.0,19485000000.0,0.0,8163000000.0,8163000000.0,8163000000.0,0.0,250000000.0,0.11,58512000000.0,15998000000.0,6215000000.0,0.297,2.653,16.987,17.204,33665000000.0,0.0,28.215,1.861,1.861,6896000000.0,21413000000.0,74510000000.0,74510000000.0,0.0,0.051,0.157,0.19,0.212,567000000.0,49832000000.0,1.0,4914459046.0,4914459046,,15.161,56106000000.0,0.0,4959000000.0,33566000000.0,11.417,-5875000000.0
23,CMCSA,MRT,2015-09-30,2015-09-30,2015-09-30,2021-07-29,-195000000.0,158958000000.0,159143750000.0,11501000000.0,147457000000.0,0.459,10.375,-9520000000.0,1893000000.0,1893000000.0,0.0,8353000000.0,0.663,2.069,47757000000.0,3152000000.0,44605000000.0,47757000000.0,1265000000.0,8019000000.0,0.0,0.013,0.362,15720000000.0,23739000000.0,0.325,23739000000.0,15720000000.0,13028000000.0,1.615,1.595,1.615,51716000000.0,52249500000.0,51716000000.0,186806319770.0,12.0,7.869,8936000000.0,1.793,1.0,72997000000.0,1.0,104882000000.0,2692000000.0,82581000000.0,81432000000.0,0.0,3460000000.0,137000000.0,3323000000.0,106993000000.0,17359000000.0,89634000000.0,141769319770.0,-2654000000.0,178000000.0,-7734000000.0,-647000000.0,-2401000000.0,-11253000000.0,-9857000000.0,-758000000.0,18456000000.0,0.0,8117000000.0,8117000000.0,8117000000.0,0.0,236000000.0,0.111,57214000000.0,15783000000.0,5996000000.0,0.224,2.741,17.466,17.61,32170000000.0,0.0,28.44,1.942,1.942,6527000000.0,20883000000.0,72997000000.0,72997000000.0,0.0,0.051,0.155,0.193,0.215,513000000.0,48714000000.0,1.0,4984856532.0,4984856532,,14.644,54076000000.0,0.0,4911000000.0,33131000000.0,10.848,-5858000000.0
24,CMCSA,MRT,2015-06-30,2015-06-30,2015-06-30,2021-07-29,-166000000.0,159674000000.0,159213500000.0,13319000000.0,146355000000.0,0.447,10.424,-9214000000.0,3486000000.0,3486000000.0,0.0,8945000000.0,0.758,2.041,48523000000.0,3887000000.0,44636000000.0,48523000000.0,1122000000.0,8019000000.0,0.0,0.016,0.475,15504000000.0,23523000000.0,0.331,23523000000.0,15504000000.0,12808000000.0,1.71,1.69,1.71,52400000000.0,52645000000.0,52400000000.0,194360485763.0,13.0,8.263,9018000000.0,1.794,1.0,71119000000.0,1.0,104435000000.0,2696000000.0,82711000000.0,81083750000.0,0.0,3143000000.0,144000000.0,2999000000.0,106945000000.0,17565000000.0,89380000000.0,151164485763.0,1957000000.0,330000000.0,-6298000000.0,2015000000.0,-2362000000.0,-7194000000.0,-9081000000.0,-386000000.0,18232000000.0,0.0,8713000000.0,8713000000.0,8713000000.0,0.0,232000000.0,0.123,55592000000.0,15527000000.0,5880000000.0,0.278,2.885,17.349,17.585,31572000000.0,0.0,30.07,2.126,2.126,7016000000.0,21313000000.0,71119000000.0,71119000000.0,0.0,0.055,0.166,0.191,0.218,513000000.0,47316000000.0,1.0,5027086324.0,5027086324,,14.147,55239000000.0,0.0,4095000000.0,33198000000.0,10.988,-4246000000.0
25,CMCSA,MRT,2015-03-31,2015-03-31,2015-03-31,2021-07-29,-188000000.0,158757000000.0,158659750000.0,12921000000.0,145836000000.0,0.436,10.266,-8943000000.0,3937000000.0,3937000000.0,0.0,8795000000.0,0.698,2.036,47133000000.0,4180000000.0,42953000000.0,47133000000.0,970000000.0,8019000000.0,0.0,0.016,0.462,15215000000.0,23234000000.0,0.336,23234000000.0,15215000000.0,12584000000.0,1.67,1.65,1.67,52171000000.0,52537750000.0,52171000000.0,187818057669.0,12.0,8.084,8761000000.0,1.724,1.0,69220000000.0,1.0,104463000000.0,2631000000.0,78988000000.0,80475750000.0,0.0,3393000000.0,158000000.0,3235000000.0,106246000000.0,18502000000.0,87744000000.0,143494057669.0,883000000.0,69000000.0,-5458000000.0,-119000000.0,-2318000000.0,-7899000000.0,-8922000000.0,-186000000.0,17704000000.0,0.0,8568000000.0,8568000000.0,8568000000.0,0.0,227000000.0,0.124,53994000000.0,15226000000.0,6157000000.0,0.277,2.75,16.748,16.907,31127000000.0,0.0,28.235,2.073,2.073,6144000000.0,21186000000.0,69220000000.0,69220000000.0,0.0,0.054,0.163,0.189,0.22,513000000.0,45879000000.0,1.0,5082134148.0,5082134148,,13.62,54294000000.0,0.0,4016000000.0,32855000000.0,10.683,-5581000000.0
26,CMCSA,MRT,2014-12-31,2014-12-31,2014-12-31,2021-07-29,-146000000.0,159186000000.0,158413750000.0,13531000000.0,145655000000.0,0.434,10.23,-8585000000.0,3910000000.0,3910000000.0,0.0,8592000000.0,0.777,2.013,48081000000.0,4217000000.0,43864000000.0,48081000000.0,915000000.0,8019000000.0,0.0,0.012,0.338,14870000000.0,22889000000.0,0.333,22889000000.0,14870000000.0,12253000000.0,1.62,1.6,1.62,52711000000.0,52312000000.0,52711000000.0,193254009912.0,13.0,8.443,8360000000.0,1.622,1.0,68775000000.0,1.0,104499000000.0,2617000000.0,81448000000.0,80689000000.0,0.0,3737000000.0,602000000.0,3135000000.0,106118000000.0,17410000000.0,88708000000.0,149451009912.0,2192000000.0,189000000.0,-4216000000.0,503000000.0,-2254000000.0,-6020000000.0,-8733000000.0,-191000000.0,16945000000.0,0.0,8380000000.0,8380000000.0,8380000000.0,0.0,212000000.0,0.122,53871000000.0,14904000000.0,5638000000.0,0.209,2.835,17.834,17.904,30953000000.0,0.0,29.005,2.173,2.173,6321000000.0,21539000000.0,68775000000.0,68775000000.0,0.0,0.053,0.16,0.184,0.216,513000000.0,45852000000.0,1.0,5152594722.0,5152594722,,13.348,54687000000.0,0.0,3873000000.0,32959000000.0,10.613,-3879000000.0
27,CMCSA,MRT,2014-09-30,2014-09-30,2014-09-30,2021-07-29,3000000.0,159237000000.0,158320500000.0,13936000000.0,145301000000.0,0.429,10.297,-8476000000.0,4547000000.0,4547000000.0,0.0,8564000000.0,0.816,1.981,48350000000.0,3523000000.0,44827000000.0,48350000000.0,976000000.0,7871000000.0,0.0,0.016,0.435,14712000000.0,22583000000.0,0.332,22583000000.0,14712000000.0,12113000000.0,1.615,1.59,1.615,53298000000.0,51807750000.0,53298000000.0,184208181222.0,13.0,8.157,6307000000.0,1.218,1.0,67969000000.0,1.0,104768000000.0,2599000000.0,81188000000.0,80654750000.0,0.0,3660000000.0,531000000.0,3129000000.0,105584000000.0,17084000000.0,88500000000.0,139188181222.0,2944000000.0,516000000.0,-2712000000.0,1521000000.0,-2186000000.0,-3572000000.0,-8267000000.0,-337000000.0,14783000000.0,0.0,8368000000.0,8368000000.0,8368000000.0,0.0,196000000.0,0.123,53205000000.0,14764000000.0,5680000000.0,0.269,2.612,16.633,16.65,30362000000.0,0.0,26.89,2.048,2.048,6172000000.0,21805000000.0,67969000000.0,67969000000.0,0.0,0.053,0.162,0.182,0.216,419000000.0,45278000000.0,1.0,5176206070.0,5176206070,,13.131,54469000000.0,0.0,3745000000.0,32227000000.0,10.523,-3148000000.0
28,CMCSA,MRT,2014-06-30,2014-06-30,2014-06-30,2021-07-29,-14000000.0,157459000000.0,157660000000.0,12772000000.0,144687000000.0,0.427,9.995,-8620000000.0,1529000000.0,1529000000.0,0.0,7709000000.0,0.735,2.023,46549000000.0,2947000000.0,43602000000.0,46549000000.0,847000000.0,7871000000.0,0.0,0.019,0.518,14442000000.0,22313000000.0,0.331,22313000000.0,14442000000.0,11867000000.0,1.445,1.42,1.445,51971000000.0,50912750000.0,51971000000.0,183903491550.0,13.0,8.242,5402000000.0,1.039,1.0,67329000000.0,1.0,104825000000.0,2575000000.0,80279000000.0,79886500000.0,0.0,5397000000.0,2325000000.0,3072000000.0,105127000000.0,17375000000.0,87752000000.0,139557491550.0,140000000.0,990000000.0,-2455000000.0,-571000000.0,-2114000000.0,-5440000000.0,-8442000000.0,-805000000.0,14022000000.0,0.0,7508000000.0,7508000000.0,7508000000.0,0.0,201000000.0,0.112,52896000000.0,14433000000.0,5432000000.0,0.358,2.685,18.588,18.574,29970000000.0,0.0,26.84,2.073,2.073,6232000000.0,20432000000.0,67329000000.0,67329000000.0,0.0,0.048,0.147,0.181,0.214,419000000.0,45012000000.0,1.0,5199608478.0,5199608478,,12.949,52634000000.0,0.0,4359000000.0,31854000000.0,10.123,-4603000000.0
29,CMCSA,MRT,2014-03-31,2014-03-31,2014-03-31,2021-07-29,33000000.0,157773000000.0,157500000000.0,14043000000.0,143730000000.0,0.424,9.834,-8320000000.0,3054000000.0,3054000000.0,0.0,7428000000.0,0.789,2.07,47400000000.0,2819000000.0,44581000000.0,47400000000.0,776000000.0,7871000000.0,0.0,0.02,0.503,13986000000.0,21857000000.0,0.327,21857000000.0,13986000000.0,11423000000.0,1.39,1.365,1.39,51268000000.0,50192750000.0,51268000000.0,176560746388.0,13.0,8.078,5957000000.0,1.143,1.0,66755000000.0,1.0,104475000000.0,2563000000.0,79841000000.0,79501500000.0,0.0,5479000000.0,2389000000.0,3090000000.0,106141000000.0,17803000000.0,88338000000.0,130431746388.0,1215000000.0,1210000000.0,-2203000000.0,-216000000.0,-2043000000.0,-4806000000.0,-8256000000.0,-1172000000.0,14277000000.0,0.0,7250000000.0,7250000000.0,7250000000.0,0.0,178000000.0,0.109,52691000000.0,14064000000.0,5534000000.0,0.362,2.544,17.991,18.0,29588000000.0,0.0,25.02,1.954,1.954,6151000000.0,19737000000.0,66755000000.0,66755000000.0,0.0,0.046,0.144,0.176,0.21,419000000.0,44817000000.0,1.0,5213099376.0,5213099376,,12.805,53298000000.0,0.0,4173000000.0,31595000000.0,10.224,-3760000000.0
30,CMCSA,MRT,2013-12-31,2013-12-31,2013-12-31,2021-07-29,56000000.0,158813000000.0,157147750000.0,14075000000.0,144738000000.0,0.411,9.691,-9509000000.0,1718000000.0,1718000000.0,0.0,7135000000.0,0.744,2.126,47847000000.0,3280000000.0,44567000000.0,47847000000.0,898000000.0,7871000000.0,0.0,0.015,0.39,13370000000.0,21241000000.0,0.329,21241000000.0,13370000000.0,10796000000.0,1.3,1.28,1.3,50694000000.0,49423250000.0,50694000000.0,180832679073.0,14.0,8.513,4651000000.0,0.889,1.0,64657000000.0,1.0,104719000000.0,2574000000.0,81311000000.0,79263250000.0,0.0,7343000000.0,3573000000.0,3770000000.0,107755000000.0,18912000000.0,88843000000.0,135910679073.0,-9233000000.0,984000000.0,-1960000000.0,1834000000.0,-1964000000.0,-13879000000.0,-9514000000.0,-1223000000.0,14160000000.0,0.0,6816000000.0,6816000000.0,6816000000.0,0.0,319000000.0,0.105,51094000000.0,13563000000.0,5528000000.0,0.3,2.681,19.94,19.987,29840000000.0,0.0,25.983,2.102,2.102,6376000000.0,19235000000.0,64657000000.0,64657000000.0,0.0,0.043,0.138,0.169,0.207,419000000.0,43223000000.0,1.0,5230854578.0,5230854578,,12.361,54094000000.0,0.0,3980000000.0,31935000000.0,10.341,-4837000000.0
31,CMCSA,MRT,2013-09-30,2013-09-30,2013-09-30,2021-07-29,-110000000.0,156595000000.0,158687250000.0,13407000000.0,143188000000.0,0.401,9.47,-8981000000.0,1603000000.0,1603000000.0,0.0,6974000000.0,0.718,2.141,46525000000.0,2337000000.0,44188000000.0,46525000000.0,1001000000.0,7798000000.0,0.0,0.02,0.455,12744000000.0,20542000000.0,0.323,20542000000.0,12744000000.0,10193000000.0,1.225,1.2,1.225,49718000000.0,49088750000.0,49718000000.0,163682884308.0,13.0,7.968,6313000000.0,1.203,1.0,63668000000.0,1.0,104736000000.0,2551000000.0,78115000000.0,77102000000.0,0.0,7804000000.0,4132000000.0,3672000000.0,106461000000.0,18666000000.0,87795000000.0,118422884308.0,-7296000000.0,625000000.0,-2197000000.0,2817000000.0,-1886000000.0,-13267000000.0,-9323000000.0,-1056000000.0,15294000000.0,0.0,6421000000.0,6421000000.0,6421000000.0,0.0,553000000.0,0.101,50458000000.0,13210000000.0,6032000000.0,0.371,2.382,18.443,18.414,28806000000.0,0.0,22.558,1.86,1.86,5501000000.0,18324000000.0,63668000000.0,63668000000.0,0.0,0.04,0.131,0.165,0.2,371000000.0,42602000000.0,1.0,5249823088.0,5249823088,,12.128,51859000000.0,0.0,3772000000.0,31261000000.0,9.878,-5259000000.0
32,CMCSA,MRT,2013-06-30,2013-06-30,2013-06-30,2021-07-29,77000000.0,156819000000.0,160152000000.0,12735000000.0,144084000000.0,0.4,9.321,-8384000000.0,1389000000.0,1389000000.0,0.0,8174000000.0,0.685,2.186,46649000000.0,2535000000.0,44114000000.0,46649000000.0,946000000.0,7798000000.0,0.0,0.012,0.26,13503000000.0,21301000000.0,0.333,21301000000.0,13503000000.0,10958000000.0,1.29,1.265,1.29,49091000000.0,48882250000.0,49091000000.0,155332077419.0,12.0,7.292,6340000000.0,1.204,1.0,64061000000.0,1.0,104738000000.0,2545000000.0,78739000000.0,74935750000.0,0.0,9064000000.0,3765000000.0,5299000000.0,107333000000.0,18602000000.0,88731000000.0,109945077419.0,-712000000.0,3017000000.0,-2427000000.0,4451000000.0,-1809000000.0,-11819000000.0,-3617000000.0,1671000000.0,14724000000.0,0.0,6802000000.0,6802000000.0,6802000000.0,0.0,1372000000.0,0.106,51217000000.0,12844000000.0,6077000000.0,0.202,2.24,16.164,16.182,28255000000.0,0.0,20.875,1.716,1.716,5507000000.0,17509000000.0,64061000000.0,64061000000.0,0.0,0.042,0.139,0.18,0.211,371000000.0,43317000000.0,1.0,5266830056.0,5266830056,,12.163,52081000000.0,0.0,4156000000.0,31303000000.0,9.888,-5867000000.0
33,CMCSA,MRT,2013-03-31,2013-03-31,2013-03-31,2021-07-29,-11000000.0,156364000000.0,160369250000.0,11783000000.0,144581000000.0,0.393,9.161,-8133000000.0,1839000000.0,1839000000.0,0.0,8063000000.0,0.654,2.235,47226000000.0,2177000000.0,45049000000.0,47226000000.0,903000000.0,7798000000.0,0.0,0.015,0.325,12869000000.0,20667000000.0,0.328,20667000000.0,12869000000.0,10335000000.0,1.21,1.19,1.21,48190000000.0,48542250000.0,48190000000.0,139916419154.0,11.0,6.77,6697000000.0,1.273,1.0,63002000000.0,1.0,104845000000.0,2534000000.0,78888000000.0,73176000000.0,0.0,8274000000.0,2841000000.0,5433000000.0,107713000000.0,18018000000.0,89695000000.0,110409419154.0,-368000000.0,3051000000.0,-2654000000.0,4264000000.0,-1733000000.0,-12298000000.0,-2900000000.0,2039000000.0,14830000000.0,0.0,6416000000.0,6416000000.0,6416000000.0,0.0,1647000000.0,0.102,50514000000.0,12488000000.0,5750000000.0,0.269,2.291,17.208,17.347,28219000000.0,0.0,20.99,1.752,1.752,5063000000.0,16730000000.0,63002000000.0,63002000000.0,0.0,0.04,0.132,0.176,0.204,371000000.0,42679000000.0,1.0,5260096196.0,5260096196,,11.977,51519000000.0,0.0,3919000000.0,31152000000.0,9.794,-6235000000.0
34,CMCSA,MRT,2012-12-31,2012-12-31,2012-12-31,2021-07-29,15000000.0,164971000000.0,160765500000.0,19991000000.0,144980000000.0,0.389,9.287,-6637000000.0,10951000000.0,10951000000.0,0.0,7865000000.0,1.196,2.334,40458000000.0,2376000000.0,38082000000.0,40458000000.0,851000000.0,7798000000.0,0.0,0.017,0.325,12468000000.0,20266000000.0,0.324,20266000000.0,12468000000.0,9947000000.0,1.16,1.14,1.16,49356000000.0,48363750000.0,49356000000.0,128966344634.0,10.0,6.364,8217000000.0,1.546,1.0,62570000000.0,1.0,105098000000.0,2521000000.0,72666000000.0,71633000000.0,0.0,7789000000.0,1464000000.0,6325000000.0,115175000000.0,16714000000.0,98461000000.0,99275344634.0,9331000000.0,3012000000.0,-2767000000.0,1119000000.0,-1608000000.0,-4037000000.0,-1486000000.0,2065000000.0,14854000000.0,0.0,6203000000.0,6203000000.0,6203000000.0,0.0,1662000000.0,0.099,50391000000.0,12179000000.0,6206000000.0,0.28,2.011,16.004,16.103,27232000000.0,0.0,18.68,1.587,1.587,5521000000.0,16280000000.0,62570000000.0,62570000000.0,0.0,0.039,0.128,0.174,0.199,371000000.0,42593000000.0,1.0,5314525944.0,5314525944,,11.773,59873000000.0,0.0,3744000000.0,30110000000.0,11.266,3277000000.0
35,CMCSA,MRT,2012-09-30,2012-09-30,2012-09-30,2021-07-29,-48000000.0,162454000000.0,158977250000.0,18066000000.0,144388000000.0,0.388,9.136,-6619000000.0,8899000000.0,8899000000.0,0.0,7643000000.0,1.042,2.314,38590000000.0,2799000000.0,35791000000.0,38590000000.0,887000000.0,7636000000.0,0.0,0.015,0.275,12279000000.0,19915000000.0,0.323,19915000000.0,12279000000.0,9739000000.0,1.105,1.1,1.105,48892000000.0,47843250000.0,48892000000.0,130675405374.0,11.0,6.562,8759000000.0,1.637,1.0,61675000000.0,1.0,105360000000.0,2540000000.0,69450000000.0,72682500000.0,0.0,7352000000.0,1401000000.0,5951000000.0,113113000000.0,17335000000.0,95778000000.0,95647405374.0,7093000000.0,3123000000.0,-2495000000.0,-2313000000.0,-1482000000.0,-6948000000.0,-1337000000.0,2071000000.0,15378000000.0,0.0,5972000000.0,5972000000.0,5972000000.0,0.0,1671000000.0,0.097,49872000000.0,11803000000.0,6250000000.0,0.249,1.956,16.016,16.174,26984000000.0,0.0,17.872,1.551,1.551,5123000000.0,15774000000.0,61675000000.0,61675000000.0,0.0,0.038,0.125,0.169,0.199,344000000.0,42059000000.0,1.0,5351652280.0,5351652280,,11.524,57094000000.0,0.0,3767000000.0,30231000000.0,10.668,731000000.0
36,CMCSA,MRT,2012-06-30,2012-06-30,2012-06-30,2021-07-29,-170000000.0,157688000000.0,157570500000.0,11354000000.0,146334000000.0,0.377,8.852,-6463000000.0,2101000000.0,2101000000.0,0.0,5831000000.0,0.721,2.294,37129000000.0,2954000000.0,34175000000.0,37129000000.0,1027000000.0,7636000000.0,0.0,0.017,0.275,10312000000.0,17948000000.0,0.302,17948000000.0,10312000000.0,7768000000.0,0.875,0.875,0.875,47731000000.0,47291000000.0,47731000000.0,121774551223.0,12.0,6.785,8741000000.0,1.621,1.0,59470000000.0,1.0,105274000000.0,2544000000.0,71700000000.0,74602750000.0,0.0,10249000000.0,2231000000.0,8018000000.0,109509000000.0,15742000000.0,93767000000.0,86196551223.0,104000000.0,-522000000.0,-2330000000.0,-3895000000.0,-1356000000.0,-8049000000.0,-7051000000.0,-153000000.0,15204000000.0,0.0,4767000000.0,4767000000.0,4767000000.0,0.0,1064000000.0,0.08,48074000000.0,11396000000.0,5730000000.0,0.314,1.806,18.082,18.269,26891000000.0,0.0,15.985,1.449,1.449,4387000000.0,14626000000.0,59470000000.0,59470000000.0,0.0,0.03,0.101,0.138,0.173,344000000.0,40288000000.0,1.0,5392339770.0,5392339770,,11.029,52414000000.0,0.0,3001000000.0,29881000000.0,9.72,-4388000000.0
37,CMCSA,MRT,2012-03-31,2012-03-31,2012-03-31,2021-07-29,-148000000.0,157949000000.0,156844000000.0,9355000000.0,148594000000.0,0.374,8.803,-6390000000.0,2207000000.0,2207000000.0,0.0,5565000000.0,0.598,2.32,37785000000.0,2705000000.0,35080000000.0,37785000000.0,0.0,7636000000.0,0.0,0.015,0.225,10185000000.0,17821000000.0,0.304,17821000000.0,10185000000.0,7645000000.0,0.81,0.81,0.81,47476000000.0,47019000000.0,47476000000.0,118610644373.0,12.0,6.656,8880000000.0,1.647,1.0,58592000000.0,1.0,105179000000.0,2540000000.0,72716000000.0,75412750000.0,0.0,10149000000.0,0.0,10149000000.0,110128000000.0,15632000000.0,94496000000.0,80921644373.0,385000000.0,-455000000.0,-2062000000.0,-4122000000.0,-1230000000.0,-7915000000.0,-6970000000.0,-144000000.0,15270000000.0,0.0,4441000000.0,4441000000.0,4441000000.0,0.0,1124000000.0,0.076,47337000000.0,11255000000.0,5763000000.0,0.278,1.704,18.221,18.525,26962000000.0,0.0,15.005,1.381,1.381,4379000000.0,14217000000.0,58592000000.0,58592000000.0,0.0,0.028,0.094,0.135,0.174,344000000.0,39613000000.0,1.0,5392978632.0,5392978632,,10.864,52770000000.0,0.0,3204000000.0,29812000000.0,9.785,-6277000000.0
38,CMCSA,MRT,2011-12-31,2011-12-31,2011-12-31,2021-07-29,-152000000.0,157818000000.0,155921500000.0,8573000000.0,149245000000.0,0.358,8.675,-6261000000.0,1620000000.0,1620000000.0,0.0,5157000000.0,0.647,2.33,39309000000.0,1367000000.0,37942000000.0,39309000000.0,790000000.0,7636000000.0,0.0,0.023,0.272,9715000000.0,17351000000.0,0.311,17351000000.0,9715000000.0,7210000000.0,0.755,0.75,0.755,47274000000.0,46732000000.0,47274000000.0,103769979968.0,11.0,5.981,8084000000.0,1.483,1.0,55842000000.0,1.0,105402000000.0,2505000000.0,76864000000.0,75776750000.0,0.0,9908000000.0,54000000.0,9854000000.0,110163000000.0,13241000000.0,96922000000.0,64605979968.0,-4364000000.0,-6130000000.0,-1858000000.0,-2672000000.0,-1187000000.0,-6201000000.0,-12508000000.0,-98000000.0,14345000000.0,0.0,4160000000.0,4160000000.0,4160000000.0,0.0,997000000.0,0.074,45121000000.0,10721000000.0,5705000000.0,0.36,1.367,15.53,15.702,27559000000.0,0.0,11.855,1.157,1.157,4652000000.0,13971000000.0,55842000000.0,55842000000.0,0.0,0.027,0.089,0.128,0.174,344000000.0,37485000000.0,1.0,5449681988.0,5449681988,,10.247,52416000000.0,0.0,3050000000.0,29932000000.0,9.618,-4668000000.0
39,CMCSA,MRT,2011-09-30,2011-09-30,2011-09-30,2021-07-29,-147000000.0,156827000000.0,146100500000.0,8582000000.0,148245000000.0,0.346,8.491,-5986000000.0,1806000000.0,1806000000.0,0.0,4605000000.0,0.607,2.352,40970000000.0,2448000000.0,38522000000.0,40970000000.0,0.0,6616000000.0,0.0,0.02,0.207,9220000000.0,15836000000.0,0.313,15836000000.0,9220000000.0,6813000000.0,0.7,0.7,0.7,46683000000.0,46002000000.0,46683000000.0,95073445738.0,10.0,6.004,7667000000.0,1.394,1.0,50521000000.0,1.0,104714000000.0,2407000000.0,77131000000.0,71005250000.0,0.0,9575000000.0,0.0,9575000000.0,109815000000.0,14146000000.0,95669000000.0,57511445738.0,-2736000000.0,-6154000000.0,-1672000000.0,-675000000.0,-1145000000.0,-3885000000.0,-12504000000.0,-116000000.0,13653000000.0,0.0,3891000000.0,3891000000.0,3891000000.0,0.0,714000000.0,0.077,40705000000.0,9816000000.0,5455000000.0,0.296,1.232,14.781,14.943,27441000000.0,0.0,10.46,1.138,1.138,4096000000.0,13236000000.0,50521000000.0,50521000000.0,0.0,0.027,0.085,0.13,0.182,300000000.0,33364000000.0,1.0,5498226170.0,5498226170,,9.189,52113000000.0,0.0,2922000000.0,29663000000.0,9.478,-5564000000.0
40,CMCSA,MRT,2011-06-30,2011-06-30,2011-06-30,2021-07-29,-105000000.0,154782000000.0,136025000000.0,8350000000.0,146432000000.0,0.336,8.431,-5870000000.0,1997000000.0,1997000000.0,0.0,4309000000.0,0.658,2.313,39559000000.0,1350000000.0,38209000000.0,39559000000.0,0.0,6616000000.0,0.0,0.016,0.198,9032000000.0,15648000000.0,0.343,15648000000.0,9032000000.0,6717000000.0,0.69,0.69,0.69,46643000000.0,45277250000.0,46643000000.0,108699380185.0,12.0,6.947,6933000000.0,1.253,1.0,45671000000.0,1.0,104707000000.0,2315000000.0,74940000000.0,65705750000.0,0.0,10829000000.0,0.0,10829000000.0,107877000000.0,12697000000.0,95180000000.0,70095380185.0,-2031000000.0,-5445000000.0,-1410000000.0,-539000000.0,-1101000000.0,-3392000000.0,-11442000000.0,-99000000.0,12803000000.0,0.0,3850000000.0,3850000000.0,3850000000.0,0.0,459000000.0,0.084,36542000000.0,9129000000.0,4838000000.0,0.287,1.503,18.207,18.362,24619000000.0,0.0,12.67,1.535,1.535,4156000000.0,12932000000.0,45671000000.0,45671000000.0,0.0,0.028,0.085,0.137,0.198,300000000.0,29510000000.0,1.0,5532389912.0,5532389912,,8.255,50075000000.0,0.0,2867000000.0,29477000000.0,9.051,-4347000000.0
41,CMCSA,MRT,2011-03-31,2011-03-31,2011-03-31,2021-07-29,-97000000.0,154259000000.0,126236250000.0,7547000000.0,146712000000.0,0.324,8.371,-5684000000.0,1822000000.0,1822000000.0,0.0,3828000000.0,0.549,2.324,40426000000.0,2296000000.0,38130000000.0,40426000000.0,0.0,6616000000.0,0.0,0.015,0.189,8390000000.0,15006000000.0,0.367,15006000000.0,8390000000.0,6153000000.0,0.66,0.66,0.66,46328000000.0,44475750000.0,46328000000.0,93832594532.0,11.0,6.253,6060000000.0,1.095,1.0,40863000000.0,1.0,104944000000.0,2237000000.0,74172000000.0,60857750000.0,0.0,10785000000.0,74000000.0,10711000000.0,107652000000.0,13747000000.0,93905000000.0,68401594532.0,-1661000000.0,-5552000000.0,-1262000000.0,389000000.0,-1057000000.0,-2063000000.0,-11342000000.0,-63000000.0,11744000000.0,0.0,3712000000.0,3712000000.0,3712000000.0,0.0,116000000.0,0.091,32594000000.0,8269000000.0,4858000000.0,0.286,1.476,18.427,18.727,24911000000.0,0.0,12.36,1.674,1.674,3708000000.0,12504000000.0,40863000000.0,40863000000.0,0.0,0.029,0.083,0.138,0.205,300000000.0,25766000000.0,1.0,5534109590.0,5534109590,,7.384,49315000000.0,0.0,2441000000.0,28919000000.0,8.911,-6200000000.0
42,CMCSA,MRT,2010-12-31,2010-12-31,2010-12-31,2021-07-29,-99000000.0,118534000000.0,116526500000.0,8886000000.0,109648000000.0,0.326,7.948,-5497000000.0,5984000000.0,5984000000.0,0.0,3668000000.0,1.079,1.671,31415000000.0,1800000000.0,29615000000.0,31415000000.0,83000000.0,6616000000.0,0.0,0.017,0.189,8227000000.0,14843000000.0,0.391,14843000000.0,8227000000.0,6071000000.0,0.645,0.645,0.645,44354000000.0,43664250000.0,44354000000.0,87794792694.0,11.0,5.915,5682000000.0,1.018,1.0,37937000000.0,1.0,77953000000.0,2156000000.0,57778000000.0,56260750000.0,0.0,6670000000.0,0.0,6670000000.0,74100000000.0,8234000000.0,65866000000.0,61298792694.0,5313000000.0,-84000000.0,-1166000000.0,2267000000.0,-1064000000.0,-155000000.0,-5711000000.0,-70000000.0,11179000000.0,0.0,3635000000.0,3635000000.0,3635000000.0,0.0,33000000.0,0.096,29957000000.0,7980000000.0,3291000000.0,0.293,1.382,16.863,17.031,23515000000.0,0.0,10.985,1.616,1.616,1855000000.0,12158000000.0,37937000000.0,37937000000.0,0.0,0.031,0.083,0.146,0.217,300000000.0,23341000000.0,1.0,5580226918.0,5580226918,,6.798,40581000000.0,0.0,2436000000.0,28246000000.0,7.272,652000000.0
43,CMCSA,MRT,2010-09-30,2010-09-30,2010-09-30,2021-07-29,-116000000.0,116525000000.0,115076250000.0,7172000000.0,109353000000.0,0.324,7.8,-5549000000.0,4542000000.0,4542000000.0,0.0,3595000000.0,0.81,1.659,31038000000.0,2300000000.0,28738000000.0,31038000000.0,0.0,6500000000.0,0.0,0.019,0.175,7857000000.0,14357000000.0,0.385,14357000000.0,7857000000.0,5725000000.0,0.635,0.63,0.635,43784000000.0,43256000000.0,43784000000.0,77706828106.0,10.0,5.412,4739000000.0,0.844,1.0,37283000000.0,1.0,78231000000.0,2132000000.0,55933000000.0,55671000000.0,0.0,6453000000.0,72000000.0,6381000000.0,72657000000.0,8857000000.0,63800000000.0,50742828106.0,3680000000.0,-133000000.0,-1218000000.0,1463000000.0,-993000000.0,-844000000.0,-5764000000.0,-268000000.0,10288000000.0,0.0,3572000000.0,3572000000.0,3572000000.0,0.0,23000000.0,0.096,29499000000.0,7784000000.0,3297000000.0,0.276,1.159,14.206,14.236,23328000000.0,0.0,9.04,1.361,1.361,1868000000.0,11525000000.0,37283000000.0,37283000000.0,0.0,0.031,0.083,0.141,0.211,257000000.0,22994000000.0,1.0,5613144702.0,5613144702,,6.642,38294000000.0,0.0,2153000000.0,27347000000.0,6.822,-1685000000.0
44,CMCSA,MRT,2010-06-30,2010-06-30,2010-06-30,2021-07-29,-86000000.0,115627000000.0,114060750000.0,6591000000.0,109036000000.0,0.321,7.697,-5417000000.0,4028000000.0,4028000000.0,0.0,3659000000.0,0.758,1.66,30992000000.0,2308000000.0,28684000000.0,30992000000.0,0.0,6500000000.0,0.0,0.019,0.162,7715000000.0,14215000000.0,0.388,14215000000.0,7715000000.0,5421000000.0,0.645,0.64,0.645,43437000000.0,42887750000.0,43437000000.0,76447499275.0,10.0,5.378,5083000000.0,0.901,1.0,36639000000.0,1.0,78353000000.0,2294000000.0,55548000000.0,55530500000.0,0.0,6151000000.0,53000000.0,6098000000.0,72103000000.0,8690000000.0,63413000000.0,49011499275.0,39000000.0,-142000000.0,-1256000000.0,-2146000000.0,-921000000.0,-4579000000.0,-5882000000.0,-312000000.0,10500000000.0,0.0,3649000000.0,3649000000.0,3649000000.0,0.0,10000000.0,0.1,29098000000.0,7541000000.0,3126000000.0,0.251,1.128,13.431,13.465,23217000000.0,0.0,8.685,1.338,1.338,1845000000.0,11026000000.0,36639000000.0,36639000000.0,0.0,0.032,0.085,0.139,0.211,257000000.0,22602000000.0,1.0,5643235380.0,5643235380,,6.493,37274000000.0,0.0,1772000000.0,27575000000.0,6.605,-2099000000.0
45,CMCSA,MRT,2010-03-31,2010-03-31,2010-03-31,2021-07-29,-47000000.0,115420000000.0,113963250000.0,5968000000.0,109452000000.0,0.317,7.617,-5388000000.0,3483000000.0,3483000000.0,0.0,3729000000.0,0.693,1.677,30919000000.0,2337000000.0,28582000000.0,30919000000.0,0.0,6500000000.0,0.0,0.016,0.149,7642000000.0,14142000000.0,0.392,14142000000.0,7642000000.0,5340000000.0,0.655,0.65,0.655,43082000000.0,42461750000.0,43082000000.0,81678677186.0,11.0,5.776,5284000000.0,0.934,1.0,36092000000.0,1.0,78457000000.0,2302000000.0,55784000000.0,55407750000.0,0.0,6308000000.0,41000000.0,6267000000.0,72241000000.0,8615000000.0,63626000000.0,53253677186.0,1604000000.0,-151000000.0,-1064000000.0,-1046000000.0,-849000000.0,-3231000000.0,-5837000000.0,-329000000.0,10672000000.0,0.0,3732000000.0,3732000000.0,3732000000.0,0.0,-3000000.0,0.103,28754000000.0,7338000000.0,3006000000.0,0.227,1.236,14.269,14.374,23441000000.0,0.0,9.415,1.475,1.475,1581000000.0,10517000000.0,36092000000.0,36092000000.0,0.0,0.033,0.088,0.138,0.212,257000000.0,22257000000.0,1.0,5656258862.0,5656258862,,6.381,36963000000.0,0.0,1608000000.0,27756000000.0,6.535,-2647000000.0
46,CMCSA,MRT,2009-12-31,2009-12-31,2009-12-31,2021-07-29,-46000000.0,112733000000.0,113376000000.0,3223000000.0,109510000000.0,0.315,7.483,-5639000000.0,671000000.0,671000000.0,0.0,3628000000.0,0.445,1.637,29096000000.0,1156000000.0,27940000000.0,29096000000.0,0.0,6500000000.0,0.0,0.016,0.133,7464000000.0,13964000000.0,0.391,13964000000.0,7464000000.0,5116000000.0,0.635,0.63,0.635,42721000000.0,41965000000.0,42721000000.0,76714963507.0,10.0,5.494,4642000000.0,0.813,1.0,35756000000.0,1.0,78490000000.0,2348000000.0,55419000000.0,55357250000.0,0.0,5997000000.0,50000000.0,5947000000.0,69922000000.0,7249000000.0,62673000000.0,48129963507.0,-524000000.0,14000000.0,-764000000.0,-3174000000.0,-761000000.0,-4908000000.0,-5897000000.0,-346000000.0,10281000000.0,0.0,3638000000.0,3638000000.0,3638000000.0,0.0,-10000000.0,0.102,28542000000.0,7214000000.0,3094000000.0,0.209,1.127,13.23,13.276,23855000000.0,0.0,8.43,1.346,1.346,1711000000.0,10005000000.0,35756000000.0,35756000000.0,0.0,0.032,0.087,0.135,0.209,257000000.0,22042000000.0,1.0,5709366964.0,5709366964,,6.263,34243000000.0,240000000.0,1478000000.0,27800000000.0,5.998,-4026000000.0
47,CMCSA,MRT,2009-09-30,2009-09-30,2009-09-30,2021-07-29,-72000000.0,112463000000.0,113447000000.0,3406000000.0,109057000000.0,0.314,7.372,-5755000000.0,862000000.0,862000000.0,0.0,3080000000.0,0.48,1.656,29447000000.0,954000000.0,28493000000.0,29447000000.0,0.0,6400000000.0,0.0,0.015,0.13,6779000000.0,13179000000.0,0.37,13179000000.0,6779000000.0,4352000000.0,0.54,0.535,0.54,42311000000.0,41397250000.0,42311000000.0,77490132190.0,11.0,5.88,4828000000.0,0.841,1.0,35621000000.0,1.0,78585000000.0,2427000000.0,55371000000.0,55613250000.0,0.0,5755000000.0,56000000.0,5699000000.0,70082000000.0,7092000000.0,62990000000.0,48442132190.0,-1852000000.0,-74000000.0,-438000000.0,-4311000000.0,-748000000.0,-5687000000.0,-6748000000.0,-926000000.0,10583000000.0,0.0,3095000000.0,3095000000.0,3095000000.0,0.0,-15000000.0,0.087,28467000000.0,7154000000.0,3133000000.0,0.241,1.145,15.652,15.63,23605000000.0,0.0,8.44,1.36,1.36,1639000000.0,9416000000.0,35621000000.0,35621000000.0,0.0,0.027,0.075,0.122,0.19,258000000.0,21946000000.0,1.0,5739589122.0,5739589122,,6.206,33878000000.0,0.0,1257000000.0,27566000000.0,5.903,-3686000000.0
48,CMCSA,MRT,2009-06-30,2009-06-30,2009-06-30,2021-07-29,-80000000.0,115237000000.0,113955250000.0,6537000000.0,108700000000.0,0.31,7.237,-5823000000.0,3989000000.0,3989000000.0,0.0,2902000000.0,0.619,1.759,33037000000.0,4167000000.0,28870000000.0,33037000000.0,0.0,6400000000.0,0.0,0.018,0.128,6698000000.0,13098000000.0,0.371,13098000000.0,6698000000.0,4377000000.0,0.505,0.5,0.505,41733000000.0,40870500000.0,41733000000.0,71876615543.0,11.0,5.488,4593000000.0,0.796,1.0,35325000000.0,1.0,78671000000.0,2321000000.0,55057000000.0,56090500000.0,0.0,5252000000.0,62000000.0,5190000000.0,73423000000.0,10557000000.0,62866000000.0,41693615543.0,2222000000.0,-434000000.0,-918000000.0,502000000.0,-737000000.0,-1192000000.0,-7002000000.0,-760000000.0,10416000000.0,0.0,2922000000.0,2922000000.0,2922000000.0,0.0,-20000000.0,0.083,28212000000.0,7113000000.0,3070000000.0,0.253,0.999,14.269,14.317,23715000000.0,0.0,7.23,1.18,1.18,1677000000.0,8736000000.0,35325000000.0,35325000000.0,0.0,0.026,0.071,0.119,0.19,258000000.0,21739000000.0,1.0,5766751804.0,5766751804,,6.126,36566000000.0,0.0,1455000000.0,27394000000.0,6.341,-4020000000.0
49,CMCSA,MRT,2009-03-31,2009-03-31,2009-03-31,2021-07-29,-93000000.0,113071000000.0,113620250000.0,4250000000.0,108821000000.0,0.307,7.156,-6013000000.0,1879000000.0,1879000000.0,0.0,2565000000.0,0.478,1.749,32062000000.0,2647000000.0,29415000000.0,32062000000.0,0.0,6400000000.0,0.0,0.014,0.094,6461000000.0,12861000000.0,0.369,12861000000.0,6461000000.0,4073000000.0,0.445,0.44,0.445,41095000000.0,40521500000.0,41095000000.0,70424085123.0,11.0,5.476,4471000000.0,0.779,1.0,34900000000.0,1.0,78785000000.0,2388000000.0,55582000000.0,56680500000.0,0.0,4931000000.0,59000000.0,4872000000.0,71882000000.0,8887000000.0,62995000000.0,39163085123.0,1244000000.0,-716000000.0,-1757000000.0,619000000.0,-727000000.0,-1990000000.0,-7250000000.0,-493000000.0,10484000000.0,0.0,2587000000.0,2587000000.0,2587000000.0,0.0,-22000000.0,0.074,27912000000.0,6988000000.0,3121000000.0,0.211,0.953,15.138,15.326,24038000000.0,0.0,6.82,1.122,1.122,1483000000.0,8004000000.0,34900000000.0,34900000000.0,0.0,0.023,0.064,0.114,0.185,258000000.0,21498000000.0,1.0,5742387848.0,5742387848,,6.078,34286000000.0,0.0,1486000000.0,27188000000.0,5.971,-4637000000.0
50,CMCSA,MRT,2008-12-31,2008-12-31,2008-12-31,2021-07-29,-113000000.0,113017000000.0,113558500000.0,3716000000.0,109301000000.0,0.303,7.023,-6277000000.0,1195000000.0,1195000000.0,0.0,2525000000.0,0.416,1.791,32456000000.0,2278000000.0,30178000000.0,32456000000.0,0.0,6400000000.0,0.0,0.011,0.094,6519000000.0,12919000000.0,0.375,12919000000.0,6519000000.0,4080000000.0,0.435,0.43,0.435,40450000000.0,40447250000.0,40450000000.0,79584652387.0,12.0,6.16,3954000000.0,0.687,1.0,34423000000.0,1.0,78896000000.0,2439000000.0,56443000000.0,57070250000.0,0.0,4842000000.0,59000000.0,4783000000.0,72441000000.0,8939000000.0,63502000000.0,48610652387.0,232000000.0,-738000000.0,-2747000000.0,925000000.0,-547000000.0,-2522000000.0,-7477000000.0,-430000000.0,10231000000.0,0.0,2547000000.0,2547000000.0,2547000000.0,0.0,-22000000.0,0.074,27691000000.0,6732000000.0,3393000000.0,0.216,1.202,19.085,19.402,24444000000.0,0.0,8.44,1.412,1.412,1626000000.0,7427000000.0,34423000000.0,34423000000.0,0.0,0.022,0.063,0.114,0.189,258000000.0,21291000000.0,1.0,5759555970.0,5759555970,,5.977,34121000000.0,292000000.0,1533000000.0,26982000000.0,5.924,-5223000000.0
51,CMCSA,MRT,2008-09-30,2008-09-30,2008-09-30,2021-07-29,-64000000.0,114496000000.0,113658500000.0,5513000000.0,108983000000.0,0.296,6.889,-6080000000.0,2714000000.0,2714000000.0,0.0,2677000000.0,0.595,1.848,33688000000.0,3087000000.0,30601000000.0,33688000000.0,0.0,6208000000.0,0.0,0.006,0.062,6941000000.0,13149000000.0,0.391,13149000000.0,6941000000.0,4501000000.0,0.455,0.455,0.455,40204000000.0,40669750000.0,40204000000.0,88029739622.0,13.0,6.695,3977000000.0,0.681,1.0,33670000000.0,1.0,78931000000.0,2440000000.0,57280000000.0,57535500000.0,0.0,5406000000.0,203000000.0,5203000000.0,74292000000.0,9259000000.0,65033000000.0,57283739622.0,-235000000.0,-742000000.0,-3989000000.0,2601000000.0,-367000000.0,-1892000000.0,-8400000000.0,-1540000000.0,10057000000.0,0.0,2737000000.0,2737000000.0,2737000000.0,0.0,-60000000.0,0.081,27237000000.0,6433000000.0,3187000000.0,0.136,1.425,20.929,21.571,23910000000.0,0.0,9.815,1.701,1.701,1658000000.0,7196000000.0,33670000000.0,33670000000.0,0.0,0.024,0.067,0.121,0.206,212000000.0,20826000000.0,1.0,5836346370.0,5836346370,,5.769,35565000000.0,0.0,1764000000.0,27209000000.0,6.094,-3746000000.0
52,CMCSA,MRT,2008-06-30,2008-06-30,2008-06-30,2021-07-29,-59000000.0,113897000000.0,113327250000.0,4647000000.0,109250000000.0,0.29,6.812,-6253000000.0,1767000000.0,1767000000.0,0.0,2481000000.0,0.574,1.824,32513000000.0,1889000000.0,30624000000.0,32513000000.0,0.0,6208000000.0,0.0,0.003,0.031,6720000000.0,12928000000.0,0.393,12928000000.0,6720000000.0,4310000000.0,0.415,0.415,0.415,40337000000.0,41090750000.0,40337000000.0,86892785778.0,13.0,6.721,2957000000.0,0.499,1.0,32902000000.0,1.0,79137000000.0,2410000000.0,57417000000.0,57440750000.0,0.0,5661000000.0,295000000.0,5366000000.0,73560000000.0,8089000000.0,65471000000.0,56168785778.0,939000000.0,-880000000.0,-3709000000.0,4220000000.0,-185000000.0,201000000.0,-8472000000.0,-1341000000.0,9210000000.0,0.0,2526000000.0,2526000000.0,2526000000.0,0.0,-45000000.0,0.077,26748000000.0,6154000000.0,3027000000.0,0.075,1.392,22.236,22.855,23833000000.0,0.0,9.485,1.707,1.707,1665000000.0,6967000000.0,32902000000.0,32902000000.0,0.0,0.022,0.061,0.117,0.204,212000000.0,20366000000.0,1.0,5921854062.0,5921854062,,5.556,34760000000.0,0.0,1784000000.0,27292000000.0,5.87,-3442000000.0
53,CMCSA,MRT,2008-03-31,2008-03-31,2008-03-31,2021-07-29,-57000000.0,112824000000.0,112542000000.0,3104000000.0,109720000000.0,0.285,6.796,-6549000000.0,635000000.0,635000000.0,0.0,2450000000.0,0.419,1.765,31359000000.0,1350000000.0,30009000000.0,31359000000.0,0.0,6208000000.0,0.0,0.003,0.031,6606000000.0,12814000000.0,0.4,12814000000.0,6606000000.0,4264000000.0,0.405,0.405,0.405,40798000000.0,41462750000.0,40798000000.0,88410762359.0,13.0,6.9,1934000000.0,0.322,1.0,32061000000.0,1.0,79004000000.0,2342000000.0,57141000000.0,56548000000.0,0.0,5886000000.0,86000000.0,5800000000.0,72026000000.0,7403000000.0,64623000000.0,58050762359.0,-402000000.0,-1339000000.0,-3398000000.0,2987000000.0,0.0,-381000000.0,-8504000000.0,-676000000.0,8483000000.0,0.0,2482000000.0,2482000000.0,2482000000.0,0.0,-32000000.0,0.077,26189000000.0,5872000000.0,2982000000.0,0.077,1.423,23.389,23.877,23949000000.0,0.0,9.67,1.811,1.811,1497000000.0,7187000000.0,32061000000.0,32061000000.0,0.0,0.022,0.06,0.117,0.206,212000000.0,19864000000.0,1.0,6003181216.0,6003181216,,5.341,33820000000.0,0.0,1782000000.0,27116000000.0,5.634,-4299000000.0
54,CMCSA,MRT,2007-12-31,2007-12-31,2007-12-31,2021-07-29,-56000000.0,113417000000.0,111920250000.0,3667000000.0,109750000000.0,0.278,6.726,-6564000000.0,963000000.0,963000000.0,0.0,2549000000.0,0.461,1.744,31323000000.0,1495000000.0,29828000000.0,31323000000.0,0.0,6208000000.0,0.0,0.0,0.0,6676000000.0,12884000000.0,0.415,12884000000.0,6676000000.0,4387000000.0,0.42,0.415,0.42,41340000000.0,41722750000.0,41340000000.0,84271107573.0,13.0,6.541,1625000000.0,0.264,1.0,31060000000.0,1.0,77521000000.0,2289000000.0,58304000000.0,55578000000.0,0.0,8061000000.0,98000000.0,7963000000.0,72077000000.0,7952000000.0,64125000000.0,56116107573.0,-276000000.0,-1319000000.0,-2690000000.0,2312000000.0,0.0,-316000000.0,-8149000000.0,-328000000.0,8189000000.0,0.0,2587000000.0,2587000000.0,2587000000.0,0.0,-38000000.0,0.083,25482000000.0,5578000000.0,3336000000.0,0.0,1.357,21.692,21.738,23624000000.0,0.0,9.13,1.807,1.807,1645000000.0,7191000000.0,31060000000.0,31060000000.0,0.0,0.023,0.062,0.12,0.215,212000000.0,19274000000.0,1.0,6146342560.0,6146342560,,5.053,35896000000.0,214000000.0,1800000000.0,26880000000.0,5.84,-4285000000.0
55,CMCSA,MRT,2007-09-30,2007-09-30,2007-09-30,2021-07-29,-93000000.0,113171000000.0,111167250000.0,5397000000.0,107774000000.0,0.269,6.777,-6320000000.0,2949000000.0,2949000000.0,0.0,2375000000.0,0.805,1.702,31104000000.0,764000000.0,30340000000.0,31104000000.0,0.0,1376000000.0,0.0,0.0,0.0,6247000000.0,7623000000.0,0.255,7623000000.0,6247000000.0,3996000000.0,0.385,0.375,0.385,41888000000.0,41679500000.0,41888000000.0,102154935510.0,16.0,13.401,588000000.0,0.095,1.0,29912000000.0,1.0,77721000000.0,2251000000.0,56901000000.0,55095500000.0,0.0,6288000000.0,65000000.0,6223000000.0,71283000000.0,6704000000.0,64579000000.0,74730935510.0,-162000000.0,-2548000000.0,-1636000000.0,3791000000.0,0.0,2224000000.0,-9294000000.0,-558000000.0,6908000000.0,0.0,2375000000.0,2375000000.0,2375000000.0,39000000.0,0.0,0.079,24574000000.0,5338000000.0,3014000000.0,0.0,1.784,31.466,31.403,23213000000.0,0.0,12.09,2.498,2.498,1598000000.0,7145000000.0,29912000000.0,29912000000.0,0.0,0.021,0.057,0.113,0.209,45000000.0,18614000000.0,1.0,6181218818.0,6181218818,,4.839,35450000000.0,0.0,1621000000.0,26570000000.0,5.735,-1307000000.0
56,CMCSA,MRT,2007-06-30,2007-06-30,2007-06-30,2021-07-29,-52000000.0,110756000000.0,109867500000.0,3542000000.0,107214000000.0,0.26,6.72,-5993000000.0,828000000.0,828000000.0,0.0,3032000000.0,0.518,1.648,28252000000.0,458000000.0,27794000000.0,28252000000.0,0.0,2608000000.0,0.0,0.0,0.0,7052000000.0,9660000000.0,0.338,9660000000.0,7052000000.0,4842000000.0,0.485,0.475,0.485,41825000000.0,41388000000.0,41825000000.0,114744711924.0,16.0,11.878,1348000000.0,0.217,1.0,28563000000.0,1.0,77495000000.0,2210000000.0,53846000000.0,53919500000.0,0.0,6606000000.0,395000000.0,6211000000.0,68931000000.0,6839000000.0,62092000000.0,87510711924.0,-340000000.0,-5330000000.0,-1527000000.0,4046000000.0,0.0,2594000000.0,-10275000000.0,971000000.0,7341000000.0,0.0,3032000000.0,3032000000.0,3032000000.0,-209000000.0,0.0,0.106,23392000000.0,5171000000.0,2978000000.0,0.0,2.092,28.862,28.99,22900000000.0,0.0,14.06,3.064,3.064,1441000000.0,6951000000.0,28563000000.0,28563000000.0,0.0,0.028,0.073,0.131,0.247,94000000.0,17757000000.0,1.0,6224090464.0,6224090464,,4.589,33261000000.0,0.0,1810000000.0,26635000000.0,5.344,-3297000000.0
57,CMCSA,MRT,2007-03-31,2007-03-31,2007-03-31,2021-07-29,-41000000.0,110337000000.0,107950500000.0,4255000000.0,106082000000.0,0.248,6.706,-5326000000.0,1037000000.0,1037000000.0,0.0,2904000000.0,0.577,1.637,28271000000.0,1049000000.0,27222000000.0,28271000000.0,0.0,3811000000.0,0.0,0.0,0.0,6786000000.0,10597000000.0,0.396,10597000000.0,6786000000.0,4630000000.0,0.465,0.455,0.465,41838000000.0,40908500000.0,41838000000.0,108687734525.0,16.0,10.256,1519000000.0,0.243,1.0,26759000000.0,1.0,76936000000.0,2156000000.0,53261000000.0,53514000000.0,0.0,7325000000.0,1248000000.0,6077000000.0,68499000000.0,7374000000.0,61125000000.0,80951734525.0,-926000000.0,-5119000000.0,-1521000000.0,3972000000.0,0.0,2489000000.0,-10260000000.0,134000000.0,6845000000.0,0.0,2904000000.0,2904000000.0,2904000000.0,-270000000.0,0.0,0.109,21883000000.0,4876000000.0,2980000000.0,0.0,1.935,27.876,27.903,22513000000.0,0.0,12.975,3.025,3.025,1282000000.0,6814000000.0,26759000000.0,26759000000.0,0.0,0.027,0.071,0.127,0.254,144000000.0,16654000000.0,1.0,6239054684.0,6239054684,,4.289,33401000000.0,0.0,1726000000.0,26585000000.0,5.354,-3119000000.0
58,CMCSA,MRT,2006-12-31,2006-12-31,2006-12-31,2021-07-29,34000000.0,110405000000.0,106111750000.0,5202000000.0,105203000000.0,0.235,6.594,-4701000000.0,1239000000.0,1239000000.0,0.0,2533000000.0,0.723,1.682,28975000000.0,983000000.0,27992000000.0,28975000000.0,0.0,4962000000.0,0.0,0.0,0.0,5944000000.0,10906000000.0,0.437,10906000000.0,5944000000.0,3880000000.0,0.4,0.395,0.4,41167000000.0,40455500000.0,41167000000.0,112539935366.0,19.0,10.319,1917000000.0,0.307,1.0,24966000000.0,1.0,74576000000.0,2064000000.0,56374000000.0,53202250000.0,0.0,10582000000.0,1735000000.0,8847000000.0,69238000000.0,7191000000.0,62047000000.0,88094935366.0,292000000.0,-5110000000.0,-1937000000.0,5458000000.0,0.0,3546000000.0,-9872000000.0,-92000000.0,6618000000.0,0.0,2533000000.0,2533000000.0,2533000000.0,-298000000.0,0.0,0.101,20347000000.0,4619000000.0,2862000000.0,0.0,2.14,34.779,35.275,21248000000.0,0.0,14.11,3.529,3.529,1450000000.0,6214000000.0,24966000000.0,24966000000.0,0.0,0.024,0.063,0.112,0.238,190000000.0,15524000000.0,1.0,6243439785.0,6243439785,,3.999,35829000000.0,0.0,1347000000.0,27652000000.0,5.739,-1989000000.0
59,CMCSA,MRT,2006-09-30,2006-09-30,2006-09-30,2021-07-29,-94000000.0,107972000000.0,104360500000.0,5481000000.0,102491000000.0,0.224,6.486,-4223000000.0,2774000000.0,2774000000.0,0.0,2276000000.0,0.887,1.651,27219000000.0,773000000.0,26446000000.0,27219000000.0,0.0,4849000000.0,0.0,0.0,0.0,5669000000.0,10518000000.0,0.45,10518000000.0,5669000000.0,3705000000.0,0.36,0.36,0.36,40722000000.0,40218500000.0,40722000000.0,100374136865.0,18.0,9.543,1887000000.0,0.301,1.0,23351000000.0,1.0,74044000000.0,1964000000.0,52197000000.0,52578750000.0,0.0,7901000000.0,656000000.0,7245000000.0,67250000000.0,6176000000.0,61074000000.0,77224136865.0,2191000000.0,-3842000000.0,-2754000000.0,4629000000.0,0.0,1870000000.0,-5789000000.0,2368000000.0,6110000000.0,0.0,2276000000.0,2276000000.0,2276000000.0,-363000000.0,0.0,0.097,19101000000.0,4250000000.0,2351000000.0,0.0,1.896,33.93,34.167,20671000000.0,0.0,12.3,3.307,3.307,1228000000.0,6088000000.0,23351000000.0,23351000000.0,0.0,0.022,0.057,0.108,0.243,161000000.0,14463000000.0,1.0,6278385111.0,6278385111,,3.719,33928000000.0,0.0,1429000000.0,27684000000.0,5.404,-695000000.0
60,CMCSA,MRT,2006-06-30,2006-06-30,2006-06-30,2021-07-29,-94000000.0,103088000000.0,103216750000.0,3540000000.0,99548000000.0,0.215,6.296,-3863000000.0,973000000.0,973000000.0,0.0,1281000000.0,0.614,1.583,24123000000.0,763000000.0,23360000000.0,24123000000.0,0.0,4833000000.0,0.0,0.0,0.0,4085000000.0,8918000000.0,0.402,8918000000.0,4085000000.0,2229000000.0,0.203,0.203,0.203,39907000000.0,40289250000.0,39907000000.0,91611941258.0,22.0,10.273,1639000000.0,0.259,1.0,22203000000.0,1.0,68250000000.0,1856000000.0,52224000000.0,51944750000.0,0.0,12651000000.0,813000000.0,11838000000.0,63181000000.0,5764000000.0,57417000000.0,69174941258.0,-508000000.0,-615000000.0,-2947000000.0,738000000.0,0.0,-2275000000.0,-3735000000.0,835000000.0,5502000000.0,0.0,1281000000.0,1281000000.0,1281000000.0,-139000000.0,0.0,0.058,18336000000.0,3867000000.0,2068000000.0,0.0,1.733,54.001,53.76,18945000000.0,0.0,10.913,3.116,3.116,1125000000.0,5152000000.0,22203000000.0,22203000000.0,0.0,0.012,0.032,0.079,0.184,128000000.0,13756000000.0,1.0,6338571282.0,6338571282,,3.503,34838000000.0,0.0,948000000.0,27103000000.0,5.496,-2224000000.0
61,CMCSA,MRT,2006-03-31,2006-03-31,2006-03-31,2021-07-29,-115000000.0,102982000000.0,103781500000.0,3998000000.0,98984000000.0,0.211,6.266,-3845000000.0,1693000000.0,1693000000.0,0.0,1251000000.0,0.701,1.573,24130000000.0,881000000.0,23249000000.0,24130000000.0,0.0,4791000000.0,0.0,0.0,0.0,3988000000.0,8779000000.0,0.401,8779000000.0,3988000000.0,2161000000.0,0.192,0.192,0.192,40026000000.0,40667000000.0,40026000000.0,78377224069.0,20.0,8.928,1396000000.0,0.219,1.0,21893000000.0,1.0,67705000000.0,1827000000.0,52014000000.0,51411750000.0,0.0,12837000000.0,819000000.0,12018000000.0,62956000000.0,5700000000.0,57256000000.0,55699224069.0,986000000.0,-199000000.0,-2632000000.0,1944000000.0,0.0,-720000000.0,-3535000000.0,641000000.0,5241000000.0,0.0,1251000000.0,1251000000.0,1251000000.0,-78000000.0,0.0,0.057,18151000000.0,3742000000.0,1940000000.0,0.0,1.392,44.524,45.417,18709000000.0,0.0,8.72,2.544,2.544,910000000.0,5012000000.0,21893000000.0,21893000000.0,0.0,0.012,0.031,0.078,0.182,97000000.0,13548000000.0,1.0,6387525696.0,6387525696,,3.427,35277000000.0,0.0,910000000.0,27157000000.0,5.523,-1702000000.0
62,CMCSA,MRT,2005-12-31,2005-12-31,2005-12-31,2021-07-29,-114000000.0,103400000000.0,104095500000.0,2848000000.0,100552000000.0,0.202,6.174,-3902000000.0,947000000.0,947000000.0,0.0,928000000.0,0.437,1.571,23371000000.0,1689000000.0,21682000000.0,23371000000.0,0.0,4804000000.0,0.0,0.0,0.0,3596000000.0,8400000000.0,0.399,8400000000.0,3596000000.0,1801000000.0,0.14,0.14,0.14,40219000000.0,40999500000.0,40219000000.0,78311307294.0,22.0,9.323,933000000.0,0.143,1.0,21075000000.0,1.0,65420000000.0,1795000000.0,53880000000.0,50671250000.0,0.0,12823000000.0,148000000.0,12675000000.0,63181000000.0,6524000000.0,56657000000.0,56285307294.0,154000000.0,-199000000.0,-2220000000.0,1272000000.0,0.0,-933000000.0,-3748000000.0,555000000.0,4835000000.0,0.0,928000000.0,928000000.0,928000000.0,-100000000.0,0.0,0.044,17554000000.0,3521000000.0,2239000000.0,0.0,1.399,60.652,61.714,17704000000.0,0.0,8.64,2.671,2.671,1008000000.0,4825000000.0,21075000000.0,21075000000.0,0.0,0.009,0.023,0.071,0.171,56000000.0,13003000000.0,1.0,6514503159.0,6514503159,,3.235,37980000000.0,0.0,873000000.0,27372000000.0,5.83,-3676000000.0
63,CMCSA,MRT,2005-09-30,2005-09-30,2005-09-30,2021-07-29,-65000000.0,103397000000.0,104419000000.0,2363000000.0,101034000000.0,0.195,6.224,-4622000000.0,579000000.0,579000000.0,0.0,1218000000.0,0.33,1.522,22605000000.0,2498000000.0,20107000000.0,22605000000.0,0.0,4816000000.0,0.0,0.0,0.0,3941000000.0,8757000000.0,0.429,8757000000.0,3941000000.0,2153000000.0,0.182,0.182,0.182,41005000000.0,41300250000.0,41005000000.0,87312754402.0,22.0,9.971,965000000.0,0.146,1.0,20394000000.0,1.0,68600000000.0,1788000000.0,49661000000.0,49765500000.0,0.0,13225000000.0,207000000.0,13018000000.0,62392000000.0,7162000000.0,55230000000.0,64517754402.0,14000000.0,-196000000.0,-1506000000.0,33000000.0,0.0,-1435000000.0,-4138000000.0,247000000.0,5587000000.0,0.0,1218000000.0,1218000000.0,1218000000.0,-66000000.0,0.0,0.06,17007000000.0,3387000000.0,1980000000.0,0.0,1.573,52.97,53.81,18781000000.0,0.0,9.793,3.164,3.164,990000000.0,5046000000.0,20394000000.0,20394000000.0,0.0,0.012,0.029,0.079,0.193,73000000.0,12524000000.0,1.0,6587925909.0,6587925909,,3.096,34797000000.0,0.0,935000000.0,27147000000.0,5.282,-4799000000.0
64,CMCSA,MRT,2005-06-30,2005-06-30,2005-06-30,2021-07-29,-154000000.0,105347000000.0,105180750000.0,3784000000.0,101563000000.0,0.192,6.26,-4577000000.0,1335000000.0,1335000000.0,0.0,1216000000.0,0.411,1.544,24130000000.0,4384000000.0,19746000000.0,24130000000.0,0.0,4774000000.0,0.0,0.0,0.0,3979000000.0,8753000000.0,0.433,8753000000.0,3979000000.0,2178000000.0,0.182,0.182,0.182,41418000000.0,41348500000.0,41418000000.0,90177731592.0,23.0,10.302,1389000000.0,0.21,1.0,20208000000.0,1.0,68851000000.0,1801000000.0,50092000000.0,50460250000.0,0.0,14056000000.0,848000000.0,13208000000.0,63929000000.0,9199000000.0,54730000000.0,67641731592.0,893000000.0,-94000000.0,-1376000000.0,482000000.0,0.0,-794000000.0,-4279000000.0,78000000.0,5966000000.0,0.0,1216000000.0,1216000000.0,1216000000.0,-42000000.0,0.0,0.06,16976000000.0,3232000000.0,2042000000.0,0.0,1.633,55.626,56.172,18797000000.0,0.0,10.223,3.347,3.347,1031000000.0,5160000000.0,20208000000.0,20208000000.0,0.0,0.012,0.029,0.079,0.197,57000000.0,12474000000.0,1.0,6616406742.0,6616406742,,3.054,36496000000.0,0.0,962000000.0,27105000000.0,5.516,-5415000000.0
65,CMCSA,MRT,2005-03-31,2005-03-31,2005-03-31,2021-07-29,-106000000.0,104238000000.0,105864250000.0,2930000000.0,101308000000.0,0.186,6.259,-4451000000.0,636000000.0,636000000.0,0.0,1048000000.0,0.333,1.521,23172000000.0,3855000000.0,19317000000.0,23172000000.0,0.0,4713000000.0,0.0,0.0,0.0,3731000000.0,8444000000.0,0.429,8444000000.0,3731000000.0,1913000000.0,0.158,0.158,0.158,41356000000.0,41372750000.0,41356000000.0,97544670271.0,26.0,11.552,2189000000.0,0.331,1.0,19676000000.0,1.0,68926000000.0,1818000000.0,49052000000.0,51543500000.0,0.0,13895000000.0,950000000.0,12945000000.0,62882000000.0,8796000000.0,54086000000.0,74404670271.0,-87000000.0,-255000000.0,-1544000000.0,-911000000.0,0.0,-2400000000.0,-4327000000.0,168000000.0,6640000000.0,0.0,1048000000.0,1048000000.0,1048000000.0,-42000000.0,0.0,0.053,16640000000.0,3036000000.0,1998000000.0,0.0,1.799,70.997,71.266,18738000000.0,0.0,11.26,3.781,3.781,883000000.0,4899000000.0,19676000000.0,19676000000.0,0.0,0.01,0.025,0.072,0.19,38000000.0,12199000000.0,1.0,6607874802.0,6607874802,,2.978,35312000000.0,0.0,865000000.0,27096000000.0,5.344,-5866000000.0
66,CMCSA,MRT,2004-12-31,2004-12-31,2004-12-31,2021-07-29,-119000000.0,104694000000.0,106946500000.0,3535000000.0,101159000000.0,0.18,6.22,-4275000000.0,452000000.0,452000000.0,0.0,970000000.0,0.409,1.527,23592000000.0,3499000000.0,20093000000.0,23592000000.0,0.0,4623000000.0,0.0,0.0,0.0,3645000000.0,8268000000.0,0.43,8268000000.0,3645000000.0,1771000000.0,0.145,0.145,0.145,41422000000.0,41468250000.0,41422000000.0,98391978204.0,27.0,11.9,1807000000.0,0.271,1.0,19221000000.0,1.0,68942000000.0,1874000000.0,50257000000.0,53074250000.0,0.0,14367000000.0,1555000000.0,12812000000.0,63272000000.0,8635000000.0,54637000000.0,73877978204.0,-946000000.0,-296000000.0,-1248000000.0,-1293000000.0,0.0,-2516000000.0,-4512000000.0,85000000.0,6082000000.0,0.0,970000000.0,970000000.0,970000000.0,-42000000.0,0.0,0.05,16392000000.0,2829000000.0,2041000000.0,0.0,1.784,76.163,76.506,18711000000.0,0.0,11.093,3.844,3.844,959000000.0,4891000000.0,19221000000.0,19221000000.0,0.0,0.009,0.023,0.069,0.19,33000000.0,12041000000.0,1.0,6659673516.0,6659673516,,2.886,35752000000.0,0.0,801000000.0,27175000000.0,5.368,-5100000000.0
67,CMCSA,MRT,2004-09-30,2004-09-30,2004-09-30,2021-07-29,-135000000.0,106444000000.0,108062750000.0,4382000000.0,102062000000.0,0.183,6.145,-3833000000.0,717000000.0,717000000.0,0.0,930000000.0,0.491,1.584,25231000000.0,3128000000.0,22103000000.0,25231000000.0,0.0,4326000000.0,0.0,0.0,0.0,3469000000.0,7795000000.0,0.393,7795000000.0,3469000000.0,1611000000.0,0.14,0.14,0.14,41198000000.0,41528250000.0,41198000000.0,88294846611.0,25.0,11.327,937000000.0,0.14,1.0,19814000000.0,1.0,69601000000.0,1858000000.0,52440000000.0,54310250000.0,0.0,15352000000.0,2256000000.0,13096000000.0,65246000000.0,8917000000.0,56329000000.0,63111846611.0,-2528000000.0,1466000000.0,-904000000.0,-3704000000.0,0.0,-4625000000.0,-2673000000.0,127000000.0,4770000000.0,0.0,930000000.0,930000000.0,930000000.0,0.0,0.0,0.047,16875000000.0,2939000000.0,1023000000.0,0.0,1.532,67.862,67.238,18656000000.0,0.0,9.413,3.185,3.185,940000000.0,4621000000.0,19814000000.0,19814000000.0,0.0,0.009,0.022,0.064,0.175,0.0,12549000000.0,1.0,6704516283.0,6704516283,,2.955,36843000000.0,0.0,681000000.0,27028000000.0,5.495,-4535000000.0
68,CMCSA,MRT,2004-06-30,2004-06-30,2004-06-30,2021-07-29,-130000000.0,108081000000.0,108905750000.0,4418000000.0,103663000000.0,0.177,6.145,-4036000000.0,594000000.0,594000000.0,0.0,3886000000.0,0.512,1.603,25777000000.0,2792000000.0,22985000000.0,25777000000.0,0.0,4291000000.0,0.0,0.0,0.0,6296000000.0,10587000000.0,0.55,10587000000.0,6296000000.0,4308000000.0,0.577,0.577,0.577,41515000000.0,41538250000.0,41515000000.0,89028868127.0,14.0,8.409,-260000000.0,-0.038,1.0,19262000000.0,1.0,70208000000.0,1988000000.0,54425000000.0,55959000000.0,0.0,16685000000.0,2481000000.0,14204000000.0,66566000000.0,8631000000.0,57935000000.0,63277868127.0,-222000000.0,1409000000.0,-420000000.0,-4931000000.0,0.0,-5374000000.0,1376000000.0,4346000000.0,3776000000.0,0.0,3886000000.0,3886000000.0,3886000000.0,-3329000000.0,0.0,0.202,16516000000.0,2746000000.0,988000000.0,0.0,1.524,16.284,16.233,18615000000.0,0.0,9.367,3.285,3.285,925000000.0,4653000000.0,19262000000.0,19262000000.0,0.0,0.036,0.094,0.113,0.327,0.0,12225000000.0,1.0,6755644284.0,6755644284,,2.851,37873000000.0,0.0,422000000.0,27301000000.0,5.606,-4213000000.0
69,CMCSA,MRT,2004-03-31,2004-03-31,2004-03-31,2021-07-29,-130000000.0,108567000000.0,109266000000.0,5260000000.0,103307000000.0,0.172,6.206,-4186000000.0,875000000.0,875000000.0,0.0,3602000000.0,0.566,1.601,26626000000.0,3386000000.0,23240000000.0,26626000000.0,0.0,4378000000.0,0.0,0.0,0.0,5797000000.0,10175000000.0,0.542,10175000000.0,5797000000.0,3803000000.0,0.533,0.533,0.533,41738000000.0,40679750000.0,41738000000.0,89924872848.0,16.0,8.838,-1211000000.0,-0.18,1.0,18790000000.0,1.0,69851000000.0,1994000000.0,55175000000.0,57507500000.0,0.0,17052000000.0,2782000000.0,14270000000.0,66829000000.0,9292000000.0,57537000000.0,64478872848.0,247000000.0,1682000000.0,63000000.0,-5159000000.0,0.0,-5106000000.0,2378000000.0,5121000000.0,2975000000.0,0.0,3602000000.0,3602000000.0,3602000000.0,-3400000000.0,0.0,0.192,16471000000.0,2319000000.0,1024000000.0,0.0,1.545,17.901,17.986,18495000000.0,0.0,9.587,3.432,3.432,776000000.0,4598000000.0,18790000000.0,18790000000.0,0.0,0.033,0.089,0.101,0.309,0.0,12093000000.0,1.0,6725890770.0,6725890770,,2.794,38716000000.0,0.0,201000000.0,27024000000.0,5.756,-4032000000.0
70,CMCSA,MRT,2003-12-31,2003-12-31,2003-12-31,2021-07-29,-140000000.0,109159000000.0,109627250000.0,5403000000.0,103756000000.0,0.167,6.196,-4316000000.0,1550000000.0,1550000000.0,0.0,3240000000.0,0.56,1.62,26996000000.0,3161000000.0,23835000000.0,26996000000.0,0.0,4438000000.0,0.0,0.0,0.0,5242000000.0,9680000000.0,0.528,9680000000.0,5242000000.0,3224000000.0,0.48,0.48,0.48,41662000000.0,39758750000.0,41662000000.0,100634384470.0,19.0,10.396,-1462000000.0,-0.217,1.0,18348000000.0,1.0,69750000000.0,2018000000.0,55201000000.0,58976250000.0,0.0,17311000000.0,2493000000.0,14818000000.0,67497000000.0,9654000000.0,57843000000.0,73498384470.0,1045000000.0,1723000000.0,53000000.0,-7067000000.0,0.0,-7048000000.0,5239000000.0,7832000000.0,2854000000.0,0.0,3240000000.0,3240000000.0,3240000000.0,-3458000000.0,0.0,0.177,16394000000.0,1954000000.0,2355000000.0,0.0,1.764,22.685,22.771,18473000000.0,0.0,10.93,4.006,4.006,907000000.0,4552000000.0,18348000000.0,18348000000.0,0.0,0.03,0.081,0.089,0.286,0.0,11956000000.0,1.0,6724463355.0,6724463355,,2.729,39409000000.0,0.0,-16000000.0,26579000000.0,5.861,-4251000000.0
71,CMCSA,MRT,2003-09-30,2003-09-30,2003-09-30,2021-07-29,-160000000.0,109816000000.0,110619500000.0,7614000000.0,102202000000.0,0.15,6.134,-3910000000.0,3245000000.0,3245000000.0,0.0,2806000000.0,0.753,1.663,30381000000.0,3065000000.0,27316000000.0,30381000000.0,0.0,4284000000.0,0.0,0.0,0.0,4484000000.0,8768000000.0,0.528,8768000000.0,4484000000.0,2570000000.0,0.417,0.417,0.417,41238000000.0,38925500000.0,41238000000.0,100082207721.0,22.0,11.414,-613000000.0,-0.091,1.0,16606000000.0,1.0,67802000000.0,1914000000.0,59035000000.0,60654250000.0,0.0,18445000000.0,2982000000.0,15463000000.0,68578000000.0,10115000000.0,58463000000.0,69067207721.0,2835000000.0,-274000000.0,19000000.0,-4122000000.0,0.0,-4451000000.0,3989000000.0,8278000000.0,3297000000.0,0.0,2806000000.0,2806000000.0,2806000000.0,-3512000000.0,0.0,0.169,15313000000.0,1293000000.0,1188000000.0,0.0,1.675,24.614,24.636,18194000000.0,0.0,10.273,4.159,4.159,850000000.0,4181000000.0,16606000000.0,16606000000.0,0.0,0.025,0.072,0.074,0.27,0.0,11029000000.0,1.0,6722959869.0,6722959869,,2.47,42014000000.0,0.0,-236000000.0,25164000000.0,6.249,-2501000000.0
72,CMCSA,MRT,2003-06-30,2003-06-30,2003-06-30,2021-07-29,-125000000.0,109522000000.0,92109825000.0,5893000000.0,103629000000.0,0.149,5.668,-3075000000.0,1324000000.0,1324000000.0,0.0,-294000000.0,0.618,1.876,32339000000.0,2416000000.0,29923000000.0,32339000000.0,0.0,3461000000.0,0.0,0.0,0.0,1121000000.0,4582000000.0,0.333,4582000000.0,1121000000.0,-400000000.0,-0.027,-0.027,-0.027,38081000000.0,32101400000.0,38081000000.0,99472270680.0,89.0,21.709,7000000.0,0.001,1.0,13758000000.0,1.0,70378000000.0,1521000000.0,60619000000.0,50393350000.0,506000000.0,15547000000.0,2161000000.0,13386000000.0,71441000000.0,9540000000.0,61901000000.0,67586270680.0,394000000.0,-257000000.0,19000000.0,-2907000000.0,0.0,-3232000000.0,544000000.0,4050000000.0,3082000000.0,0.0,-294000000.0,-294000000.0,-294000000.0,-235000000.0,0.0,-0.021,12687000000.0,1071000000.0,1507000000.0,0.0,1.775,-229.885,-372.593,19079000000.0,0.0,10.06,4.913,4.913,1376000000.0,1004000000.0,13758000000.0,13758000000.0,0.0,-0.003,-0.009,0.022,0.081,0.0,9171000000.0,1.0,6718317165.0,6718317165,,2.048,39144000000.0,137000000.0,-106000000.0,24179000000.0,5.826,-3647000000.0
73,CMCSA,MRT,2003-03-31,2003-03-31,2003-03-31,2021-07-29,-140000000.0,110012000000.0,73759025000.0,6488000000.0,103524000000.0,0.161,5.666,-2411000000.0,1024000000.0,1024000000.0,0.0,-482000000.0,0.633,1.891,32910000000.0,2652000000.0,30258000000.0,32910000000.0,0.0,2662000000.0,0.0,0.0,0.0,579000000.0,3241000000.0,0.273,3241000000.0,579000000.0,-634000000.0,-0.097,-0.097,-0.097,38054000000.0,26089100000.0,38054000000.0,98133925834.0,169.0,30.279,144000000.0,0.021,1.0,11868000000.0,1.0,70602000000.0,1213000000.0,61050000000.0,40091975000.0,482000000.0,16341000000.0,3153000000.0,13188000000.0,71958000000.0,10246000000.0,61712000000.0,64004925834.0,221000000.0,-239000000.0,19000000.0,-2995000000.0,0.0,-3329000000.0,995000000.0,3852000000.0,2555000000.0,0.0,-482000000.0,-482000000.0,-482000000.0,-164000000.0,0.0,-0.041,10744000000.0,1124000000.0,1631000000.0,0.0,1.682,-132.79,-98.247,18961000000.0,0.0,9.53,5.393,5.393,1323000000.0,1043000000.0,11868000000.0,11868000000.0,0.0,-0.007,-0.018,0.014,0.049,0.0,7401000000.0,1.0,6716151714.0,6716151714,,1.767,39410000000.0,129000000.0,-152000000.0,24218000000.0,5.868,-3758000000.0
74,CMCSA,MRT,2002-12-31,2002-12-31,2002-12-31,2021-07-29,-139000000.0,113128000000.0,55542375000.0,7099000000.0,106029000000.0,0.146,13.493,-1852000000.0,505000000.0,505000000.0,0.0,-274000000.0,0.461,1.951,34909000000.0,6953000000.0,27956000000.0,34909000000.0,0.0,1915000000.0,0.0,0.0,0.0,468000000.0,2383000000.0,0.294,2383000000.0,468000000.0,-402000000.0,-0.083,-0.083,-0.083,38329000000.0,20137850000.0,38329000000.0,31790598980.0,68.0,13.341,569000000.0,0.2,1.0,8102000000.0,1.0,70213000000.0,870000000.0,61913000000.0,30072025000.0,0.0,18432000000.0,3258000000.0,15174000000.0,74799000000.0,15406000000.0,59393000000.0,22318598980.0,291000000.0,-251000000.0,19000000.0,-749000000.0,0.0,-1005000000.0,-1125000000.0,1175000000.0,2421000000.0,0.0,-274000000.0,-274000000.0,-274000000.0,-195000000.0,0.0,-0.034,7181000000.0,921000000.0,1296000000.0,0.0,0.582,-81.455,-94.659,18381000000.0,0.0,7.857,2.755,2.755,862000000.0,1340000000.0,8102000000.0,8102000000.0,0.0,-0.005,-0.014,0.016,0.058,0.0,5266000000.0,1.0,2840721126.0,2840721126,,2.852,42915000000.0,0.0,-128000000.0,24209000000.0,15.107,-8307000000.0
75,CMCSA,MRT,2002-09-30,2002-09-30,2002-09-30,2021-07-29,-197700000.0,35777300000.0,36825625000.0,3195600000.0,32581700000.0,0.164,4.909,-1392800000.0,569800000.0,569800000.0,0.0,-543600000.0,1.143,1.566,10041800000.0,113900000.0,9927900000.0,10041800000.0,0.0,1924300000.0,0.0,0.0,0.0,-235200000.0,1689100000.0,0.28,1689100000.0,-235200000.0,-932700000.0,-0.19,-0.187,-0.19,13941600000.0,14173850000.0,13941600000.0,30386638236.0,-129.0,17.99,-163400000.0,-0.058,1.0,6034500000.0,1.0,24462400000.0,697500000.0,17991400000.0,20189025000.0,482700000.0,1491500000.0,905900000.0,585600000.0,21835700000.0,2795500000.0,19040200000.0,20194038236.0,-140900000.0,-427500000.0,3900000.0,-490800000.0,0.0,-423800000.0,-946500000.0,1240600000.0,1229400000.0,0.0,-543600000.0,-543600000.0,-543600000.0,-272000000.0,0.0,-0.09,5777500000.0,257000000.0,806100000.0,0.0,1.448,-37.149,-37.421,7035600000.0,0.0,7.11,3.346,3.346,932800000.0,1391600000.0,6034500000.0,6034500000.0,0.0,-0.015,-0.038,-0.012,-0.039,0.0,4228800000.0,1.0,2840230413.0,2840230413,,2.125,11314900000.0,132900000.0,-389100000.0,6734700000.0,3.984,400100000.0
76,CMCSA,MRT,2002-06-30,2002-06-30,2002-06-30,2021-07-29,-23700000.0,36118800000.0,37576650000.0,3460000000.0,32658800000.0,0.179,4.912,-1684300000.0,557800000.0,557800000.0,0.0,-726400000.0,1.453,1.574,10750400000.0,206900000.0,10543500000.0,10750400000.0,0.0,2487100000.0,0.0,0.0,0.0,-412800000.0,2074300000.0,0.308,2074300000.0,-412800000.0,-1129000000.0,-0.253,-0.25,-0.253,14031800000.0,14398150000.0,14031800000.0,33968230359.0,-82.0,16.376,-439900000.0,-0.154,1.0,6737300000.0,1.0,24517400000.0,716200000.0,19413500000.0,27175600000.0,414000000.0,1785200000.0,1057600000.0,727600000.0,22087000000.0,2380500000.0,19706500000.0,22887830359.0,-216400000.0,-472200000.0,-20200000.0,-211300000.0,0.0,-166000000.0,-1294800000.0,1175900000.0,1244400000.0,0.0,-726400000.0,-726400000.0,-726400000.0,-220000000.0,0.0,-0.108,6929500000.0,-192200000.0,680100000.0,0.0,1.631,-31.509,-31.884,7023100000.0,0.0,8.067,3.397,3.421,957000000.0,1317300000.0,6737300000.0,6737300000.0,0.0,-0.019,-0.05,-0.015,-0.061,0.0,4299200000.0,1.0,2837334342.0,2856900000,2856900000.0,2.358,11601400000.0,135900000.0,-402600000.0,6877000000.0,4.061,1079500000.0
77,CMCSA,MRT,2002-03-31,2002-03-31,2002-03-31,2021-07-29,-8000000.0,37145400000.0,38207125000.0,4229800000.0,32915600000.0,0.167,4.992,-1921100000.0,543100000.0,543100000.0,0.0,-481200000.0,1.517,1.607,11623500000.0,267500000.0,11356000000.0,11623500000.0,0.0,2925300000.0,0.0,0.0,0.0,-35100000.0,2890200000.0,0.454,2890200000.0,-35100000.0,-747800000.0,-0.167,-0.163,-0.167,14249000000.0,14655325000.0,14249000000.0,43468918991.0,-1238.0,15.04,-486100000.0,-0.17,1.0,6372000000.0,1.0,24466500000.0,712700000.0,20970200000.0,33787325000.0,426100000.0,3152700000.0,2087400000.0,1065300000.0,22896400000.0,2789100000.0,20107300000.0,31617118991.0,-153800000.0,-1314600000.0,-13500000.0,1354400000.0,0.0,1379900000.0,-2968700000.0,556300000.0,1435000000.0,0.0,-481200000.0,-481200000.0,-481200000.0,-220000000.0,0.0,-0.076,7175500000.0,-803500000.0,794700000.0,0.0,2.219,-65.705,-66.766,7034000000.0,0.0,11.15,4.962,4.994,979900000.0,1541400000.0,6372000000.0,6372000000.0,0.0,-0.013,-0.033,-0.001,-0.006,0.0,4177800000.0,1.0,2835616053.0,2854200000,2854200000.0,2.232,12678900000.0,0.0,-266600000.0,6496600000.0,4.442,1440700000.0
78,CMCSA,MRT,2001-12-31,2001-12-31,2001-12-31,2021-07-29,144000000.0,38261000000.0,38224825000.0,4678000000.0,33583000000.0,0.155,5.08,-2039000000.0,350000000.0,350000000.0,0.0,609000000.0,1.451,1.644,12202000000.0,460000000.0,11742000000.0,12202000000.0,0.0,3273000000.0,0.0,0.0,0.0,1533000000.0,4806000000.0,0.809,4806000000.0,1533000000.0,825000000.0,0.213,0.21,0.213,14473000000.0,14842325000.0,14473000000.0,45408242272.0,30.0,9.448,-870000000.0,-0.305,1.0,5937000000.0,1.0,24509000000.0,708000000.0,22381000000.0,39355675000.0,455000000.0,4302000000.0,2623000000.0,1679000000.0,23788000000.0,3223000000.0,20565000000.0,34017442272.0,-330000000.0,-1329000000.0,0.0,1674000000.0,0.0,1651000000.0,-3150000000.0,523000000.0,1169000000.0,0.0,609000000.0,609000000.0,609000000.0,-220000000.0,0.0,0.103,7262000000.0,-1325000000.0,698000000.0,0.0,2.35,55.858,56.338,7011000000.0,0.0,12.0,5.73,5.759,967000000.0,1632000000.0,5937000000.0,5937000000.0,0.0,0.016,0.041,0.039,0.258,0.0,3989000000.0,1.0,2834786856.0,2849100000,2893500000.0,2.084,13752000000.0,129000000.0,216000000.0,6780000000.0,4.827,1455000000.0
79,CMCSA,MRT,2001-09-30,2001-09-30,2001-09-30,2021-07-29,199300000.0,38781400000.0,37595700000.0,3429800000.0,35351600000.0,0.253,5.198,-2262200000.0,658400000.0,658400000.0,0.0,1707600000.0,0.81,1.614,12049200000.0,554400000.0,11494800000.0,12049200000.0,0.0,3216500000.0,0.0,0.0,0.0,3605600000.0,6822100000.0,0.717,6822100000.0,3605600000.0,2833100000.0,0.617,0.593,0.617,14838800000.0,14745675000.0,14838800000.0,44865439044.0,12.0,6.576,-305300000.0,-0.107,1.0,9517500000.0,1.0,0.0,772500000.0,45937700000.0,38851250000.0,504300000.0,4574200000.0,1271900000.0,3302300000.0,23942600000.0,4234500000.0,19708100000.0,33612639044.0,82200000.0,-943500000.0,-31400000.0,2121100000.0,0.0,2082000000.0,-3956700000.0,-172800000.0,1956900000.0,0.0,1707600000.0,1730300000.0,1730300000.0,0.0,0.0,0.182,10043700000.0,-526200000.0,3294000000.0,0.0,2.265,19.426,19.206,6782100000.0,-22700000.0,11.85,3.532,3.554,829700000.0,1952000000.0,9517500000.0,9517500000.0,0.0,0.046,0.117,0.093,0.379,0.0,4401000000.0,1.0,2836509624.0,2854500000,2854500000.0,3.334,38781400000.0,0.0,1125500000.0,6647700000.0,13.586,-804700000.0
80,CMCSA,MRT,2001-06-30,2001-06-30,2001-06-30,2021-07-29,291800000.0,38640700000.0,36658250000.0,4161500000.0,34479200000.0,0.248,5.278,-2172700000.0,745900000.0,745900000.0,0.0,3061200000.0,1.032,1.566,11998700000.0,548000000.0,11450700000.0,11998700000.0,0.0,2999800000.0,0.0,0.0,0.0,5682500000.0,8682300000.0,0.957,8682300000.0,5682500000.0,4925500000.0,1.11,1.06,1.11,15060500000.0,14691550000.0,15060500000.0,50706030555.0,9.0,5.84,-182800000.0,-0.064,1.0,9076700000.0,1.0,0.0,757000000.0,45860400000.0,37064900000.0,471800000.0,4773300000.0,1928700000.0,2844600000.0,23580200000.0,4033100000.0,19547100000.0,40588330555.0,93300000.0,-976000000.0,-75700000.0,2316800000.0,0.0,2192600000.0,-4089200000.0,-407700000.0,1989900000.0,0.0,3061200000.0,3076300000.0,3076300000.0,0.0,0.0,0.339,9481100000.0,-404400000.0,3116000000.0,0.0,2.695,13.194,12.898,6472300000.0,-15100000.0,14.317,4.472,4.501,828800000.0,2075800000.0,9076700000.0,9076700000.0,0.0,0.084,0.209,0.153,0.626,0.0,4099700000.0,1.0,2835040551.0,2853300000,2896800000.0,3.181,38640700000.0,0.0,1864300000.0,6652000000.0,13.542,128400000.0
81,CMCSA,MRT,2001-03-31,2001-03-31,2001-03-31,2021-07-29,272700000.0,37216200000.0,35831000000.0,5023200000.0,32193000000.0,0.241,5.288,-1864800000.0,668300000.0,668300000.0,0.0,3213700000.0,1.228,1.482,10786000000.0,523000000.0,10263000000.0,10786000000.0,0.0,2808000000.0,0.0,0.0,0.0,5612300000.0,8420300000.0,0.973,8420300000.0,5612300000.0,5160100000.0,1.163,1.11,1.163,14997000000.0,14620900000.0,14997000000.0,48849229942.0,9.0,5.801,-279300000.0,-0.098,1.0,8650100000.0,1.0,0.0,452200000.0,43243600000.0,35836700000.0,448300000.0,5843900000.0,2950800000.0,2893100000.0,22219200000.0,4090300000.0,18128900000.0,38689429942.0,-82600000.0,-138100000.0,-171400000.0,1080100000.0,0.0,882700000.0,-2550800000.0,-67200000.0,1585500000.0,0.0,3213700000.0,3221200000.0,3221200000.0,0.0,0.0,0.372,8952800000.0,-302700000.0,2702300000.0,0.0,2.58,12.011,11.806,5664700000.0,-7500000.0,13.73,4.473,4.501,792500000.0,2040600000.0,8650100000.0,8650100000.0,0.0,0.09,0.22,0.157,0.649,0.0,3830200000.0,1.0,2817875451.0,2835900000,2895000000.0,3.05,37216200000.0,0.0,1946400000.0,6977500000.0,13.123,932900000.0
82,CMCSA,MRT,2000-12-31,2000-12-31,2000-12-31,2021-07-29,432400000.0,35744500000.0,36188150000.0,5144400000.0,30600100000.0,0.231,5.272,-1637000000.0,651500000.0,651500000.0,0.0,2021000000.0,1.481,1.538,10811300000.0,293900000.0,10517400000.0,10811300000.0,0.0,2619000000.0,0.0,0.0,0.0,4178000000.0,6797000000.0,0.813,6797000000.0,4178000000.0,3450000000.0,0.747,0.71,0.747,14086400000.0,15056200000.0,14086400000.0,46643558602.0,11.0,6.862,-448000000.0,-0.168,1.0,8357000000.0,1.0,22067500000.0,728000000.0,20363300000.0,36188950000.0,438500000.0,5721600000.0,3059700000.0,2661900000.0,21658100000.0,3473500000.0,18184600000.0,37295558602.0,-271000000.0,-187000000.0,-294000000.0,79000000.0,0.0,-241000000.0,-1219000000.0,1014000000.0,1189000000.0,0.0,2021000000.0,2021000000.0,2021000000.0,0.0,0.0,0.242,8518000000.0,-161000000.0,813200000.0,0.0,2.648,18.454,18.434,5519900000.0,0.0,13.77,4.463,4.403,891900000.0,1056500000.0,8357000000.0,8357000000.0,0.0,0.056,0.134,0.115,0.5,0.0,3614000000.0,1.0,2708464677.0,2672100000,2846100000.0,3.128,13677000000.0,0.0,1429000000.0,6576600000.0,5.118,1670900000.0
83,CMCSA,MRT,2000-09-30,2000-09-30,2000-09-30,2021-07-29,1727500000.0,35031600000.0,34423425000.0,5720600000.0,29311000000.0,0.225,5.363,-1404500000.0,575900000.0,575900000.0,0.0,1068800000.0,1.024,1.396,9923900000.0,1312500000.0,8611400000.0,9923900000.0,0.0,2199300000.0,0.0,0.0,0.0,3586700000.0,5786000000.0,0.747,5786000000.0,3586700000.0,1870200000.0,0.36,0.34,0.36,14622300000.0,14119925000.0,14622300000.0,46527034142.0,13.0,8.041,-1728200000.0,-0.634,1.0,7745100000.0,1.0,0.0,1716500000.0,38792300000.0,35795100000.0,413500000.0,7277300000.0,3872100000.0,3405200000.0,20409300000.0,5587300000.0,14822000000.0,36813834142.0,-306000000.0,-161000000.0,-264700000.0,789900000.0,0.0,454400000.0,-436700000.0,-67700000.0,-323700000.0,0.0,1068800000.0,1038800000.0,1038800000.0,0.0,0.0,0.134,7615300000.0,129800000.0,2711400000.0,0.0,2.518,35.439,37.676,5121600000.0,30000000.0,13.563,4.753,4.775,722000000.0,308400000.0,7745100000.0,7745100000.0,0.0,0.03,0.074,0.1,0.463,0.0,3210100000.0,1.0,2714217312.0,2726400000,2896800000.0,2.841,35031600000.0,0.0,801400000.0,6314600000.0,12.849,133300000.0
84,CMCSA,MRT,2000-06-30,2000-06-30,2000-06-30,2021-07-29,3049000000.0,35331700000.0,31231750000.0,4827800000.0,30503900000.0,0.236,5.414,-1175400000.0,652300000.0,652300000.0,0.0,157100000.0,1.178,1.391,10365500000.0,146900000.0,10218600000.0,10365500000.0,0.0,1850000000.0,0.0,0.0,0.0,1989800000.0,3839800000.0,0.52,3839800000.0,1989800000.0,310400000.0,0.05,0.047,0.05,14777900000.0,12373325000.0,14777900000.0,45453229018.0,23.0,11.837,-1723600000.0,-0.631,1.0,7384400000.0,1.0,0.0,1679400000.0,40947600000.0,32158900000.0,373300000.0,8167500000.0,2975000000.0,5192500000.0,20553800000.0,4097300000.0,16456500000.0,35269429018.0,-1541400000.0,230100000.0,-211900000.0,-230900000.0,0.0,-479200000.0,-514000000.0,-765200000.0,-548200000.0,0.0,157100000.0,127400000.0,127400000.0,-355900000.0,0.0,0.017,7047000000.0,337400000.0,2492100000.0,0.0,2.387,276.84,259.2,4665800000.0,29700000.0,12.96,4.776,4.79,706500000.0,-878200000.0,7384400000.0,7384400000.0,0.0,0.004,0.01,0.062,0.269,0.0,3034400000.0,1.0,2721406560.0,2729400000,2924100000.0,2.706,35331700000.0,0.0,153300000.0,6297300000.0,12.945,730500000.0
85,CMCSA,MRT,2000-03-31,2000-03-31,2000-03-31,2021-07-29,5121100000.0,38644800000.0,27870075000.0,6715100000.0,31929700000.0,0.252,6.669,-1060500000.0,750600000.0,750600000.0,0.0,793400000.0,1.608,1.309,10934400000.0,128800000.0,10805600000.0,10934400000.0,0.0,1523200000.0,0.0,0.0,0.0,3347100000.0,4870300000.0,0.694,4870300000.0,3347100000.0,1397900000.0,0.35,0.32,0.35,16738200000.0,10364375000.0,16738200000.0,39317559776.0,12.0,8.073,-254900000.0,-0.102,1.0,7021500000.0,1.0,0.0,1949200000.0,44652600000.0,27634075000.0,374800000.0,11384800000.0,4841900000.0,6542900000.0,21906600000.0,4176000000.0,17730600000.0,31015059776.0,-798100000.0,-469400000.0,-119200000.0,94000000.0,-400000.0,-65200000.0,-1538500000.0,-1205100000.0,805600000.0,0.0,793400000.0,763700000.0,763700000.0,-355900000.0,0.0,0.109,6502700000.0,518800000.0,2516500000.0,0.0,1.853,40.612,39.286,4764600000.0,29700000.0,13.75,4.417,4.915,654600000.0,-975900000.0,7021500000.0,7021500000.0,0.0,0.027,0.074,0.121,0.477,0.0,2855800000.0,1.0,2255640711.0,2509800000,2509800000.0,2.798,38644800000.0,0.0,604500000.0,7329400000.0,15.398,2539100000.0
86,CMCSA,MRT,1999-12-31,1999-12-31,1999-12-31,2021-07-29,6112700000.0,28685600000.0,22528100000.0,9704400000.0,18981200000.0,0.29,4.602,-893800000.0,922200000.0,922200000.0,0.0,1065700000.0,1.771,1.774,9224700000.0,517500000.0,8707200000.0,9224700000.0,0.0,1216000000.0,0.0,0.001,0.008,2993700000.0,4209700000.0,0.645,4209700000.0,2993700000.0,1789400000.0,0.46,0.433,0.46,10341300000.0,7437000000.0,10341300000.0,42065403028.0,14.0,9.992,355600000.0,0.158,1.0,6529200000.0,1.0,12722100000.0,1204300000.0,18787900000.0,21117925000.0,402800000.0,13154800000.0,7606000000.0,5548800000.0,18344300000.0,5478100000.0,12866200000.0,35990903028.0,51500000.0,-394100000.0,-13600000.0,1418400000.0,-9400000.0,1341400000.0,-2539300000.0,-2447900000.0,1249400000.0,0.0,1065700000.0,1036000000.0,1036000000.0,-335800000.0,0.0,0.159,5865200000.0,664000000.0,2737500000.0,0.017,3.48,34.74,34.696,3452300000.0,29700000.0,15.96,5.512,5.493,673300000.0,-619800000.0,6529200000.0,6529200000.0,0.0,0.046,0.139,0.142,0.459,0.0,2589200000.0,1.0,2255069112.0,2247300000,2459700000.0,2.905,15963500000.0,0.0,723700000.0,5269100000.0,7.103,4226300000.0
87,CMCSA,MRT,1999-09-30,1999-09-30,1999-09-30,2021-07-29,3245600000.0,22264900000.0,19034325000.0,7341300000.0,14923600000.0,0.328,3.37,-801100000.0,881900000.0,881900000.0,0.0,1661900000.0,1.794,1.916,6956400000.0,178400000.0,6778000000.0,6956400000.0,0.0,1089600000.0,0.0,0.001,0.015,3265800000.0,4355400000.0,0.698,4355400000.0,3265800000.0,2761200000.0,0.737,0.68,0.737,7635900000.0,5805500000.0,7635900000.0,32673682775.0,10.0,7.502,1877800000.0,0.829,1.0,6243200000.0,1.0,0.0,504600000.0,24247500000.0,18475275000.0,468400000.0,8037300000.0,5354100000.0,2683200000.0,14629000000.0,4091900000.0,10537100000.0,27024882775.0,461100000.0,-574800000.0,-12200000.0,524700000.0,-18300000.0,468500000.0,-2686300000.0,-1324400000.0,2678900000.0,0.0,1661900000.0,1632100000.0,1632100000.0,-325800000.0,0.0,0.261,5564800000.0,678400000.0,2197300000.0,0.02,3.539,16.558,16.309,3209800000.0,29800000.0,12.02,4.329,4.362,541600000.0,-371900000.0,6243200000.0,6243200000.0,0.0,0.086,0.281,0.177,0.523,0.0,2411400000.0,1.0,2248326354.0,2265600000,2471700000.0,2.756,22264900000.0,0.0,1099300000.0,4459000000.0,9.827,3249400000.0
88,CMCSA,MRT,1999-06-30,1999-06-30,1999-06-30,2021-07-29,2717900000.0,21885000000.0,17059500000.0,8972400000.0,12912600000.0,0.345,3.019,-823100000.0,2193700000.0,2193700000.0,0.0,2040800000.0,1.915,2.246,7842500000.0,838400000.0,7004100000.0,7842500000.0,0.0,1017200000.0,0.0,0.002,0.023,3833300000.0,4850500000.0,0.825,4850500000.0,3833300000.0,3349100000.0,0.91,0.837,0.91,6742100000.0,4559375000.0,6742100000.0,31256703117.0,8.0,6.444,1776500000.0,0.795,1.0,5882100000.0,1.0,0.0,484200000.0,22848300000.0,17152625000.0,383900000.0,7099900000.0,5735700000.0,1364200000.0,15142900000.0,4685500000.0,10457400000.0,26514703117.0,1687500000.0,-938700000.0,15200000.0,1395700000.0,-27500000.0,1359800000.0,-2271900000.0,-511500000.0,2599600000.0,0.0,2040800000.0,2010900000.0,2010900000.0,36700000.0,0.0,0.342,5221900000.0,660200000.0,1851600000.0,0.025,3.933,13.185,13.117,3149300000.0,29900000.0,11.937,4.508,4.532,548300000.0,-592800000.0,5882100000.0,5882100000.0,0.0,0.118,0.441,0.223,0.652,0.0,2281700000.0,1.0,2221282026.0,2233200000,2445900000.0,2.634,21885000000.0,0.0,1308300000.0,4244000000.0,9.8,4286900000.0
89,CMCSA,MRT,1999-03-31,1999-03-31,1999-03-31,2021-07-29,2184000000.0,17276900000.0,14910675000.0,7539100000.0,9737800000.0,0.371,2.261,-826600000.0,1548700000.0,1548700000.0,0.0,1132000000.0,2.197,2.436,6290700000.0,122000000.0,6168700000.0,6290700000.0,0.0,938800000.0,0.0,0.002,0.031,2264500000.0,3203300000.0,0.578,3203300000.0,2264500000.0,1807000000.0,0.5,0.457,0.5,5028700000.0,3379650000.0,5028700000.0,50188070892.0,22.0,15.668,258800000.0,0.116,1.0,5538600000.0,1.0,0.0,457500000.0,18588000000.0,15960125000.0,321400000.0,6156900000.0,4978400000.0,1178500000.0,12248200000.0,3430900000.0,8817300000.0,45481070892.0,888300000.0,-313200000.0,19600000.0,1308100000.0,-36100000.0,1269200000.0,-1466300000.0,-326700000.0,1085400000.0,0.0,1132000000.0,1102500000.0,1102500000.0,41500000.0,0.0,0.199,4904200000.0,634400000.0,1399700000.0,0.062,9.044,41.253,41.0,2483300000.0,29500000.0,20.5,8.212,8.232,487800000.0,-1416800000.0,5538600000.0,5538600000.0,0.0,0.074,0.326,0.142,0.409,0.0,2171600000.0,1.0,2218588824.0,2224200000,2444700000.0,2.49,17276900000.0,0.0,675000000.0,3289200000.0,7.768,4108200000.0
90,CMCSA,MRT,1998-12-31,1998-12-31,1998-12-31,2021-07-29,1049700000.0,14710500000.0,13930225000.0,5517400000.0,9193100000.0,0.389,1.735,-898900000.0,870700000.0,870700000.0,0.0,972100000.0,1.848,2.856,5577700000.0,113500000.0,5464200000.0,5577700000.0,0.0,939600000.0,0.0,0.002,0.031,2032800000.0,2972400000.0,0.549,2972400000.0,2032800000.0,1566100000.0,0.43,0.403,0.43,3815300000.0,2621475000.0,3815300000.0,48674397075.0,24.0,16.375,168800000.0,0.077,1.0,5419000000.0,1.0,8214500000.0,466700000.0,8217300000.0,15789500000.0,343800000.0,4255800000.0,3653400000.0,602400000.0,10895200000.0,2985700000.0,7909500000.0,42405597075.0,461600000.0,-450100000.0,28900000.0,824600000.0,-36000000.0,809200000.0,-1415300000.0,-66300000.0,1067700000.0,0.0,972100000.0,943000000.0,943000000.0,31400000.0,0.0,0.174,4861900000.0,557100000.0,1600300000.0,0.072,11.115,44.969,44.527,2524400000.0,29100000.0,19.147,7.825,7.77,549300000.0,-1488200000.0,5419000000.0,5419000000.0,0.0,0.068,0.36,0.129,0.375,0.0,2186600000.0,1.0,2214777006.0,2199000000,2418000000.0,2.464,6496000000.0,0.0,594000000.0,2533300000.0,2.954,2531700000.0
91,CMCSA,MRT,1998-09-30,1998-09-30,1998-09-30,2021-07-29,328300000.0,14365600000.0,13084300000.0,3199500000.0,11166100000.0,0.355,1.197,-756600000.0,435000000.0,435000000.0,0.0,468900000.0,1.907,4.418,6703800000.0,106400000.0,6597400000.0,6703800000.0,0.0,831700000.0,0.0,0.002,0.031,1207500000.0,2039200000.0,0.439,2039200000.0,1207500000.0,816500000.0,0.197,0.17,0.197,2651400000.0,2079275000.0,2651400000.0,40679508544.0,34.0,19.949,122500000.0,0.055,1.0,4646500000.0,1.0,0.0,391000000.0,18956900000.0,15488475000.0,368200000.0,2467100000.0,1702500000.0,764600000.0,11714200000.0,1677500000.0,10036700000.0,34433308544.0,-147900000.0,-292200000.0,30000000.0,40700000.0,-35900000.0,63100000.0,-1090100000.0,-33200000.0,879100000.0,0.0,468900000.0,440200000.0,440200000.0,46900000.0,0.0,0.095,4175900000.0,470600000.0,1418500000.0,0.157,12.987,78.222,78.9,3308700000.0,28700000.0,15.543,7.411,7.412,502700000.0,-1898700000.0,4646500000.0,4646500000.0,0.0,0.034,0.212,0.078,0.26,0.0,1946300000.0,1.0,2215310436.0,2215800000,2425800000.0,2.097,14365600000.0,0.0,347600000.0,2301600000.0,6.483,1522000000.0
92,CMCSA,MRT,1998-06-30,1998-06-30,1998-06-30,2021-07-29,282300000.0,13289700000.0,,1537100000.0,11752600000.0,,0.914,-750600000.0,516600000.0,516600000.0,0.0,-300300000.0,1.055,5.569,6762800000.0,103900000.0,6658900000.0,6762800000.0,0.0,832600000.0,0.0,0.002,0.031,159800000.0,992400000.0,0.215,992400000.0,159800000.0,-257400000.0,-0.153,-0.153,-0.153,2023200000.0,,2023200000.0,35402245665.0,222.0,35.673,97000000.0,0.044,1.0,4612500000.0,1.0,0.0,417200000.0,18078300000.0,,314000000.0,1362600000.0,48500000.0,1314100000.0,11266500000.0,1457600000.0,9808900000.0,29317045665.0,-753500000.0,-185200000.0,19200000.0,-464500000.0,-35400000.0,-458400000.0,-1142700000.0,-205900000.0,847600000.0,0.0,-300300000.0,-328600000.0,-328600000.0,40300000.0,0.0,-0.071,4151200000.0,461300000.0,1262900000.0,-0.203,14.49,-89.218,-86.601,3177800000.0,28300000.0,13.25,6.356,6.36,485000000.0,-2596700000.0,4612500000.0,4612500000.0,0.0,,,,0.035,0.0,1967700000.0,1.0,2212607220.0,2214000000,2214000000.0,2.083,13289700000.0,0.0,42900000.0,2129000000.0,6.003,79500000.0
93,CMCSA,MRT,1998-03-31,1998-03-31,1998-03-31,2021-07-29,201300000.0,13355100000.0,,1663700000.0,11691400000.0,,0.929,-810200000.0,671100000.0,671100000.0,0.0,-252900000.0,1.084,5.691,6756300000.0,129400000.0,6626900000.0,6756300000.0,0.0,853400000.0,0.0,0.003,0.031,260000000.0,1113400000.0,0.243,1113400000.0,260000000.0,-186000000.0,-0.13,,-0.13,1996000000.0,,1996000000.0,29002205489.0,112.0,26.048,119600000.0,0.056,1.0,4591300000.0,1.0,0.0,446000000.0,17905500000.0,,297100000.0,1229100000.0,31900000.0,1197200000.0,11359100000.0,1534800000.0,9824300000.0,24845573489.0,210400000.0,-158100000.0,483000000.0,-509000000.0,-35000000.0,423700000.0,-1143100000.0,-166200000.0,929800000.0,0.0,-252900000.0,-274400000.0,-274400000.0,35500000.0,0.0,-0.06,4136600000.0,454700000.0,1248800000.0,-0.238,12.448,-90.545,-88.949,3170100000.0,21500000.0,11.563,5.411,5.411,485100000.0,-2503300000.0,4591300000.0,4591300000.0,0.0,,,,0.057,0.0,1973400000.0,1.0,2148651498.0,2148600000,,2.137,13355100000.0,0.0,66900000.0,2115000000.0,6.216,128900000.0
94,CMCSA,MRT,1997-12-31,1997-12-31,1997-12-31,2021-07-29,129100000.0,11326800000.0,7825100500.0,1478400000.0,9848400000.0,0.571,0.809,-795500000.0,409100000.0,409100000.0,0.0,-238700000.0,1.031,5.879,5466400000.0,132300000.0,5334100000.0,5466400000.0,0.0,826500000.0,0.0,0.003,0.031,290600000.0,1117100000.0,0.25,1117100000.0,290600000.0,-168300000.0,-0.123,-0.123,-0.123,1646500000.0,2046576500.0,1646500000.0,,,,49100000.0,0.024,1.0,4467700000.0,1.0,7937400000.0,458900000.0,7013200000.0,5130914500.0,309900000.0,1399700000.0,163900000.0,1235800000.0,9680300000.0,1433500000.0,8246800000.0,22833003252.0,82700000.0,-170100000.0,470200000.0,-635500000.0,-34000000.0,283900000.0,-1045800000.0,-80200000.0,844600000.0,0.0,-238700000.0,-253500000.0,-253500000.0,25600000.0,0.0,-0.057,4001100000.0,466600000.0,1095400000.0,-0.252,13.868,-90.071,-86.396,2483600000.0,14800000.0,10.627,5.111,4.838,439600000.0,-2415900000.0,4467700000.0,4467700000.0,0.0,-0.032,-0.124,0.057,0.065,0.0,1904400000.0,1.0,2148651498.0,2034000000,2034000000.0,2.197,3389400000.0,0.0,70400000.0,1849500000.0,1.666,44900000.0
95,CMCSA,MRT,1997-09-30,1997-09-30,1997-09-30,2021-07-29,,,,,,,,,,,,,,,,,,,,,,0.004,0.031,,,,,,,,,,,,,,,,,,1.0,,,,,,,,,,,,,,,,,,,,,,,,,,,,,,,,,,,,,,,,8.543,,,,,,,,,,,,,,1.0,,2093400000,,,,,,,,
96,CMCSA,MRT,1997-06-30,1997-06-30,1997-06-30,2021-07-29,,,,,,,,,,,,,,,,,,,,,,0.004,0.031,,,,,,,,,,,,,,,,,,1.0,,,,,,,,,,,,,,,,,,,,,,,,,,,,,,,,,,,,,,,,6.98,,,,,,,,,,,,,,1.0,,1948800000,,,,,,,,
97,CMCSA,MRT,1997-03-31,1997-03-31,1997-03-31,2021-07-29,,,,,,,,,,,,,,,,,,,,,,0.006,0.031,,,,,,,,,,,,,,,,,,1.0,,,,,,,,,,,,,,,,,,,,,,,,,,,,,,,,,,,,,,,,5.46,,,,,,,,,,,,,,1.0,,1955400000,,,,,,,,
98,CMCSA,MRT,1996-12-31,1996-12-31,1996-12-31,2021-07-29,0.0,4323401000.0,,399543000.0,3923858000.0,,1.647,-554400000.0,69988000.0,69988000.0,0.0,-53500000.0,0.886,0.767,1568993000.0,167867000.0,1401126000.0,1568993000.0,0.0,581100000.0,0.0,0.005,0.031,503900000.0,1085000000.0,0.3,1085000000.0,503900000.0,55500000.0,-0.035,-0.035,-0.035,2446653000.0,,2446653000.0,,,,90100000.0,0.061,1.0,3612300000.0,1.0,2122908000.0,448400000.0,3248629000.0,,72414000.0,405755000.0,226670000.0,179085000.0,1876748000.0,450869000.0,1425879000.0,,-193000000.0,-24800000.0,-175900000.0,98300000.0,-26800000.0,-88000000.0,-749500000.0,-138100000.0,644500000.0,0.0,-53500000.0,-54200000.0,-54200000.0,46100000.0,0.0,-0.015,3146400000.0,465900000.0,201772000.0,-0.886,,,-167.81,1408680000.0,700000.0,5.873,,2.415,16211000.0,-556831000.0,3612300000.0,3612300000.0,0.0,,,,0.139,0.0,1451100000.0,1.0,,1485600000,1485600000.0,2.432,2200493000.0,0.0,109000000.0,0.0,1.481,-51326000.0
99,CMCSA,MRT,1995-12-31,1995-12-31,1995-12-31,2021-07-29,,,,,,,,-31726000.0,,,0.0,-110429000.0,,,,,,,,242000.0,,0.005,0.031,-110429000.0,-110187000.0,,-110187000.0,-110429000.0,-110429000.0,-0.03,,-0.03,,,,,,,-48696000.0,-0.034,1.0,0.0,,,0.0,,,,,,,,,,,-3891000.0,-132407000.0,0.0,0.0,0.0,2183368000.0,-2170289000.0,0.0,-16970000.0,0.0,-110429000.0,-110429000.0,-110429000.0,0.0,0.0,,66551000.0,-66551000.0,,-1.033,,,-195.889,,0.0,5.877,,,,,0.0,0.0,0.0,,,,,0.0,66340000.0,1.0,,1438200000,,0.0,,,0.0,,,
